  <div class='ocr_page' id='page_1' title='image "/cluster/home/n/w/nwhite01/storage/ocr_20150623/58/uva.x000827100/450.png"; bbox 0 0 3824 6218; ppageno 0'>
   <div class='ocr_carea' id='block_1_1' title="bbox 104 202 191 259">
    <p class='ocr_par' dir='ltr' id='par_1_1' title="bbox 104 202 191 259">
     <span class='ocr_line' id='line_1_1' title="bbox 104 202 191 259; baseline 0 0"><span class='ocrx_word' id='word_1_1' title='bbox 104 202 191 259; x_wconf 72' lang='grc'><strong>885</strong></span> 
     </span>
    </p>
   </div>
   <div class='ocr_carea' id='block_1_2' title="bbox 1492 196 1863 254">
    <p class='ocr_par' dir='ltr' id='par_1_2' title="bbox 1492 196 1863 254">
     <span class='ocr_line' id='line_1_2' title="bbox 1492 196 1863 254; baseline 0.003 -1"><span class='ocrx_word' id='word_1_2' title='bbox 1492 196 1863 254; x_wconf 79' lang='lat' dir='ltr'><strong>SERMONES.</strong></span> 
     </span>
    </p>
   </div>
   <div class='ocr_carea' id='block_1_3' title="bbox 3118 204 3252 260">
    <p class='ocr_par' dir='ltr' id='par_1_3' title="bbox 3118 204 3252 260">
     <span class='ocr_line' id='line_1_3' title="bbox 3118 204 3252 260; baseline 0.015 -2"><span class='ocrx_word' id='word_1_3' title='bbox 3118 204 3119 207; x_wconf 54' lang='grc'><em>“</em></span> <span class='ocrx_word' id='word_1_4' title='bbox 3152 206 3252 260; x_wconf 71' lang='grc'><strong>886</strong></span> 
     </span>
    </p>
   </div>
   <div class='ocr_carea' id='block_1_4' title="bbox 104 273 3257 384">
    <p class='ocr_par' dir='ltr' id='par_1_4' title="bbox 104 273 3257 384">
     <span class='ocr_line' id='line_1_4' title="bbox 104 273 3257 384; baseline 0.001 -18"><span class='ocrx_word' id='word_1_5' title='bbox 104 310 252 367; x_wconf 80' lang='lat' dir='ltr'><strong>sibilia</strong></span> <span class='ocrx_word' id='word_1_6' title='bbox 278 306 402 361; x_wconf 78' lang='lat' dir='ltr'><strong>facit</strong></span> <span class='ocrx_word' id='word_1_7' title='bbox 426 306 585 360; x_wconf 88' lang='lat' dir='ltr'><strong>etiam</strong></span> <span class='ocrx_word' id='word_1_8' title='bbox 619 306 706 361; x_wconf 90' lang='lat' dir='ltr'><strong>illa</strong></span> <span class='ocrx_word' id='word_1_9' title='bbox 737 322 854 375; x_wconf 82' lang='lat' dir='ltr'><strong>quae</strong></span> <span class='ocrx_word' id='word_1_10' title='bbox 880 322 1034 373; x_wconf 85' lang='lat' dir='ltr'><strong>parva</strong></span> <span class='ocrx_word' id='word_1_11' title='bbox 1078 316 1217 360; x_wconf 88' lang='lat' dir='ltr'><strong>sunt.</strong></span> <span class='ocrx_word' id='word_1_12' title='bbox 1247 307 1311 360; x_wconf 83' lang='lat' dir='ltr'><strong>Et</strong></span> <span class='ocrx_word' id='word_1_13' title='bbox 1360 321 1488 360; x_wconf 99' lang='lat' dir='ltr'><strong>sane</strong></span> <span class='ocrx_word' id='word_1_14' title='bbox 1523 306 1621 358; x_wconf 86' lang='lat' dir='ltr'><strong>du-</strong></span> <span class='ocrx_word' id='word_1_15' title='bbox 1646 313 1699 365; x_wconf 81' lang='grc' dir='ltr'><strong>Λ</strong></span> <span class='ocrx_word' id='word_1_16' title='bbox 1725 308 2023 377; x_wconf 86' lang='lat' dir='ltr'><strong>reliqueris,</strong></span> <span class='ocrx_word' id='word_1_17' title='bbox 2048 318 2169 365; x_wconf 89' lang='lat' dir='ltr'><strong>tunc</strong></span> <span class='ocrx_word' id='word_1_18' title='bbox 2194 311 2564 366; x_wconf 85' lang='lat' dir='ltr'><strong>animadvertis</strong></span> <span class='ocrx_word' id='word_1_19' title='bbox 2593 313 2761 383; x_wconf 86' lang='lat' dir='ltr'><strong>(quasi</strong></span> <span class='ocrx_word' id='word_1_20' title='bbox 2804 273 2984 368; x_wconf 75' lang='lat' dir='ltr'><strong>sedata</strong></span> <span class='ocrx_word' id='word_1_21' title='bbox 3011 319 3257 384; x_wconf 85' lang='lat' dir='ltr'><strong>temporis</strong></span> 
     </span>
    </p>
   </div>
   <div class='ocr_carea' id='block_1_5' title="bbox 106 394 1625 464">
    <p class='ocr_par' dir='ltr' id='par_1_5' title="bbox 106 394 1625 464">
     <span class='ocr_line' id='line_1_5' title="bbox 106 394 1625 464; baseline -0.004 -11"><span class='ocrx_word' id='word_1_22' title='bbox 106 401 229 455; x_wconf 81' lang='lat' dir='ltr'><strong>bium</strong></span> <span class='ocrx_word' id='word_1_23' title='bbox 250 412 351 451; x_wconf 90' lang='lat' dir='ltr'><strong>non</strong></span> <span class='ocrx_word' id='word_1_24' title='bbox 375 402 457 449; x_wconf 86' lang='lat' dir='ltr'><strong>est</strong></span> <span class='ocrx_word' id='word_1_25' title='bbox 473 396 610 464; x_wconf 86' lang='lat' dir='ltr'><strong>quod</strong></span> <span class='ocrx_word' id='word_1_26' title='bbox 632 396 768 450; x_wconf 87' lang='lat' dir='ltr'><strong>vires</strong></span> <span class='ocrx_word' id='word_1_27' title='bbox 792 394 1208 448; x_wconf 86' lang='lat' dir='ltr'><strong>inobedientibus</strong></span> <span class='ocrx_word' id='word_1_28' title='bbox 1234 394 1479 448; x_wconf 79' lang='lat' dir='ltr'><strong>divinitus</strong></span> <span class='ocrx_word' id='word_1_29' title='bbox 1499 395 1625 449; x_wconf 86' lang='lat' dir='ltr'><strong>sub-</strong></span> 
     </span>
    </p>
   </div>
   <div class='ocr_carea' id='block_1_6' title="bbox 107 480 1623 552">
    <p class='ocr_par' dir='ltr' id='par_1_6' title="bbox 107 480 1623 552">
     <span class='ocr_line' id='line_1_6' title="bbox 107 480 1623 552; baseline -0.005 -10"><span class='ocrx_word' id='word_1_30' title='bbox 107 480 399 547; x_wconf 81' lang='lat' dir='ltr'><strong>trahuntur;</strong></span> <span class='ocrx_word' id='word_1_31' title='bbox 440 494 495 537; x_wconf 86' lang='lat' dir='ltr'><strong>et</strong></span> <span class='ocrx_word' id='word_1_32' title='bbox 532 484 667 537; x_wconf 90' lang='lat' dir='ltr'><strong>sicut</strong></span> <span class='ocrx_word' id='word_1_33' title='bbox 714 483 803 537; x_wconf 89' lang='lat' dir='ltr'><strong>ille</strong></span> <span class='ocrx_word' id='word_1_34' title='bbox 824 484 908 552; x_wconf 90' lang='lat' dir='ltr'><strong>qui</strong></span> <span class='ocrx_word' id='word_1_35' title='bbox 938 498 1043 535; x_wconf 91' lang='lat' dir='ltr'><strong>non</strong></span> <span class='ocrx_word' id='word_1_36' title='bbox 1081 483 1236 536; x_wconf 87' lang='lat' dir='ltr'><strong>habet</strong></span> <span class='ocrx_word' id='word_1_37' title='bbox 1276 485 1623 537; x_wconf 76' lang='lat' dir='ltr'><strong>necessariam</strong></span> 
     </span>
    </p>
   </div>
   <div class='ocr_carea' id='block_1_7' title="bbox 108 571 1626 642">
    <p class='ocr_par' dir='ltr' id='par_1_7' title="bbox 108 571 1626 642">
     <span class='ocr_line' id='line_1_7' title="bbox 108 571 1626 642; baseline -0.003 -12"><span class='ocrx_word' id='word_1_38' title='bbox 108 576 211 630; x_wconf 84' lang='lat' dir='ltr'><strong>ﬁdei</strong></span> <span class='ocrx_word' id='word_1_39' title='bbox 235 572 570 627; x_wconf 79' lang='lat' dir='ltr'><strong>devotionem</strong></span> <span class='ocrx_word' id='word_1_40' title='bbox 592 612 609 636; x_wconf 92' lang='lat'><strong>,</strong></span> <span class='ocrx_word' id='word_1_41' title='bbox 651 580 706 625; x_wconf 90' lang='lat' dir='ltr'><strong>et</strong></span> <span class='ocrx_word' id='word_1_42' title='bbox 739 572 875 640; x_wconf 90' lang='lat' dir='ltr'><strong>quod</strong></span> <span class='ocrx_word' id='word_1_43' title='bbox 920 571 1162 639; x_wconf 85' lang='lat' dir='ltr'><strong>habebat,</strong></span> <span class='ocrx_word' id='word_1_44' title='bbox 1197 574 1451 642; x_wconf 75' lang='lat' dir='ltr'><strong><em>auferetur</em></strong></span> <span class='ocrx_word' id='word_1_45' title='bbox 1478 573 1541 625; x_wconf 82' lang='lat' dir='ltr'><strong>ab</strong></span> <span class='ocrx_word' id='word_1_46' title='bbox 1566 587 1626 625; x_wconf 83' lang='lat' dir='ltr'><strong>eo</strong></span> 
     </span>
    </p>
   </div>
   <div class='ocr_carea' id='block_1_8' title="bbox 111 662 1627 735">
    <p class='ocr_par' dir='ltr' id='par_1_8' title="bbox 111 662 1627 735">
     <span class='ocr_line' id='line_1_8' title="bbox 111 662 1627 735; baseline -0.001 -17"><span class='ocrx_word' id='word_1_47' title='bbox 111 664 307 735; x_wconf 70' lang='lat' dir='ltr'><strong>(Matth.</strong></span> <span class='ocrx_word' id='word_1_48' title='bbox 350 663 494 731; x_wconf 84' lang='lat' dir='ltr'><strong>xm);</strong></span> <span class='ocrx_word' id='word_1_49' title='bbox 525 664 593 716; x_wconf 89' lang='lat' dir='ltr'><strong>ita</strong></span> <span class='ocrx_word' id='word_1_50' title='bbox 630 671 683 717; x_wconf 88' lang='lat' dir='ltr'><strong>et</strong></span> <span class='ocrx_word' id='word_1_51' title='bbox 724 662 1075 721; x_wconf 83' lang='lat' dir='ltr'><strong>inobedieutis</strong></span> <span class='ocrx_word' id='word_1_52' title='bbox 1127 662 1350 717; x_wconf 79' lang='lat' dir='ltr'><strong>obdurat</strong></span> <span class='ocrx_word' id='word_1_53' title='bbox 1396 662 1627 716; x_wconf 88' lang='lat' dir='ltr'><strong>animum</strong></span> 
     </span>
    </p>
   </div>
   <div class='ocr_carea' id='block_1_9' title="bbox 108 750 1630 825">
    <p class='ocr_par' dir='ltr' id='par_1_9' title="bbox 108 750 1630 825">
     <span class='ocr_line' id='line_1_9' title="bbox 108 750 1630 825; baseline -0.005 -14"><span class='ocrx_word' id='word_1_54' title='bbox 108 772 249 825; x_wconf 83' lang='lat' dir='ltr'><strong>quem</strong></span> <span class='ocrx_word' id='word_1_55' title='bbox 270 754 432 809; x_wconf 81' lang='lat' dir='ltr'><strong>semel</strong></span> <span class='ocrx_word' id='word_1_56' title='bbox 453 752 651 821; x_wconf 88' lang='lat' dir='ltr'><strong>ceperit</strong></span> <span class='ocrx_word' id='word_1_57' title='bbox 669 750 858 815; x_wconf 49' lang='lat' dir='ltr'><strong>,=ttt‘ad</strong></span> <span class='ocrx_word' id='word_1_58' title='bbox 879 752 1207 819; x_wconf 89' lang='lat' dir='ltr'><strong>suscipienda</strong></span> <span class='ocrx_word' id='word_1_59' title='bbox 1230 763 1509 821; x_wconf 71' lang='lat' dir='ltr'><strong>praecepta,</strong></span> <span class='ocrx_word' id='word_1_60' title='bbox 1532 765 1630 804; x_wconf 86' lang='lat' dir='ltr'><strong>nec</strong></span> 
     </span>
    </p>
   </div>
   <div class='ocr_carea' id='block_1_10' title="bbox 108 841 1631 926">
    <p class='ocr_par' dir='ltr' id='par_1_10' title="bbox 108 841 1631 926">
     <span class='ocr_line' id='line_1_10' title="bbox 108 841 1631 926; baseline -0.003 -27"><span class='ocrx_word' id='word_1_61' title='bbox 108 846 430 906; x_wconf 69' lang='lat' dir='ltr'><strong>auctoritate,</strong></span> <span class='ocrx_word' id='word_1_62' title='bbox 462 858 561 911; x_wconf 12' lang='lat' dir='ltr'><strong>nec,</strong></span> <span class='ocrx_word' id='word_1_63' title='bbox 588 843 810 904; x_wconf 83' lang='lat' dir='ltr'><strong>ratione.</strong></span> <span class='ocrx_word' id='word_1_64' title='bbox 852 842 1126 926; x_wconf 65' lang='lat' dir='ltr'><strong>tﬂectatur,</strong></span> <span class='ocrx_word' id='word_1_65' title='bbox 1166 843 1259 896; x_wconf 85' lang='lat' dir='ltr'><strong>sed</strong></span> <span class='ocrx_word' id='word_1_66' title='bbox 1302 842 1440 910; x_wconf 90' lang='lat' dir='ltr'><strong>quod</strong></span> <span class='ocrx_word' id='word_1_67' title='bbox 1467 841 1631 910; x_wconf 84' lang='lat' dir='ltr'><strong>pessi-</strong></span> 
     </span>
    </p>
   </div>
   <div class='ocr_carea' id='block_1_11' title="bbox 110 931 1631 1006">
    <p class='ocr_par' dir='ltr' id='par_1_11' title="bbox 110 931 1631 1006">
     <span class='ocr_line' id='line_1_11' title="bbox 110 931 1631 1006; baseline -0.004 -17"><span class='ocrx_word' id='word_1_68' title='bbox 110 951 234 989; x_wconf 87' lang='lat' dir='ltr'><strong>mum</strong></span> <span class='ocrx_word' id='word_1_69' title='bbox 256 943 359 998; x_wconf 84' lang='lat' dir='ltr'><strong>est,</strong></span> <span class='ocrx_word' id='word_1_70' title='bbox 392 932 490 1006; x_wconf 82' lang='lat' dir='ltr'><strong>sibi</strong></span> <span class='ocrx_word' id='word_1_71' title='bbox 513 932 607 985; x_wconf 80' lang='lat' dir='ltr'><strong>soli</strong></span> <span class='ocrx_word' id='word_1_72' title='bbox 636 931 836 995; x_wconf 84' lang='lat' dir='ltr'><strong>credat,</strong></span> <span class='ocrx_word' id='word_1_73' title='bbox 867 940 920 986; x_wconf 84' lang='lat' dir='ltr'><strong>et</strong></span> <span class='ocrx_word' id='word_1_74' title='bbox 940 948 1036 1000; x_wconf 90' lang='lat' dir='ltr'><strong>pro</strong></span> <span class='ocrx_word' id='word_1_75' title='bbox 1062 933 1203 986; x_wconf 88' lang='lat' dir='ltr'><strong>omni</strong></span> <span class='ocrx_word' id='word_1_76' title='bbox 1235 933 1438 985; x_wconf 80' lang='lat' dir='ltr'><strong>ratione</strong></span> <span class='ocrx_word' id='word_1_77' title='bbox 1464 933 1631 983; x_wconf 86' lang='lat' dir='ltr'><strong>inten-</strong></span> 
     </span>
    </p>
   </div>
   <div class='ocr_carea' id='block_1_12' title="bbox 109 1020 1632 1091">
    <p class='ocr_par' dir='ltr' id='par_1_12' title="bbox 109 1020 1632 1091">
     <span class='ocr_line' id='line_1_12' title="bbox 109 1020 1632 1091; baseline -0.006 -12"><span class='ocrx_word' id='word_1_78' title='bbox 109 1028 264 1079; x_wconf 82' lang='lat' dir='ltr'><strong>tiones</strong></span> <span class='ocrx_word' id='word_1_79' title='bbox 282 1036 408 1075; x_wconf 88' lang='lat' dir='ltr'><strong>suas</strong></span> <span class='ocrx_word' id='word_1_80' title='bbox 426 1028 695 1089; x_wconf 79' lang='lat' dir='ltr'><strong>sequatur,</strong></span> <span class='ocrx_word' id='word_1_81' title='bbox 726 1029 780 1074; x_wconf 89' lang='lat' dir='ltr'><strong>et</strong></span> <span class='ocrx_word' id='word_1_82' title='bbox 804 1020 903 1075; x_wconf 87' lang='lat' dir='ltr'><strong>hoc</strong></span> <span class='ocrx_word' id='word_1_83' title='bbox 936 1022 1104 1075; x_wconf 91' lang='lat' dir='ltr'><strong>solum</strong></span> <span class='ocrx_word' id='word_1_84' title='bbox 1127 1032 1443 1091; x_wconf 67' lang='lat' dir='ltr'><strong>praereptum</strong></span> <span class='ocrx_word' id='word_1_85' title='bbox 1467 1030 1632 1087; x_wconf 89' lang='lat' dir='ltr'><strong>putet,</strong></span> 
     </span>
    </p>
   </div>
   <div class='ocr_carea' id='block_1_13' title="bbox 109 1094 1635 1179">
    <p class='ocr_par' dir='ltr' id='par_1_13' title="bbox 109 1094 1635 1179">
     <span class='ocr_line' id='line_1_13' title="bbox 109 1094 1635 1179; baseline -0.001 -15"><span class='ocrx_word' id='word_1_86' title='bbox 109 1110 231 1179; x_wconf 90' lang='lat' dir='ltr'><strong>quod</strong></span> <span class='ocrx_word' id='word_1_87' title='bbox 255 1110 505 1164; x_wconf 88' lang='lat' dir='ltr'><strong>obturato</strong></span> <span class='ocrx_word' id='word_1_88' title='bbox 532 1109 695 1163; x_wconf 89' lang='lat' dir='ltr'><strong>corde</strong></span> <span class='ocrx_word' id='word_1_89' title='bbox 734 1109 995 1177; x_wconf 90' lang='lat' dir='ltr'><strong>concepit,</strong></span> <span class='ocrx_word' id='word_1_90' title='bbox 1026 1094 1216 1163; x_wconf 80' lang='lat' dir='ltr'><strong>similis</strong></span> <span class='ocrx_word' id='word_1_91' title='bbox 1239 1109 1288 1163; x_wconf 88' lang='lat' dir='ltr'><strong>ei</strong></span> <span class='ocrx_word' id='word_1_92' title='bbox 1334 1108 1551 1163; x_wconf 80' lang='lat' dir='ltr'><strong>eﬂ&#39;ectns</strong></span> <span class='ocrx_word' id='word_1_93' title='bbox 1575 1123 1635 1163; x_wconf 86' lang='lat' dir='ltr'><strong>se</strong></span> 
     </span>
    </p>
   </div>
   <div class='ocr_carea' id='block_1_14' title="bbox 107 1197 1630 1267">
    <p class='ocr_par' dir='ltr' id='par_1_14' title="bbox 107 1197 1630 1267">
     <span class='ocr_line' id='line_1_14' title="bbox 107 1197 1630 1267; baseline -0.001 -16"><span class='ocrx_word' id='word_1_94' title='bbox 107 1216 197 1267; x_wconf 91' lang='lat' dir='ltr'><strong>quo</strong></span> <span class='ocrx_word' id='word_1_95' title='bbox 222 1197 433 1251; x_wconf 84' lang='lat' dir='ltr'><strong>divinus</strong></span> <span class='ocrx_word' id='word_1_96' title='bbox 484 1211 661 1251; x_wconf 80' lang='lat' dir='ltr'><strong>sermo</strong></span> <span class='ocrx_word' id='word_1_97' title='bbox 691 1199 993 1265; x_wconf 84' lang='lat' dir='ltr'><strong>pronuntiat</strong></span> <span class='ocrx_word' id='word_1_98' title='bbox 1022 1214 1036 1251; x_wconf 92' lang='lat'>:</span> <span class='ocrx_word' id='word_1_99' title='bbox 1071 1197 1264 1250; x_wconf 76' lang='lat' dir='ltr'><strong>Itinera</strong></span> <span class='ocrx_word' id='word_1_100' title='bbox 1292 1198 1630 1266; x_wconf 78' lang='lat' dir='ltr'><strong>insipientium</strong></span> 
     </span>
    </p>
   </div>
   <div class='ocr_carea' id='block_1_15' title="bbox 108 1285 1633 1354">
    <p class='ocr_par' dir='ltr' id='par_1_15' title="bbox 108 1285 1633 1354">
     <span class='ocr_line' id='line_1_15' title="bbox 108 1285 1633 1354; baseline 0 -15"><span class='ocrx_word' id='word_1_101' title='bbox 108 1299 225 1339; x_wconf 79' lang='lat' dir='ltr'><strong>recta</strong></span> <span class='ocrx_word' id='word_1_102' title='bbox 252 1286 303 1339; x_wconf 83' lang='lat' dir='ltr'><strong>in</strong></span> <span class='ocrx_word' id='word_1_103' title='bbox 327 1297 596 1354; x_wconf 78' lang='lat' dir='ltr'><strong>conspectu</strong></span> <span class='ocrx_word' id='word_1_104' title='bbox 620 1302 792 1340; x_wconf 77' lang='lat' dir='ltr'><strong>eorum</strong></span> <span class='ocrx_word' id='word_1_105' title='bbox 816 1285 993 1353; x_wconf 73' lang='lat' dir='ltr'><strong>(Prov.</strong></span> <span class='ocrx_word' id='word_1_106' title='bbox 1021 1287 1135 1349; x_wconf 79' lang='lat' dir='ltr'><strong>xit).</strong></span> <span class='ocrx_word' id='word_1_107' title='bbox 1163 1288 1224 1339; x_wconf 84' lang='lat' dir='ltr'><strong>Et</strong></span> <span class='ocrx_word' id='word_1_108' title='bbox 1245 1289 1431 1339; x_wconf 84' lang='lat' dir='ltr'><strong>iterum</strong></span> <span class='ocrx_word' id='word_1_109' title='bbox 1460 1303 1473 1338; x_wconf 89' lang='lat'><strong>:</strong></span> <span class='ocrx_word' id='word_1_110' title='bbox 1502 1286 1633 1342; x_wconf 81' lang='lat' dir='ltr'><strong>Sunt</strong></span> 
     </span>
    </p>
   </div>
   <div class='ocr_carea' id='block_1_16' title="bbox 109 1377 1637 1443">
    <p class='ocr_par' dir='ltr' id='par_1_16' title="bbox 109 1377 1637 1443">
     <span class='ocr_line' id='line_1_16' title="bbox 109 1377 1637 1443; baseline -0.001 -12"><span class='ocrx_word' id='word_1_111' title='bbox 109 1382 188 1431; x_wconf 74' lang='lat' dir='ltr'><strong>rite</strong></span> <span class='ocrx_word' id='word_1_112' title='bbox 210 1393 318 1443; x_wconf 70' lang='lat' dir='ltr'><strong>quae</strong></span> <span class='ocrx_word' id='word_1_113' title='bbox 338 1379 568 1431; x_wconf 75' lang='lat' dir='ltr'><strong>videntur</strong></span> <span class='ocrx_word' id='word_1_114' title='bbox 585 1388 733 1431; x_wconf 65' lang='lat' dir='ltr'><strong>recte:</strong></span> <span class='ocrx_word' id='word_1_115' title='bbox 754 1377 1067 1442; x_wconf 81' lang='lat' dir='ltr'><strong>hominibus;</strong></span> <span class='ocrx_word' id='word_1_116' title='bbox 1088 1377 1348 1429; x_wconf 84' lang='lat' dir='ltr'><strong>novissima</strong></span> <span class='ocrx_word' id='word_1_117' title='bbox 1375 1384 1537 1429; x_wconf 82' lang='lat' dir='ltr'><strong>autem</strong></span> <span class='ocrx_word' id='word_1_118' title='bbox 1555 1392 1637 1430; x_wconf 82' lang='lat' dir='ltr'><strong>eo-</strong></span> 
     </span>
    </p>
   </div>
   <div class='ocr_carea' id='block_1_17' title="bbox 110 1464 1639 1534">
    <p class='ocr_par' dir='ltr' id='par_1_17' title="bbox 110 1464 1639 1534">
     <span class='ocr_line' id='line_1_17' title="bbox 110 1464 1639 1534; baseline -0.001 -15"><span class='ocrx_word' id='word_1_119' title='bbox 110 1484 207 1519; x_wconf 82' lang='lat' dir='ltr'><strong>mn</strong></span> <span class='ocrx_word' id='word_1_120' title='bbox 224 1468 417 1521; x_wconf 77' lang='lat' dir='ltr'><strong>venient</strong></span> <span class='ocrx_word' id='word_1_121' title='bbox 438 1467 492 1519; x_wconf 82' lang='lat' dir='ltr'><strong>in</strong></span> <span class='ocrx_word' id='word_1_122' title='bbox 515 1467 824 1534; x_wconf 75' lang='lat' dir='ltr'><strong>profundunt</strong></span> <span class='ocrx_word' id='word_1_123' title='bbox 849 1467 996 1533; x_wconf 76' lang='lat' dir='ltr'><strong>inferi</strong></span> <span class='ocrx_word' id='word_1_124' title='bbox 1013 1464 1188 1532; x_wconf 87' lang='lat' dir='ltr'><strong>(Prov.</strong></span> <span class='ocrx_word' id='word_1_125' title='bbox 1219 1465 1347 1532; x_wconf 79' lang='lat' dir='ltr'><strong>xvi).</strong></span> <span class='ocrx_word' id='word_1_126' title='bbox 1365 1464 1639 1519; x_wconf 86' lang='lat' dir='ltr'><strong>Postremo</strong></span> 
     </span>
    </p>
   </div>
   <div class='ocr_carea' id='block_1_18' title="bbox 120 1552 1640 1623">
    <p class='ocr_par' dir='ltr' id='par_1_18' title="bbox 120 1552 1640 1623">
     <span class='ocr_line' id='line_1_18' title="bbox 120 1552 1640 1623; baseline 0 -17"><span class='ocrx_word' id='word_1_127' title='bbox 120 1557 278 1609; x_wconf 83' lang='lat' dir='ltr'><strong>veniet</strong></span> <span class='ocrx_word' id='word_1_128' title='bbox 311 1553 608 1623; x_wconf 90' lang='lat' dir='ltr'><strong>hujusmodi</strong></span> <span class='ocrx_word' id='word_1_129' title='bbox 638 1552 927 1617; x_wconf 86' lang='lat' dir='ltr'><strong>animabus,</strong></span> <span class='ocrx_word' id='word_1_130' title='bbox 959 1554 1097 1620; x_wconf 90' lang='lat' dir='ltr'><strong>quod</strong></span> <span class='ocrx_word' id='word_1_131' title='bbox 1123 1554 1299 1607; x_wconf 84' lang='lat' dir='ltr'><strong>domui</strong></span> <span class='ocrx_word' id='word_1_132' title='bbox 1337 1569 1452 1623; x_wconf 75' lang='lat' dir='ltr'><strong>quae</strong></span> <span class='ocrx_word' id='word_1_133' title='bbox 1482 1568 1640 1619; x_wconf 85' lang='lat' dir='ltr'><strong>super</strong></span> 
     </span>
    </p>
   </div>
   <div class='ocr_carea' id='block_1_19' title="bbox 1728 394 3262 467">
    <p class='ocr_par' dir='ltr' id='par_1_19' title="bbox 1728 394 3262 467">
     <span class='ocr_line' id='line_1_19' title="bbox 1728 394 3262 467; baseline 0.005 -18"><span class='ocrx_word' id='word_1_134' title='bbox 1728 394 2061 465; x_wconf 75' lang='lat' dir='ltr'><strong>tempestate)</strong></span> <span class='ocrx_word' id='word_1_135' title='bbox 2080 395 2201 450; x_wconf 89' lang='lat' dir='ltr'><strong>inde</strong></span> <span class='ocrx_word' id='word_1_136' title='bbox 2224 397 2347 467; x_wconf 91' lang='lat' dir='ltr'><strong>quid</strong></span> <span class='ocrx_word' id='word_1_137' title='bbox 2372 397 2437 451; x_wconf 86' lang='lat' dir='ltr'><strong>tle</strong></span> <span class='ocrx_word' id='word_1_138' title='bbox 2465 407 2517 452; x_wconf 91' lang='lat' dir='ltr'><strong>te</strong></span> <span class='ocrx_word' id='word_1_139' title='bbox 2543 400 2679 453; x_wconf 88' lang='lat' dir='ltr'><strong>male</strong></span> <span class='ocrx_word' id='word_1_140' title='bbox 2722 403 2929 467; x_wconf 87' lang='lat' dir='ltr'><strong>egeris;</strong></span> <span class='ocrx_word' id='word_1_141' title='bbox 2963 412 3086 456; x_wconf 91' lang='lat' dir='ltr'><strong>tunc</strong></span> <span class='ocrx_word' id='word_1_142' title='bbox 3113 418 3262 458; x_wconf 60' lang='lat' dir='ltr'><strong>reco-s</strong></span> 
     </span>
    </p>
   </div>
   <div class='ocr_carea' id='block_1_20' title="bbox 1723 484 3258 557">
    <p class='ocr_par' dir='ltr' id='par_1_20' title="bbox 1723 484 3258 557">
     <span class='ocr_line' id='line_1_20' title="bbox 1723 484 3258 557; baseline 0.006 -20"><span class='ocrx_word' id='word_1_143' title='bbox 1723 485 1932 553; x_wconf 86' lang='lat' dir='ltr'><strong>gnoscis</strong></span> <span class='ocrx_word' id='word_1_144' title='bbox 1956 484 2078 554; x_wconf 89' lang='lat' dir='ltr'><strong>quid</strong></span> <span class='ocrx_word' id='word_1_145' title='bbox 2105 486 2321 555; x_wconf 88' lang='lat' dir='ltr'><strong>periculi</strong></span> <span class='ocrx_word' id='word_1_146' title='bbox 2349 488 2634 542; x_wconf 85' lang='lat' dir='ltr'><strong>incurreris</strong></span> <span class='ocrx_word' id='word_1_147' title='bbox 2652 502 2768 542; x_wconf 92' lang='lat' dir='ltr'><strong>cum</strong></span> <span class='ocrx_word' id='word_1_148' title='bbox 2789 489 2855 544; x_wconf 90' lang='lat' dir='ltr'><strong>de</strong></span> <span class='ocrx_word' id='word_1_149' title='bbox 2882 490 2997 544; x_wconf 90' lang='lat' dir='ltr'><strong>loco</strong></span> <span class='ocrx_word' id='word_1_150' title='bbox 3016 492 3079 543; x_wconf 89' lang='lat' dir='ltr'><strong>ad</strong></span> <span class='ocrx_word' id='word_1_151' title='bbox 3103 509 3258 557; x_wconf 85' lang='lat' dir='ltr'><strong>quem</strong></span> 
     </span>
    </p>
   </div>
   <div class='ocr_carea' id='block_1_21' title="bbox 1723 574 3259 648">
    <p class='ocr_par' dir='ltr' id='par_1_21' title="bbox 1723 574 3259 648">
     <span class='ocr_line' id='line_1_21' title="bbox 1723 574 3259 648; baseline 0.007 -22"><span class='ocrx_word' id='word_1_152' title='bbox 1723 587 1842 627; x_wconf 88' lang='lat' dir='ltr'><strong>cum</strong></span> <span class='ocrx_word' id='word_1_153' title='bbox 1870 574 2058 642; x_wconf 85' lang='lat' dir='ltr'><strong>gaudio</strong></span> <span class='ocrx_word' id='word_1_154' title='bbox 2086 590 2309 632; x_wconf 78' lang='lat' dir='ltr'><strong>veneras</strong></span> <span class='ocrx_word' id='word_1_155' title='bbox 2334 578 2447 632; x_wconf 88' lang='lat' dir='ltr'><strong>sine</strong></span> <span class='ocrx_word' id='word_1_156' title='bbox 2475 592 2622 648; x_wconf 87' lang='lat' dir='ltr'><strong>pace,</strong></span> <span class='ocrx_word' id='word_1_157' title='bbox 2650 593 2768 633; x_wconf 91' lang='lat' dir='ltr'><strong>cum</strong></span> <span class='ocrx_word' id='word_1_158' title='bbox 2784 579 3031 633; x_wconf 82' lang='lat' dir='ltr'><strong>seandalo</strong></span> <span class='ocrx_word' id='word_1_159' title='bbox 3058 581 3259 636; x_wconf 80' lang='lat' dir='ltr'><strong>disces-</strong></span> 
     </span>
    </p>
   </div>
   <div class='ocr_carea' id='block_1_22' title="bbox 1725 662 3264 739">
    <p class='ocr_par' dir='ltr' id='par_1_22' title="bbox 1725 662 3264 739">
     <span class='ocr_line' id='line_1_22' title="bbox 1725 662 3264 739; baseline 0.004 -23"><span class='ocrx_word' id='word_1_160' title='bbox 1725 662 1863 725; x_wconf 83' lang='lat' dir='ltr'><strong>sisti,</strong></span> <span class='ocrx_word' id='word_1_161' title='bbox 1889 672 2013 715; x_wconf 89' lang='lat' dir='ltr'><strong>tnnc</strong></span> <span class='ocrx_word' id='word_1_162' title='bbox 2039 677 2155 717; x_wconf 90' lang='lat' dir='ltr'><strong>sera</strong></span> <span class='ocrx_word' id='word_1_163' title='bbox 2180 665 2482 739; x_wconf 69' lang='lat' dir='ltr'><strong>poenitentia</strong></span> <span class='ocrx_word' id='word_1_164' title='bbox 2503 680 2664 733; x_wconf 88' lang='lat' dir='ltr'><strong>super</strong></span> <span class='ocrx_word' id='word_1_165' title='bbox 2696 667 2874 720; x_wconf 86' lang='lat' dir='ltr'><strong>ruinas</strong></span> <span class='ocrx_word' id='word_1_166' title='bbox 2902 682 3024 739; x_wconf 86' lang='lat' dir='ltr'><strong>snas</strong></span> <span class='ocrx_word' id='word_1_167' title='bbox 3049 669 3264 736; x_wconf 69' lang='lat' dir='ltr'><strong>ptenitet</strong></span> 
     </span>
    </p>
   </div>
   <div class='ocr_carea' id='block_1_23' title="bbox 1728 747 3262 823">
    <p class='ocr_par' dir='ltr' id='par_1_23' title="bbox 1728 747 3262 823">
     <span class='ocr_line' id='line_1_23' title="bbox 1728 747 3262 823; baseline 0.005 -19"><span class='ocrx_word' id='word_1_168' title='bbox 1728 764 1789 805; x_wconf 85' lang='lat' dir='ltr'><strong>ac</strong></span> <span class='ocrx_word' id='word_1_169' title='bbox 1812 752 1996 815; x_wconf 74' lang='lat' dir='ltr'><strong>’deﬁet,</strong></span> <span class='ocrx_word' id='word_1_170' title='bbox 2042 747 2182 806; x_wconf 89' lang='lat' dir='ltr'><strong>s‘icut</strong></span> <span class='ocrx_word' id='word_1_171' title='bbox 2208 752 2445 819; x_wconf 66' lang='lat' dir='ltr'><strong>quaedam</strong></span> <span class='ocrx_word' id='word_1_172' title='bbox 2474 768 2597 808; x_wconf 89' lang='lat' dir='ltr'><strong>aves</strong></span> <span class='ocrx_word' id='word_1_173' title='bbox 2634 752 2751 822; x_wconf 86' lang='lat' dir='ltr'><strong>quae</strong></span> <span class='ocrx_word' id='word_1_174' title='bbox 2776 770 2881 823; x_wconf 74' lang='lat' dir='ltr'><strong>pra:</strong></span> <span class='ocrx_word' id='word_1_175' title='bbox 2906 756 3086 812; x_wconf 85' lang='lat' dir='ltr'><strong>dolore</strong></span> <span class='ocrx_word' id='word_1_176' title='bbox 3105 750 3262 823; x_wconf 80' lang='lat' dir='ltr'><strong>super</strong></span> 
     </span>
    </p>
   </div>
   <div class='ocr_carea' id='block_1_24' title="bbox 1727 842 3263 911">
    <p class='ocr_par' dir='ltr' id='par_1_24' title="bbox 1727 842 3263 911">
     <span class='ocr_line' id='line_1_24' title="bbox 1727 842 3263 911; baseline 0.003 -14"><span class='ocrx_word' id='word_1_177' title='bbox 1727 856 1819 897; x_wconf 80' lang='lat' dir='ltr'><strong>eos</strong></span> <span class='ocrx_word' id='word_1_178' title='bbox 1866 856 1997 911; x_wconf 75' lang='lat' dir='ltr'><strong>quos</strong></span> <span class='ocrx_word' id='word_1_179' title='bbox 2040 842 2328 896; x_wconf 89' lang='lat' dir='ltr'><strong>occiderint</strong></span> <span class='ocrx_word' id='word_1_180' title='bbox 2366 843 2493 898; x_wconf 83' lang='lat' dir='ltr'><strong>ﬂere</strong></span> <span class='ocrx_word' id='word_1_181' title='bbox 2528 844 2796 910; x_wconf 87' lang='lat' dir='ltr'><strong>dicuntur,</strong></span> <span class='ocrx_word' id='word_1_182' title='bbox 2845 853 2900 899; x_wconf 87' lang='lat' dir='ltr'><strong>et</strong></span> <span class='ocrx_word' id='word_1_183' title='bbox 2948 846 3062 901; x_wconf 67' lang='lat' dir='ltr'><strong>haec</strong></span> <span class='ocrx_word' id='word_1_184' title='bbox 3087 848 3263 901; x_wconf 86' lang='lat' dir='ltr'><strong>omnia</strong></span> 
     </span>
    </p>
   </div>
   <div class='ocr_carea' id='block_1_25' title="bbox 1729 931 3262 997">
    <p class='ocr_par' dir='ltr' id='par_1_25' title="bbox 1729 931 3262 997">
     <span class='ocr_line' id='line_1_25' title="bbox 1729 931 3262 997; baseline 0.005 -13"><span class='ocrx_word' id='word_1_185' title='bbox 1729 933 1922 997; x_wconf 83' lang='lat' dir='ltr'><strong>animae</strong></span> <span class='ocrx_word' id='word_1_186' title='bbox 1962 931 2274 986; x_wconf 88' lang='lat' dir='ltr'><strong>detrimenta</strong></span> <span class='ocrx_word' id='word_1_187' title='bbox 2316 946 2381 987; x_wconf 85' lang='lat' dir='ltr'><strong>ex</strong></span> <span class='ocrx_word' id='word_1_188' title='bbox 2410 934 2774 988; x_wconf 87' lang='lat' dir='ltr'><strong>inobedientiae</strong></span> <span class='ocrx_word' id='word_1_189' title='bbox 2818 936 2957 988; x_wconf 90' lang='lat' dir='ltr'><strong>malo</strong></span> <span class='ocrx_word' id='word_1_190' title='bbox 2999 937 3262 992; x_wconf 87' lang='lat' dir='ltr'><strong>eveniunt.</strong></span> 
     </span>
    </p>
   </div>
   <div class='ocr_carea' id='block_1_26' title="bbox 1729 1021 3263 1091">
    <p class='ocr_par' dir='ltr' id='par_1_26' title="bbox 1729 1021 3263 1091">
     <span class='ocr_line' id='line_1_26' title="bbox 1729 1021 3263 1091; baseline 0.003 -14"><span class='ocrx_word' id='word_1_191' title='bbox 1729 1021 2045 1077; x_wconf 86' lang='lat' dir='ltr'><strong>Obedientes</strong></span> <span class='ocrx_word' id='word_1_192' title='bbox 2065 1033 2236 1078; x_wconf 88' lang='lat' dir='ltr'><strong>autem</strong></span> <span class='ocrx_word' id='word_1_193' title='bbox 2265 1032 2318 1077; x_wconf 88' lang='lat' dir='ltr'><strong>et</strong></span> <span class='ocrx_word' id='word_1_194' title='bbox 2346 1023 2567 1079; x_wconf 85' lang='lat' dir='ltr'><strong>humiles</strong></span> <span class='ocrx_word' id='word_1_195' title='bbox 2596 1025 2806 1091; x_wconf 84' lang='lat' dir='ltr'><strong>animae,</strong></span> <span class='ocrx_word' id='word_1_196' title='bbox 2828 1027 3018 1079; x_wconf 90' lang='lat' dir='ltr'><strong>multas</strong></span> <span class='ocrx_word' id='word_1_197' title='bbox 3048 1028 3263 1081; x_wconf 82' lang='lat' dir='ltr'><strong>tribula-</strong></span> 
     </span>
    </p>
   </div>
   <div class='ocr_carea' id='block_1_27' title="bbox 1731 1112 3265 1184">
    <p class='ocr_par' dir='ltr' id='par_1_27' title="bbox 1731 1112 3265 1184">
     <span class='ocr_line' id='line_1_27' title="bbox 1731 1112 3265 1184; baseline 0.005 -20"><span class='ocrx_word' id='word_1_198' title='bbox 1731 1112 1899 1166; x_wconf 87' lang='lat' dir='ltr'><strong>tiones</strong></span> <span class='ocrx_word' id='word_1_199' title='bbox 1937 1120 2093 1179; x_wconf 85' lang='lat' dir='ltr'><strong>atque</strong></span> <span class='ocrx_word' id='word_1_200' title='bbox 2144 1125 2327 1166; x_wconf 90' lang='lat' dir='ltr'><strong>omnes</strong></span> <span class='ocrx_word' id='word_1_201' title='bbox 2384 1112 2587 1167; x_wconf 87' lang='lat' dir='ltr'><strong>labores</strong></span> <span class='ocrx_word' id='word_1_202' title='bbox 2639 1124 2993 1181; x_wconf 80' lang='lat' dir='ltr'><strong>prosternunt,</strong></span> <span class='ocrx_word' id='word_1_203' title='bbox 3031 1120 3265 1184; x_wconf 86' lang='lat' dir='ltr'><strong>atquein</strong></span> 
     </span>
    </p>
   </div>
   <div class='ocr_carea' id='block_1_28' title="bbox 1731 1188 3265 1275">
    <p class='ocr_par' dir='ltr' id='par_1_28' title="bbox 1731 1188 3265 1275">
     <span class='ocr_line' id='line_1_28' title="bbox 1731 1188 3265 1275; baseline 0.003 -21"><span class='ocrx_word' id='word_1_204' title='bbox 1731 1202 2093 1269; x_wconf 86' lang='lat' dir='ltr'><strong>compendium</strong></span> <span class='ocrx_word' id='word_1_205' title='bbox 2117 1201 2345 1254; x_wconf 89' lang='lat' dir='ltr'><strong>mittunt.</strong></span> <span class='ocrx_word' id='word_1_206' title='bbox 2370 1203 2648 1256; x_wconf 86' lang='lat' dir='ltr'><strong>Sciendum</strong></span> <span class='ocrx_word' id='word_1_207' title='bbox 2676 1211 2759 1257; x_wconf 89' lang='lat' dir='ltr'><strong>est</strong></span> <span class='ocrx_word' id='word_1_208' title='bbox 2774 1204 2916 1258; x_wconf 88' lang='lat' dir='ltr'><strong>enim</strong></span> <span class='ocrx_word' id='word_1_209' title='bbox 2943 1204 3079 1272; x_wconf 91' lang='lat' dir='ltr'><strong>quod</strong></span> <span class='ocrx_word' id='word_1_210' title='bbox 3094 1188 3265 1275; x_wconf 67' lang='lat' dir='ltr'><strong>quan-</strong></span> 
     </span>
    </p>
   </div>
   <div class='ocr_carea' id='block_1_29' title="bbox 1735 1290 3269 1361">
    <p class='ocr_par' dir='ltr' id='par_1_29' title="bbox 1735 1290 3269 1361">
     <span class='ocr_line' id='line_1_29' title="bbox 1735 1290 3269 1361; baseline 0.005 -18"><span class='ocrx_word' id='word_1_211' title='bbox 1735 1299 1788 1343; x_wconf 91' lang='lat' dir='ltr'><strong>to</strong></span> <span class='ocrx_word' id='word_1_212' title='bbox 1818 1290 2122 1343; x_wconf 82' lang='lat' dir='ltr'><strong>humiliores</strong></span> <span class='ocrx_word' id='word_1_213' title='bbox 2147 1300 2199 1343; x_wconf 91' lang='lat' dir='ltr'><strong>et</strong></span> <span class='ocrx_word' id='word_1_214' title='bbox 2214 1290 2599 1344; x_wconf 88' lang='lat' dir='ltr'><strong>obedientiorcs</strong></span> <span class='ocrx_word' id='word_1_215' title='bbox 2627 1292 2877 1348; x_wconf 75' lang='lat' dir='ltr'><strong>fuerimus</strong></span> <span class='ocrx_word' id='word_1_216' title='bbox 2906 1294 3196 1361; x_wconf 64' lang='lat' dir='ltr'><strong>praepositis</strong></span> <span class='ocrx_word' id='word_1_217' title='bbox 3216 1303 3269 1350; x_wconf 87' lang='lat' dir='ltr'><strong>ct</strong></span> 
     </span>
    </p>
   </div>
   <div class='ocr_carea' id='block_1_30' title="bbox 1736 1379 3269 1445">
    <p class='ocr_par' dir='ltr' id='par_1_30' title="bbox 1736 1379 3269 1445">
     <span class='ocr_line' id='line_1_30' title="bbox 1736 1379 3269 1445; baseline 0.005 -14"><span class='ocrx_word' id='word_1_218' title='bbox 1736 1379 1970 1445; x_wconf 87' lang='lat' dir='ltr'><strong>patribus</strong></span> <span class='ocrx_word' id='word_1_219' title='bbox 2001 1379 2215 1440; x_wconf 89' lang='lat' dir='ltr'><strong>nostris,</strong></span> <span class='ocrx_word' id='word_1_220' title='bbox 2247 1379 2298 1431; x_wconf 92' lang='lat' dir='ltr'><strong>in</strong></span> <span class='ocrx_word' id='word_1_221' title='bbox 2326 1387 2523 1431; x_wconf 88' lang='lat' dir='ltr'><strong>tantum</strong></span> <span class='ocrx_word' id='word_1_222' title='bbox 2555 1380 2766 1434; x_wconf 90' lang='lat' dir='ltr'><strong>obediet</strong></span> <span class='ocrx_word' id='word_1_223' title='bbox 2796 1381 3043 1436; x_wconf 88' lang='lat' dir='ltr'><strong>Dominus</strong></span> <span class='ocrx_word' id='word_1_224' title='bbox 3072 1386 3269 1439; x_wconf 89' lang='lat' dir='ltr'><strong>oratio-</strong></span> 
     </span>
    </p>
   </div>
   <div class='ocr_carea' id='block_1_31' title="bbox 1736 1466 3268 1550">
    <p class='ocr_par' dir='ltr' id='par_1_31' title="bbox 1736 1466 3268 1550">
     <span class='ocr_line' id='line_1_31' title="bbox 1736 1466 3268 1550; baseline 0.003 -29"><span class='ocrx_word' id='word_1_225' title='bbox 1736 1468 1889 1522; x_wconf 86' lang='lat' dir='ltr'><strong>nibus</strong></span> <span class='ocrx_word' id='word_1_226' title='bbox 1918 1467 2133 1522; x_wconf 63' lang='lat' dir='ltr'><strong>nouris.</strong></span> <span class='ocrx_word' id='word_1_227' title='bbox 2176 1466 2455 1550; x_wconf 73' lang='lat' dir='ltr'><strong>Videamus</strong></span> <span class='ocrx_word' id='word_1_228' title='bbox 2480 1481 2633 1536; x_wconf 84' lang='lat' dir='ltr'><strong>quam</strong></span> <span class='ocrx_word' id='word_1_229' title='bbox 2655 1469 2991 1535; x_wconf 88' lang='lat' dir='ltr'><strong>acceptabilia</strong></span> <span class='ocrx_word' id='word_1_230' title='bbox 3020 1481 3141 1525; x_wconf 84' lang='lat' dir='ltr'><strong>sunt</strong></span> <span class='ocrx_word' id='word_1_231' title='bbox 3170 1471 3268 1525; x_wconf 82' lang='lat' dir='ltr'><strong>Do-</strong></span> 
     </span>
    </p>
   </div>
   <div class='ocr_carea' id='block_1_32' title="bbox 1740 1556 3269 1627">
    <p class='ocr_par' dir='ltr' id='par_1_32' title="bbox 1740 1556 3269 1627">
     <span class='ocr_line' id='line_1_32' title="bbox 1740 1556 3269 1627; baseline 0.003 -18"><span class='ocrx_word' id='word_1_232' title='bbox 1740 1559 1882 1611; x_wconf 90' lang='lat' dir='ltr'><strong>mino</strong></span> <span class='ocrx_word' id='word_1_233' title='bbox 1910 1558 1992 1611; x_wconf 89' lang='lat' dir='ltr'><strong>vel</strong></span> <span class='ocrx_word' id='word_1_234' title='bbox 2038 1571 2219 1626; x_wconf 86' lang='lat' dir='ltr'><strong>opera,</strong></span> <span class='ocrx_word' id='word_1_235' title='bbox 2265 1558 2346 1611; x_wconf 89' lang='lat' dir='ltr'><strong>vel</strong></span> <span class='ocrx_word' id='word_1_236' title='bbox 2388 1556 2581 1626; x_wconf 88' lang='lat' dir='ltr'><strong>jejunia</strong></span> <span class='ocrx_word' id='word_1_237' title='bbox 2619 1572 2798 1611; x_wconf 89' lang='lat' dir='ltr'><strong>eorum</strong></span> <span class='ocrx_word' id='word_1_238' title='bbox 2827 1560 2914 1627; x_wconf 90' lang='lat' dir='ltr'><strong>qui</strong></span> <span class='ocrx_word' id='word_1_239' title='bbox 2958 1560 3065 1613; x_wconf 83' lang='lat' dir='ltr'><strong>suis</strong></span> <span class='ocrx_word' id='word_1_240' title='bbox 3103 1562 3269 1626; x_wconf 85' lang='lat' dir='ltr'><strong>potius</strong></span> 
     </span>
    </p>
   </div>
   <div class='ocr_carea' id='block_1_33' title="bbox 115 1637 3270 1716">
    <p class='ocr_par' dir='ltr' id='par_1_33' title="bbox 115 1637 3270 1716">
     <span class='ocr_line' id='line_1_33' title="bbox 115 1637 3270 1716; baseline 0.002 -22"><span class='ocrx_word' id='word_1_241' title='bbox 115 1657 312 1696; x_wconf 84' lang='lat' dir='ltr'><strong>arenam</strong></span> <span class='ocrx_word' id='word_1_242' title='bbox 361 1641 615 1696; x_wconf 70' lang='lat' dir='ltr'><strong>aediﬁcata</strong></span> <span class='ocrx_word' id='word_1_243' title='bbox 644 1650 725 1694; x_wconf 88' lang='lat' dir='ltr'><strong>cst</strong></span> <span class='ocrx_word' id='word_1_244' title='bbox 757 1658 769 1694; x_wconf 91' lang='lat'>:</span> <span class='ocrx_word' id='word_1_245' title='bbox 803 1643 914 1696; x_wconf 76' lang='lat' dir='ltr'><strong>haec</strong></span> <span class='ocrx_word' id='word_1_246' title='bbox 942 1642 1081 1695; x_wconf 89' lang='lat' dir='ltr'><strong>enim</strong></span> <span class='ocrx_word' id='word_1_247' title='bbox 1124 1643 1367 1710; x_wconf 73' lang='lat' dir='ltr'><strong>parabole</strong></span> <span class='ocrx_word' id='word_1_248' title='bbox 1410 1642 1640 1696; x_wconf 79' lang='lat' dir='ltr'><strong>maxime</strong></span> <span class='ocrx_word' id='word_1_249' title='bbox 1670 1637 1715 1696; x_wconf 85' lang='lat' dir='ltr'><strong>B</strong></span> <span class='ocrx_word' id='word_1_250' title='bbox 1740 1661 1893 1716; x_wconf 86' lang='lat' dir='ltr'><strong>quam</strong></span> <span class='ocrx_word' id='word_1_251' title='bbox 1923 1646 2185 1700; x_wconf 87' lang='lat' dir='ltr'><strong>seniorum</strong></span> <span class='ocrx_word' id='word_1_252' title='bbox 2233 1646 2584 1701; x_wconf 81' lang='lat' dir='ltr'><strong>voluntatibus</strong></span> <span class='ocrx_word' id='word_1_253' title='bbox 2612 1648 2987 1716; x_wconf 88' lang='lat' dir='ltr'><strong>obsequuntur.</strong></span> <span class='ocrx_word' id='word_1_254' title='bbox 3036 1649 3270 1702; x_wconf 84' lang='lat' dir='ltr'><strong>Clamant</strong></span> 
     </span>
    </p>
   </div>
   <div class='ocr_carea' id='block_1_34' title="bbox 114 1731 1637 1802">
    <p class='ocr_par' dir='ltr' id='par_1_34' title="bbox 114 1731 1637 1802">
     <span class='ocr_line' id='line_1_34' title="bbox 114 1731 1637 1802; baseline 0 -17"><span class='ocrx_word' id='word_1_255' title='bbox 114 1734 168 1786; x_wconf 85' lang='lat' dir='ltr'><strong>ad</strong></span> <span class='ocrx_word' id='word_1_256' title='bbox 205 1734 572 1787; x_wconf 81' lang='lat' dir='ltr'><strong>iuobedientes</strong></span> <span class='ocrx_word' id='word_1_257' title='bbox 620 1733 851 1799; x_wconf 88' lang='lat' dir='ltr'><strong>respicit.</strong></span> <span class='ocrx_word' id='word_1_258' title='bbox 881 1731 969 1787; x_wconf 87' lang='lat' dir='ltr'><strong>Sic</strong></span> <span class='ocrx_word' id='word_1_259' title='bbox 996 1734 1133 1786; x_wconf 90' lang='lat' dir='ltr'><strong>enim</strong></span> <span class='ocrx_word' id='word_1_260' title='bbox 1166 1734 1383 1802; x_wconf 73' lang='lat' dir='ltr'><strong>legimus</strong></span> <span class='ocrx_word' id='word_1_261' title='bbox 1414 1752 1429 1788; x_wconf 91' lang='lat'><strong>:</strong></span> <span class='ocrx_word' id='word_1_262' title='bbox 1461 1734 1637 1788; x_wconf 80' lang='lat' dir='ltr'><strong>Omnis</strong></span> 
     </span>
    </p>
   </div>
   <div class='ocr_carea' id='block_1_35' title="bbox 115 1820 1679 1890">
    <p class='ocr_par' dir='ltr' id='par_1_35' title="bbox 115 1820 1679 1890">
     <span class='ocr_line' id='line_1_35' title="bbox 115 1820 1679 1890; baseline 0.001 -17"><span class='ocrx_word' id='word_1_263' title='bbox 115 1822 185 1884; x_wconf 85' lang='lat' dir='ltr'><strong>qui</strong></span> <span class='ocrx_word' id='word_1_264' title='bbox 204 1823 342 1873; x_wconf 76' lang='lat' dir='ltr'><strong>audit</strong></span> <span class='ocrx_word' id='word_1_265' title='bbox 374 1820 519 1873; x_wconf 80' lang='lat' dir='ltr'><strong>verba</strong></span> <span class='ocrx_word' id='word_1_266' title='bbox 544 1836 654 1873; x_wconf 83' lang='lat' dir='ltr'><strong>mea</strong></span> <span class='ocrx_word' id='word_1_267' title='bbox 683 1822 809 1887; x_wconf 69' lang='lat' dir='ltr'><strong>hac,</strong></span> <span class='ocrx_word' id='word_1_268' title='bbox 840 1830 888 1873; x_wconf 86' lang='lat' dir='ltr'><strong>et</strong></span> <span class='ocrx_word' id='word_1_269' title='bbox 934 1837 1033 1874; x_wconf 82' lang='lat' dir='ltr'><strong>non</strong></span> <span class='ocrx_word' id='word_1_270' title='bbox 1082 1822 1203 1890; x_wconf 76' lang='lat' dir='ltr'><strong>facit</strong></span> <span class='ocrx_word' id='word_1_271' title='bbox 1231 1839 1311 1887; x_wconf 81' lang='lat' dir='ltr'><strong>ea,</strong></span> <span class='ocrx_word' id='word_1_272' title='bbox 1338 1823 1639 1876; x_wconf 83' lang='lat' dir='ltr'><strong>similabitur</strong></span> <span class='ocrx_word' id='word_1_273' title='bbox 1672 1830 1679 1831; x_wconf 63' lang='lat'><strong><em>&#39;</em></strong></span> 
     </span>
    </p>
   </div>
   <div class='ocr_carea' id='block_1_36' title="bbox 116 1910 1627 1979">
    <p class='ocr_par' dir='ltr' id='par_1_36' title="bbox 116 1910 1627 1979">
     <span class='ocr_line' id='line_1_36' title="bbox 116 1910 1627 1979; baseline 0.001 -16"><span class='ocrx_word' id='word_1_274' title='bbox 116 1913 205 1963; x_wconf 73' lang='lat' dir='ltr'><strong>viro</strong></span> <span class='ocrx_word' id='word_1_275' title='bbox 229 1911 383 1963; x_wconf 77' lang='lat' dir='ltr'><strong>stulto</strong></span> <span class='ocrx_word' id='word_1_276' title='bbox 409 1912 495 1978; x_wconf 85' lang='lat' dir='ltr'><strong>qui</strong></span> <span class='ocrx_word' id='word_1_277' title='bbox 528 1910 794 1979; x_wconf 66' lang='lat' dir='ltr'><strong>aediﬁcavit</strong></span> <span class='ocrx_word' id='word_1_278' title='bbox 817 1911 1018 1965; x_wconf 85' lang='lat' dir='ltr'><strong>domum</strong></span> <span class='ocrx_word' id='word_1_279' title='bbox 1046 1929 1188 1969; x_wconf 82' lang='lat' dir='ltr'><strong>suam</strong></span> <span class='ocrx_word' id='word_1_280' title='bbox 1211 1929 1362 1977; x_wconf 83' lang='lat' dir='ltr'><strong>super</strong></span> <span class='ocrx_word' id='word_1_281' title='bbox 1402 1930 1627 1977; x_wconf 82' lang='lat' dir='ltr'><strong>arenam,</strong></span> 
     </span>
    </p>
   </div>
   <div class='ocr_carea' id='block_1_37' title="bbox 115 2000 1634 2068">
    <p class='ocr_par' dir='ltr' id='par_1_37' title="bbox 115 2000 1634 2068">
     <span class='ocr_line' id='line_1_37' title="bbox 115 2000 1634 2068; baseline 0 -14"><span class='ocrx_word' id='word_1_282' title='bbox 115 2000 439 2067; x_wconf 74' lang='grc' dir='ltr'><strong>ειθ.(ΜαιιΙι.</strong></span> <span class='ocrx_word' id='word_1_283' title='bbox 483 2001 619 2068; x_wconf 79' lang='lat' dir='ltr'><strong>vui).</strong></span> <span class='ocrx_word' id='word_1_284' title='bbox 644 2000 695 2053; x_wconf 93' lang='lat' dir='ltr'><strong>ld</strong></span> <span class='ocrx_word' id='word_1_285' title='bbox 726 2009 841 2066; x_wconf 89' lang='lat' dir='ltr'><strong>est,</strong></span> <span class='ocrx_word' id='word_1_286' title='bbox 870 2016 989 2055; x_wconf 90' lang='lat' dir='ltr'><strong>cum</strong></span> <span class='ocrx_word' id='word_1_287' title='bbox 1029 2002 1335 2055; x_wconf 84' lang='lat' dir='ltr'><strong>intluxerint</strong></span> <span class='ocrx_word' id='word_1_288' title='bbox 1374 2001 1634 2057; x_wconf 81' lang='lat' dir='ltr'><strong>stillicidia</strong></span> 
     </span>
    </p>
   </div>
   <div class='ocr_carea' id='block_1_38' title="bbox 123 2089 1638 2157">
    <p class='ocr_par' dir='ltr' id='par_1_38' title="bbox 123 2089 1638 2157">
     <span class='ocr_line' id='line_1_38' title="bbox 123 2089 1638 2157; baseline -0.001 -14"><span class='ocrx_word' id='word_1_289' title='bbox 123 2091 432 2157; x_wconf 79' lang='lat' dir='ltr'><strong>passionum,</strong></span> <span class='ocrx_word' id='word_1_290' title='bbox 460 2106 576 2142; x_wconf 89' lang='lat' dir='ltr'><strong>cum</strong></span> <span class='ocrx_word' id='word_1_291' title='bbox 600 2090 905 2143; x_wconf 88' lang='lat' dir='ltr'><strong>advenerint</strong></span> <span class='ocrx_word' id='word_1_292' title='bbox 934 2089 1144 2144; x_wconf 82' lang='lat' dir='ltr'><strong>ﬂumina</strong></span> <span class='ocrx_word' id='word_1_293' title='bbox 1172 2099 1225 2144; x_wconf 84' lang='lat' dir='ltr'><strong>et</strong></span> <span class='ocrx_word' id='word_1_294' title='bbox 1254 2097 1517 2143; x_wconf 86' lang='lat' dir='ltr'><strong>torrentes</strong></span> <span class='ocrx_word' id='word_1_295' title='bbox 1559 2101 1638 2142; x_wconf 89' lang='lat' dir='ltr'><strong>at-</strong></span> 
     </span>
    </p>
   </div>
   <div class='ocr_carea' id='block_1_39' title="bbox 118 2164 1637 2247">
    <p class='ocr_par' dir='ltr' id='par_1_39' title="bbox 118 2164 1637 2247">
     <span class='ocr_line' id='line_1_39' title="bbox 118 2164 1637 2247; baseline 0 -17"><span class='ocrx_word' id='word_1_296' title='bbox 118 2194 204 2244; x_wconf 90' lang='lat' dir='ltr'><strong>que</strong></span> <span class='ocrx_word' id='word_1_297' title='bbox 230 2180 457 2246; x_wconf 88' lang='lat' dir='ltr'><strong>impetus</strong></span> <span class='ocrx_word' id='word_1_298' title='bbox 490 2178 905 2246; x_wconf 84' lang='lat' dir='ltr'><strong>tribulationum,</strong></span> <span class='ocrx_word' id='word_1_299' title='bbox 933 2195 997 2232; x_wconf 90' lang='lat' dir='ltr'><strong>ex</strong></span> <span class='ocrx_word' id='word_1_300' title='bbox 1024 2164 1356 2234; x_wconf 74' lang='lat' dir='ltr'><strong>multitudine</strong></span> <span class='ocrx_word' id='word_1_301' title='bbox 1376 2179 1637 2247; x_wconf 69' lang='lat' dir='ltr'><strong>negligen-</strong></span> 
     </span>
    </p>
   </div>
   <div class='ocr_carea' id='block_1_40' title="bbox 119 2266 1637 2336">
    <p class='ocr_par' dir='ltr' id='par_1_40' title="bbox 119 2266 1637 2336">
     <span class='ocr_line' id='line_1_40' title="bbox 119 2266 1637 2336; baseline 0.005 -22"><span class='ocrx_word' id='word_1_302' title='bbox 119 2278 316 2328; x_wconf 83' lang='lat' dir='ltr'><strong>tarum;</strong></span> <span class='ocrx_word' id='word_1_303' title='bbox 345 2281 462 2319; x_wconf 89' lang='lat' dir='ltr'><strong>cum</strong></span> <span class='ocrx_word' id='word_1_304' title='bbox 487 2266 730 2320; x_wconf 85' lang='lat' dir='ltr'><strong>ﬂaverint</strong></span> <span class='ocrx_word' id='word_1_305' title='bbox 756 2268 912 2329; x_wconf 87' lang='lat' dir='ltr'><strong>venti,</strong></span> <span class='ocrx_word' id='word_1_306' title='bbox 934 2266 1014 2323; x_wconf 82' lang='lat' dir='ltr'><strong>illi</strong></span> <span class='ocrx_word' id='word_1_307' title='bbox 1038 2269 1214 2335; x_wconf 84' lang='lat' dir='ltr'><strong>utique</strong></span> <span class='ocrx_word' id='word_1_308' title='bbox 1243 2269 1330 2334; x_wconf 87' lang='lat' dir='ltr'><strong>qui</strong></span> <span class='ocrx_word' id='word_1_309' title='bbox 1359 2282 1452 2336; x_wconf 85' lang='lat' dir='ltr'><strong>per</strong></span> <span class='ocrx_word' id='word_1_310' title='bbox 1480 2267 1637 2321; x_wconf 88' lang='lat' dir='ltr'><strong>istum</strong></span> 
     </span>
    </p>
   </div>
   <div class='ocr_carea' id='block_1_41' title="bbox 120 2354 1637 2421">
    <p class='ocr_par' dir='ltr' id='par_1_41' title="bbox 120 2354 1637 2421">
     <span class='ocr_line' id='line_1_41' title="bbox 120 2354 1637 2421; baseline 0.004 -19"><span class='ocrx_word' id='word_1_311' title='bbox 120 2369 272 2406; x_wconf 67' lang='lat' dir='ltr'><strong>avrem</strong></span> <span class='ocrx_word' id='word_1_312' title='bbox 298 2354 543 2417; x_wconf 73' lang='lat' dir='ltr'><strong>volitant,</strong></span> <span class='ocrx_word' id='word_1_313' title='bbox 577 2356 740 2421; x_wconf 82' lang='lat' dir='ltr'><strong>parati</strong></span> <span class='ocrx_word' id='word_1_314' title='bbox 768 2355 831 2407; x_wconf 93' lang='lat' dir='ltr'><strong>ad</strong></span> <span class='ocrx_word' id='word_1_315' title='bbox 868 2356 1058 2408; x_wconf 80' lang='lat' dir='ltr'><strong>Christi</strong></span> <span class='ocrx_word' id='word_1_316' title='bbox 1084 2370 1259 2410; x_wconf 82' lang='lat' dir='ltr'><strong>arcam</strong></span> <span class='ocrx_word' id='word_1_317' title='bbox 1289 2356 1637 2410; x_wconf 89' lang='lat' dir='ltr'><strong>ventilandam</strong></span> 
     </span>
    </p>
   </div>
   <div class='ocr_carea' id='block_1_42' title="bbox 122 2443 1639 2510">
    <p class='ocr_par' dir='ltr' id='par_1_42' title="bbox 122 2443 1639 2510">
     <span class='ocr_line' id='line_1_42' title="bbox 122 2443 1639 2510; baseline 0.002 -16"><span class='ocrx_word' id='word_1_318' title='bbox 122 2443 266 2497; x_wconf 77' lang='lat' dir='ltr'><strong>sirubi</strong></span> <span class='ocrx_word' id='word_1_319' title='bbox 306 2443 579 2501; x_wconf 80' lang='lat' dir='ltr'><strong>inveniant</strong></span> <span class='ocrx_word' id='word_1_320' title='bbox 603 2444 779 2510; x_wconf 82' lang='lat' dir='ltr'><strong>paleas</strong></span> <span class='ocrx_word' id='word_1_321' title='bbox 802 2458 931 2510; x_wconf 81' lang='lat' dir='ltr'><strong>quas</strong></span> <span class='ocrx_word' id='word_1_322' title='bbox 958 2444 1021 2496; x_wconf 91' lang='lat' dir='ltr'><strong>ad</strong></span> <span class='ocrx_word' id='word_1_323' title='bbox 1054 2444 1332 2497; x_wconf 90' lang='lat' dir='ltr'><strong>ludibrium</strong></span> <span class='ocrx_word' id='word_1_324' title='bbox 1373 2457 1523 2496; x_wconf 89' lang='lat' dir='ltr'><strong>suum</strong></span> <span class='ocrx_word' id='word_1_325' title='bbox 1555 2458 1639 2497; x_wconf 87' lang='lat' dir='ltr'><strong>ra-</strong></span> 
     </span>
    </p>
   </div>
   <div class='ocr_carea' id='block_1_43' title="bbox 128 2532 1637 2601">
    <p class='ocr_par' dir='ltr' id='par_1_43' title="bbox 128 2532 1637 2601">
     <span class='ocr_line' id='line_1_43' title="bbox 128 2532 1637 2601; baseline 0.003 -19"><span class='ocrx_word' id='word_1_326' title='bbox 128 2533 252 2597; x_wconf 84' lang='lat' dir='ltr'><strong>piant</strong></span> <span class='ocrx_word' id='word_1_327' title='bbox 270 2542 424 2601; x_wconf 88' lang='lat' dir='ltr'><strong>atque</strong></span> <span class='ocrx_word' id='word_1_328' title='bbox 445 2532 784 2601; x_wconf 83' lang='lat' dir='ltr'><strong>dispergant;</strong></span> <span class='ocrx_word' id='word_1_329' title='bbox 812 2543 934 2585; x_wconf 91' lang='lat' dir='ltr'><strong>tunc</strong></span> <span class='ocrx_word' id='word_1_330' title='bbox 959 2533 1159 2587; x_wconf 89' lang='lat' dir='ltr'><strong>irruent</strong></span> <span class='ocrx_word' id='word_1_331' title='bbox 1186 2534 1237 2587; x_wconf 89' lang='lat' dir='ltr'><strong>in</strong></span> <span class='ocrx_word' id='word_1_332' title='bbox 1262 2534 1474 2588; x_wconf 91' lang='lat' dir='ltr'><strong>domum</strong></span> <span class='ocrx_word' id='word_1_333' title='bbox 1498 2533 1637 2587; x_wconf 85' lang='lat' dir='ltr'><strong>illam</strong></span> 
     </span>
    </p>
   </div>
   <div class='ocr_carea' id='block_1_44' title="bbox 129 2622 1642 2689">
    <p class='ocr_par' dir='ltr' id='par_1_44' title="bbox 129 2622 1642 2689">
     <span class='ocr_line' id='line_1_44' title="bbox 129 2622 1642 2689; baseline 0.006 -21"><span class='ocrx_word' id='word_1_334' title='bbox 129 2637 230 2686; x_wconf 79' lang='lat' dir='ltr'><strong>quae</strong></span> <span class='ocrx_word' id='word_1_335' title='bbox 250 2623 363 2675; x_wconf 87' lang='lat' dir='ltr'><strong>sine</strong></span> <span class='ocrx_word' id='word_1_336' title='bbox 394 2622 709 2676; x_wconf 74' lang='lat' dir='ltr'><strong>obedientia:</strong></span> <span class='ocrx_word' id='word_1_337' title='bbox 742 2622 1077 2676; x_wconf 77' lang='lat' dir='ltr'><strong>fundamento</strong></span> <span class='ocrx_word' id='word_1_338' title='bbox 1107 2625 1313 2678; x_wconf 84' lang='lat' dir='ltr'><strong>inventa</strong></span> <span class='ocrx_word' id='word_1_339' title='bbox 1342 2634 1442 2689; x_wconf 90' lang='lat' dir='ltr'><strong>est,</strong></span> <span class='ocrx_word' id='word_1_340' title='bbox 1469 2635 1523 2679; x_wconf 86' lang='lat' dir='ltr'><strong>et</strong></span> <span class='ocrx_word' id='word_1_341' title='bbox 1553 2624 1642 2678; x_wconf 80' lang='lat' dir='ltr'><strong>ﬁet</strong></span> 
     </span>
    </p>
   </div>
   <div class='ocr_carea' id='block_1_45' title="bbox 124 2712 1643 2783">
    <p class='ocr_par' dir='ltr' id='par_1_45' title="bbox 124 2712 1643 2783">
     <span class='ocr_line' id='line_1_45' title="bbox 124 2712 1643 2783; baseline 0.005 -24"><span class='ocrx_word' id='word_1_342' title='bbox 124 2713 250 2763; x_wconf 82' lang='lat' dir='ltr'><strong>ruina</strong></span> <span class='ocrx_word' id='word_1_343' title='bbox 276 2713 417 2766; x_wconf 87' lang='lat' dir='ltr'><strong>illius</strong></span> <span class='ocrx_word' id='word_1_344' title='bbox 454 2728 661 2778; x_wconf 80' lang='lat' dir='ltr'><strong>magna.</strong></span> <span class='ocrx_word' id='word_1_345' title='bbox 692 2712 797 2771; x_wconf 88' lang='lat' dir='ltr'><strong>Sed</strong></span> <span class='ocrx_word' id='word_1_346' title='bbox 824 2713 1040 2767; x_wconf 80' lang='lat' dir='ltr'><strong>forsitan</strong></span> <span class='ocrx_word' id='word_1_347' title='bbox 1078 2713 1217 2767; x_wconf 89' lang='lat' dir='ltr'><strong>dicat</strong></span> <span class='ocrx_word' id='word_1_348' title='bbox 1248 2715 1469 2783; x_wconf 88' lang='lat' dir='ltr'><strong>aliquis:</strong></span> <span class='ocrx_word' id='word_1_349' title='bbox 1500 2715 1643 2769; x_wconf 83' lang='lat' dir='ltr'><strong>Nun-</strong></span> 
     </span>
    </p>
   </div>
   <div class='ocr_carea' id='block_1_46' title="bbox 124 2800 1642 2867">
    <p class='ocr_par' dir='ltr' id='par_1_46' title="bbox 124 2800 1642 2867">
     <span class='ocr_line' id='line_1_46' title="bbox 124 2800 1642 2867; baseline 0.005 -20"><span class='ocrx_word' id='word_1_350' title='bbox 124 2800 228 2863; x_wconf 88' lang='lat' dir='ltr'><strong>quid</strong></span> <span class='ocrx_word' id='word_1_351' title='bbox 252 2803 430 2854; x_wconf 87' lang='lat' dir='ltr'><strong>statim</strong></span> <span class='ocrx_word' id='word_1_352' title='bbox 456 2801 523 2854; x_wconf 90' lang='lat' dir='ltr'><strong>de</strong></span> <span class='ocrx_word' id='word_1_353' title='bbox 542 2800 644 2854; x_wconf 89' lang='lat' dir='ltr'><strong>hoc</strong></span> <span class='ocrx_word' id='word_1_354' title='bbox 667 2802 781 2855; x_wconf 90' lang='lat' dir='ltr'><strong>loco</strong></span> <span class='ocrx_word' id='word_1_355' title='bbox 806 2801 1095 2867; x_wconf 85' lang='lat' dir='ltr'><strong>discedere,</strong></span> <span class='ocrx_word' id='word_1_356' title='bbox 1122 2804 1268 2855; x_wconf 88' lang='lat' dir='ltr'><strong>ruina</strong></span> <span class='ocrx_word' id='word_1_357' title='bbox 1291 2802 1506 2856; x_wconf 80' lang='lat' dir='ltr'><strong>dicenda</strong></span> <span class='ocrx_word' id='word_1_358' title='bbox 1530 2804 1642 2856; x_wconf 88' lang='lat' dir='ltr'><strong>est?</strong></span> 
     </span>
    </p>
   </div>
   <div class='ocr_carea' id='block_1_47' title="bbox 128 2888 1639 2959">
    <p class='ocr_par' dir='ltr' id='par_1_47' title="bbox 128 2888 1639 2959">
     <span class='ocr_line' id='line_1_47' title="bbox 128 2888 1639 2959; baseline 0.006 -22"><span class='ocrx_word' id='word_1_359' title='bbox 128 2888 234 2940; x_wconf 86' lang='lat' dir='ltr'><strong>Dico</strong></span> <span class='ocrx_word' id='word_1_360' title='bbox 270 2890 570 2959; x_wconf 84' lang='lat' dir='ltr'><strong>(carissimi)</strong></span> <span class='ocrx_word' id='word_1_361' title='bbox 619 2906 721 2943; x_wconf 91' lang='lat' dir='ltr'><strong>non</strong></span> <span class='ocrx_word' id='word_1_362' title='bbox 767 2892 978 2959; x_wconf 78' lang='lat' dir='ltr'><strong>grandis</strong></span> <span class='ocrx_word' id='word_1_363' title='bbox 1021 2906 1142 2959; x_wconf 86' lang='lat' dir='ltr'><strong>spes</strong></span> <span class='ocrx_word' id='word_1_364' title='bbox 1190 2890 1291 2957; x_wconf 88' lang='lat' dir='ltr'><strong>esl,</strong></span> <span class='ocrx_word' id='word_1_365' title='bbox 1320 2894 1363 2945; x_wconf 86' lang='lat' dir='ltr'><strong>si</strong></span> <span class='ocrx_word' id='word_1_366' title='bbox 1408 2895 1556 2947; x_wconf 87' lang='lat' dir='ltr'><strong>navis</strong></span> <span class='ocrx_word' id='word_1_367' title='bbox 1589 2895 1639 2946; x_wconf 93' lang='lat' dir='ltr'><strong>in</strong></span> 
     </span>
    </p>
   </div>
   <div class='ocr_carea' id='block_1_48' title="bbox 1739 1736 3270 1805">
    <p class='ocr_par' dir='ltr' id='par_1_48' title="bbox 1739 1736 3270 1805">
     <span class='ocr_line' id='line_1_48' title="bbox 1739 1736 3270 1805; baseline 0.001 -16"><span class='ocrx_word' id='word_1_368' title='bbox 1739 1738 1812 1790; x_wconf 86' lang='lat' dir='ltr'><strong>illi</strong></span> <span class='ocrx_word' id='word_1_369' title='bbox 1840 1754 1852 1790; x_wconf 93' lang='lat'>:</span> <span class='ocrx_word' id='word_1_370' title='bbox 1879 1736 2383 1805; x_wconf 80' lang='lat' dir='ltr'><strong>Ouiajeiunavimus,</strong></span> <span class='ocrx_word' id='word_1_371' title='bbox 2412 1744 2457 1789; x_wconf 82' lang='lat' dir='ltr'><strong>et</strong></span> <span class='ocrx_word' id='word_1_372' title='bbox 2483 1752 2580 1790; x_wconf 83' lang='lat' dir='ltr'><strong>non</strong></span> <span class='ocrx_word' id='word_1_373' title='bbox 2612 1737 2879 1805; x_wconf 73' lang='lat' dir='ltr'><strong>aspexisti;</strong></span> <span class='ocrx_word' id='word_1_374' title='bbox 2903 1736 3270 1803; x_wconf 76' lang='lat' dir='ltr'><strong>Itirmiliavimus</strong></span> 
     </span>
    </p>
   </div>
   <div class='ocr_carea' id='block_1_49' title="bbox 1734 1824 3271 1892">
    <p class='ocr_par' dir='ltr' id='par_1_49' title="bbox 1734 1824 3271 1892">
     <span class='ocr_line' id='line_1_49' title="bbox 1734 1824 3271 1892; baseline 0.002 -15"><span class='ocrx_word' id='word_1_375' title='bbox 1734 1826 1930 1878; x_wconf 78' lang='lat' dir='ltr'><strong>animus</strong></span> <span class='ocrx_word' id='word_1_376' title='bbox 1960 1836 2175 1888; x_wconf 80' lang='lat' dir='ltr'><strong>nostras,</strong></span> <span class='ocrx_word' id='word_1_377' title='bbox 2225 1833 2270 1878; x_wconf 77' lang='lat' dir='ltr'><strong>et</strong></span> <span class='ocrx_word' id='word_1_378' title='bbox 2296 1824 2529 1887; x_wconf 78' lang='lat' dir='ltr'><strong>nescisti;</strong></span> <span class='ocrx_word' id='word_1_379' title='bbox 2557 1835 2609 1878; x_wconf 86' lang='lat' dir='ltr'><strong>et</strong></span> <span class='ocrx_word' id='word_1_380' title='bbox 2652 1825 2739 1878; x_wconf 91' lang='lat' dir='ltr'><strong>ille</strong></span> <span class='ocrx_word' id='word_1_381' title='bbox 2786 1826 3103 1892; x_wconf 85' lang='lat' dir='ltr'><strong>respondet:</strong></span> <span class='ocrx_word' id='word_1_382' title='bbox 3153 1826 3271 1880; x_wconf 86' lang='lat' dir='ltr'><strong>Ideo</strong></span> 
     </span>
    </p>
   </div>
   <div class='ocr_carea' id='block_1_50' title="bbox 1734 1912 3270 1983">
    <p class='ocr_par' dir='ltr' id='par_1_50' title="bbox 1734 1912 3270 1983">
     <span class='ocr_line' id='line_1_50' title="bbox 1734 1912 3270 1983; baseline 0.001 -16"><span class='ocrx_word' id='word_1_383' title='bbox 1734 1917 1851 1983; x_wconf 89' lang='lat' dir='ltr'><strong>quia</strong></span> <span class='ocrx_word' id='word_1_384' title='bbox 1880 1914 1933 1967; x_wconf 91' lang='lat' dir='ltr'><strong>in</strong></span> <span class='ocrx_word' id='word_1_385' title='bbox 1962 1913 2148 1967; x_wconf 90' lang='lat' dir='ltr'><strong>diebus</strong></span> <span class='ocrx_word' id='word_1_386' title='bbox 2172 1912 2353 1980; x_wconf 88' lang='lat' dir='ltr'><strong>jejunii</strong></span> <span class='ocrx_word' id='word_1_387' title='bbox 2403 1914 2559 1967; x_wconf 83' lang='lat' dir='ltr'><strong>vestri</strong></span> <span class='ocrx_word' id='word_1_388' title='bbox 2609 1915 2870 1967; x_wconf 83' lang='lat' dir='ltr'><strong>invenitur</strong></span> <span class='ocrx_word' id='word_1_389' title='bbox 2900 1916 3135 1967; x_wconf 86' lang='lat' dir='ltr'><strong>voluntas</strong></span> <span class='ocrx_word' id='word_1_390' title='bbox 3180 1930 3270 1968; x_wconf 89' lang='lat' dir='ltr'><strong>ve-</strong></span> 
     </span>
    </p>
   </div>
   <div class='ocr_carea' id='block_1_51' title="bbox 1734 2001 3270 2075">
    <p class='ocr_par' dir='ltr' id='par_1_51' title="bbox 1734 2001 3270 2075">
     <span class='ocr_line' id='line_1_51' title="bbox 1734 2001 3270 2075; baseline 0.001 -18"><span class='ocrx_word' id='word_1_391' title='bbox 1734 2015 1863 2057; x_wconf 89' lang='lat' dir='ltr'><strong>stra.</strong></span> <span class='ocrx_word' id='word_1_392' title='bbox 1921 2002 2169 2056; x_wconf 80' lang='lat' dir='ltr'><strong>Videmus</strong></span> <span class='ocrx_word' id='word_1_393' title='bbox 2212 2016 2338 2069; x_wconf 88' lang='lat' dir='ltr'><strong>ergo</strong></span> <span class='ocrx_word' id='word_1_394' title='bbox 2380 2016 2471 2069; x_wconf 91' lang='lat' dir='ltr'><strong>per</strong></span> <span class='ocrx_word' id='word_1_395' title='bbox 2524 2001 2943 2055; x_wconf 74' lang='lat' dir='ltr'><strong>inobedieutiam-</strong></span> <span class='ocrx_word' id='word_1_396' title='bbox 2980 2004 3270 2075; x_wconf 85' lang='lat' dir='ltr'><strong>animorum</strong></span> 
     </span>
    </p>
   </div>
   <div class='ocr_carea' id='block_1_52' title="bbox 1734 2090 3269 2159">
    <p class='ocr_par' dir='ltr' id='par_1_52' title="bbox 1734 2090 3269 2159">
     <span class='ocr_line' id='line_1_52' title="bbox 1734 2090 3269 2159; baseline -0.002 -13"><span class='ocrx_word' id='word_1_397' title='bbox 1734 2106 1895 2159; x_wconf 89' lang='lat' dir='ltr'><strong>opera</strong></span> <span class='ocrx_word' id='word_1_398' title='bbox 1916 2105 2024 2157; x_wconf 86' lang='lat' dir='ltr'><strong>non</strong></span> <span class='ocrx_word' id='word_1_399' title='bbox 2054 2090 2263 2158; x_wconf 87' lang='lat' dir='ltr'><strong>respici,</strong></span> <span class='ocrx_word' id='word_1_400' title='bbox 2292 2090 2487 2158; x_wconf 90' lang='lat' dir='ltr'><strong>jejunia</strong></span> <span class='ocrx_word' id='word_1_401' title='bbox 2517 2104 2620 2143; x_wconf 90' lang='lat' dir='ltr'><strong>non</strong></span> <span class='ocrx_word' id='word_1_402' title='bbox 2656 2090 2855 2153; x_wconf 87' lang='lat' dir='ltr'><strong>audiri,</strong></span> <span class='ocrx_word' id='word_1_403' title='bbox 2882 2099 2997 2143; x_wconf 89' lang='lat' dir='ltr'><strong>vota</strong></span> <span class='ocrx_word' id='word_1_404' title='bbox 3025 2105 3124 2143; x_wconf 82' lang='lat' dir='ltr'><strong>neu</strong></span> <span class='ocrx_word' id='word_1_405' title='bbox 3150 2105 3269 2143; x_wconf 88' lang='lat' dir='ltr'><strong>sus-</strong></span> 
     </span>
    </p>
   </div>
   <div class='ocr_carea' id='block_1_53' title="bbox 1734 2178 3267 2248">
    <p class='ocr_par' dir='ltr' id='par_1_53' title="bbox 1734 2178 3267 2248">
     <span class='ocr_line' id='line_1_53' title="bbox 1734 2178 3267 2248; baseline -0.004 -13"><span class='ocrx_word' id='word_1_406' title='bbox 1734 2180 1858 2248; x_wconf 88' lang='lat' dir='ltr'><strong>cipi.</strong></span> <span class='ocrx_word' id='word_1_407' title='bbox 1900 2178 2049 2233; x_wconf 88' lang='lat' dir='ltr'><strong>Unde</strong></span> <span class='ocrx_word' id='word_1_408' title='bbox 2089 2193 2185 2231; x_wconf 90' lang='lat' dir='ltr'><strong>nos</strong></span> <span class='ocrx_word' id='word_1_409' title='bbox 2230 2180 2449 2247; x_wconf 86' lang='lat' dir='ltr'><strong>amplius</strong></span> <span class='ocrx_word' id='word_1_410' title='bbox 2504 2180 2639 2232; x_wconf 87' lang='lat' dir='ltr'><strong>illius</strong></span> <span class='ocrx_word' id='word_1_411' title='bbox 2686 2180 2926 2231; x_wconf 87' lang='lat' dir='ltr'><strong>mandata</strong></span> <span class='ocrx_word' id='word_1_412' title='bbox 2974 2187 3267 2240; x_wconf 69' lang='lat' dir='ltr'><strong>sectemur,</strong></span> 
     </span>
    </p>
   </div>
   <div class='ocr_carea' id='block_1_54' title="bbox 1736 2260 3271 2330">
    <p class='ocr_par' dir='ltr' id='par_1_54' title="bbox 1736 2260 3271 2330">
     <span class='ocr_line' id='line_1_54' title="bbox 1736 2260 3271 2330; baseline 0.001 -16"><span class='ocrx_word' id='word_1_413' title='bbox 1736 2263 1855 2330; x_wconf 83' lang='lat' dir='ltr'><strong>quia</strong></span> <span class='ocrx_word' id='word_1_414' title='bbox 1882 2263 1947 2315; x_wconf 91' lang='lat' dir='ltr'><strong>ad</strong></span> <span class='ocrx_word' id='word_1_415' title='bbox 1977 2276 2072 2315; x_wconf 90' lang='lat' dir='ltr'><strong>nos</strong></span> <span class='ocrx_word' id='word_1_416' title='bbox 2100 2276 2131 2316; x_wconf 91' lang='lat' dir='ltr'><strong>e</strong></span> <span class='ocrx_word' id='word_1_417' title='bbox 2159 2261 2295 2315; x_wconf 68' lang='lat' dir='ltr'><strong>caelo</strong></span> <span class='ocrx_word' id='word_1_418' title='bbox 2320 2260 2610 2325; x_wconf 86' lang='lat' dir='ltr'><strong>descendit,</strong></span> <span class='ocrx_word' id='word_1_419' title='bbox 2650 2276 2682 2314; x_wconf 93' lang='lat' dir='ltr'><strong>n</strong></span> <span class='ocrx_word' id='word_1_420' title='bbox 2706 2278 2753 2315; x_wconf 60' lang='lat' dir='ltr'><strong>in</strong></span> <span class='ocrx_word' id='word_1_421' title='bbox 2795 2262 2963 2314; x_wconf 90' lang='lat' dir='ltr'><strong>solum</strong></span> <span class='ocrx_word' id='word_1_422' title='bbox 2991 2271 3047 2315; x_wconf 90' lang='lat' dir='ltr'><strong>ut</strong></span> <span class='ocrx_word' id='word_1_423' title='bbox 3070 2276 3165 2315; x_wconf 89' lang='lat' dir='ltr'><strong>nos</strong></span> <span class='ocrx_word' id='word_1_424' title='bbox 3190 2278 3271 2314; x_wconf 88' lang='lat' dir='ltr'><strong>re-</strong></span> 
     </span>
    </p>
   </div>
   <div class='ocr_carea' id='block_1_55' title="bbox 1738 2347 3272 2421">
    <p class='ocr_par' dir='ltr' id='par_1_55' title="bbox 1738 2347 3272 2421">
     <span class='ocr_line' id='line_1_55' title="bbox 1738 2347 3272 2421; baseline 0 -14"><span class='ocrx_word' id='word_1_425' title='bbox 1738 2352 1962 2411; x_wconf 89' lang='lat' dir='ltr'><strong>dimeret</strong></span> <span class='ocrx_word' id='word_1_426' title='bbox 1987 2354 2170 2407; x_wconf 82' lang='lat' dir='ltr'><strong>mortis</strong></span> <span class='ocrx_word' id='word_1_427' title='bbox 2198 2354 2383 2421; x_wconf 89' lang='lat' dir='ltr'><strong>pretio,</strong></span> <span class='ocrx_word' id='word_1_428' title='bbox 2426 2354 2518 2406; x_wconf 83' lang='lat' dir='ltr'><strong>sed</strong></span> <span class='ocrx_word' id='word_1_429' title='bbox 2560 2353 2716 2405; x_wconf 90' lang='lat' dir='ltr'><strong>etiam</strong></span> <span class='ocrx_word' id='word_1_430' title='bbox 2762 2362 2817 2405; x_wconf 92' lang='lat' dir='ltr'><strong>ut</strong></span> <span class='ocrx_word' id='word_1_431' title='bbox 2844 2353 2960 2405; x_wconf 85' lang='lat' dir='ltr'><strong>vitae</strong></span> <span class='ocrx_word' id='word_1_432' title='bbox 2994 2347 3272 2407; x_wconf 76' lang='lat' dir='ltr'><strong>aediﬁcaret</strong></span> 
     </span>
    </p>
   </div>
   <div class='ocr_carea' id='block_1_56' title="bbox 1738 2428 3272 2510">
    <p class='ocr_par' dir='ltr' id='par_1_56' title="bbox 1738 2428 3272 2510">
     <span class='ocr_line' id='line_1_56' title="bbox 1738 2428 3272 2510; baseline -0.001 -14"><span class='ocrx_word' id='word_1_433' title='bbox 1738 2443 2004 2510; x_wconf 90' lang='lat' dir='ltr'><strong>exemplo;</strong></span> <span class='ocrx_word' id='word_1_434' title='bbox 2032 2451 2084 2495; x_wconf 93' lang='lat' dir='ltr'><strong>et</strong></span> <span class='ocrx_word' id='word_1_435' title='bbox 2123 2456 2241 2496; x_wconf 88' lang='lat' dir='ltr'><strong>cum</strong></span> <span class='ocrx_word' id='word_1_436' title='bbox 2276 2442 2365 2495; x_wconf 91' lang='lat' dir='ltr'><strong>illo</strong></span> <span class='ocrx_word' id='word_1_437' title='bbox 2410 2428 2646 2495; x_wconf 78' lang='lat' dir='ltr'><strong>dicamus</strong></span> <span class='ocrx_word' id='word_1_438' title='bbox 2673 2458 2685 2494; x_wconf 93' lang='lat'>:</span> <span class='ocrx_word' id='word_1_439' title='bbox 2718 2442 2823 2509; x_wconf 77' lang='lat' dir='ltr'><strong>Ego</strong></span> <span class='ocrx_word' id='word_1_440' title='bbox 2854 2458 2951 2494; x_wconf 86' lang='lat' dir='ltr'><strong>non</strong></span> <span class='ocrx_word' id='word_1_441' title='bbox 2978 2443 3087 2495; x_wconf 86' lang='lat' dir='ltr'><strong>veni</strong></span> <span class='ocrx_word' id='word_1_442' title='bbox 3112 2443 3272 2509; x_wconf 76' lang='lat' dir='ltr'><strong>facere</strong></span> 
     </span>
    </p>
   </div>
   <div class='ocr_carea' id='block_1_57' title="bbox 1740 2527 3273 2597">
    <p class='ocr_par' dir='ltr' id='par_1_57' title="bbox 1740 2527 3273 2597">
     <span class='ocr_line' id='line_1_57' title="bbox 1740 2527 3273 2597; baseline 0.005 -18"><span class='ocrx_word' id='word_1_443' title='bbox 1740 2532 2036 2584; x_wconf 67' lang='lat' dir='ltr'><strong>voluntatem</strong></span> <span class='ocrx_word' id='word_1_444' title='bbox 2060 2545 2241 2597; x_wconf 84' lang='lat' dir='ltr'><strong>meam,</strong></span> <span class='ocrx_word' id='word_1_445' title='bbox 2283 2532 2369 2583; x_wconf 83' lang='lat' dir='ltr'><strong>sed</strong></span> <span class='ocrx_word' id='word_1_446' title='bbox 2409 2527 2705 2584; x_wconf 72' lang='lat' dir='ltr'><strong>uoluntatem</strong></span> <span class='ocrx_word' id='word_1_447' title='bbox 2750 2534 2886 2584; x_wconf 83' lang='lat' dir='ltr'><strong>illius</strong></span> <span class='ocrx_word' id='word_1_448' title='bbox 2915 2534 3000 2595; x_wconf 85' lang='lat' dir='ltr'><strong>qui</strong></span> <span class='ocrx_word' id='word_1_449' title='bbox 3044 2534 3173 2584; x_wconf 87' lang='lat' dir='ltr'><strong>misit</strong></span> <span class='ocrx_word' id='word_1_450' title='bbox 3196 2548 3273 2587; x_wconf 81' lang='lat' dir='ltr'><strong>me</strong></span> 
     </span>
    </p>
   </div>
   <div class='ocr_carea' id='block_1_58' title="bbox 1740 2610 3271 2687">
    <p class='ocr_par' dir='ltr' id='par_1_58' title="bbox 1740 2610 3271 2687">
     <span class='ocr_line' id='line_1_58' title="bbox 1740 2610 3271 2687; baseline 0.001 -15"><span class='ocrx_word' id='word_1_451' title='bbox 1740 2618 1931 2672; x_wconf 83' lang='lat' dir='ltr'><strong>Putris.</strong></span> <span class='ocrx_word' id='word_1_452' title='bbox 1969 2619 2047 2672; x_wconf 81' lang='lat' dir='ltr'><strong>ire</strong></span> <span class='ocrx_word' id='word_1_453' title='bbox 2074 2628 2248 2672; x_wconf 79' lang='lat' dir='ltr'><strong>autem</strong></span> <span class='ocrx_word' id='word_1_454' title='bbox 2280 2629 2395 2685; x_wconf 86' lang='lat' dir='ltr'><strong>post</strong></span> <span class='ocrx_word' id='word_1_455' title='bbox 2437 2621 2732 2672; x_wconf 80' lang='lat' dir='ltr'><strong>voluntates</strong></span> <span class='ocrx_word' id='word_1_456' title='bbox 2762 2622 2995 2687; x_wconf 85' lang='lat' dir='ltr'><strong>proprias</strong></span> <span class='ocrx_word' id='word_1_457' title='bbox 3025 2631 3125 2673; x_wconf 88' lang='lat' dir='ltr'><strong>tam</strong></span> <span class='ocrx_word' id='word_1_458' title='bbox 3160 2610 3271 2687; x_wconf 78' lang='lat' dir='ltr'><strong>per-</strong></span> 
     </span>
    </p>
   </div>
   <div class='ocr_carea' id='block_1_59' title="bbox 1741 2709 3269 2777">
    <p class='ocr_par' dir='ltr' id='par_1_59' title="bbox 1741 2709 3269 2777">
     <span class='ocr_line' id='line_1_59' title="bbox 1741 2709 3269 2777; baseline -0.001 -14"><span class='ocrx_word' id='word_1_459' title='bbox 1741 2711 1994 2763; x_wconf 91' lang='lat' dir='ltr'><strong>niciosum</strong></span> <span class='ocrx_word' id='word_1_460' title='bbox 2025 2718 2136 2773; x_wconf 89' lang='lat' dir='ltr'><strong>est,</strong></span> <span class='ocrx_word' id='word_1_461' title='bbox 2168 2716 2223 2762; x_wconf 90' lang='lat' dir='ltr'><strong>ut</strong></span> <span class='ocrx_word' id='word_1_462' title='bbox 2251 2709 2349 2762; x_wconf 91' lang='lat' dir='ltr'><strong>hoc</strong></span> <span class='ocrx_word' id='word_1_463' title='bbox 2378 2710 2515 2763; x_wconf 87' lang='lat' dir='ltr'><strong>Deus</strong></span> <span class='ocrx_word' id='word_1_464' title='bbox 2547 2710 2657 2776; x_wconf 90' lang='lat' dir='ltr'><strong>jam</strong></span> <span class='ocrx_word' id='word_1_465' title='bbox 2707 2711 3036 2777; x_wconf 85' lang='lat' dir='ltr'><strong>postmodum</strong></span> <span class='ocrx_word' id='word_1_466' title='bbox 3074 2712 3269 2775; x_wconf 89' lang='lat' dir='ltr'><strong>iratus,</strong></span> 
     </span>
    </p>
   </div>
   <div class='ocr_carea' id='block_1_60' title="bbox 1743 2799 3271 2868">
    <p class='ocr_par' dir='ltr' id='par_1_60' title="bbox 1743 2799 3271 2868">
     <span class='ocr_line' id='line_1_60' title="bbox 1743 2799 3271 2868; baseline -0.001 -14"><span class='ocrx_word' id='word_1_467' title='bbox 1743 2816 1836 2868; x_wconf 90' lang='lat' dir='ltr'><strong>pro</strong></span> <span class='ocrx_word' id='word_1_468' title='bbox 1863 2800 2198 2853; x_wconf 83' lang='lat' dir='ltr'><strong>damnatione</strong></span> <span class='ocrx_word' id='word_1_469' title='bbox 2244 2799 2465 2866; x_wconf 76' lang='lat' dir='ltr'><strong>peccati,</strong></span> <span class='ocrx_word' id='word_1_470' title='bbox 2509 2800 2921 2853; x_wconf 84' lang='lat' dir='ltr'><strong>inobedieotibus</strong></span> <span class='ocrx_word' id='word_1_471' title='bbox 2968 2801 3159 2866; x_wconf 83' lang='lat' dir='ltr'><strong>irroget</strong></span> <span class='ocrx_word' id='word_1_472' title='bbox 3190 2800 3271 2853; x_wconf 86' lang='lat' dir='ltr'><strong>di-</strong></span> 
     </span>
    </p>
   </div>
   <div class='ocr_carea' id='block_1_61' title="bbox 1742 2887 3269 2943">
    <p class='ocr_par' dir='ltr' id='par_1_61' title="bbox 1742 2887 3269 2943">
     <span class='ocr_line' id='line_1_61' title="bbox 1742 2887 3269 2943; baseline -0.001 0"><span class='ocrx_word' id='word_1_473' title='bbox 1742 2892 1902 2943; x_wconf 81' lang='lat' dir='ltr'><strong>cens:</strong></span> <span class='ocrx_word' id='word_1_474' title='bbox 1931 2887 1992 2942; x_wconf 86' lang='lat' dir='ltr'><strong>Et</strong></span> <span class='ocrx_word' id='word_1_475' title='bbox 2010 2888 2176 2942; x_wconf 83' lang='lat' dir='ltr'><strong>dimisi</strong></span> <span class='ocrx_word' id='word_1_476' title='bbox 2204 2888 2320 2940; x_wconf 86' lang='lat' dir='ltr'><strong>illos</strong></span> <span class='ocrx_word' id='word_1_477' title='bbox 2349 2888 2617 2940; x_wconf 84' lang='lat' dir='ltr'><strong>secundum</strong></span> <span class='ocrx_word' id='word_1_478' title='bbox 2634 2888 2882 2941; x_wconf 73' lang='lat' dir='ltr'><strong>desideria</strong></span> <span class='ocrx_word' id='word_1_479' title='bbox 2901 2889 3061 2941; x_wconf 70' lang='lat' dir='ltr'><strong>cordis</strong></span> <span class='ocrx_word' id='word_1_480' title='bbox 3082 2906 3269 2941; x_wconf 87' lang='lat' dir='ltr'><strong>eorum.</strong></span> 
     </span>
    </p>
   </div>
   <div class='ocr_carea' id='block_1_62' title="bbox 124 2961 3273 3053">
    <p class='ocr_par' dir='ltr' id='par_1_62' title="bbox 124 2961 3273 3053">
     <span class='ocr_line' id='line_1_62' title="bbox 124 2961 3273 3053; baseline 0.002 -27"><span class='ocrx_word' id='word_1_481' title='bbox 124 2975 342 3032; x_wconf 86' lang='lat' dir='ltr'><strong>ﬂuctibus</strong></span> <span class='ocrx_word' id='word_1_482' title='bbox 370 2982 655 3033; x_wconf 88' lang='lat' dir='ltr'><strong>constituta</strong></span> <span class='ocrx_word' id='word_1_483' title='bbox 708 2981 861 3047; x_wconf 88' lang='lat' dir='ltr'><strong>(licet</strong></span> <span class='ocrx_word' id='word_1_484' title='bbox 891 2982 1001 3053; x_wconf 82' lang='lat' dir='ltr'><strong>ipsa</strong></span> <span class='ocrx_word' id='word_1_485' title='bbox 1049 2998 1151 3035; x_wconf 88' lang='lat' dir='ltr'><strong>non</strong></span> <span class='ocrx_word' id='word_1_486' title='bbox 1179 2983 1413 3051; x_wconf 86' lang='lat' dir='ltr'><strong>pereat),</strong></span> <span class='ocrx_word' id='word_1_487' title='bbox 1440 2970 1634 3037; x_wconf 65' lang='lat' dir='ltr'><strong>tamen</strong></span> <span class='ocrx_word' id='word_1_488' title='bbox 1661 2961 1707 3024; x_wconf 65' lang='grc' dir='ltr'>Ο</span> <span class='ocrx_word' id='word_1_489' title='bbox 1740 2983 2087 3049; x_wconf 86' lang='lat' dir='ltr'><strong>Quamobrem</strong></span> <span class='ocrx_word' id='word_1_490' title='bbox 2116 2982 2201 3050; x_wconf 91' lang='lat' dir='ltr'><strong>qui</strong></span> <span class='ocrx_word' id='word_1_491' title='bbox 2234 2982 2339 3032; x_wconf 90' lang='lat' dir='ltr'><strong>vult</strong></span> <span class='ocrx_word' id='word_1_492' title='bbox 2368 2996 2523 3046; x_wconf 81' lang='lat' dir='ltr'><strong>opera</strong></span> <span class='ocrx_word' id='word_1_493' title='bbox 2554 2994 2647 3033; x_wconf 88' lang='lat' dir='ltr'><strong>sua</strong></span> <span class='ocrx_word' id='word_1_494' title='bbox 2669 2988 2955 3033; x_wconf 83' lang='lat' dir='ltr'><strong>esserecta</strong></span> <span class='ocrx_word' id='word_1_495' title='bbox 2978 2980 3029 3033; x_wconf 92' lang='lat' dir='ltr'><strong>in</strong></span> <span class='ocrx_word' id='word_1_496' title='bbox 3056 2995 3273 3047; x_wconf 83' lang='lat' dir='ltr'><strong>conspe-</strong></span> 
     </span>
    </p>
   </div>
   <div class='ocr_carea' id='block_1_63' title="bbox 126 3064 1638 3129">
    <p class='ocr_par' dir='ltr' id='par_1_63' title="bbox 126 3064 1638 3129">
     <span class='ocr_line' id='line_1_63' title="bbox 126 3064 1638 3129; baseline 0.009 -17"><span class='ocrx_word' id='word_1_497' title='bbox 126 3064 351 3129; x_wconf 74' lang='lat' dir='ltr'><strong>jactoram</strong></span> <span class='ocrx_word' id='word_1_498' title='bbox 391 3070 679 3121; x_wconf 81' lang='lat' dir='ltr'><strong>maximam</strong></span> <span class='ocrx_word' id='word_1_499' title='bbox 707 3069 773 3122; x_wconf 92' lang='lat' dir='ltr'><strong>de</strong></span> <span class='ocrx_word' id='word_1_500' title='bbox 810 3069 1009 3123; x_wconf 87' lang='lat' dir='ltr'><strong>honore</strong></span> <span class='ocrx_word' id='word_1_501' title='bbox 1034 3084 1097 3124; x_wconf 88' lang='lat' dir='ltr'><strong>ac</strong></span> <span class='ocrx_word' id='word_1_502' title='bbox 1132 3072 1391 3125; x_wconf 87' lang='lat' dir='ltr'><strong>mercibus</strong></span> <span class='ocrx_word' id='word_1_503' title='bbox 1420 3073 1529 3125; x_wconf 79' lang='lat' dir='ltr'><strong>suis</strong></span> <span class='ocrx_word' id='word_1_504' title='bbox 1559 3073 1638 3125; x_wconf 77' lang='lat' dir='ltr'><strong>fa-</strong></span> 
     </span>
    </p>
   </div>
   <div class='ocr_carea' id='block_1_64' title="bbox 126 3155 1641 3231">
    <p class='ocr_par' dir='ltr' id='par_1_64' title="bbox 126 3155 1641 3231">
     <span class='ocr_line' id='line_1_64' title="bbox 126 3155 1641 3231; baseline 0.007 -26"><span class='ocrx_word' id='word_1_505' title='bbox 126 3155 229 3217; x_wconf 81' lang='lat' dir='ltr'><strong>ciat,</strong></span> <span class='ocrx_word' id='word_1_506' title='bbox 271 3164 324 3209; x_wconf 89' lang='lat' dir='ltr'><strong>et</strong></span> <span class='ocrx_word' id='word_1_507' title='bbox 363 3156 429 3209; x_wconf 84' lang='lat' dir='ltr'><strong>ad</strong></span> <span class='ocrx_word' id='word_1_508' title='bbox 458 3167 662 3225; x_wconf 89' lang='lat' dir='ltr'><strong>portum</strong></span> <span class='ocrx_word' id='word_1_509' title='bbox 692 3172 854 3210; x_wconf 87' lang='lat' dir='ltr'><strong>vacua</strong></span> <span class='ocrx_word' id='word_1_510' title='bbox 885 3159 1173 3225; x_wconf 85' lang='lat' dir='ltr'><strong>perveniat.</strong></span> <span class='ocrx_word' id='word_1_511' title='bbox 1200 3160 1288 3214; x_wconf 90' lang='lat' dir='ltr'><strong>Sic</strong></span> <span class='ocrx_word' id='word_1_512' title='bbox 1314 3176 1414 3213; x_wconf 92' lang='lat' dir='ltr'><strong>non</strong></span> <span class='ocrx_word' id='word_1_513' title='bbox 1444 3164 1641 3231; x_wconf 62' lang='lat' dir='ltr'><strong>grande.</strong></span> 
     </span>
    </p>
   </div>
   <div class='ocr_carea' id='block_1_65' title="bbox 129 3246 1636 3319">
    <p class='ocr_par' dir='ltr' id='par_1_65' title="bbox 129 3246 1636 3319">
     <span class='ocr_line' id='line_1_65' title="bbox 129 3246 1636 3319; baseline 0.009 -24"><span class='ocrx_word' id='word_1_514' title='bbox 129 3246 345 3310; x_wconf 65' lang='lat' dir='ltr'><strong>gaudium</strong></span> <span class='ocrx_word' id='word_1_515' title='bbox 370 3259 471 3315; x_wconf 89' lang='lat' dir='ltr'><strong>est,</strong></span> <span class='ocrx_word' id='word_1_516' title='bbox 520 3250 564 3303; x_wconf 88' lang='lat' dir='ltr'><strong>si</strong></span> <span class='ocrx_word' id='word_1_517' title='bbox 588 3248 776 3319; x_wconf 86' lang='lat' dir='ltr'><strong>aliquis</strong></span> <span class='ocrx_word' id='word_1_518' title='bbox 804 3251 867 3302; x_wconf 89' lang='lat' dir='ltr'><strong>ad</strong></span> <span class='ocrx_word' id='word_1_519' title='bbox 914 3252 1087 3303; x_wconf 81' lang='lat' dir='ltr'><strong>saeculi</strong></span> <span class='ocrx_word' id='word_1_520' title='bbox 1121 3250 1303 3305; x_wconf 81' lang='lat' dir='ltr'><strong>ﬂuctus</strong></span> <span class='ocrx_word' id='word_1_521' title='bbox 1328 3261 1596 3308; x_wconf 89' lang='lat' dir='ltr'><strong>revertens</strong></span> <span class='ocrx_word' id='word_1_522' title='bbox 1620 3294 1636 3319; x_wconf 94' lang='lat'><strong>,</strong></span> 
     </span>
    </p>
   </div>
   <div class='ocr_carea' id='block_1_66' title="bbox 129 3338 1641 3407">
    <p class='ocr_par' dir='ltr' id='par_1_66' title="bbox 129 3338 1641 3407">
     <span class='ocr_line' id='line_1_66' title="bbox 129 3338 1641 3407; baseline 0.009 -24"><span class='ocrx_word' id='word_1_523' title='bbox 129 3348 291 3403; x_wconf 75' lang='lat' dir='ltr'><strong>nomen</strong></span> <span class='ocrx_word' id='word_1_524' title='bbox 318 3351 476 3407; x_wconf 86' lang='lat' dir='ltr'><strong>atque</strong></span> <span class='ocrx_word' id='word_1_525' title='bbox 505 3339 736 3392; x_wconf 89' lang='lat' dir='ltr'><strong>habitum</strong></span> <span class='ocrx_word' id='word_1_526' title='bbox 768 3338 1108 3405; x_wconf 80' lang='lat' dir='ltr'><strong>professionis</strong></span> <span class='ocrx_word' id='word_1_527' title='bbox 1135 3356 1242 3393; x_wconf 72' lang='lat' dir='ltr'><strong>sua:</strong></span> <span class='ocrx_word' id='word_1_528' title='bbox 1273 3342 1536 3397; x_wconf 86' lang='lat' dir='ltr'><strong>custodire</strong></span> <span class='ocrx_word' id='word_1_529' title='bbox 1562 3343 1641 3396; x_wconf 54' lang='lat' dir='ltr'><strong>vi-</strong></span> 
     </span>
    </p>
   </div>
   <div class='ocr_carea' id='block_1_67' title="bbox 130 3420 1639 3498">
    <p class='ocr_par' dir='ltr' id='par_1_67' title="bbox 130 3420 1639 3498">
     <span class='ocr_line' id='line_1_67' title="bbox 130 3420 1639 3498; baseline 0.01 -27"><span class='ocrx_word' id='word_1_530' title='bbox 130 3420 319 3489; x_wconf 76' lang='lat' dir='ltr'><strong>deatur;</strong></span> <span class='ocrx_word' id='word_1_531' title='bbox 346 3427 522 3480; x_wconf 84' lang='lat' dir='ltr'><strong>anima</strong></span> <span class='ocrx_word' id='word_1_532' title='bbox 554 3443 679 3481; x_wconf 85' lang='lat' dir='ltr'><strong>vero</strong></span> <span class='ocrx_word' id='word_1_533' title='bbox 708 3428 818 3496; x_wconf 86' lang='lat' dir='ltr'><strong>ejus</strong></span> <span class='ocrx_word' id='word_1_534' title='bbox 848 3430 1172 3498; x_wconf 88' lang='lat' dir='ltr'><strong>negligentiis</strong></span> <span class='ocrx_word' id='word_1_535' title='bbox 1201 3431 1431 3484; x_wconf 85' lang='lat' dir='ltr'><strong>tabescat</strong></span> <span class='ocrx_word' id='word_1_536' title='bbox 1458 3445 1519 3484; x_wconf 89' lang='lat' dir='ltr'><strong>ac</strong></span> <span class='ocrx_word' id='word_1_537' title='bbox 1544 3432 1639 3486; x_wconf 88' lang='lat' dir='ltr'><strong>de-</strong></span> 
     </span>
    </p>
   </div>
   <div class='ocr_carea' id='block_1_68' title="bbox 131 3512 1639 3591">
    <p class='ocr_par' dir='ltr' id='par_1_68' title="bbox 131 3512 1639 3591">
     <span class='ocr_line' id='line_1_68' title="bbox 131 3512 1639 3591; baseline 0.012 -33"><span class='ocrx_word' id='word_1_538' title='bbox 131 3512 249 3565; x_wconf 83' lang='lat' dir='ltr'><strong>ﬂuat.</strong></span> <span class='ocrx_word' id='word_1_539' title='bbox 273 3515 335 3568; x_wconf 86' lang='lat' dir='ltr'><strong>Et</strong></span> <span class='ocrx_word' id='word_1_540' title='bbox 356 3517 482 3584; x_wconf 81' lang='lat' dir='ltr'><strong>quid</strong></span> <span class='ocrx_word' id='word_1_541' title='bbox 510 3520 720 3585; x_wconf 77' lang='lat' dir='ltr'><strong>gravius</strong></span> <span class='ocrx_word' id='word_1_542' title='bbox 748 3520 953 3587; x_wconf 88' lang='lat' dir='ltr'><strong>quando</strong></span> <span class='ocrx_word' id='word_1_543' title='bbox 980 3521 1152 3573; x_wconf 89' lang='lat' dir='ltr'><strong>subito</strong></span> <span class='ocrx_word' id='word_1_544' title='bbox 1180 3530 1423 3589; x_wconf 86' lang='lat' dir='ltr'><strong>tanquam</strong></span> <span class='ocrx_word' id='word_1_545' title='bbox 1453 3522 1639 3591; x_wconf 88' lang='lat' dir='ltr'><strong>aliquis</strong></span> 
     </span>
    </p>
   </div>
   <div class='ocr_carea' id='block_1_69' title="bbox 129 3606 1641 3679">
    <p class='ocr_par' dir='ltr' id='par_1_69' title="bbox 129 3606 1641 3679">
     <span class='ocr_line' id='line_1_69' title="bbox 129 3606 1641 3679; baseline 0.009 -29"><span class='ocrx_word' id='word_1_546' title='bbox 129 3606 409 3663; x_wconf 82' lang='lat' dir='ltr'><strong>repentinus</strong></span> <span class='ocrx_word' id='word_1_547' title='bbox 456 3608 778 3661; x_wconf 87' lang='lat' dir='ltr'><strong>eradicarius</strong></span> <span class='ocrx_word' id='word_1_548' title='bbox 804 3609 869 3662; x_wconf 91' lang='lat' dir='ltr'><strong>de</strong></span> <span class='ocrx_word' id='word_1_549' title='bbox 897 3610 1012 3663; x_wconf 90' lang='lat' dir='ltr'><strong>loco</strong></span> <span class='ocrx_word' id='word_1_550' title='bbox 1034 3611 1097 3661; x_wconf 88' lang='lat' dir='ltr'><strong>ad</strong></span> <span class='ocrx_word' id='word_1_551' title='bbox 1130 3624 1281 3679; x_wconf 88' lang='lat' dir='ltr'><strong>quem</strong></span> <span class='ocrx_word' id='word_1_552' title='bbox 1316 3620 1364 3665; x_wconf 91' lang='lat' dir='ltr'><strong>te</strong></span> <span class='ocrx_word' id='word_1_553' title='bbox 1394 3612 1641 3664; x_wconf 89' lang='lat' dir='ltr'><strong>Dominus</strong></span> 
     </span>
    </p>
   </div>
   <div class='ocr_carea' id='block_1_70' title="bbox 133 3696 1637 3764">
    <p class='ocr_par' dir='ltr' id='par_1_70' title="bbox 133 3696 1637 3764">
     <span class='ocr_line' id='line_1_70' title="bbox 133 3696 1637 3764; baseline 0.01 -28"><span class='ocrx_word' id='word_1_554' title='bbox 133 3697 232 3744; x_wconf 88' lang='lat' dir='ltr'><strong>tuus</strong></span> <span class='ocrx_word' id='word_1_555' title='bbox 271 3706 570 3761; x_wconf 87' lang='lat' dir='ltr'><strong>vocaverat,</strong></span> <span class='ocrx_word' id='word_1_556' title='bbox 601 3696 652 3748; x_wconf 92' lang='lat' dir='ltr'><strong>in</strong></span> <span class='ocrx_word' id='word_1_557' title='bbox 687 3706 863 3764; x_wconf 87' lang='lat' dir='ltr'><strong>quote</strong></span> <span class='ocrx_word' id='word_1_558' title='bbox 892 3699 1109 3763; x_wconf 89' lang='lat' dir='ltr'><strong>primum</strong></span> <span class='ocrx_word' id='word_1_559' title='bbox 1150 3707 1265 3763; x_wconf 91' lang='lat' dir='ltr'><strong>post</strong></span> <span class='ocrx_word' id='word_1_560' title='bbox 1294 3700 1426 3750; x_wconf 89' lang='lat' dir='ltr'><strong>mala</strong></span> <span class='ocrx_word' id='word_1_561' title='bbox 1462 3701 1637 3751; x_wconf 64' lang='lat' dir='ltr'><strong>smeuli</strong></span> 
     </span>
    </p>
   </div>
   <div class='ocr_carea' id='block_1_71' title="bbox 131 3784 1637 3850">
    <p class='ocr_par' dir='ltr' id='par_1_71' title="bbox 131 3784 1637 3850">
     <span class='ocr_line' id='line_1_71' title="bbox 131 3784 1637 3850; baseline 0.007 -20"><span class='ocrx_word' id='word_1_562' title='bbox 131 3784 253 3841; x_wconf 84' lang='lat' dir='ltr'><strong>tptasi</strong></span> <span class='ocrx_word' id='word_1_563' title='bbox 288 3784 339 3835; x_wconf 91' lang='lat' dir='ltr'><strong>in</strong></span> <span class='ocrx_word' id='word_1_564' title='bbox 370 3793 579 3850; x_wconf 88' lang='lat' dir='ltr'><strong>portum</strong></span> <span class='ocrx_word' id='word_1_565' title='bbox 607 3784 673 3836; x_wconf 91' lang='lat' dir='ltr'><strong>de</strong></span> <span class='ocrx_word' id='word_1_566' title='bbox 702 3796 1009 3850; x_wconf 88' lang='lat' dir='ltr'><strong>tempestate</strong></span> <span class='ocrx_word' id='word_1_567' title='bbox 1055 3788 1363 3846; x_wconf 87' lang='lat' dir='ltr'><strong>induxerat,</strong></span> <span class='ocrx_word' id='word_1_568' title='bbox 1402 3788 1637 3840; x_wconf 90' lang='lat' dir='ltr'><strong>oblivisci</strong></span> 
     </span>
    </p>
   </div>
   <div class='ocr_carea' id='block_1_72' title="bbox 139 3866 1639 3934">
    <p class='ocr_par' dir='ltr' id='par_1_72' title="bbox 139 3866 1639 3934">
     <span class='ocr_line' id='line_1_72' title="bbox 139 3866 1639 3934; baseline 0.009 -19"><span class='ocrx_word' id='word_1_569' title='bbox 139 3866 285 3919; x_wconf 76' lang='lat' dir='ltr'><strong>subito</strong></span> <span class='ocrx_word' id='word_1_570' title='bbox 310 3868 555 3921; x_wconf 71' lang='lat' dir='ltr'><strong>fraterna:</strong></span> <span class='ocrx_word' id='word_1_571' title='bbox 596 3870 857 3922; x_wconf 89' lang='lat' dir='ltr'><strong>societatis</strong></span> <span class='ocrx_word' id='word_1_572' title='bbox 883 3880 934 3923; x_wconf 89' lang='lat' dir='ltr'><strong>et</strong></span> <span class='ocrx_word' id='word_1_573' title='bbox 965 3872 1373 3934; x_wconf 88' lang='lat' dir='ltr'><strong>consolationis;</strong></span> <span class='ocrx_word' id='word_1_574' title='bbox 1402 3874 1639 3928; x_wconf 86' lang='lat' dir='ltr'><strong>oblivisci</strong></span> 
     </span>
    </p>
   </div>
   <div class='ocr_carea' id='block_1_73' title="bbox 133 3951 1639 4024">
    <p class='ocr_par' dir='ltr' id='par_1_73' title="bbox 133 3951 1639 4024">
     <span class='ocr_line' id='line_1_73' title="bbox 133 3951 1639 4024; baseline 0.01 -23"><span class='ocrx_word' id='word_1_575' title='bbox 133 3951 212 4005; x_wconf 79' lang='lat' dir='ltr'><strong>loci</strong></span> <span class='ocrx_word' id='word_1_576' title='bbox 241 3957 375 4010; x_wconf 88' lang='lat' dir='ltr'><strong>illius</strong></span> <span class='ocrx_word' id='word_1_577' title='bbox 403 3959 453 4009; x_wconf 84' lang='lat' dir='ltr'><strong>in</strong></span> <span class='ocrx_word' id='word_1_578' title='bbox 480 3971 586 4024; x_wconf 89' lang='lat' dir='ltr'><strong>quo</strong></span> <span class='ocrx_word' id='word_1_579' title='bbox 611 3958 833 4024; x_wconf 86' lang='lat' dir='ltr'><strong>primum</strong></span> <span class='ocrx_word' id='word_1_580' title='bbox 864 3959 1216 4011; x_wconf 88' lang='lat' dir='ltr'><strong>dulcissimum</strong></span> <span class='ocrx_word' id='word_1_581' title='bbox 1267 3961 1639 4017; x_wconf 89' lang='lat' dir='ltr'><strong>immntationis</strong></span> 
     </span>
    </p>
   </div>
   <div class='ocr_carea' id='block_1_74' title="bbox 136 4039 1636 4118">
    <p class='ocr_par' dir='ltr' id='par_1_74' title="bbox 136 4039 1636 4118">
     <span class='ocr_line' id='line_1_74' title="bbox 136 4039 1636 4118; baseline 0.008 -25"><span class='ocrx_word' id='word_1_582' title='bbox 136 4039 334 4097; x_wconf 60' lang='lat' dir='ltr'><strong>habitum</strong></span> <span class='ocrx_word' id='word_1_583' title='bbox 357 4056 411 4100; x_wconf 88' lang='lat' dir='ltr'><strong>et</strong></span> <span class='ocrx_word' id='word_1_584' title='bbox 440 4061 631 4099; x_wconf 89' lang='lat' dir='ltr'><strong>nomen</strong></span> <span class='ocrx_word' id='word_1_585' title='bbox 660 4048 923 4099; x_wconf 59' lang='lat' dir='ltr'><strong>saecularis</strong></span> <span class='ocrx_word' id='word_1_586' title='bbox 966 4050 1171 4100; x_wconf 84' lang='lat' dir='ltr'><strong>exueris</strong></span> <span class='ocrx_word' id='word_1_587' title='bbox 1194 4050 1215 4101; x_wconf 81' lang='lat'><strong>?</strong></span> <span class='ocrx_word' id='word_1_588' title='bbox 1245 4052 1379 4103; x_wconf 82' lang='lat' dir='ltr'><strong>Aves</strong></span> <span class='ocrx_word' id='word_1_589' title='bbox 1406 4052 1532 4118; x_wconf 65' lang='lat' dir='ltr'><strong>ipsa:</strong></span> <span class='ocrx_word' id='word_1_590' title='bbox 1555 4053 1636 4106; x_wconf 90' lang='lat' dir='ltr'><strong>di-</strong></span> 
     </span>
    </p>
   </div>
   <div class='ocr_carea' id='block_1_75' title="bbox 138 4128 1639 4207">
    <p class='ocr_par' dir='ltr' id='par_1_75' title="bbox 138 4128 1639 4207">
     <span class='ocr_line' id='line_1_75' title="bbox 138 4128 1639 4207; baseline 0.01 -27"><span class='ocrx_word' id='word_1_591' title='bbox 138 4128 277 4189; x_wconf 66' lang='lat' dir='ltr'><strong>licunt</strong></span> <span class='ocrx_word' id='word_1_592' title='bbox 294 4136 443 4188; x_wconf 88' lang='lat' dir='ltr'><strong>nidos</strong></span> <span class='ocrx_word' id='word_1_593' title='bbox 472 4147 629 4197; x_wconf 87' lang='lat' dir='ltr'><strong>suos;</strong></span> <span class='ocrx_word' id='word_1_594' title='bbox 658 4137 969 4189; x_wconf 72' lang='lat' dir='ltr'><strong>amantferm</strong></span> <span class='ocrx_word' id='word_1_595' title='bbox 1002 4137 1111 4191; x_wconf 78' lang='lat' dir='ltr'><strong>loca</strong></span> <span class='ocrx_word' id='word_1_596' title='bbox 1144 4140 1193 4191; x_wconf 92' lang='lat' dir='ltr'><strong>in</strong></span> <span class='ocrx_word' id='word_1_597' title='bbox 1224 4140 1407 4207; x_wconf 87' lang='lat' dir='ltr'><strong>quibus</strong></span> <span class='ocrx_word' id='word_1_598' title='bbox 1431 4143 1639 4195; x_wconf 77' lang='lat' dir='ltr'><strong>nutritae</strong></span> 
     </span>
    </p>
   </div>
   <div class='ocr_carea' id='block_1_76' title="bbox 133 4224 1635 4295">
    <p class='ocr_par' dir='ltr' id='par_1_76' title="bbox 133 4224 1635 4295">
     <span class='ocr_line' id='line_1_76' title="bbox 133 4224 1635 4295; baseline 0.013 -32"><span class='ocrx_word' id='word_1_599' title='bbox 133 4229 430 4281; x_wconf 84' lang='lat' dir='ltr'><strong>sont,amant</strong></span> <span class='ocrx_word' id='word_1_600' title='bbox 455 4224 643 4276; x_wconf 86' lang='lat' dir='ltr'><strong>cubilia</strong></span> <span class='ocrx_word' id='word_1_601' title='bbox 673 4234 726 4277; x_wconf 89' lang='lat' dir='ltr'><strong>et</strong></span> <span class='ocrx_word' id='word_1_602' title='bbox 750 4239 937 4292; x_wconf 83' lang='lat' dir='ltr'><strong>pascua</strong></span> <span class='ocrx_word' id='word_1_603' title='bbox 960 4241 1058 4279; x_wconf 87' lang='lat' dir='ltr'><strong>sua</strong></span> <span class='ocrx_word' id='word_1_604' title='bbox 1078 4229 1389 4295; x_wconf 76' lang='lat' dir='ltr'><strong>;quamlibet</strong></span> <span class='ocrx_word' id='word_1_605' title='bbox 1416 4231 1635 4283; x_wconf 86' lang='lat' dir='ltr'><strong>naturali</strong></span> 
     </span>
    </p>
   </div>
   <div class='ocr_carea' id='block_1_77' title="bbox 1740 3070 3267 3139">
    <p class='ocr_par' dir='ltr' id='par_1_77' title="bbox 1740 3070 3267 3139">
     <span class='ocr_line' id='line_1_77' title="bbox 1740 3070 3267 3139; baseline 0.001 -15"><span class='ocrx_word' id='word_1_606' title='bbox 1740 3085 1825 3124; x_wconf 91' lang='lat' dir='ltr'><strong>ctu</strong></span> <span class='ocrx_word' id='word_1_607' title='bbox 1855 3072 1967 3133; x_wconf 90' lang='lat' dir='ltr'><strong>Dei,</strong></span> <span class='ocrx_word' id='word_1_608' title='bbox 1999 3070 2127 3123; x_wconf 89' lang='lat' dir='ltr'><strong>nihil</strong></span> <span class='ocrx_word' id='word_1_609' title='bbox 2156 3070 2486 3134; x_wconf 68' lang='lat' dir='ltr'><strong>obedientia),</strong></span> <span class='ocrx_word' id='word_1_610' title='bbox 2518 3070 2643 3122; x_wconf 88' lang='lat' dir='ltr'><strong>nihil</strong></span> <span class='ocrx_word' id='word_1_611' title='bbox 2672 3072 2942 3137; x_wconf 69' lang='lat' dir='ltr'><strong>praeceptis</strong></span> <span class='ocrx_word' id='word_1_612' title='bbox 2970 3082 3267 3139; x_wconf 68' lang='lat' dir='ltr'><strong>praeponat;</strong></span> 
     </span>
    </p>
   </div>
   <div class='ocr_carea' id='block_1_78' title="bbox 1739 3158 3272 3225">
    <p class='ocr_par' dir='ltr' id='par_1_78' title="bbox 1739 3158 3272 3225">
     <span class='ocr_line' id='line_1_78' title="bbox 1739 3158 3272 3225; baseline 0.001 -14"><span class='ocrx_word' id='word_1_613' title='bbox 1739 3159 1850 3211; x_wconf 86' lang='lat' dir='ltr'><strong>sive</strong></span> <span class='ocrx_word' id='word_1_614' title='bbox 1894 3158 1982 3211; x_wconf 91' lang='lat' dir='ltr'><strong>ille</strong></span> <span class='ocrx_word' id='word_1_615' title='bbox 2020 3159 2214 3225; x_wconf 90' lang='lat' dir='ltr'><strong>junior,</strong></span> <span class='ocrx_word' id='word_1_616' title='bbox 2244 3159 2354 3211; x_wconf 88' lang='lat' dir='ltr'><strong>sive</strong></span> <span class='ocrx_word' id='word_1_617' title='bbox 2406 3159 2581 3210; x_wconf 83' lang='lat' dir='ltr'><strong>senior</strong></span> <span class='ocrx_word' id='word_1_618' title='bbox 2630 3165 2741 3219; x_wconf 88' lang='lat' dir='ltr'><strong>est,</strong></span> <span class='ocrx_word' id='word_1_619' title='bbox 2774 3166 2918 3209; x_wconf 88' lang='lat' dir='ltr'><strong>tanto</strong></span> <span class='ocrx_word' id='word_1_620' title='bbox 2956 3159 3071 3224; x_wconf 88' lang='lat' dir='ltr'><strong>plus</strong></span> <span class='ocrx_word' id='word_1_621' title='bbox 3120 3159 3272 3213; x_wconf 84' lang='lat' dir='ltr'><strong>debet</strong></span> 
     </span>
    </p>
   </div>
   <div class='ocr_carea' id='block_1_79' title="bbox 1738 3244 3269 3312">
    <p class='ocr_par' dir='ltr' id='par_1_79' title="bbox 1738 3244 3269 3312">
     <span class='ocr_line' id='line_1_79' title="bbox 1738 3244 3269 3312; baseline 0 -13"><span class='ocrx_word' id='word_1_622' title='bbox 1738 3245 1951 3299; x_wconf 86' lang='lat' dir='ltr'><strong>studere</strong></span> <span class='ocrx_word' id='word_1_623' title='bbox 1978 3246 2305 3305; x_wconf 75' lang='lat' dir='ltr'><strong>aediﬁcationi</strong></span> <span class='ocrx_word' id='word_1_624' title='bbox 2332 3253 2385 3298; x_wconf 89' lang='lat' dir='ltr'><strong>et</strong></span> <span class='ocrx_word' id='word_1_625' title='bbox 2410 3244 2731 3312; x_wconf 79' lang='lat' dir='ltr'><strong>perfectioni.</strong></span> <span class='ocrx_word' id='word_1_626' title='bbox 2760 3244 2966 3297; x_wconf 87' lang='lat' dir='ltr'><strong>Nullum</strong></span> <span class='ocrx_word' id='word_1_627' title='bbox 2986 3247 3083 3299; x_wconf 87' lang='lat' dir='ltr'><strong>sibi</strong></span> <span class='ocrx_word' id='word_1_628' title='bbox 3118 3247 3269 3299; x_wconf 87' lang='lat' dir='ltr'><strong>ﬁnem</strong></span> 
     </span>
    </p>
   </div>
   <div class='ocr_carea' id='block_1_80' title="bbox 1740 3319 3271 3405">
    <p class='ocr_par' dir='ltr' id='par_1_80' title="bbox 1740 3319 3271 3405">
     <span class='ocr_line' id='line_1_80' title="bbox 1740 3319 3271 3405; baseline 0.001 -17"><span class='ocrx_word' id='word_1_629' title='bbox 1740 3336 1895 3388; x_wconf 78' lang='lat' dir='ltr'><strong>iaciat</strong></span> <span class='ocrx_word' id='word_1_630' title='bbox 1915 3335 2233 3403; x_wconf 83' lang='lat' dir='ltr'><strong>proﬁciendi,</strong></span> <span class='ocrx_word' id='word_1_631' title='bbox 2269 3336 2462 3387; x_wconf 87' lang='lat' dir='ltr'><strong>nullunt</strong></span> <span class='ocrx_word' id='word_1_632' title='bbox 2497 3319 2770 3388; x_wconf 80' lang='lat' dir='ltr'><strong>terminum</strong></span> <span class='ocrx_word' id='word_1_633' title='bbox 2800 3336 3073 3388; x_wconf 85' lang='lat' dir='ltr'><strong>constituat</strong></span> <span class='ocrx_word' id='word_1_634' title='bbox 3106 3338 3271 3405; x_wconf 88' lang='lat' dir='ltr'><strong>acqui-</strong></span> 
     </span>
    </p>
   </div>
   <div class='ocr_carea' id='block_1_81' title="bbox 1740 3425 3272 3496">
    <p class='ocr_par' dir='ltr' id='par_1_81' title="bbox 1740 3425 3272 3496">
     <span class='ocr_line' id='line_1_81' title="bbox 1740 3425 3272 3496; baseline -0.001 -16"><span class='ocrx_word' id='word_1_635' title='bbox 1740 3428 1907 3490; x_wconf 90' lang='lat' dir='ltr'><strong>rendi,</strong></span> <span class='ocrx_word' id='word_1_636' title='bbox 1935 3442 2051 3496; x_wconf 80' lang='lat' dir='ltr'><strong>cum</strong></span> <span class='ocrx_word' id='word_1_637' title='bbox 2081 3427 2179 3479; x_wconf 87' lang='lat' dir='ltr'><strong>sibi</strong></span> <span class='ocrx_word' id='word_1_638' title='bbox 2206 3426 2310 3479; x_wconf 91' lang='lat' dir='ltr'><strong>dici</strong></span> <span class='ocrx_word' id='word_1_639' title='bbox 2339 3427 2513 3478; x_wconf 82' lang='lat' dir='ltr'><strong>audiat</strong></span> <span class='ocrx_word' id='word_1_640' title='bbox 2539 3443 2549 3476; x_wconf 90' lang='lat'>:</span> <span class='ocrx_word' id='word_1_641' title='bbox 2587 3425 2722 3477; x_wconf 88' lang='lat' dir='ltr'><strong>Para</strong></span> <span class='ocrx_word' id='word_1_642' title='bbox 2743 3427 2793 3478; x_wconf 87' lang='lat' dir='ltr'><strong>in</strong></span> <span class='ocrx_word' id='word_1_643' title='bbox 2822 3428 2955 3478; x_wconf 73' lang='lat' dir='ltr'><strong>exitu</strong></span> <span class='ocrx_word' id='word_1_644' title='bbox 2975 3443 3124 3493; x_wconf 84' lang='lat' dir='ltr'><strong>opera</strong></span> <span class='ocrx_word' id='word_1_645' title='bbox 3153 3439 3272 3490; x_wconf 84' lang='lat' dir='ltr'><strong>tua;</strong></span> 
     </span>
    </p>
   </div>
   <div class='ocr_carea' id='block_1_82' title="bbox 1742 3503 3267 3589">
    <p class='ocr_par' dir='ltr' id='par_1_82' title="bbox 1742 3503 3267 3589">
     <span class='ocr_line' id='line_1_82' title="bbox 1742 3503 3267 3589; baseline -0.001 -18"><span class='ocrx_word' id='word_1_646' title='bbox 1742 3517 2047 3571; x_wconf 87' lang='lat' dir='ltr'><strong>Etiterum:</strong></span> <span class='ocrx_word' id='word_1_647' title='bbox 2081 3516 2197 3576; x_wconf 81' lang='lat' dir='ltr'><strong>Non</strong></span> <span class='ocrx_word' id='word_1_648' title='bbox 2229 3518 2441 3570; x_wconf 72' lang='lat' dir='ltr'><strong>verearis</strong></span> <span class='ocrx_word' id='word_1_649' title='bbox 2462 3503 2617 3585; x_wconf 78' lang='lat' dir='ltr'><strong>usque</strong></span> <span class='ocrx_word' id='word_1_650' title='bbox 2652 3518 2718 3568; x_wconf 87' lang='lat' dir='ltr'><strong>ad</strong></span> <span class='ocrx_word' id='word_1_651' title='bbox 2752 3527 2957 3589; x_wconf 72' lang='lat' dir='ltr'><strong>mortem</strong></span> <span class='ocrx_word' id='word_1_652' title='bbox 2977 3517 3267 3585; x_wconf 79' lang='lat' dir='ltr'><strong>justiﬁcari.</strong></span> 
     </span>
    </p>
   </div>
   <div class='ocr_carea' id='block_1_83' title="bbox 1741 3588 3272 3673">
    <p class='ocr_par' dir='ltr' id='par_1_83' title="bbox 1741 3588 3272 3673">
     <span class='ocr_line' id='line_1_83' title="bbox 1741 3588 3272 3673; baseline -0.001 -13"><span class='ocrx_word' id='word_1_653' title='bbox 1741 3608 1807 3660; x_wconf 83' lang='lat' dir='ltr'><strong>Et</strong></span> <span class='ocrx_word' id='word_1_654' title='bbox 1836 3608 2022 3660; x_wconf 89' lang='lat' dir='ltr'><strong>iterum</strong></span> <span class='ocrx_word' id='word_1_655' title='bbox 2053 3624 2065 3657; x_wconf 89' lang='lat'><strong>:</strong></span> <span class='ocrx_word' id='word_1_656' title='bbox 2093 3607 2354 3673; x_wconf 82' lang='lat' dir='ltr'><strong>Sapientia</strong></span> <span class='ocrx_word' id='word_1_657' title='bbox 2399 3608 2450 3658; x_wconf 88' lang='lat' dir='ltr'><strong>in</strong></span> <span class='ocrx_word' id='word_1_658' title='bbox 2493 3608 2627 3658; x_wconf 69' lang='lat' dir='ltr'><strong>exitu</strong></span> <span class='ocrx_word' id='word_1_659' title='bbox 2677 3606 2889 3657; x_wconf 84' lang='lat' dir='ltr'><strong>canitur.</strong></span> <span class='ocrx_word' id='word_1_660' title='bbox 2909 3588 3129 3671; x_wconf 23' lang='lat' dir='ltr'><strong>Quanto.</strong></span> <span class='ocrx_word' id='word_1_661' title='bbox 3148 3622 3272 3673; x_wconf 82' lang='lat' dir='ltr'><strong>ergo</strong></span> 
     </span>
    </p>
   </div>
   <div class='ocr_carea' id='block_1_84' title="bbox 1741 3697 3271 3763">
    <p class='ocr_par' dir='ltr' id='par_1_84' title="bbox 1741 3697 3271 3763">
     <span class='ocr_line' id='line_1_84' title="bbox 1741 3697 3271 3763; baseline 0.001 -17"><span class='ocrx_word' id='word_1_662' title='bbox 1741 3698 1858 3763; x_wconf 89' lang='lat' dir='ltr'><strong>plus</strong></span> <span class='ocrx_word' id='word_1_663' title='bbox 1878 3698 2196 3763; x_wconf 86' lang='lat' dir='ltr'><strong>proﬁcimus,</strong></span> <span class='ocrx_word' id='word_1_664' title='bbox 2223 3706 2367 3748; x_wconf 90' lang='lat' dir='ltr'><strong>tanto</strong></span> <span class='ocrx_word' id='word_1_665' title='bbox 2393 3698 2505 3761; x_wconf 88' lang='lat' dir='ltr'><strong>plus</strong></span> <span class='ocrx_word' id='word_1_666' title='bbox 2537 3697 2869 3747; x_wconf 89' lang='lat' dir='ltr'><strong>bumiliemur</strong></span> <span class='ocrx_word' id='word_1_667' title='bbox 2894 3711 2906 3748; x_wconf 90' lang='lat'><strong>:</strong></span> <span class='ocrx_word' id='word_1_668' title='bbox 2931 3698 3046 3760; x_wconf 86' lang='lat' dir='ltr'><strong>quia</strong></span> <span class='ocrx_word' id='word_1_669' title='bbox 3079 3708 3271 3761; x_wconf 81' lang='lat' dir='ltr'><strong>qttnnlo</strong></span> 
     </span>
    </p>
   </div>
   <div class='ocr_carea' id='block_1_85' title="bbox 1741 3780 3269 3851">
    <p class='ocr_par' dir='ltr' id='par_1_85' title="bbox 1741 3780 3269 3851">
     <span class='ocr_line' id='line_1_85' title="bbox 1741 3780 3269 3851; baseline 0.001 -14"><span class='ocrx_word' id='word_1_670' title='bbox 1741 3780 1858 3851; x_wconf 78' lang='lat' dir='ltr'><strong>plus</strong></span> <span class='ocrx_word' id='word_1_671' title='bbox 1889 3784 2144 3836; x_wconf 89' lang='lat' dir='ltr'><strong>humiliati</strong></span> <span class='ocrx_word' id='word_1_672' title='bbox 2193 3784 2464 3846; x_wconf 80' lang='lat' dir='ltr'><strong>fuerimus,</strong></span> <span class='ocrx_word' id='word_1_673' title='bbox 2498 3794 2639 3847; x_wconf 76' lang='lat' dir='ltr'><strong>tanto</strong></span> <span class='ocrx_word' id='word_1_674' title='bbox 2668 3784 2890 3849; x_wconf 68' lang='lat' dir='ltr'><strong>amplius</strong></span> <span class='ocrx_word' id='word_1_675' title='bbox 2922 3782 3269 3851; x_wconf 79' lang='lat' dir='ltr'><strong>proﬁciemus.</strong></span> 
     </span>
    </p>
   </div>
   <div class='ocr_carea' id='block_1_86' title="bbox 1740 3872 3269 3940">
    <p class='ocr_par' dir='ltr' id='par_1_86' title="bbox 1740 3872 3269 3940">
     <span class='ocr_line' id='line_1_86' title="bbox 1740 3872 3269 3940; baseline 0 -15"><span class='ocrx_word' id='word_1_676' title='bbox 1740 3872 1921 3926; x_wconf 87' lang='lat' dir='ltr'><strong>Nullus</strong></span> <span class='ocrx_word' id='word_1_677' title='bbox 1944 3872 2017 3924; x_wconf 91' lang='lat' dir='ltr'><strong>illi</strong></span> <span class='ocrx_word' id='word_1_678' title='bbox 2043 3873 2221 3927; x_wconf 86' lang='lat' dir='ltr'><strong>senior</strong></span> <span class='ocrx_word' id='word_1_679' title='bbox 2260 3884 2362 3925; x_wconf 88' lang='lat' dir='ltr'><strong>tam</strong></span> <span class='ocrx_word' id='word_1_680' title='bbox 2412 3874 2648 3939; x_wconf 70' lang='lat' dir='ltr'><strong>indoctus</strong></span> <span class='ocrx_word' id='word_1_681' title='bbox 2698 3882 2976 3940; x_wconf 82' lang='lat' dir='ltr'><strong>appareat,</strong></span> <span class='ocrx_word' id='word_1_682' title='bbox 3009 3882 3065 3925; x_wconf 85' lang='lat' dir='ltr'><strong>ut</strong></span> <span class='ocrx_word' id='word_1_683' title='bbox 3094 3884 3269 3940; x_wconf 84' lang='lat' dir='ltr'><strong>putet,</strong></span> 
     </span>
    </p>
   </div>
   <div class='ocr_carea' id='block_1_87' title="bbox 1740 3959 3271 4029">
    <p class='ocr_par' dir='ltr' id='par_1_87' title="bbox 1740 3959 3271 4029">
     <span class='ocr_line' id='line_1_87' title="bbox 1740 3959 3271 4029; baseline 0 -18"><span class='ocrx_word' id='word_1_684' title='bbox 1740 3959 1875 4027; x_wconf 77' lang='lat' dir='ltr'><strong>quod</strong></span> <span class='ocrx_word' id='word_1_685' title='bbox 1903 3975 2007 4013; x_wconf 91' lang='lat' dir='ltr'><strong>non</strong></span> <span class='ocrx_word' id='word_1_686' title='bbox 2037 3962 2221 4014; x_wconf 85' lang='lat' dir='ltr'><strong>deceat</strong></span> <span class='ocrx_word' id='word_1_687' title='bbox 2247 3961 2563 4025; x_wconf 86' lang='lat' dir='ltr'><strong>obedientia,</strong></span> <span class='ocrx_word' id='word_1_688' title='bbox 2598 3976 2713 4029; x_wconf 85' lang='lat' dir='ltr'><strong>quae</strong></span> <span class='ocrx_word' id='word_1_689' title='bbox 2745 3960 2905 4013; x_wconf 85' lang='lat' dir='ltr'><strong>Deum</strong></span> <span class='ocrx_word' id='word_1_690' title='bbox 2949 3962 3149 4021; x_wconf 78' lang='lat' dir='ltr'><strong>decuit;</strong></span> <span class='ocrx_word' id='word_1_691' title='bbox 3183 3962 3271 4011; x_wconf 76' lang='lat' dir='ltr'><strong>liu-</strong></span> 
     </span>
    </p>
   </div>
   <div class='ocr_carea' id='block_1_88' title="bbox 1742 4042 3271 4117">
    <p class='ocr_par' dir='ltr' id='par_1_88' title="bbox 1742 4042 3271 4117">
     <span class='ocr_line' id='line_1_88' title="bbox 1742 4042 3271 4117; baseline -0.001 -15"><span class='ocrx_word' id='word_1_692' title='bbox 1742 4050 1938 4103; x_wconf 90' lang='lat' dir='ltr'><strong>militas</strong></span> <span class='ocrx_word' id='word_1_693' title='bbox 1964 4042 2100 4104; x_wconf 72' lang='lat' dir='ltr'><strong>enim</strong></span> <span class='ocrx_word' id='word_1_694' title='bbox 2150 4061 2305 4117; x_wconf 88' lang='lat' dir='ltr'><strong>atque</strong></span> <span class='ocrx_word' id='word_1_695' title='bbox 2335 4051 2630 4103; x_wconf 88' lang='lat' dir='ltr'><strong>obedientia</strong></span> <span class='ocrx_word' id='word_1_696' title='bbox 2679 4052 2729 4102; x_wconf 78' lang='grc' dir='ltr'><strong>ιιι</strong></span> <span class='ocrx_word' id='word_1_697' title='bbox 2770 4052 3062 4116; x_wconf 89' lang='lat' dir='ltr'><strong>junioribus</strong></span> <span class='ocrx_word' id='word_1_698' title='bbox 3105 4051 3271 4102; x_wconf 86' lang='lat' dir='ltr'><strong>adhuc</strong></span> 
     </span>
    </p>
   </div>
   <div class='ocr_carea' id='block_1_89' title="bbox 1742 4138 3270 4204">
    <p class='ocr_par' dir='ltr' id='par_1_89' title="bbox 1742 4138 3270 4204">
     <span class='ocr_line' id='line_1_89' title="bbox 1742 4138 3270 4204; baseline 0.002 -14"><span class='ocrx_word' id='word_1_699' title='bbox 1742 4140 2043 4199; x_wconf 86' lang='lat' dir='ltr'><strong>necessitas,</strong></span> <span class='ocrx_word' id='word_1_700' title='bbox 2096 4154 2146 4189; x_wconf 91' lang='lat' dir='ltr'><strong>tn</strong></span> <span class='ocrx_word' id='word_1_701' title='bbox 2183 4138 2475 4191; x_wconf 80' lang='lat' dir='ltr'><strong>senioribus</strong></span> <span class='ocrx_word' id='word_1_702' title='bbox 2498 4138 2605 4204; x_wconf 86' lang='lat' dir='ltr'><strong>jam</strong></span> <span class='ocrx_word' id='word_1_703' title='bbox 2638 4139 2855 4204; x_wconf 76' lang='lat' dir='ltr'><strong>dignitas</strong></span> <span class='ocrx_word' id='word_1_704' title='bbox 2888 4148 2982 4191; x_wconf 82' lang='lat' dir='ltr'><strong>est.</strong></span> <span class='ocrx_word' id='word_1_705' title='bbox 3020 4138 3110 4191; x_wconf 87' lang='lat' dir='ltr'><strong>Ille</strong></span> <span class='ocrx_word' id='word_1_706' title='bbox 3141 4140 3270 4193; x_wconf 82' lang='lat' dir='ltr'><strong>bene</strong></span> 
     </span>
    </p>
   </div>
   <div class='ocr_carea' id='block_1_90' title="bbox 1743 4225 3269 4293">
    <p class='ocr_par' dir='ltr' id='par_1_90' title="bbox 1743 4225 3269 4293">
     <span class='ocr_line' id='line_1_90' title="bbox 1743 4225 3269 4293; baseline 0.001 -16"><span class='ocrx_word' id='word_1_707' title='bbox 1743 4225 1965 4293; x_wconf 86' lang='lat' dir='ltr'><strong>proﬁcit,</strong></span> <span class='ocrx_word' id='word_1_708' title='bbox 1997 4226 2088 4278; x_wconf 91' lang='lat' dir='ltr'><strong>ille</strong></span> <span class='ocrx_word' id='word_1_709' title='bbox 2113 4226 2248 4280; x_wconf 76' lang='lat' dir='ltr'><strong>bene</strong></span> <span class='ocrx_word' id='word_1_710' title='bbox 2274 4234 2619 4291; x_wconf 84' lang='lat' dir='ltr'><strong>consummat,</strong></span> <span class='ocrx_word' id='word_1_711' title='bbox 2649 4228 2733 4293; x_wconf 88' lang='lat' dir='ltr'><strong>qui</strong></span> <span class='ocrx_word' id='word_1_712' title='bbox 2776 4228 3001 4293; x_wconf 88' lang='lat' dir='ltr'><strong>quotidie</strong></span> <span class='ocrx_word' id='word_1_713' title='bbox 3028 4226 3101 4279; x_wconf 88' lang='lat' dir='ltr'><strong>sic</strong></span> <span class='ocrx_word' id='word_1_714' title='bbox 3128 4229 3269 4293; x_wconf 85' lang='lat' dir='ltr'><strong>agit,</strong></span> 
     </span>
    </p>
   </div>
   <div class='ocr_carea' id='block_1_91' title="bbox 140 4293 3271 4383">
    <p class='ocr_par' dir='ltr' id='par_1_91' title="bbox 140 4293 3271 4383">
     <span class='ocr_line' id='line_1_91' title="bbox 140 4293 3271 4383; baseline 0.002 -23"><span class='ocrx_word' id='word_1_715' title='bbox 140 4304 353 4365; x_wconf 84' lang='lat' dir='ltr'><strong>libertate</strong></span> <span class='ocrx_word' id='word_1_716' title='bbox 377 4312 543 4367; x_wconf 88' lang='lat' dir='ltr'><strong>variis</strong></span> <span class='ocrx_word' id='word_1_717' title='bbox 580 4315 811 4381; x_wconf 87' lang='lat' dir='ltr'><strong>partibus</strong></span> <span class='ocrx_word' id='word_1_718' title='bbox 840 4316 1122 4380; x_wconf 78' lang='lat' dir='ltr'><strong>rapianmr,</strong></span> <span class='ocrx_word' id='word_1_719' title='bbox 1154 4318 1341 4382; x_wconf 61' lang='lat' dir='ltr'><strong>Silfpllls</strong></span> <span class='ocrx_word' id='word_1_720' title='bbox 1377 4328 1546 4370; x_wconf 88' lang='lat' dir='ltr'><strong>tamen</strong></span> <span class='ocrx_word' id='word_1_721' title='bbox 1574 4321 1636 4372; x_wconf 88' lang='lat' dir='ltr'><strong>ad</strong></span> <span class='ocrx_word' id='word_1_722' title='bbox 1666 4293 1716 4351; x_wconf 73' lang='grc' dir='ltr'><strong>ί)</strong></span> <span class='ocrx_word' id='word_1_723' title='bbox 1742 4316 1890 4383; x_wconf 89' lang='lat' dir='ltr'><strong>quasi</strong></span> <span class='ocrx_word' id='word_1_724' title='bbox 1921 4330 2129 4379; x_wconf 69' lang='lat' dir='ltr'><strong>semper</strong></span> <span class='ocrx_word' id='word_1_725' title='bbox 2176 4316 2405 4383; x_wconf 87' lang='lat' dir='ltr'><strong>incipiat.</strong></span> <span class='ocrx_word' id='word_1_726' title='bbox 2440 4318 2787 4380; x_wconf 81' lang='lat' dir='ltr'><strong>Quamobrem</strong></span> <span class='ocrx_word' id='word_1_727' title='bbox 2818 4324 3089 4382; x_wconf 76' lang='lat' dir='ltr'><strong>augmenta</strong></span> <span class='ocrx_word' id='word_1_728' title='bbox 3112 4319 3271 4370; x_wconf 88' lang='lat' dir='ltr'><strong>meri-</strong></span> 
     </span>
    </p>
   </div>
   <div class='ocr_carea' id='block_1_92' title="bbox 137 4398 1639 4469">
    <p class='ocr_par' dir='ltr' id='par_1_92' title="bbox 137 4398 1639 4469">
     <span class='ocr_line' id='line_1_92' title="bbox 137 4398 1639 4469; baseline 0.013 -29"><span class='ocrx_word' id='word_1_729' title='bbox 137 4406 235 4446; x_wconf 82' lang='lat' dir='ltr'><strong>cara</strong></span> <span class='ocrx_word' id='word_1_730' title='bbox 260 4398 495 4456; x_wconf 35' lang='lat' dir='ltr'><strong>sibi&#39;loca</strong></span> <span class='ocrx_word' id='word_1_731' title='bbox 523 4403 746 4468; x_wconf 86' lang='lat' dir='ltr'><strong>quodam</strong></span> <span class='ocrx_word' id='word_1_732' title='bbox 798 4402 1055 4457; x_wconf 85' lang='lat' dir='ltr'><strong>desiderio</strong></span> <span class='ocrx_word' id='word_1_733' title='bbox 1100 4417 1470 4469; x_wconf 84' lang='lat' dir='ltr'><strong>revertuntur;</strong></span> <span class='ocrx_word' id='word_1_734' title='bbox 1496 4418 1553 4463; x_wconf 84' lang='lat' dir='ltr'><strong>et</strong></span> <span class='ocrx_word' id='word_1_735' title='bbox 1588 4419 1639 4461; x_wconf 91' lang='grc' dir='ltr'><strong>ιιι</strong></span> 
     </span>
    </p>
   </div>
   <div class='ocr_carea' id='block_1_93' title="bbox 140 4481 1638 4561">
    <p class='ocr_par' dir='ltr' id='par_1_93' title="bbox 140 4481 1638 4561">
     <span class='ocr_line' id='line_1_93' title="bbox 140 4481 1638 4561; baseline 0.015 -33"><span class='ocrx_word' id='word_1_736' title='bbox 140 4481 375 4546; x_wconf 82' lang='lat' dir='ltr'><strong>intellectu</strong></span> <span class='ocrx_word' id='word_1_737' title='bbox 408 4495 685 4561; x_wconf 75' lang='lat' dir='ltr'><strong>przeditus,</strong></span> <span class='ocrx_word' id='word_1_738' title='bbox 739 4494 1225 4559; x_wconf 72' lang='lat' dir='ltr'><strong>rationemnuitus,</strong></span> <span class='ocrx_word' id='word_1_739' title='bbox 1259 4496 1328 4548; x_wconf 90' lang='lat' dir='ltr'><strong>ita</strong></span> <span class='ocrx_word' id='word_1_740' title='bbox 1378 4498 1638 4551; x_wconf 88' lang='lat' dir='ltr'><strong>interdum</strong></span> 
     </span>
    </p>
   </div>
   <div class='ocr_carea' id='block_1_94' title="bbox 137 4584 1639 4655">
    <p class='ocr_par' dir='ltr' id='par_1_94' title="bbox 137 4584 1639 4655">
     <span class='ocr_line' id='line_1_94' title="bbox 137 4584 1639 4655; baseline 0.006 -26"><span class='ocrx_word' id='word_1_741' title='bbox 137 4584 267 4630; x_wconf 69' lang='lat' dir='ltr'><strong>Sensu</strong></span> <span class='ocrx_word' id='word_1_742' title='bbox 311 4585 514 4636; x_wconf 89' lang='lat' dir='ltr'><strong>alienus</strong></span> <span class='ocrx_word' id='word_1_743' title='bbox 558 4585 816 4649; x_wconf 86' lang='lat' dir='ltr'><strong>eﬁ&#39;eceris,</strong></span> <span class='ocrx_word' id='word_1_744' title='bbox 867 4593 923 4636; x_wconf 90' lang='lat' dir='ltr'><strong>ut</strong></span> <span class='ocrx_word' id='word_1_745' title='bbox 953 4584 1197 4655; x_wconf 67' lang='lat' dir='ltr'><strong>pra-feras</strong></span> <span class='ocrx_word' id='word_1_746' title='bbox 1228 4585 1317 4637; x_wconf 89' lang='lat' dir='ltr'><strong>Dei</strong></span> <span class='ocrx_word' id='word_1_747' title='bbox 1372 4586 1639 4638; x_wconf 85' lang='lat' dir='ltr'><strong>beneﬁciis</strong></span> 
     </span>
    </p>
   </div>
   <div class='ocr_carea' id='block_1_95' title="bbox 138 4665 1635 4744">
    <p class='ocr_par' dir='ltr' id='par_1_95' title="bbox 138 4665 1635 4744">
     <span class='ocr_line' id='line_1_95' title="bbox 138 4665 1635 4744; baseline 0.008 -31"><span class='ocrx_word' id='word_1_748' title='bbox 138 4665 394 4723; x_wconf 63' lang='lat' dir='ltr'><strong>Voluptates</strong></span> <span class='ocrx_word' id='word_1_749' title='bbox 420 4674 500 4724; x_wconf 91' lang='lat' dir='ltr'><strong>vel</strong></span> <span class='ocrx_word' id='word_1_750' title='bbox 526 4673 842 4724; x_wconf 90' lang='lat' dir='ltr'><strong>intentiones</strong></span> <span class='ocrx_word' id='word_1_751' title='bbox 869 4679 1003 4735; x_wconf 84' lang='lat' dir='ltr'><strong>tuas,</strong></span> <span class='ocrx_word' id='word_1_752' title='bbox 1034 4680 1087 4724; x_wconf 89' lang='lat' dir='ltr'><strong>et</strong></span> <span class='ocrx_word' id='word_1_753' title='bbox 1105 4672 1298 4744; x_wconf 81' lang='lat' dir='ltr'><strong>diaboli</strong></span> <span class='ocrx_word' id='word_1_754' title='bbox 1323 4673 1635 4726; x_wconf 85' lang='lat' dir='ltr'><strong>insinuatio-</strong></span> 
     </span>
    </p>
   </div>
   <div class='ocr_carea' id='block_1_96' title="bbox 138 4758 1642 4830">
    <p class='ocr_par' dir='ltr' id='par_1_96' title="bbox 138 4758 1642 4830">
     <span class='ocr_line' id='line_1_96' title="bbox 138 4758 1642 4830; baseline 0.012 -38"><span class='ocrx_word' id='word_1_755' title='bbox 138 4759 214 4798; x_wconf 77' lang='lat' dir='ltr'><strong>ncs</strong></span> <span class='ocrx_word' id='word_1_756' title='bbox 230 4761 454 4820; x_wconf 84' lang='lat' dir='ltr'><strong>sequaris</strong></span> <span class='ocrx_word' id='word_1_757' title='bbox 472 4760 483 4809; x_wconf 89' lang='lat'><strong>!</strong></span> <span class='ocrx_word' id='word_1_758' title='bbox 501 4759 627 4821; x_wconf 66' lang='lat' dir='ltr'><strong>Quae</strong></span> <span class='ocrx_word' id='word_1_759' title='bbox 649 4759 933 4830; x_wconf 72' lang='lat' dir='ltr'><strong>quamlibet</strong></span> <span class='ocrx_word' id='word_1_760' title='bbox 953 4759 1015 4811; x_wconf 87' lang='lat' dir='ltr'><strong>ad</strong></span> <span class='ocrx_word' id='word_1_761' title='bbox 1036 4759 1193 4811; x_wconf 89' lang='lat' dir='ltr'><strong>duros</strong></span> <span class='ocrx_word' id='word_1_762' title='bbox 1216 4758 1435 4821; x_wconf 83' lang='lat' dir='ltr'><strong>labores,</strong></span> <span class='ocrx_word' id='word_1_763' title='bbox 1460 4774 1642 4825; x_wconf 86' lang='lat' dir='ltr'><strong>quam-</strong></span> 
     </span>
    </p>
   </div>
   <div class='ocr_carea' id='block_1_97' title="bbox 139 4830 1637 4914">
    <p class='ocr_par' dir='ltr' id='par_1_97' title="bbox 139 4830 1637 4914">
     <span class='ocr_line' id='line_1_97' title="bbox 139 4830 1637 4914; baseline 0.006 -25"><span class='ocrx_word' id='word_1_764' title='bbox 139 4832 243 4890; x_wconf 71' lang='lat' dir='ltr'><strong>libet</strong></span> <span class='ocrx_word' id='word_1_765' title='bbox 261 4844 317 4895; x_wconf 88' lang='lat' dir='ltr'><strong>ad</strong></span> <span class='ocrx_word' id='word_1_766' title='bbox 354 4848 539 4899; x_wconf 86' lang='lat' dir='ltr'><strong>salutis</strong></span> <span class='ocrx_word' id='word_1_767' title='bbox 568 4846 831 4913; x_wconf 72' lang='lat' dir='ltr'><strong>naufragia</strong></span> <span class='ocrx_word' id='word_1_768' title='bbox 858 4830 1011 4914; x_wconf 62' lang='lat' dir='ltr'><strong>aique</strong></span> <span class='ocrx_word' id='word_1_769' title='bbox 1040 4851 1226 4899; x_wconf 67' lang='lat' dir='ltr'><strong>animae</strong></span> <span class='ocrx_word' id='word_1_770' title='bbox 1251 4842 1560 4901; x_wconf 83' lang='lat' dir='ltr'><strong>detrimenta</strong></span> <span class='ocrx_word' id='word_1_771' title='bbox 1590 4859 1637 4899; x_wconf 92' lang='lat' dir='ltr'><strong>te</strong></span> 
     </span>
    </p>
   </div>
   <div class='ocr_carea' id='block_1_98' title="bbox 137 4926 1637 5000">
    <p class='ocr_par' dir='ltr' id='par_1_98' title="bbox 137 4926 1637 5000">
     <span class='ocr_line' id='line_1_98' title="bbox 137 4926 1637 5000; baseline -0.001 -12"><span class='ocrx_word' id='word_1_772' title='bbox 137 4926 325 4989; x_wconf 51' lang='lat' dir='ltr'><strong>I““lliant,</strong></span> <span class='ocrx_word' id='word_1_773' title='bbox 375 4944 541 4985; x_wconf 87' lang='lat' dir='ltr'><strong>totum</strong></span> <span class='ocrx_word' id='word_1_774' title='bbox 588 4934 684 4985; x_wconf 86' lang='lat' dir='ltr'><strong>hoc</strong></span> <span class='ocrx_word' id='word_1_775' title='bbox 738 4949 845 5000; x_wconf 79' lang='lat' dir='ltr'><strong>prae</strong></span> <span class='ocrx_word' id='word_1_776' title='bbox 894 4936 1051 4987; x_wconf 89' lang='lat' dir='ltr'><strong>nimia</strong></span> <span class='ocrx_word' id='word_1_777' title='bbox 1107 4934 1637 4999; x_wconf 70' lang='lat' dir='ltr'><strong>cordis,indignitate</strong></span> 
     </span>
    </p>
   </div>
   <div class='ocr_carea' id='block_1_99' title="bbox 139 5022 1638 5092">
    <p class='ocr_par' dir='ltr' id='par_1_99' title="bbox 139 5022 1638 5092">
     <span class='ocr_line' id='line_1_99' title="bbox 139 5022 1638 5092; baseline 0.003 -21"><span class='ocrx_word' id='word_1_778' title='bbox 139 5023 220 5087; x_wconf 72' lang='grc' dir='ltr'><strong>ηοη</strong></span> <span class='ocrx_word' id='word_1_779' title='bbox 247 5023 430 5074; x_wconf 80' lang='lat' dir='ltr'><strong>sentis!</strong></span> <span class='ocrx_word' id='word_1_780' title='bbox 466 5022 723 5087; x_wconf 87' lang='lat' dir='ltr'><strong>Tempore</strong></span> <span class='ocrx_word' id='word_1_781' title='bbox 764 5034 902 5076; x_wconf 75' lang='lat' dir='ltr'><strong>enim</strong></span> <span class='ocrx_word' id='word_1_782' title='bbox 946 5025 1296 5085; x_wconf 88' lang='lat' dir='ltr'><strong>discessionis,</strong></span> <span class='ocrx_word' id='word_1_783' title='bbox 1329 5025 1484 5077; x_wconf 89' lang='lat' dir='ltr'><strong>multa</strong></span> <span class='ocrx_word' id='word_1_784' title='bbox 1515 5038 1638 5092; x_wconf 90' lang='lat' dir='ltr'><strong>pro-</strong></span> 
     </span>
    </p>
   </div>
   <div class='ocr_carea' id='block_1_100' title="bbox 140 5102 1634 5182">
    <p class='ocr_par' dir='ltr' id='par_1_100' title="bbox 140 5102 1634 5182">
     <span class='ocr_line' id='line_1_100' title="bbox 140 5102 1634 5182; baseline 0.013 -36"><span class='ocrx_word' id='word_1_785' title='bbox 140 5102 269 5155; x_wconf 87' lang='lat' dir='ltr'><strong>mittit</strong></span> <span class='ocrx_word' id='word_1_786' title='bbox 313 5110 570 5172; x_wconf 89' lang='lat' dir='ltr'><strong>inimicus,</strong></span> <span class='ocrx_word' id='word_1_787' title='bbox 616 5120 664 5161; x_wconf 89' lang='lat' dir='ltr'><strong>te</strong></span> <span class='ocrx_word' id='word_1_788' title='bbox 694 5111 799 5162; x_wconf 89' lang='lat' dir='ltr'><strong>illic</strong></span> <span class='ocrx_word' id='word_1_789' title='bbox 826 5125 931 5177; x_wconf 89' lang='lat' dir='ltr'><strong>quo</strong></span> <span class='ocrx_word' id='word_1_790' title='bbox 960 5112 1149 5177; x_wconf 81' lang='lat' dir='ltr'><strong>(endis,</strong></span> <span class='ocrx_word' id='word_1_791' title='bbox 1182 5115 1431 5182; x_wconf 79' lang='lat' dir='ltr'><strong>majorem</strong></span> <span class='ocrx_word' id='word_1_792' title='bbox 1462 5113 1634 5181; x_wconf 81' lang='lat' dir='ltr'><strong>profe-</strong></span> 
     </span>
    </p>
   </div>
   <div class='ocr_carea' id='block_1_101' title="bbox 139 5197 1631 5265">
    <p class='ocr_par' dir='ltr' id='par_1_101' title="bbox 139 5197 1631 5265">
     <span class='ocr_line' id='line_1_101' title="bbox 139 5197 1631 5265; baseline 0.005 -18"><span class='ocrx_word' id='word_1_793' title='bbox 139 5197 271 5253; x_wconf 74' lang='grc' dir='ltr'><strong>εῑυῐη,</strong></span> <span class='ocrx_word' id='word_1_794' title='bbox 297 5198 508 5250; x_wconf 87' lang='lat' dir='ltr'><strong>multam</strong></span> <span class='ocrx_word' id='word_1_795' title='bbox 535 5200 755 5265; x_wconf 77' lang='lat' dir='ltr'><strong>gratiam</strong></span> <span class='ocrx_word' id='word_1_796' title='bbox 800 5207 954 5262; x_wconf 88' lang='lat' dir='ltr'><strong>atque</strong></span> <span class='ocrx_word' id='word_1_797' title='bbox 1002 5202 1232 5253; x_wconf 88' lang='lat' dir='ltr'><strong>omnium</strong></span> <span class='ocrx_word' id='word_1_798' title='bbox 1269 5218 1439 5255; x_wconf 89' lang='lat' dir='ltr'><strong>rerum</strong></span> <span class='ocrx_word' id='word_1_799' title='bbox 1469 5204 1631 5255; x_wconf 86' lang='lat' dir='ltr'><strong>abun-</strong></span> 
     </span>
    </p>
   </div>
   <div class='ocr_carea' id='block_1_102' title="bbox 143 5274 1637 5358">
    <p class='ocr_par' dir='ltr' id='par_1_102' title="bbox 143 5274 1637 5358">
     <span class='ocr_line' id='line_1_102' title="bbox 143 5274 1637 5358; baseline 0.013 -32"><span class='ocrx_word' id='word_1_800' title='bbox 143 5274 333 5336; x_wconf 84' lang='lat' dir='ltr'><strong>dantiam</strong></span> <span class='ocrx_word' id='word_1_801' title='bbox 364 5294 711 5347; x_wconf 79' lang='lat' dir='ltr'><strong>reperturum,</strong></span> <span class='ocrx_word' id='word_1_802' title='bbox 742 5298 802 5335; x_wconf 89' lang='lat' dir='ltr'><strong>ac</strong></span> <span class='ocrx_word' id='word_1_803' title='bbox 846 5296 897 5337; x_wconf 90' lang='lat' dir='ltr'><strong>te</strong></span> <span class='ocrx_word' id='word_1_804' title='bbox 932 5295 1171 5354; x_wconf 85' lang='lat' dir='ltr'><strong>tanquam</strong></span> <span class='ocrx_word' id='word_1_805' title='bbox 1202 5293 1440 5358; x_wconf 88' lang='lat' dir='ltr'><strong>angelum</strong></span> <span class='ocrx_word' id='word_1_806' title='bbox 1471 5293 1637 5344; x_wconf 85' lang='lat' dir='ltr'><strong>susci-</strong></span> 
     </span>
    </p>
   </div>
   <div class='ocr_carea' id='block_1_103' title="bbox 143 5366 1637 5445">
    <p class='ocr_par' dir='ltr' id='par_1_103' title="bbox 143 5366 1637 5445">
     <span class='ocr_line' id='line_1_103' title="bbox 143 5366 1637 5445; baseline 0.014 -32"><span class='ocrx_word' id='word_1_807' title='bbox 143 5368 370 5428; x_wconf 60' lang='grc' dir='ltr'>ιιῆριιάυιη,</span> <span class='ocrx_word' id='word_1_808' title='bbox 405 5376 467 5428; x_wconf 73' lang='grc' dir='ltr'>ει</span> <span class='ocrx_word' id='word_1_809' title='bbox 490 5384 601 5442; x_wconf 69' lang='lat' dir='ltr'><strong>post</strong></span> <span class='ocrx_word' id='word_1_810' title='bbox 626 5366 774 5432; x_wconf 68' lang='lat' dir='ltr'><strong>haec;</strong></span> <span class='ocrx_word' id='word_1_811' title='bbox 800 5371 1007 5437; x_wconf 87' lang='lat' dir='ltr'><strong>quando</strong></span> <span class='ocrx_word' id='word_1_812' title='bbox 1038 5380 1297 5429; x_wconf 83' lang='lat' dir='ltr'><strong>anxietate</strong></span> <span class='ocrx_word' id='word_1_813' title='bbox 1329 5380 1557 5445; x_wconf 89' lang='lat' dir='ltr'><strong>repletus</strong></span> <span class='ocrx_word' id='word_1_814' title='bbox 1584 5390 1637 5434; x_wconf 89' lang='lat' dir='ltr'><strong>et</strong></span> 
     </span>
    </p>
   </div>
   <div class='ocr_carea' id='block_1_104' title="bbox 143 5460 1630 5530">
    <p class='ocr_par' dir='ltr' id='par_1_104' title="bbox 143 5460 1630 5530">
     <span class='ocr_line' id='line_1_104' title="bbox 143 5460 1630 5530; baseline 0.003 -14"><span class='ocrx_word' id='word_1_815' title='bbox 143 5462 243 5516; x_wconf 62' lang='grc' dir='ltr'><strong>μου</strong></span> <span class='ocrx_word' id='word_1_816' title='bbox 267 5463 499 5530; x_wconf 84' lang='lat' dir='ltr'><strong>nudatus,</strong></span> <span class='ocrx_word' id='word_1_817' title='bbox 534 5460 795 5530; x_wconf 78' lang='lat' dir='ltr'><strong>profectus</strong></span> <span class='ocrx_word' id='word_1_818' title='bbox 824 5462 896 5512; x_wconf 91' lang='lat' dir='ltr'><strong>tui</strong></span> <span class='ocrx_word' id='word_1_819' title='bbox 920 5463 1146 5515; x_wconf 85' lang='lat' dir='ltr'><strong>studium</strong></span> <span class='ocrx_word' id='word_1_820' title='bbox 1174 5473 1227 5518; x_wconf 88' lang='lat' dir='ltr'><strong>et</strong></span> <span class='ocrx_word' id='word_1_821' title='bbox 1256 5478 1464 5519; x_wconf 86' lang='lat' dir='ltr'><strong>sacrum</strong></span> <span class='ocrx_word' id='word_1_822' title='bbox 1494 5468 1630 5521; x_wconf 84' lang='lat' dir='ltr'><strong>ovile</strong></span> 
     </span>
    </p>
   </div>
   <div class='ocr_carea' id='block_1_105' title="bbox 1745 4404 3269 4472">
    <p class='ocr_par' dir='ltr' id='par_1_105' title="bbox 1745 4404 3269 4472">
     <span class='ocr_line' id='line_1_105' title="bbox 1745 4404 3269 4472; baseline 0.001 -15"><span class='ocrx_word' id='word_1_823' title='bbox 1745 4417 1913 4458; x_wconf 89' lang='lat' dir='ltr'><strong>torum</strong></span> <span class='ocrx_word' id='word_1_824' title='bbox 1946 4404 2277 4459; x_wconf 89' lang='lat' dir='ltr'><strong>incitamenta</strong></span> <span class='ocrx_word' id='word_1_825' title='bbox 2307 4421 2423 4457; x_wconf 90' lang='lat' dir='ltr'><strong>esse</strong></span> <span class='ocrx_word' id='word_1_826' title='bbox 2451 4408 2793 4472; x_wconf 73' lang='lat' dir='ltr'><strong>perfector-nni</strong></span> <span class='ocrx_word' id='word_1_827' title='bbox 2837 4406 3103 4471; x_wconf 84' lang='lat' dir='ltr'><strong>Scriptura</strong></span> <span class='ocrx_word' id='word_1_828' title='bbox 3124 4410 3127 4411; x_wconf 65' lang='grc'><strong><em>⁷</em></strong></span> <span class='ocrx_word' id='word_1_829' title='bbox 3151 4422 3269 4472; x_wconf 84' lang='lat' dir='ltr'><strong>pro-</strong></span> 
     </span>
    </p>
   </div>
   <div class='ocr_carea' id='block_1_106' title="bbox 1742 4490 3269 4559">
    <p class='ocr_par' dir='ltr' id='par_1_106' title="bbox 1742 4490 3269 4559">
     <span class='ocr_line' id='line_1_106' title="bbox 1742 4490 3269 4559; baseline -0.001 -13"><span class='ocrx_word' id='word_1_830' title='bbox 1742 4493 1966 4546; x_wconf 86' lang='lat' dir='ltr'><strong>nuntiat.</strong></span> <span class='ocrx_word' id='word_1_831' title='bbox 2016 4493 2088 4544; x_wconf 88' lang='lat' dir='ltr'><strong>De</strong></span> <span class='ocrx_word' id='word_1_832' title='bbox 2119 4490 2200 4544; x_wconf 85' lang='lat' dir='ltr'><strong>bis</strong></span> <span class='ocrx_word' id='word_1_833' title='bbox 2236 4507 2360 4543; x_wconf 90' lang='lat' dir='ltr'><strong>vero</strong></span> <span class='ocrx_word' id='word_1_834' title='bbox 2390 4492 2477 4557; x_wconf 86' lang='lat' dir='ltr'><strong>qui</strong></span> <span class='ocrx_word' id='word_1_835' title='bbox 2517 4492 2637 4543; x_wconf 88' lang='lat' dir='ltr'><strong>dum</strong></span> <span class='ocrx_word' id='word_1_836' title='bbox 2685 4494 2878 4558; x_wconf 83' lang='lat' dir='ltr'><strong>primas</strong></span> <span class='ocrx_word' id='word_1_837' title='bbox 2934 4493 3269 4559; x_wconf 84' lang='lat' dir='ltr'><strong>ncgligentias</strong></span> 
     </span>
    </p>
   </div>
   <div class='ocr_carea' id='block_1_107' title="bbox 1742 4578 3269 4648">
    <p class='ocr_par' dir='ltr' id='par_1_107' title="bbox 1742 4578 3269 4648">
     <span class='ocr_line' id='line_1_107' title="bbox 1742 4578 3269 4648; baseline -0.001 -16"><span class='ocrx_word' id='word_1_838' title='bbox 1742 4580 2161 4648; x_wconf 67' lang='lat' dir='ltr'><strong>praetermittunt,</strong></span> <span class='ocrx_word' id='word_1_839' title='bbox 2193 4580 2243 4631; x_wconf 92' lang='lat' dir='ltr'><strong>in</strong></span> <span class='ocrx_word' id='word_1_840' title='bbox 2272 4579 2399 4629; x_wconf 90' lang='lat' dir='ltr'><strong>alias</strong></span> <span class='ocrx_word' id='word_1_841' title='bbox 2415 4587 2567 4640; x_wconf 82' lang='lat' dir='ltr'><strong>atque</strong></span> <span class='ocrx_word' id='word_1_842' title='bbox 2590 4578 2715 4629; x_wconf 89' lang='lat' dir='ltr'><strong>alias</strong></span> <span class='ocrx_word' id='word_1_843' title='bbox 2743 4592 2950 4644; x_wconf 90' lang='lat' dir='ltr'><strong>semper</strong></span> <span class='ocrx_word' id='word_1_844' title='bbox 2980 4581 3269 4640; x_wconf 90' lang='lat' dir='ltr'><strong>incurrunt,</strong></span> 
     </span>
    </p>
   </div>
   <div class='ocr_carea' id='block_1_108' title="bbox 1739 4664 3271 4732">
    <p class='ocr_par' dir='ltr' id='par_1_108' title="bbox 1739 4664 3271 4732">
     <span class='ocr_line' id='line_1_108' title="bbox 1739 4664 3271 4732; baseline 0.001 -14"><span class='ocrx_word' id='word_1_845' title='bbox 1739 4669 1806 4719; x_wconf 85' lang='lat' dir='ltr'><strong>ita</strong></span> <span class='ocrx_word' id='word_1_846' title='bbox 1838 4668 1908 4717; x_wconf 91' lang='lat' dir='ltr'><strong>ait</strong></span> <span class='ocrx_word' id='word_1_847' title='bbox 1949 4683 1959 4716; x_wconf 91' lang='lat'><strong>:</strong></span> <span class='ocrx_word' id='word_1_848' title='bbox 1991 4664 2228 4716; x_wconf 82' lang='lat' dir='ltr'><strong>Peccator</strong></span> <span class='ocrx_word' id='word_1_849' title='bbox 2274 4665 2447 4731; x_wconf 81' lang='lat' dir='ltr'><strong>adjicit</strong></span> <span class='ocrx_word' id='word_1_850' title='bbox 2478 4665 2544 4714; x_wconf 83' lang='lat' dir='ltr'><strong>ad</strong></span> <span class='ocrx_word' id='word_1_851' title='bbox 2571 4665 2910 4727; x_wconf 83' lang='lat' dir='ltr'><strong>peccandum;</strong></span> <span class='ocrx_word' id='word_1_852' title='bbox 2940 4664 3002 4717; x_wconf 88' lang='lat' dir='ltr'><strong>de</strong></span> <span class='ocrx_word' id='word_1_853' title='bbox 3040 4665 3271 4732; x_wconf 79' lang='lat' dir='ltr'><strong>perfecto</strong></span> 
     </span>
    </p>
   </div>
   <div class='ocr_carea' id='block_1_109' title="bbox 1739 4754 3271 4819">
    <p class='ocr_par' dir='ltr' id='par_1_109' title="bbox 1739 4754 3271 4819">
     <span class='ocr_line' id='line_1_109' title="bbox 1739 4754 3271 4819; baseline 0.003 -12"><span class='ocrx_word' id='word_1_854' title='bbox 1739 4770 1861 4811; x_wconf 87' lang='lat' dir='ltr'><strong>vero</strong></span> <span class='ocrx_word' id='word_1_855' title='bbox 1877 4754 2091 4807; x_wconf 86' lang='lat' dir='ltr'><strong>dicitur:</strong></span> <span class='ocrx_word' id='word_1_856' title='bbox 2118 4754 2180 4804; x_wconf 84' lang='lat' dir='ltr'><strong>Et</strong></span> <span class='ocrx_word' id='word_1_857' title='bbox 2204 4765 2401 4806; x_wconf 81' lang='lat' dir='ltr'><strong>sanctus</strong></span> <span class='ocrx_word' id='word_1_858' title='bbox 2428 4754 2591 4805; x_wconf 85' lang='lat' dir='ltr'><strong>adhuc</strong></span> <span class='ocrx_word' id='word_1_859' title='bbox 2622 4754 2974 4819; x_wconf 80' lang='lat' dir='ltr'><strong>sanctiﬁcetur.</strong></span> <span class='ocrx_word' id='word_1_860' title='bbox 2995 4755 3271 4812; x_wconf 78' lang='lat' dir='ltr'><strong>Videamus</strong></span> 
     </span>
    </p>
   </div>
   <div class='ocr_carea' id='block_1_110' title="bbox 1736 4843 3271 4913">
    <p class='ocr_par' dir='ltr' id='par_1_110' title="bbox 1736 4843 3271 4913">
     <span class='ocr_line' id='line_1_110' title="bbox 1736 4843 3271 4913; baseline 0.003 -18"><span class='ocrx_word' id='word_1_861' title='bbox 1736 4845 1879 4910; x_wconf 86' lang='lat' dir='ltr'><strong>prius</strong></span> <span class='ocrx_word' id='word_1_862' title='bbox 1908 4844 2161 4909; x_wconf 85' lang='lat' dir='ltr'><strong>primunt,</strong></span> <span class='ocrx_word' id='word_1_863' title='bbox 2193 4844 2314 4911; x_wconf 88' lang='lat' dir='ltr'><strong>quid</strong></span> <span class='ocrx_word' id='word_1_864' title='bbox 2351 4853 2461 4897; x_wconf 87' lang='lat' dir='ltr'><strong>est:</strong></span> <span class='ocrx_word' id='word_1_865' title='bbox 2502 4843 2738 4896; x_wconf 83' lang='lat' dir='ltr'><strong>Peccator</strong></span> <span class='ocrx_word' id='word_1_866' title='bbox 2765 4845 2941 4911; x_wconf 86' lang='lat' dir='ltr'><strong>adjicit</strong></span> <span class='ocrx_word' id='word_1_867' title='bbox 2973 4847 3041 4896; x_wconf 86' lang='lat' dir='ltr'><strong>ad</strong></span> <span class='ocrx_word' id='word_1_868' title='bbox 3070 4862 3271 4913; x_wconf 83' lang='lat' dir='ltr'><strong>peccan-</strong></span> 
     </span>
    </p>
   </div>
   <div class='ocr_carea' id='block_1_111' title="bbox 1736 4932 3265 5001">
    <p class='ocr_par' dir='ltr' id='par_1_111' title="bbox 1736 4932 3265 5001">
     <span class='ocr_line' id='line_1_111' title="bbox 1736 4932 3265 5001; baseline 0.002 -16"><span class='ocrx_word' id='word_1_869' title='bbox 1736 4934 1872 5001; x_wconf 74' lang='lat' dir='ltr'><strong>dum.</strong></span> <span class='ocrx_word' id='word_1_870' title='bbox 1909 4932 2060 4985; x_wconf 85' lang='lat' dir='ltr'><strong>Verbi</strong></span> <span class='ocrx_word' id='word_1_871' title='bbox 2086 4933 2271 5000; x_wconf 85' lang='lat' dir='ltr'><strong>gratia,</strong></span> <span class='ocrx_word' id='word_1_872' title='bbox 2303 4933 2598 4999; x_wconf 87' lang='lat' dir='ltr'><strong>cujuslibet,</strong></span> <span class='ocrx_word' id='word_1_873' title='bbox 2621 4944 2675 4985; x_wconf 89' lang='lat' dir='ltr'><strong>ut</strong></span> <span class='ocrx_word' id='word_1_874' title='bbox 2706 4942 2822 4999; x_wconf 86' lang='lat' dir='ltr'><strong>puta</strong></span> <span class='ocrx_word' id='word_1_875' title='bbox 2852 4934 3265 4999; x_wconf 86' lang='lat' dir='ltr'><strong>obtrectationis,</strong></span> 
     </span>
    </p>
   </div>
   <div class='ocr_carea' id='block_1_112' title="bbox 1738 5020 3268 5089">
    <p class='ocr_par' dir='ltr' id='par_1_112' title="bbox 1738 5020 3268 5089">
     <span class='ocr_line' id='line_1_112' title="bbox 1738 5020 3268 5089; baseline 0.003 -15"><span class='ocrx_word' id='word_1_876' title='bbox 1738 5021 1909 5089; x_wconf 88' lang='lat' dir='ltr'><strong>passio</strong></span> <span class='ocrx_word' id='word_1_877' title='bbox 1946 5020 1991 5072; x_wconf 90' lang='lat' dir='ltr'><strong>si</strong></span> <span class='ocrx_word' id='word_1_878' title='bbox 2022 5036 2104 5072; x_wconf 90' lang='lat' dir='ltr'><strong>me</strong></span> <span class='ocrx_word' id='word_1_879' title='bbox 2132 5021 2434 5087; x_wconf 75' lang='lat' dir='ltr'><strong>impugnare</strong></span> <span class='ocrx_word' id='word_1_880' title='bbox 2478 5021 2696 5086; x_wconf 78' lang='lat' dir='ltr'><strong>ceperit,</strong></span> <span class='ocrx_word' id='word_1_881' title='bbox 2736 5022 2779 5074; x_wconf 89' lang='lat' dir='ltr'><strong>si</strong></span> <span class='ocrx_word' id='word_1_882' title='bbox 2827 5038 2929 5083; x_wconf 86' lang='lat' dir='ltr'><strong>non</strong></span> <span class='ocrx_word' id='word_1_883' title='bbox 2981 5025 3152 5076; x_wconf 86' lang='lat' dir='ltr'><strong>statim</strong></span> <span class='ocrx_word' id='word_1_884' title='bbox 3183 5041 3268 5078; x_wconf 91' lang='lat' dir='ltr'><strong>me</strong></span> 
     </span>
    </p>
   </div>
   <div class='ocr_carea' id='block_1_113' title="bbox 1740 5109 3270 5179">
    <p class='ocr_par' dir='ltr' id='par_1_113' title="bbox 1740 5109 3270 5179">
     <span class='ocr_line' id='line_1_113' title="bbox 1740 5109 3270 5179; baseline -0.001 -14"><span class='ocrx_word' id='word_1_885' title='bbox 1740 5109 2006 5179; x_wconf 74' lang='lat' dir='ltr'><strong>ptenitudo</strong></span> <span class='ocrx_word' id='word_1_886' title='bbox 2035 5109 2189 5177; x_wconf 87' lang='lat' dir='ltr'><strong>hujus</strong></span> <span class='ocrx_word' id='word_1_887' title='bbox 2232 5111 2341 5163; x_wconf 91' lang='lat' dir='ltr'><strong>vitii</strong></span> <span class='ocrx_word' id='word_1_888' title='bbox 2370 5110 2607 5176; x_wconf 65' lang='lat' dir='ltr'><strong>coeperit,</strong></span> <span class='ocrx_word' id='word_1_889' title='bbox 2634 5125 2753 5163; x_wconf 86' lang='lat' dir='ltr'><strong>cras</strong></span> <span class='ocrx_word' id='word_1_890' title='bbox 2792 5119 2929 5163; x_wconf 89' lang='lat' dir='ltr'><strong>tanta</strong></span> <span class='ocrx_word' id='word_1_891' title='bbox 2961 5111 3086 5165; x_wconf 87' lang='lat' dir='ltr'><strong>mihi</strong></span> <span class='ocrx_word' id='word_1_892' title='bbox 3118 5114 3270 5179; x_wconf 90' lang='lat' dir='ltr'><strong>hujus</strong></span> 
     </span>
    </p>
   </div>
   <div class='ocr_carea' id='block_1_114' title="bbox 1737 5198 3269 5265">
    <p class='ocr_par' dir='ltr' id='par_1_114' title="bbox 1737 5198 3269 5265">
     <span class='ocr_line' id='line_1_114' title="bbox 1737 5198 3269 5265; baseline -0.001 -13"><span class='ocrx_word' id='word_1_893' title='bbox 1737 5201 1845 5255; x_wconf 90' lang='lat' dir='ltr'><strong>vitii</strong></span> <span class='ocrx_word' id='word_1_894' title='bbox 1878 5199 2093 5252; x_wconf 78' lang='lat' dir='ltr'><strong>facilitas</strong></span> <span class='ocrx_word' id='word_1_895' title='bbox 2123 5205 2299 5253; x_wconf 88' lang='lat' dir='ltr'><strong>veniet</strong></span> <span class='ocrx_word' id='word_1_896' title='bbox 2344 5208 2396 5251; x_wconf 92' lang='lat' dir='ltr'><strong>et</strong></span> <span class='ocrx_word' id='word_1_897' title='bbox 2422 5200 2658 5265; x_wconf 71' lang='lat' dir='ltr'><strong>quaedam</strong></span> <span class='ocrx_word' id='word_1_898' title='bbox 2689 5199 2768 5256; x_wconf 87' lang='lat' dir='ltr'><strong>(ut</strong></span> <span class='ocrx_word' id='word_1_899' title='bbox 2793 5201 2867 5252; x_wconf 85' lang='lat' dir='ltr'><strong>sic</strong></span> <span class='ocrx_word' id='word_1_900' title='bbox 2888 5198 3269 5265; x_wconf 81' lang='lat' dir='ltr'><strong>dixerim)sna-</strong></span> 
     </span>
    </p>
   </div>
   <div class='ocr_carea' id='block_1_115' title="bbox 1738 5288 3264 5355">
    <p class='ocr_par' dir='ltr' id='par_1_115' title="bbox 1738 5288 3264 5355">
     <span class='ocr_line' id='line_1_115' title="bbox 1738 5288 3264 5355; baseline -0.003 -11"><span class='ocrx_word' id='word_1_901' title='bbox 1738 5294 1889 5355; x_wconf 86' lang='lat' dir='ltr'><strong>vitas,</strong></span> <span class='ocrx_word' id='word_1_902' title='bbox 1914 5299 1973 5342; x_wconf 91' lang='lat' dir='ltr'><strong>ut</strong></span> <span class='ocrx_word' id='word_1_903' title='bbox 1999 5303 2243 5343; x_wconf 88' lang='lat' dir='ltr'><strong>revocare</strong></span> <span class='ocrx_word' id='word_1_904' title='bbox 2263 5303 2344 5341; x_wconf 90' lang='lat' dir='ltr'><strong>me</strong></span> <span class='ocrx_word' id='word_1_905' title='bbox 2369 5289 2434 5341; x_wconf 89' lang='lat' dir='ltr'><strong>ab</strong></span> <span class='ocrx_word' id='word_1_906' title='bbox 2463 5289 2547 5341; x_wconf 88' lang='lat' dir='ltr'><strong>illo</strong></span> <span class='ocrx_word' id='word_1_907' title='bbox 2572 5298 2623 5341; x_wconf 91' lang='lat' dir='ltr'><strong>et</strong></span> <span class='ocrx_word' id='word_1_908' title='bbox 2647 5289 2913 5341; x_wconf 75' lang='lat' dir='ltr'><strong>Continere</strong></span> <span class='ocrx_word' id='word_1_909' title='bbox 2932 5304 3033 5339; x_wconf 91' lang='lat' dir='ltr'><strong>non</strong></span> <span class='ocrx_word' id='word_1_910' title='bbox 3055 5288 3264 5352; x_wconf 73' lang='lat' dir='ltr'><strong>possim.</strong></span> 
     </span>
    </p>
   </div>
   <div class='ocr_carea' id='block_1_116' title="bbox 1740 5374 3269 5443">
    <p class='ocr_par' dir='ltr' id='par_1_116' title="bbox 1740 5374 3269 5443">
     <span class='ocr_line' id='line_1_116' title="bbox 1740 5374 3269 5443; baseline -0.003 -10"><span class='ocrx_word' id='word_1_911' title='bbox 1740 5380 1812 5433; x_wconf 83' lang='lat' dir='ltr'><strong>Ita</strong></span> <span class='ocrx_word' id='word_1_912' title='bbox 1840 5378 1979 5431; x_wconf 89' lang='lat' dir='ltr'><strong>enim</strong></span> <span class='ocrx_word' id='word_1_913' title='bbox 2008 5378 2201 5439; x_wconf 84' lang='lat' dir='ltr'><strong>evenit,</strong></span> <span class='ocrx_word' id='word_1_914' title='bbox 2229 5386 2288 5429; x_wconf 90' lang='lat' dir='ltr'><strong>ut</strong></span> <span class='ocrx_word' id='word_1_915' title='bbox 2313 5376 2400 5443; x_wconf 88' lang='lat' dir='ltr'><strong>qui</strong></span> <span class='ocrx_word' id='word_1_916' title='bbox 2429 5375 2595 5443; x_wconf 90' lang='lat' dir='ltr'><strong>ptimo</strong></span> <span class='ocrx_word' id='word_1_917' title='bbox 2623 5386 2854 5440; x_wconf 89' lang='lat' dir='ltr'><strong>tempore</strong></span> <span class='ocrx_word' id='word_1_918' title='bbox 2892 5374 3169 5427; x_wconf 83' lang='lat' dir='ltr'><strong>emendare</strong></span> <span class='ocrx_word' id='word_1_919' title='bbox 3211 5391 3269 5428; x_wconf 81' lang='lat' dir='ltr'><strong>se</strong></span> 
     </span>
    </p>
   </div>
   <div class='ocr_carea' id='block_1_117' title="bbox 1738 5462 3266 5535">
    <p class='ocr_par' dir='ltr' id='par_1_117' title="bbox 1738 5462 3266 5535">
     <span class='ocr_line' id='line_1_117' title="bbox 1738 5462 3266 5535; baseline 0 -14"><span class='ocrx_word' id='word_1_920' title='bbox 1738 5468 1889 5530; x_wconf 87' lang='lat' dir='ltr'><strong>nolit,</strong></span> <span class='ocrx_word' id='word_1_921' title='bbox 1920 5466 2133 5535; x_wconf 84' lang='lat' dir='ltr'><strong>incipiat</strong></span> <span class='ocrx_word' id='word_1_922' title='bbox 2152 5467 2203 5521; x_wconf 89' lang='lat' dir='ltr'><strong>in</strong></span> <span class='ocrx_word' id='word_1_923' title='bbox 2230 5466 2465 5534; x_wconf 74' lang='lat' dir='ltr'><strong>sequenti</strong></span> <span class='ocrx_word' id='word_1_924' title='bbox 2496 5478 2592 5519; x_wconf 80' lang='lat' dir='ltr'><strong>nec</strong></span> <span class='ocrx_word' id='word_1_925' title='bbox 2619 5462 2754 5517; x_wconf 85' lang='lat' dir='ltr'><strong>velle</strong></span> <span class='ocrx_word' id='word_1_926' title='bbox 2784 5475 2877 5515; x_wconf 82' lang='lat' dir='ltr'><strong>nec</strong></span> <span class='ocrx_word' id='word_1_927' title='bbox 2908 5474 3077 5528; x_wconf 82' lang='lat' dir='ltr'><strong>posse.</strong></span> <span class='ocrx_word' id='word_1_928' title='bbox 3108 5462 3266 5521; x_wconf 74' lang='lat' dir='ltr'><strong>Verbi</strong></span> 
     </span>
    </p>
   </div>
  </div>
