3824 6218
549 340 650 391 887

1524 340 1577 394 S.
1625 338 1856 393 FAllS'f-l
1901 337 2284 395 li-IIEGIENSIS
2322 339 2693 397 SERMONES.

3618 344 3708 395 833i

547 448 733 515 gratia,
758 446 1016 515 superbiae
1043 448 1372 515 acquiescere
1409 449 1565 513 ccepi,
1601 448 1832 515 regulam
1866 447 2077 510 violavi,
2107 448 2156 505 Α
2183 447 2465 517 Evangelio
2508 451 2797 515 denuntiat,
2838 454 3017 506 dicens
3048 471 3059 504 :
3095 451 3260 505 Filius
3299 452 3514 504 hominis
3550 469 3711 504 omm-

549 538 807 590 seniorem
838 535 1247 602 ltesi,juniorem
1279 536 1512 589 destruxi
1546 554 1557 585 :
1596 538 1639 587 si
1669 551 1769 588 non
1799 536 1975 588 statim
2004 550 2087 587 me

549 625 789 689 ptenituit
816 625 1041 690 graviter
1067 639 1148 675 me
1176 624 1334 677 fuisse
1363 635 1684 691 prteventum
1705 665 1719 685 ,
1742 625 1849 691 jam
1895 623 1960 676 de
2001 624 2087 675 die

549 716 600 766 in
633 713 771 767 diem
798 713 1137 766 libentissime
1166 729 1251 765 me
1274 714 1440 781 rapiet
1466 712 1575 780 ipsa
1600 713 1839 766 violentia
1869 726 2088 764 consue-

550 804 741 857 tudinis
753 814 806 857 et
822 804 1045 871 impetus
1066 804 1320 869 passionis
1338 844 1351 865 ,
1371 815 1419 855 ut
1441 803 1545 870 jam
1571 819 1666 856 nec
1688 803 1991 869 delinquere
2006 815 2090 853 me

550 891 867 959 intelligam,
898 906 993 945 nec
1022 906 1237 957 peccare
1277 907 1360 944 me
1386 892 1634 945 sentiam:
1672 891 1919 944 obscurat
1944 890 2087 943 enim

552 991 712 1049 atque
742 982 914 1034 obruit
935 980 1258 1034 intellectum
1279 983 1451 1034 delicti
1484 980 1761 1035 assiduitas
1784 982 2091 1049 delinquen-

552 1069 627 1121 di.
662 1070 863 1122 Etenim
892 1070 964 1120 ita
988 1083 1079 1121 cur
1095 1069 1406 1135 negligentis
1430 1070 1736 1133 obduratur,
1766 1061 1823 1122 ιιι
1851 1071 1950 1122 hoc
1975 1069 2089 1136 ipso

554 1158 597 1208 si
626 1172 730 1209 non
760 1171 814 1207 se
843 1156 1103 1219 liumiliet,
1133 1157 1179 1209 si
1222 1151 1323 1207 non
1355 1156 1659 1220 satisfaciat,
1689 1156 1967 1224 praeposito
1994 1170 2089 1208 suo

556 1238 749 1297 nocere
774 1258 832 1297 se
858 1246 1057 1300 credat.
1085 1244 1299 1308 insuper
1327 1253 1380 1296 et
1410 1244 1623 1298 insultet
1648 1254 1701 1309 et
1726 1245 1891 1299 dicat:
1922 1247 2086 1309 Quam

557 1338 853 1381 constanter
875 1329 949 1382 illi
985 1330 1177 1393 restiti,
1199 1344 1352 1395 quam
1377 1330 1508 1384 bene
1530 1346 1630 1384 non
1651 1332 1902 1399 acquievi,
1927 1347 2090 1399 quan-

557 1426 609 1468 ta
639 1416 950 1469 auctoritate
979 1417 1246 1481 respondi,
1273 1419 1486 1485 putabat
1512 1420 1650 1487 quod
1676 1435 1760 1474 me
1779 1433 1989 1488 semper
2011 1422 2087 1474 illi

558 1504 833 1556 humiliare
860 1504 1150 1559 deberem?
1176 1505 1322 1572 Quod
1366 1507 1453 1573 qui
1481 1507 1625 1575 facit,
1655 1509 1868 1562 diabolo
1892 1523 1953 1561 se
1982 1519 2087 1562 tra-

556 1590 755 1643 didisse
780 1600 1004 1655 constat,
1026 1593 1115 1660 qui
1136 1592 1202 1646 de
1229 1592 1496 1647 hominum
1526 1596 1664 1649 vitiis
1681 1607 1737 1649 et
1762 1597 2088 1664 passionibus

556 1690 610 1732 et
639 1681 929 1746 perditione
974 1684 1195 1750 lzrtatnr,
1235 1696 1286 1739 et
1342 1686 1598 1752 ejusmodi
1640 1688 1826 1740 animae
1878 1690 2084 1745 eveniet

510 1874 515 1878 -
558 1868 655 1915 nos
682 1853 1015 1921 refugientes,
1063 1859 1203 1911 illam
1254 1863 1426 1924 pmius
1471 1860 1739 1915 teneamus
1780 1877 1896 1932 quae
1930 1866 2084 1930 dicit,

557 1953 604 1994 et
632 1954 833 1996 sanctus
871 1948 1037 1996 adhuc
1076 1948 1443 2011 sancti/iretur;
1488 1959 1542 2001 ut
1571 1951 1801 2017 quotidie
1837 1952 2088 2006 addamus

565 2032 771 2098 merita,
798 2047 896 2086 nec
914 2033 986 2087 de
1015 2034 1166 2087 nobis
1197 2036 1392 2103 aliquid
1424 2051 1815 2106 pra-sumamus,
1846 2042 1964 2108 quia
1997 2041 2088 2096 Dei

562 2131 646 2173 est
672 2135 829 2173 omne
852 2122 991 2188 quod
1023 2136 1221 2175 sumus.
1270 2123 1447 2176 Simus
1494 2127 1666 2193 itaque
1708 2126 1760 2179 in
1796 2142 1956 2196 opere
1998 2128 2091 2183 Dei

560 2208 922 2287 iudeﬁcientes
944 2222 1156 2278 pr0pter
1176 2223 1421 2267 aeternam
1442 2216 1853 2287 retributionem,
1885 2229 1938 2274 et
1959 2236 2089 2288 quo-

568 2297 694 2350 tidie
722 2299 785 2351 ad
813 2300 1031 2352 meliora
1054 2302 1348 2354 tendamus.
1376 2303 1484 2367 Ipsa
1511 2307 1648 2358 enim
1669 2309 2089 2375 apprelicndendi

561 2386 800 2450 aviditas,
834 2387 943 2455 ipsa
972 2389 1296 2441 consuetudo
1328 2392 1626 2455 proliciendi
1666 2408 1873 2461 semper
1900 2409 1998 2449 nos
2024 2398 2090 2448 ad

560 2478 757 2543 majora
786 2490 1069 2545 provocet,
1099 2488 1152 2531 et
1202 2479 1289 2531 ubi
1336 2483 1527 2536 viderit
1576 2485 1709 2536 Deus
1758 2484 2090 2538 devotionem

560 2568 769 2628 animai,
806 2569 1159 2624 ardentiorem
1204 2574 1487 2626 insinuabit
1523 2574 1795 2636 affectum;
1820 2582 1872 2626 et
1899 2580 2093 2641 quanto

563 2668 660 2706 nos
683 2658 966 2709 arserimus
993 2659 1058 2710 ad
1089 2660 1348 2725 studium,
1384 2671 1529 2714 tanto
1572 2661 1659 2715 ille
1691 2672 1918 2729 apponet
1946 2663 2089 2729 adju-

564 2743 785 2805 torium;
835 2756 1028 2811 quanto
1078 2762 1173 2801 nos
1221 2752 1621 2816 apposuerimus
1647 2752 1711 2804 ad
1739 2752 2089 2820 diligentiam.

568 2842 713 2885 tanto
740 2834 827 2887 ille
856 2836 1013 2889 addet
1042 2838 1106 2890 ad
1130 2839 1365 2905 gloriam.
1394 2842 1487 2903 Qui
1514 2842 1677 2904 habet,
1700 2844 1899 2895 dabitur
1924 2844 2018 2907 illi,
2046 2853 2092 2898 et

566 2922 991 2989 superabundabit
1014 2925 1218 2995 (Matth.
1245 2939 1388 2993 xm);
1418 2941 1470 2983 et
1490 2931 1591 2984 alio
1608 2931 1721 2985 loco
1752 2932 1909 2985 dicit:
1936 2932 2096 2986 Posui

566 3008 870 3079 adjutorium
898 3028 1050 3082 super
1073 3024 1336 3088 potentem.
1360 3017 1535 3071 Gratia
1566 3034 1689 3087 ergo
1717 3021 1784 3073 de
1806 3021 1973 3088 gratia
2001 3034 2121 3072 tta--

2186 553 2273 589 rus
2300 548 2374 590 est
2404 540 2457 590 in
2489 538 2653 608 gloria
2687 556 2800 603 sua,
2822 556 2933 592 cum
2954 542 3143 609 angelis
3169 542 3295 606 suis,
3326 551 3372 594 et
3407 553 3525 592 tunc
3546 541 3709 591 reddet

2187 627 2454 694 unicuique
2476 628 2747 679 secundum
2778 644 2928 694 opera
2954 644 3045 679 sua
3077 628 3286 698 (Matth.
3327 644 3432 690 xvi,
3457 628 3566 696 Π).
3595 629 3711 680 Dili-

2186 725 2390 789 genter,
2421 730 2619 781 quzcso,
2663 717 2933 779 attendite,
2978 717 3175 789 fratres
3202 718 3482 778 caii~simi,
3515 727 3570 770 et
3603 732 3706 769 me-

2188 819 2307 857 cum
2336 805 2535 870 pariter
2560 805 2917 871 expavescite;
2948 808 3066 872 quia
3089 823 3194 861 non
3216 803 3341 860 dicit
3368 807 3505 875 quod
3537 806 3708 860 reddet

2189 892 2465 959 unicuique
2486 893 2771 947 secundum
2803 893 3210 948 misericordiam
3234 908 3403 958 suam,
3428 893 3522 946 sed
3548 909 3708 945 secan-

2188 979 2306 1030 dum
2334 995 2483 1049 opera
2510 996 2621 1033 sua.
2660 980 2754 1033 llic
2782 981 2923 1034 enim
2952 996 3033 1035 est
3064 982 3394 1044 misericors;
3426 981 3495 1034 ibi
3522 981 3705 1047 justus.

2186 1069 2314 1121 Nam
2335 1068 2472 1135 quod
2496 1068 2668 1121 statim
2692 1083 2793 1121 non
2822 1071 2871 1120 in
2904 1080 3205 1136 peccatores
3235 1077 3260 1106 ⁸
3290 1070 3491 1123 vin.....
3518 1070 3705 1138 patien-

2189 1156 2256 1208 tia
2286 1166 2384 1219 est,
2410 1169 2518 1227 non
2541 1156 2876 1223 negligentia.
2896 1155 3009 1210 Non
3032 1154 3118 1211 ille
3146 1158 3370 1223 potenti:
3404 1158 3603 1223 perdit;
3625 1157 3706 1212 sed

2188 1263 2283 1300 nos
2332 1247 2396 1300 ad
2428 1246 2785 1315 paenitentiam
2821 1250 3123 1302 reservavit.
3156 1242 3302 1303 Unde
3331 1250 3495 1317 magis
3529 1248 3706 1301 timen-

2185 1337 2310 1390 dum
2355 1344 2439 1389 est
2478 1350 2545 1389 ne
2580 1346 2778 1403 quanto
2812 1336 3010 1391 diutius
3046 1344 3312 1403 exspectat
3343 1349 3399 1390 ut
3431 1352 3706 1403 cessemus,

2187 1436 2332 1478 tanto
2357 1425 2563 1493 gravius
2587 1424 2821 1488 damnet,
2848 1426 2891 1478 si
2912 1424 3193 1478 emendare
3220 1424 3562 1480 uoluerimus.
3588 1424 3706 1480 Cum

2188 1514 2298 1566 haec
2334 1511 2402 1565 ita
2435 1512 2564 1578 sint,
2603 1511 2741 1565 scire
2779 1520 2833 1565 et
2860 1510 3150 1579 intelligere
3185 1511 3461 1577 debemus,
3506 1512 3701 1576 fratres,

2188 1603 2321 1656 nihil
2349 1603 2499 1655 nobis
2523 1614 2639 1656 esse
2659 1600 2921 1655 salubrius
2940 1614 3093 1668 quam
3122 1609 3181 1655 ut
3203 1599 3464 1655 damnatis
3491 1601 3708 1653 omnium

560 1690 610 1732 et
639 1690 929 1746 perditione
974 1690 1195 1750 lzrtatnr,
1235 1696 1286 1739 et
1342 1690 1598 1752 ejusmodi
1640 1690 1826 1740 animae
1878 1690 2084 1745 eveniet
2142 1752 2143 1755 η
2190 1695 2521 1759 praesentium
2551 1707 2723 1745 rerum
2755 1691 3126 1758 voluptatibus,
3151 1690 3201 1744 id
3223 1692 3393 1759 potius
3410 1691 3705 1758 cogitemus,

560 1767 651 1819 illa
677 1772 930 1825 sententia
962 1789 973 1823 :
1002 1771 1244 1824 Peocator
1279 1776 1454 1842 adjicit
1482 1776 1547 1827 ad
1574 1776 1900 1843 peccandum.
1924 1777 2085 1842 Quam
2119 1760 2162 1819 Β
2189 1781 2398 1843 quando
2426 1783 2623 1835 erimus
2650 1781 2715 1833 de
2738 1780 2837 1834 hoc
2874 1780 3066 1833 saeculo
3090 1780 3383 1841 transituri,
3410 1782 3493 1835 vel
3518 1781 3705 1843 quando

2189 1781 2398 1849 quando
2426 1783 2623 1835 erimus
2650 1781 2715 1833 de
2738 1780 2837 1834 hoc
2874 1780 3066 1851 saeculo
3090 1780 3383 1841 transituri,
3410 1782 3493 1835 vel
3518 1781 3708 1848 quando

2190 1872 2580 1927 tabernaculum
2619 1871 2786 1925 nostri
2832 1871 3088 1937 corporis,
3133 1870 3319 1923 ultimo
3343 1871 3429 1924 die
3467 1885 3707 1937 superve-

2188 1963 2384 2024 uiente,
2405 1961 2713 2028 deposituri,
2740 1962 2796 2012 et
2818 1959 3004 2012 iterum
3028 1956 3152 2011 illud
3177 1957 3575 2011 resurrectionis
3594 1968 3707 2011 tem-

2192 2066 2317 2120 pore
2338 2051 2614 2117 recepturi,
2639 2060 2695 2103 ut
2721 2064 2837 2104 cum
2858 2044 3042 2104 eodem
3064 2048 3399 2117 recipiamus,
3430 2056 3586 2115 prout
3604 2062 3706 2115 ges-

2189 2142 2377 2206 simus,
2404 2141 2518 2195 sive
2556 2139 2777 2206 bonum,
2810 2140 2919 2191 sive
2945 2132 3157 2191 malum.
3202 2135 3270 2190 Et
3296 2134 3416 2190 ideo
3454 2150 3583 2204 rogo
3607 2151 3707 2197 vos,

2189 2228 2404 2296 fratres,
2427 2237 2486 2282 ut
2517 2227 2824 2295 cogitemus,
2857 2226 3037 2294 quales
3076 2228 3273 2279 erimus
3316 2225 3368 2278 in
3409 2224 3496 2277 die
3538 2224 3704 2291 judicii

2191 2317 2485 2385 purissimis
2517 2313 2824 2384 angelOrum
2871 2313 3231 2380 conspectibus
3264 2311 3536 2368 oﬂerendi.
3563 2321 3613 2366 et
3643 2326 3708 2364 ae-

2195 2414 2345 2461 terno
2370 2403 2539 2459 Judici
2578 2405 2833 2457 rationem
2880 2402 2948 2457 de
2984 2401 3135 2455 libris
3174 2402 3513 2455 conscientia
3548 2398 3706 2454 reddi.

2194 2495 2315 2547 turi.
2349 2493 2582 2546 Remotis
2609 2493 2747 2546 enim
2783 2491 3027 2546 omnibus
3054 2484 3473 2558 probatlonibus,
3519 2499 3705 2543 certum

2192 2592 2273 2638 est
2315 2583 2366 2637 in
2408 2582 2548 2636 diem
2590 2582 2735 2635 illum
2762 2583 2930 2649 ipsum
2966 2587 3087 2633 ante
3125 2592 3182 2633 se
3229 2578 3495 2630 hominem
3533 2578 3708 2629 consti-

2192 2672 2460 2733 tuendum,
2484 2679 2538 2723 et
2562 2669 2728 2737 ipsam
2749 2669 2847 2722 sibi
2868 2668 3095 2722 animam
3116 2666 3166 2719 in
3196 2666 3374 2719 cordis
3397 2666 3609 2731 speculo
3625 2663 3708 2717 de-

2192 2757 2604 2821 monstrandam,
2633 2767 2686 2810 et
2715 2768 2875 2823 testes
2903 2764 3085 2809 contra
3113 2769 3228 2809 eam
3261 2769 3363 2807 non
3390 2754 3598 2807 aliunde
3622 2752 3710 2805 de-

2193 2846 2339 2910 foris,
2366 2847 2459 2900 sed
2488 2847 2628 2899 intus
2653 2846 2720 2897 de
2740 2846 2851 2911 ipsa
2877 2844 3229 2911 proferentur,
3250 2839 3541 2922 adjicienda
3573 2846 3709 2893 erunt

2195 2953 2295 2990 non
2328 2937 2500 3004 aliqua
2530 2938 2832 3004 peregrina,
2862 2933 2952 2986 sed
2982 2932 3219 2987 nimium.
3244 2940 3365 2984 nota
3402 2928 3706 2990 testimonia,

2194 3025 2244 3077 id
2270 3034 2370 3088 est,
2398 3037 2555 3090 opera
2604 3034 2716 3084 sua,
2760 3020 3137 3089 ordinabuntur
3177 3027 3300 3072 ante
3332 3017 3591 3072 infelicem
3618 3018 3710 3069 ani-

567 3093 757 3164 scitur,
784 3110 836 3153 et
864 3104 1125 3167 profectus
1154 3107 1469 3171 profectibus
1488 3109 1739 3170 serviunt,
1764 3110 1902 3161 lucra
1934 3109 2092 3175 lucris
2118 3089 2162 3145 (ἶ
2196 3126 2331 3165 mam
2356 3089 2560 3178 peccata
2585 3109 2665 3163 vel
2691 3107 2911 3161 crimina
2938 3121 3051 3171 sua,
3080 3116 3138 3160 ttt
3160 3121 3276 3159 eam
3298 3102 3583 3159 corifnndat
3603 3118 3708 3172 pro.

567 3197 622 3242 et
645 3189 828 3242 merita
857 3191 1055 3245 meritis
1079 3193 1246 3246 locum
1276 3194 1469 3247 faciunt
1494 3212 1507 3248 :
1541 3206 1594 3249 ut
1622 3205 1814 3265 quanto
1839 3200 1955 3266 plus
1980 3200 2097 3267 quis

566 3279 835 3344 nequirem
862 3282 1100 3347 coeperit.
1134 3291 1279 3335 tanto
1319 3284 1435 3349 plus
1464 3296 1685 3338 conetur
1711 3289 2012 3353 acquirere;
2044 3299 2096 3341 et

566 3377 763 3433 quanto
788 3368 989 3425 avidius
1044 3372 1111 3423 de
1162 3373 1429 3438 sapientia:
1476 3374 1626 3429 bonis
1674 3376 1923 3439 hauserit,
1954 3388 2097 3431 tanto

569 3455 685 3520 plus
716 3455 925 3510 haurire
951 3458 1255 3512 desideret?
1284 3461 1417 3525 sicut
1444 3462 1551 3529 ipsa
1574 3464 1641 3515 de
1669 3477 1726 3515 se
1753 3464 1979 3530 loquitur
2002 3466 2097 3519 Sa~

571 3542 764 3610 pientia
791 3562 804 3596 :
836 3543 933 3607 Qui
973 3547 1121 3597 edunt
1159 3563 1237 3598 me
1277 3548 1443 3599 adhuc
1486 3551 1694 3601 esuriem
1720 3542 1883 3618 (Eccl.
1933 3554 2094 3620 xxuv).

578 3636 864 3705 Urgeamns
904 3653 1114 3690 cursum
1138 3652 1393 3702 nostrum,
1423 3648 1479 3692 ut
1506 3651 1705 3694 crescat
1736 3642 1786 3694 in
1815 3643 2097 3714 novissimo

569 3726 676 3779 vita
702 3735 899 3780 nostra.
928 3728 1232 3791 Qumramus
1286 3743 1450 3794 usque
1479 3730 1529 3782 in
1581 3731 1766 3797 linem,
1809 3732 1943 3785 unde
1983 3735 2097 3786 sine

570 3815 675 3868 ﬁne
704 3815 928 3883 gaudere
968 3830 1281 3869 mereamur.
1330 3816 1433 3871 Sed
1474 3828 1620 3883 esto,
1668 3834 1769 3873 non
1822 3836 2096 3889 possumus

570 3916 814 3956 exercere
838 3904 1075 3971 corporis
1114 3906 1338 3968 labores,
1384 3907 1709 3961 conferamus
1732 3923 1828 3963 nos
1849 3910 1913 3963 ad
1943 3912 2097 3977 spiri-

573 3990 784 4043 tualium
814 3995 1070 4044 bonorum
1106 3993 1453 4057 desiderium,
1498 3995 1562 4047 ad
1605 3998 2017 4063 compunctionis
2044 4008 2094 4052 et

570 4080 801 4131 caritatis
837 4089 1190 4146 augmentum.
1229 4078 1283 4132 Si
1306 4080 1537 4144 quotidie
1559 4084 1608 4133 in
1631 4083 1875 4136 cordibus
1903 4087 2096 4137 nostris

568 4166 904 4233 disponamus
933 4180 1200 4229 ascensus,
1231 4167 1374 4219 nulla
1408 4168 1730 4232 infirmitate,
1779 4171 1915 4222 nulla
1944 4177 2096 4225 aetate

570 4254 751 4307 lassari
779 4263 994 4322 possunt
1038 4263 1241 4309 mentes
1261 4295 1276 4319 ,
1308 4263 1363 4307 ut
1392 4256 1746 4321 spiritualibus
1785 4258 2092 4325 quibusdam

570 4340 817 4408 g:adibus
860 4341 1141 4395 ascendere
1189 4356 1483 4394 mereamur
1511 4344 1574 4395 ad
1606 4345 1855 4409 promissa
1890 4344 2093 4397 Domini

571 4429 734 4480 nostri
759 4429 884 4481 Iesu
922 4429 1135 4489 Christi,
1186 4430 1271 4480 cui
1299 4438 1380 4480 est
1408 4428 1596 4493 honor,
1625 4430 1792 4482 virtus
1814 4440 1865 4483 et
1909 4433 2091 4498 gloria,

573 4514 798 4579 potentia
823 4522 877 4565 et
904 4513 1132 4575 claritas,
1165 4524 1217 4565 et
1255 4514 1667 4580 magniﬁcentia,
1700 4523 1756 4568 et
1797 4516 2093 4583 imperium,

571 4610 624 4652 et
662 4614 824 4664 nunc,
851 4608 904 4653 et
930 4613 1156 4666 semper,
1180 4609 1232 4654 et
1263 4600 1312 4651 in
1339 4611 1526 4655 cuncta
1555 4603 1746 4655 saecula
1768 4606 2102 4657 saeculorum.

565 4688 759 4740 Amen.

1136 4776 1359 4828 SERMO
1397 4777 1527 4829 VIII.

1058 4864 1150 4923 (E1
1180 4866 1383 4913 Henrico
1406 4866 1629 4927 Cauisio.)

642 4954 813 5016 Modo,
845 4953 1033 5007 fratres
1059 4956 1335 5017 carissimi,
1362 4971 1481 5008 cum
1510 4958 1685 5011 divina
1720 4960 1782 5011 let
1800 4962 1871 5013 tio
1900 4961 2096 5029 legere-

574 5054 676 5109 tur,
711 5042 1001 5101 audivimus
1034 5042 1241 5095 beatum
1270 5046 1572 5108 Apostolum
1604 5048 1899 5101 terribiliter
1927 5066 2021 5104 nos
2047 5060 2101 5103 et

575 5134 849 5187 salubriter
877 5132 1264 5185 admonentem.
1300 5133 1386 5184 Sic
1413 5136 1554 5184 enim
1595 5134 1665 5185 ait
1695 5150 1707 5184 :
1740 5136 1920 5189 Omnes
1942 5140 2099 5189 mani-

574 5223 744 5287 festart'
772 5230 960 5289 oportet
992 5229 1111 5271 ante
1152 5220 1367 5272 tribunal
1396 5220 1604 5281 Christi,
1653 5232 1706 5273 ut
1735 5224 1916 5288 referat
1944 5242 2095 5277 unus-
2122 5236 2131 5241 “

574 5309 774 5373 quisque
799 5310 997 5375 prapria
1028 5310 1267 5376 corporis,
1297 5318 1443 5375 prout
1466 5309 1633 5376 gessit,
1662 5310 1759 5361 sive
1779 5311 1977 5375 bonum,
1999 5314 2099 5363 sive

578 5396 760 5447 malum
820 5396 900 5456 (ll
958 5398 1071 5450 Cor.
1134 5398 1241 5465 10).
1300 5398 1469 5461 Quare
1520 5399 1675 5451 etiam
1734 5399 1980 5456 Dominus
2046 5404 2096 5454 in

2196 3200 2359 3266 batio,
2397 3206 2451 3253 et
2485 3190 2771 3251 confundat
2815 3195 3032 3263 agnitio,
3078 3193 3365 3247 secundum
3414 3194 3541 3246 illud
3584 3191 3709 3260 quod

2192 3289 2439 3357 scriptum
2471 3295 2552 3339 est
2579 3303 2593 3337 :
2622 3286 2845 3355 Arguam
2879 3293 2945 3347 te,
2976 3294 3020 3337 et
3042 3292 3264 3335 statuam
3304 3282 3447 3333 illam
3494 3291 3608 3334 ante
3642 3280 3710 3345 {o-

2192 3379 2317 3429 ciem
2338 3384 2473 3427 tuam
2499 3371 2827 3442 (Psal.xt.tx,
2844 3368 2955 3437 21).
2984 3370 3292 3437 Quicunque
3310 3382 3369 3421 se
3402 3368 3580 3430 modo,
3600 3366 3708 3418 dum

2195 3462 2336 3524 llcet,
2359 3461 2640 3515 emendare
2664 3459 2970 3523 neglekerit,
3001 3466 3121 3510 ante
3153 3457 3296 3508 illum
3324 3456 3593 3510 caelestem
3626 3468 3708 3518 po—

2196 3550 2374 3619 pulum
2404 3548 2626 3613 primum
2656 3554 2966 3612 excepturus
2993 3553 3075 3598 est
3102 3544 3167 3597 de
3195 3537 3505 3597 continsione
3527 3541 3708 3609 suppli-

2194 3641 2353 3700 cium,
2382 3647 2435 3691 et
2462 3637 2656 3698 anima,
2686 3649 2804 3703 quae
2847 3634 3002 3686 modo
3032 3648 3125 3699 per
3158 3619 3541 3705 paenitentiam,
3586 3646 3709 3686 com-

2197 3728 2494 3796 pendiosam
2513 3724 2932 3786 transactionem,
2957 3729 3284 3789 peccatorum
3308 3720 3606 3788 putredines
3625 3733 3707 3772 cu-

2194 3831 2311 3871 rare
2329 3814 2644 3877 dissimulat,
2671 3819 2795 3866 ante
2819 3810 2945 3864 illud
2967 3810 3190 3864 tribunal
3220 3807 3582 3871 metuendum,
3609 3808 3709 3861 sine

2196 3907 2301 3961 ullo
2326 3906 2555 3960 remedio
2584 3904 2636 3957 in
2662 3913 2914 3970 perpetuo
2951 3902 3226 3955 vulnerata
3264 3899 3581 3975 remanebit.
3605 3897 3647 3952 0
3669 3898 3706 3949 si

2190 3998 2296 4062 jam
2324 4011 2461 4049 nunc
2491 3994 2677 4047 faciem
2699 3990 2990 4059 peccatoris
3013 3990 3201 4043 animal:
3228 3974 3413 4043 liceret
3432 3974 3592 4042 oculis
3607 3998 3709 4038 cor-

2195 4084 2275 4136 dis
2300 4092 2387 4135 aut
2411 4079 2645 4147 corporis
2686 4077 2899 4141 intueri,
2925 4086 2979 4131 et
3015 4076 3354 4131 conscientia:
3379 4086 3574 4129 nostra
3593 4073 3707 4126 -vul-

2197 4180 2302 4223 tum
2335 4170 2385 4220 in
2430 4167 2697 4222 oculorum
2739 4164 3064 4232 praesentiam
3105 4150 3526 4231 permittet-emus
3563 4159 3706 4211 addu-

2196 4258 2339 4311 cere!
2369 4254 2515 4321 Quod
2559 4255 2602 4307 si
2632 4254 2757 4307 licet
2789 4267 2887 4306 nec
2912 4250 3015 4305 dici
3062 4259 3231 4316 potest
3250 4291 3265 4312 ,
3294 4258 3496 4317 quanto
3528 4246 3704 4305 studio,

2197 4356 2489 4409 quantoque
2527 4350 2664 4394 metu
2692 4341 2993 4407 urgerem'us
3024 4338 3212 4392 fmdata
3240 4347 3580 4403 componere,
3614 4346 3706 4384 ina-

2196 4432 2362 4485 culala
2388 4440 2609 4495 tergere,
2639 4430 2904 4480 vulnerata
2932 4440 3138 4479 curare.
3167 4424 3288 4477 ldeo
3321 4424 3446 4490 quia
3477 4438 3578 4474 non
3602 4433 3705 4488 pos.

2197 4534 2375 4572 sumus
2399 4518 2561 4570 oculis
2586 4515 2843 4582 corporis,
2874 4513 3230 4578 inspiciamus,
3255 4512 3307 4562 in
3332 4522 3583 4577 quantum
3606 4522 3704 4573 pns-

2197 4620 2396 4669 sumus,
2438 4604 2603 4657 oculis
2646 4601 2839 4665 cordis,
2886 4608 2940 4652 et
2974 4598 3343 4664 unusquisque
3373 4595 3704 4650 conscientias

2199 4705 2405 4749 nostras
2442 4702 2562 4745 ante
2605 4698 2938 4756 conspectum
2978 4687 3241 4740 interioris
3269 4685 3499 4738 hominis
3529 4692 3706 4737 consti—

2199 4793 2427 4845 tuamus,
2455 4780 2550 4845 ipsi
2575 4779 2917 4842 nosmetipsos
2956 4775 3289 4841 castigemus,
3327 4774 3426 4840 ipsi
3458 4786 3552 4826 nos
3576 4786 3707 4825 corr

2200 4876 2392 4926 tionem
2438 4871 2503 4923 de
2532 4869 2827 4937 quotidiana
2856 4865 3253 4920 conversatione
3281 4862 3554 4916 faciamus.
3583 4862 3704 4914 Alzo-

2200 4978 2384 5029 qua‘ur
2411 4975 2468 5014 se
2498 4960 2549 5012 in
2572 4957 2788 5012 secretis
2809 4968 3127 5023 unaquaeque
3152 4952 3345 5015 anima,
3371 4961 3429 5005 et
3456 4946 3705 5005 dicam“-

2198 5056 2412 5108 deamus
2438 5054 2480 5104 si
2512 5052 2643 5102 hanc
2669 5048 2806 5102 diem
2834 5047 2947 5100 sine
2970 5054 3205 5114 peccato,
3235 5043 3351 5097 sine
3378 5042 3592 5107 invidia,
3610 5039 3705 5091 sine

2198 5142 2595 5202 obtrecmtinne,
2646 5139 2758 5191 sine
2803 5134 3214 5188 murmuratione
3249 5131 3507 5199 transegi.
3543 5127 3704 5182 Videa-

2202 5246 2315 5283 mus
2356 5230 2399 5282 si
2439 5230 2593 5281 bodie
2642 5226 2779 5293 quod
2828 5225 2889 5277 ad
2930 5224 3221 5291 profectum
3267 5221 3460 5276 anima:
3508 5219 3704 5291 pertinet

2202 5327 2444 5382 operatus
2472 5331 2583 5369 sum
2620 5331 2633 5366 :
2667 5324 2791 5380 puto
2824 5313 2958 5379 quod
2990 5311 3143 5364 hodie
3176 5311 3431 5364 mentitus
3469 5324 3602 5370 sum,
3624 5316 3703 5370 per

2200 5408 2350 5467 iram,
2372 5404 2456 5456 vel
2487 5401 2953 5470 concupiscentiam
2978 5402 3141 5454 victus
3167 5414 3309 5465 sum,
3343 5411 3442 5453 nec
3461 5393 3609 5452 alicui
3631 5394 3702 5445 be

650 5582 674 5607 ⁸
698 5574 847 5628 Forte
888 5577 1104 5628 vindicta
1142 5576 1411 5639 descendit,
1440 5577 1540 5638 vel,
1586 5576 1816 5642 vindicat,
1850 5576 1931 5631 vel
1968 5577 2160 5646 aliquid
2195 5579 2378 5631 simile.
