3824 6218
55 259 128 308 897
1169 247 1512 332 EPISTOLAE
1553 247 1639 301 ΕΤ
1680 249 2006 334 ιὶῐίσζιι-ΕΤᾹ.

3076 253 3177 308 89%

55 370 194 421 renire
216 361 554 427 tentaverint,
601 361 764 416 fuisse
791 370 1084 432 prostratos
1112 377 1128 416 :
1163 377 1264 430 quo
1301 363 1465 430 magis
1492 371 1543 414 te
1571 367 1618 422 Α
1647 364 1726 416 vel
1753 377 1974 418 censura
2014 362 2303 417 beatissimi
2325 362 2501 426 Petri,
2549 365 2630 435 vel
2657 344 2940 418 auctoritas
2969 368 3179 419 univer-

55 471 126 527 pro
161 467 234 508 tua
261 453 430 507 salute
466 465 523 506 et
552 451 879 520 professione
926 452 1216 505 ferventius
1260 452 1395 515 apud
1441 451 1550 504 cle-

52 548 217 599 ruentia:
239 544 350 611 ejus
377 556 535 595 aures
561 549 861 608 oportuerat
896 543 1016 594 talia
1059 539 1448 594 incessabiliter
1472 540 1549 592 al-

53 642 222 705 legare,
265 649 326 687 ac
369 647 690 701 magnopere
732 632 1046 699 deprecari,
1094 649 1198 701 quo
1229 647 1323 687 nec
1366 646 1544 697 suam,

52 741 172 790 quam
197 722 444 777 catholica
475 730 653 775 mente
687 721 1108 789 deprompserat,
1138 723 1322 775 violari
1363 723 1552 775 ullate-

57 834 131 870 nus
171 824 422 884 pateretur
475 813 750 880 cujuslibet
810 813 1152 880 subreptione
1200 815 1548 873 sententiam;

57 920 130 958 nec
167 906 408 957 adversus
448 903 759 956 universalis
798 903 1047 956 Ecclesiae
1088 907 1411 957 sanctionem
1462 917 1553 970 per

55 995 371 1068 hereticorum
418 992 583 1045 furias
607 1035 620 1058 ,
664 1009 792 1059 quas
819 1032 834 1057 ,
868 994 972 1047 Deo
1014 995 1300 1062 inspirante
1323 1035 1338 1059 ,
1389 997 1552 1059 pietas

53 1100 139 1148 ejus
160 1084 385 1145 eliserat,
424 1082 630 1134 sineret
651 1083 823 1134 denuo
850 1084 1123 1149 pullulare,
1152 1099 1304 1150 quam
1332 1083 1552 1144 manife-

56 1173 251 1225 stissime
276 1172 616 1238 pervideres;
654 1187 716 1225 ac
754 1183 837 1226 tua
878 1175 1046 1226 modis
1085 1176 1325 1226 omnibus
1369 1172 1554 1239 praedi-

53 1265 221 1315 catione
240 1276 450 1314 rursum
479 1263 531 1314 in
559 1277 618 1316 ea
647 1277 763 1328 qua:
785 1265 1092 1316 exstiterant
1114 1266 1158 1316 ei
1187 1268 1401 1314 adversa
1430 1277 1555 1313 cen-

55 1365 256 1418 surgeres
280 1393 292 1415 ,
337 1362 498 1418 atque
546 1351 730 1404 eadem
762 1352 875 1405 sine
905 1353 1226 1404 dubitatione
1274 1352 1549 1406 lirtuares;

55 1441 224 1507 quando
262 1439 384 1493 huic
435 1443 775 1504 reluctantia,
805 1442 945 1494 sicut
968 1441 1165 1494 dudum
1201 1441 1405 1492 fuerant
1432 1441 1557 1492 sub-

56 1545 170 1582 versa
193 1570 206 1592 ,
232 1530 548 1597 iacuissent;
591 1544 656 1581 ne
680 1531 761 1582 vel
793 1541 890 1583 tute
920 1529 1080 1601 (quod
1123 1528 1280 1597 absit)
1321 1530 1436 1582 lidei
1464 1530 1555 1580 de-

57 1622 246 1684 stitutor,
277 1621 356 1673 vel
387 1620 618 1686 pet-lidius
654 1620 903 1676 dicereris
945 1621 1114 1673 fautor
1142 1620 1346 1672 alienae.
1395 1619 1554 1670 Error

1646 454 1771 507 salis
1799 453 2001 506 amittat
2029 453 2278 508 Ecclesia;
2319 470 2333 506 :
2374 470 2490 520 quae
2528 467 2722 522 quanto
2752 456 2915 522 magis
2943 465 3091 509 cavet
3119 468 3184 508 ne

1650 543 1829 597 mundi
1863 544 2293 614 prosperitatibus
2323 544 2644 610 intepescat,
2689 554 2831 596 tanto
2861 557 2962 596 non
2995 543 3186 612 frangi-

1649 645 1752 698 tur,
1781 635 1873 689 sed
1901 635 2069 703 potius
2092 634 2296 688 erudita
2325 633 2574 687 dit-initus
2596 674 2610 697 ,
2659 632 2847 686 crescit
2873 635 2888 662 ί
2909 617 3181 686 adversus.

1719 724 1867 780 Unde
1897 722 2023 793 [ubi]
2054 723 2470 790 perspiciendum
2499 735 2579 776 est
2607 739 2671 776 ne
2701 738 2837 786 eam,
2886 737 3000 788 quae
3031 723 3182 774 nullis

1650 825 1820 882 potest
1848 814 1997 869 obrui
2025 813 2250 866 motibus
2291 812 2543 884 [molibus]
2577 814 2939 879 procellarum,
2971 811 3187 877 quit-nn-

1650 920 1750 971 que
1793 919 1906 957 eam
1948 905 2283 971 submergere
2330 902 2511 955 nititur
2559 904 2608 953 in
2657 903 2770 966 ipso
2798 903 3188 967 sreculipelago

1647 994 1947 1049 fluctuantis
1973 1033 1986 1056 ,
2031 993 2143 1059 ipse
2191 992 2364 1059 potius
2390 1006 2419 1043 a
2447 991 2825 1058 gubernatione
2867 987 3083 1041 salutari
3134 989 3186 1042 in

1650 1082 1904 1151 profunda
1934 1081 2186 1147 deiectus,
2218 1079 2662 1146 illa'prtevalente.
2696 1087 2978 1145 mergatur.

1719 1173 1889 1238 Atque
1917 1170 2052 1232 ideo,
2078 1184 2193 1221 cum
2226 1169 2294 1221 ita
2318 1168 2407 1231 sit,
2432 1182 2640 1229 moneo,
2667 1166 2845 1220 hortor
2887 1176 2938 1219 et
2969 1167 3184 1232 suadeo,

1651 1268 1708 1311 ut
1745 1273 1860 1324 qua:
1901 1257 2181 1326 commissa
2209 1265 2330 1308 sunt
2354 1259 2606 1324 corrigas,
2642 1264 2696 1306 et
2721 1255 3054 1322 sequentibus
3082 1266 3190 1313 stuc

1651 1346 1844 1400 diisde
1867 1357 1915 1397 te
1938 1345 2093 1409 facias
2117 1345 2334 1410 meliora
2363 1344 2544 1396 sentiri
2582 1358 2596 1393 :
2633 1345 2652 1374 ⁸
2678 1343 2948 1412 Negligere
2977 1345 3191 1411 quippe,

1650 1453 1763 1489 cum
1790 1437 1948 1504 possis
1987 1433 2251 1492 deturbare
2278 1448 2531 1499 perversos
2551 1470 2565 1493 ,
2608 1433 2734 1485 nihil
2762 1443 2834 1484 est
2877 1433 3017 1488 aliud
3043 1448 3192 1500 quam

1651 1531 1832 1598 fovere.
1874 1525 1989 1579 Non
2029 1525 2210 1596 [Nec]
2244 1534 2375 1581 caret
2402 1526 2640 1591 scrupulo
2674 1527 2922 1580 societatis
2963 1530 3189 1590 occulte,

1652 1621 1734 1687 qui
1760 1621 2001 1679 evidenter
2029 1619 2277 1690 [evidenti
2304 1617 2318 1688 ]
2349 1620 2562 1688 facinori
2588 1619 2768 1674 desinit
2797 1620 3010 1673 obviare.
3046 1619 3194 1674 Unde

57 1716 162 1768 enim
202 1715 280 1767 cui
326 1685 432 1766 non
467 1714 728 1767 resistitur
760 1714 1097 1782 approbatur,
1129 1722 1184 1767 et
1220 1713 1411 1766 veritas
1440 1727 1555 1779 qua:
1585 1685 1629 1742 Β
1747 1718 1926 1760 contra
1975 1685 2158 1777 sy-nodi
2206 1685 2437 1766 instituta
2484 1707 2926 1762 Chalcedonensis
2975 1710 3193 1762 tendere

59 1805 234 1855 minime
254 1800 562 1856 defensatur
585 1803 912 1868 opprimitur.
938 1799 1136 1852 Deinde
1175 1813 1291 1853 cum
1323 1801 1433 1860 tibi,
1461 1800 1558 1851 Do-

61 1891 172 1941 mino
213 1899 540 1956 praestante,
593 1889 731 1957 apud
776 1889 1043 1964 dominum
1105 1887 1265 1942 filium
1322 1897 1556 1944 nostrum

61 1978 318 2043 religiosum
350 1978 644 2044 principem
665 1978 1068 2050 familiaritatem
1097 1992 1213 2045 esse
1238 1977 1556 2041 noverimus,

61 2069 198 2120 nullus
223 2081 456 2135 unquam
497 2068 665 2135 potuit
691 2066 899 2123 suaderi
927 2065 1431 2121 dilectionem-tuam
1461 2082 1558 2118 ne-

61 2158 248 2224 quivisse
287 2170 515 2225 gerere,
564 2156 688 2224 quin
720 2157 892 2225 potius
921 2157 1174 2210 noluisse.
1203 2157 1268 2210 Et
1295 2156 1412 2209 ideo
1439 2155 1559 2224 quia

61 2258 139 2295 non
161 2243 593 2312 impossibilitatis
622 2252 779 2307 esset,
808 2243 945 2308 quod
977 2253 1271 2297 taceretur:
1295 2244 1405 2311 ipse
1431 2257 1560 2310 quo-

62 2345 136 2394 que
173 2345 269 2384 non
308 2331 570 2412 ambigis,
618 2331 742 2412 quid
791 2324 914 2391 hinc
959 2331 1266 2408 universalis
1326 2331 1561 2398 judicare

64 2411 487 2485 possitEcclesiaQ
562 2404 570 2412 ’
686 2406 692 2412 ’
855 2454 859 2459 ι
1019 2404 1022 2408 ’
1092 2422 1094 2424 ’
1479 2479 1483 2484 ,

113 2507 194 2561 Ubi
215 2524 310 2571 est,
341 2510 509 2575 frater
538 2509 713 2570 Aeaci,
761 2509 908 2560 labor
946 2516 1096 2570 tuus,
1127 2524 1231 2576 quo
1273 2509 1560 2578 tyrannidis

66 2595 290 2650 haeretica
325 2607 581 2663 tempore,
613 2596 921 2650 desudasti‘l
970 2597 1186 2655 Patieris
1231 2596 1328 2650 hoc
1368 2598 1559 2650 damno

64 2687 354 2738 conscientia:
383 2679 487 2738 tute
513 2686 769 2749 ejusmodi
793 2685 967 2752 perire
996 2685 1323 2740 mercedem?
1341 2687 1560 2752 Respice

67 2773 261 2838 Apostoli
287 2772 474 2836 verba,
504 2787 619 2840 quat:
651 2757 903 2825 testantur
928 2790 939 2824 :
966 2771 1247 2829 Currebatis
1279 2773 1430 2837 bene;
1450 2774 1564 2842 quis

65 2875 126 2909 vos
145 2848 490 2929 confascinavit
520 2859 714 2928 (Galat.
742 2861 826 2927 v)?
846 2860 952 2918 Cur
979 2865 1183 2925 eorum,
1211 2861 1390 2925 frater,
1419 2878 1560 2930 quae—

66 2950 380 3024 reresemitas
409 2958 618 3024 Veteres
645 2962 782 3009 nunc
804 2949 1088 3016 relinquis?
1113 2948 1217 3003 Cur
1246 2951 1560 3003 irruentibus

66 3035 102 3084 in
126 3021 244 3089 ovile
279 3021 604 3090 dominicum
644 3036 800 3110 lupis,
829 3038 970 3107 nulla
997 3039 1260 3107 vigilantia
1288 3041 1563 3098 ministerii

69 3125 302 3187 pastoralis
343 3125 589 3184 obsistis,
623 3109 714 3178 Sed
757 3128 1115 3194 aequanimiter
1158 3138 1313 3194 atque
1353 3142 1566 3188 securus

66 3215 359 3267 conmissum
386 3198 600 3285 gregem
630 3207 921 3268 autlaniari
952 3217 1226 3288 perspicis,
1246 3225 1336 3274 aut
1355 3217 1567 3271 necari?

69 3299 154 3354 Non
177 3301 433 3357 dicentem
482 3302 673 3356 recolis
715 3302 993 3372 Dominum
1020 3344 1033 3369 ,
1066 3314 1121 3369 et
1150 3307 1375 3360 animam
1417 3321 1564 3366 suam

69 3393 238 3456 quidem
269 3377 362 3460 pro
387 3383 578 3447 ovibus
605 3409 800 3461 ponere
828 3396 942 3462 pios
971 3410 1062 3462 pro
1092 3396 1370 3449 devotione
1395 3404 1569 3461 DGSIU?

71 3494 157 3543 tes;
191 3483 566 3542 mercenarium
593 3491 764 3536 autem
795 3483 860 3536 de
901 3483 980 3534 Itis
1012 3498 1189 3536 curam
1231 3485 1434 3547 penitus
1465 3499 1567 3536 non

72 3569 306 3625 habentem
331 3610 345 3633 ,
391 3587 513 3625 mox
545 3583 599 3624 ttt
641 3574 855 3626 bestiam
889 3573 1020 3626 forte
1068 3575 1425 3639 cuttSpexerit,
1457 3577 1570 3628 siue

73 3659 150 3708 ulla
170 3659 412 3734 diffugere
440 3646 860 3734 consideratione
889 3663 1202 3723 testantem?
1234 3663 1418 3714 Verum
1448 3677 1566 3731 cum

75 3748 141 3799 tibi
166 3749 381 3818 fugiendi
413 3750 556 3803 nulla
581 3754 649 3803 sit
673 3739 826 3821 causa
858 3751 999 3821 (natu
1027 3751 1167 3803 nulla
1196 3750 1416 3821 formido
1441 3745 1564 3818 est),

75 3846 213 3889 metuo
239 3853 300 3889 ne
336 3849 484 3903 septa
520 3823 778 3892 dominica
811 3819 913 3893 non
949 3819 1050 3903 tum
1084 3819 1273 3900 pavore
1299 3837 1564 3905 deserere,

75 3938 193 3987 quam
221 3928 392 3994 (quod
434 3936 515 3979 est
539 3925 926 3993 detestabilius)
957 3935 1141 3995 sponte
1172 3925 1394 3986 videaris
1414 3927 1568 3983 sativis

73 4010 273 4066 dentibus
299 4015 558 4087 objecissel
581 4001 877 4083 [dejecisse].
1211 4006 1215 4008 ’

125 4100 345 4164 Ausculta
365 4124 371 4133 -
391 4092 600 4158 vccem'
622 4103 854 4178 ejusdem
906 4101 1110 4154 Domini
1158 4103 1529 4176 pranuonentis
1552 4118 1566 4157 :

78 4186 347 4267 Quintecum
376 4209 481 4246 non
510 4203 601 4259 est,
635 4204 809 4262 contra»
834 4209 919 4265 me
938 4203 1045 4257 est;
1082 4203 1127 4245 et
1155 4195 1236 4263 qui
1268 4209 1569 4266 ntecunmou

78 4280 264 4359 colligit,
307 4284 548 4359 dispergit
583 4283 747 4351 (Luc.
773 4281 886 4352 xi).
934 4283 1003 4346 Et
1026 4284 1323 4352 diligenter
1359 4286 1568 4346 attende

78 4356 176 4420 nihil
201 4356 477 4443 alludit-sse
504 4387 605 4424 non
639 4386 916 4439 procurare
945 4387 1058 4440 qua:
1081 4370 1272 4426 ChriSti
1298 4383 1440 4435 sunt,
1470 4374 1566 4426 nisi

79 4466 120 4506 se
148 4459 300 4521 palam
321 4448 576 4531 profiteri
605 4462 718 4525 ejus
760 4461 1045 4514 inimicum.
1083 4460 1207 4519 Non,
1234 4462 1570 4528 desperemus

79 4542 460 4622 facere,_frater,
507 4563 684 4614 veram
711 4549 995 4625 salvatoris
1033 4550 1197 4606 nostri
1237 4552 1567 4617 sententiam,

81 4647 155 4696 τιυι
180 4649 231 4690 se
256 4653 419 4707 usque
444 4639 508 4692 ad
540 4641 696 4693 ﬂuent
724 4640 898 4692 δωρειιὶ
925 4640 1170 4715 Ecclesiae
1213 4655 1454 4708 sumlnon
1479 4641 1572 4705 de-

82 4721 274 4779 futurum
310 4739 444 4782 esse
473 4729 732 4793 pollicitus
753 4736 838 4802 est
877 4730 893 4797 (
919 4729 1357 4799 Μαιιήηχκνιιι),
1387 4745 1481 4795 nec
1505 4731 1570 4794 at)

81 4811 202 4865 interi
220 4819 383 4883 portis
411 4832 526 4879 eam
557 4818 688 4892 dixit
709 4833 824 4872 esse
848 4809 1190 4886 superandam
1208 4820 1417 4888 (Matth.
1440 4821 1570 4889 xvi),

82 4909 238 4974 etque
260 4908 432 4981 omnia
465 4922 558 4974 per
581 4909 882 4974 apostolica:
911 4913 1040 4962 scita
1067 4913 1316 4966 ἀπα-ἐωξὶ
1347 4895 1570 4978 [garoue

84 5001 146 5040 tur
179 4993 223 5044 in
263 5004 414 5048 terris
440 5034 455 5059 ,
500 5011 596 5048 nec
625 4997 676 5049 in
711 5001 1011 5052 cmlestibus
1042 5003 1347 5053 memoravit
1377 5003 1569 5055 absolvi

85 5076 404 5146 ("illim-avt;
430 5084 508 5140 :18
527 5091 568 5152 ).
596 5085 772 5153 Neque
801 5100 1054 5152 putemus,
1091 5091 1227 5155 quod
1259 5092 1570 5153 quibuslibet

84 5167 137 5215 sit
171 5169 345 5223 vallata
389 5174 675 5240 periculis,
707 5189 939 5240 unquam
989 5181 1190 5242 pondus
1235 5179 1424 5246 vigoris
1463 5183 1562 5244 sui,

141 5368 157 5398 “
175 5369 316 5425 Forte
335 5372 570 5424 adversis.
599 5371 851 5422 Hannon.

93 5501 102 5512 .
144 5435 162 5467 ⁸
179 5438 262 5493 llic
287 5441 644 5512 locttscitatur
666 5442 712 5512 in
737 5443 897 5512 epist._
915 5439 1129 5491 Victoris
1149 5441 1219 5492 Ca
1232 5442 1578 5508 rthaginensis

92 5509 131 5552 in
153 5510 318 5561 cont-il.
351 5510 588 5562 Lateran.
629 5511 726 5561 sub
757 5509 972 5559 Illartiuo
1015 5523 1140 5574 papa
1191 5513 1238 5563 in
1273 5527 1409 5564 sccr.
1454 5513 1508 5564 ‘2.
1539 5516 1579 5564 Α

1655 1798 1860 1858 hostilia
1888 1797 2045 1854 corda
2077 1798 2350 1865 perSpicis,
2370 1796 2597 1864 quiescis
2623 1814 2636 1847 :
2662 1797 2788 1852 mihi
2817 1783 2992 1860 ci'ede,
3020 1800 3193 1867 nescio

1652 1888 2087 1957 quemadmodum
2119 1898 2170 1942 te
2201 1888 2448 1942 Ecclesiae
2475 1889 2631 1940 totius
2660 1891 2851 1942 asseris
2889 1903 3007 1942 esse
3037 1888 3194 1955 parti.

1654 1980 1843 2046 cipem.
1872 1978 1953 2031 Ad
1983 1988 2033 2031 te
2057 1977 2236 2032 oculos
2264 1986 2510 2045 praeterea
2542 1994 2644 2030 non
2683 1977 2912 2040 reducis,
2938 1979 3059 2046 quia
3090 1993 3193 2031 non

1653 2071 1826 2124 solum
1874 2069 1927 2122 ita
1972 2069 2073 2122 hac
2115 2084 2270 2133 causa
2299 2069 2551 2123 adversus
2594 2057 2803 2122 omnem
2829 2067 3076 2129 catholici
3102 2068 3194 2121 dou

1655 2157 1843 2223 gmatis
1869 2156 2126 2210 tendatur‘
2143 2156 2413 2218 unitatem,
2445 2155 2537 2209 sed
2565 2158 2722 2210 etiam
2751 2157 2954 2210 cunctis
2981 2157 3197 2210 hensio

1656 2248 1752 2300 bus
1775 2287 1792 2313 ,
1823 2262 1942 2315 quae
1983 2247 2066 2300 vel
2095 2262 2153 2300 se
2181 2247 2332 2300 nobis
2376 2248 2566 2301 melius
2607 2249 2805 2301 sentire
2846 2249 3195 2317 pretendunt,

1657 2337 1955 2396 resumendi
1986 2336 2123 2389 vires
2146 2373 2161 2398 ,
2194 2344 2351 2404 atque
2378 2335 2517 2413 inter
2558 2351 2681 2388 usus
2729 2339 2978 2404 pristinos
3024 2353 3197 2391 resur-

1655 2426 1810 2493 gendi
1833 2463 1850 2490 ,
1900 2425 2035 2478 latus
2074 2438 2292 2491 campus
2335 2425 2587 2492 aperitur,
2618 2424 2662 2477 si
2693 2426 2854 2479 semel
2881 2425 3020 2493 quod
3047 2439 3077 2478 a
3107 2442 3198 2478 nos

1658 2513 1779 2569 stris
1831 2512 2118 2577 majoribus
2152 2523 2234 2580 est
2275 2512 2569 2579 depositum
2593 2552 2611 2578 ,
2657 2513 2890 2581 qualibet
2925 2515 3200 2568 occasione

1659 2604 1913 2670 pulset-ur.

1729 2692 1876 2745 Unde
1903 2693 2087 2744 iterum
2119 2701 2276 2758 atque
2314 2692 2500 2746 iterum
2529 2692 2896 2758 prtitestamur,
2940 2707 3012 2747 ne
3032 2693 3083 2745 in
3112 2694 3200 2746 ab:

1659 2793 1867 2848 ruptum
1902 2780 2057 2833 totius
2088 2780 2334 2837 Ecclesia:
2374 2788 2566 2833 statuta
2597 2796 2689 2846 per
2714 2780 2999 2834 audaciam
3019 2791 3200 2833 contra

1659 2857 1913 2937 synodum
1963 2869 2270 2922 catholicam
2316 2869 2588 2937 insurgere
2627 2869 2956 2927 molientium
3000 2871 3199 2924 sinatur

1661 2959 1870 3016 abduci.
1903 2959 1957 3013 In
1980 2973 2082 3026 quo
2108 2958 2316 3026 quidem
2345 2960 2630 3013 certamine
2660 2960 2865 3015 [irinum
2897 2960 3202 3014 fundamen-

1615 3047 1634 3099 ,‘
1666 3060 1772 3105 tum
1803 3054 1936 3105 lleus
1963 3058 2197 3114 statuet,
2240 3049 2375 3118 sicut
2416 3049 2497 3102 de'
2520 3063 2586 3103 eo
2631 3050 2783 3102 nobis
2811 3051 2934 3106 licet
2958 3064 3200 3117 sperare;

1663 3148 1717 3196 et
1758 3141 1889 3193 novit
1916 3139 2157 3194 Dominus
2177 3137 2261 3204 qui
2289 3135 2402 3199 sunt
2440 3139 2547 3206 ejus
2576 3135 2660 3206 (Il
2699 3136 2832 3190 Tim.
2853 3153 2925 3203 ιι,
2956 3138 3066 3205 l9).
3098 3137 3200 3190 Ve-e

1665 3239 1978 3286 rumtamcn,
2007 3226 2150 3278 salvo
2183 3240 2268 3289 eo,
2301 3225 2436 3291 quod
2468 3226 2520 3278 in
2549 3225 2634 3278 die
2659 3224 2842 3290 iudicii
2869 3225 3079 3279 talenta
3111 3239 3202 3277 uoo

1665 3319 1745 3371 bis
1774 3317 2057 3370 Ecclesiam
2083 3359 2098 3384 ,
2130 3325 2332 3368 certum
2380 3326 2483 3379 est,
2514 3315 2719 3381 qualem
2745 3329 2772 3366 a
2805 3316 3038 3379 patribus
3066 3317 3203 3368 acci.

1664 3399 1838 3474 pimus
1862 3447 1878 3472 ,
1930 3405 2265 3478 exigendam;
2303 3406 2460 3464 etiam
2516 3406 2566 3457 in
2615 3403 2715 3456 hac
2751 3405 2854 3457 vita
2900 3418 2958 3462 se
2992 3404 3055 3459 ad
3083 3420 3198 3460 eam

1665 3509 1767 3549 non
1797 3495 2056 3561 pertinere
2084 3501 2383 3559 Cognoscat,
2414 3494 2500 3560 qui
2546 3507 2653 3551 non
2694 3494 2862 3546 solum
2894 3493 3200 3560 plenitudiui

1666 3584 1781 3649 ejus
1808 3585 1959 3636 noxia
2005 3592 2221 3634 conatur
2260 3581 2484 3643 inferre,
2529 3582 2619 3636 sed
2658 3581 2813 3641 etiam
2856 3581 2945 3649 qui
2983 3596 3043 3635 ea
3085 3597 3202 3648 quae

1666 3672 1836 3743 eidem
1863 3672 2198 3736 congruentia
2229 3679 2350 3721 sunt
2387 3670 2680 3726 dissimulat
2712 3670 3010 3736 providere.
3054 3668 3204 3722 Absit
3240 3696 3243 3698 -

1665 3766 1724 3814 ut
1755 3761 1821 3813 de
1850 3770 1936 3814 tua
1962 3762 2244 3817 dilectione
2284 3762 2462 3814 taliter
2487 3776 2582 3814 nos
2611 3762 2883 3812 credamus
2906 3798 2920 3822 ,
2953 3775 3106 3825 quem
3149 3771 3204 3811 et

1664 3847 1978 3913 dudum-pro
2003 3845 2258 3899 catholica
2287 3846 2393 3905 ﬁde
2414 3835 2637 3898 viriliter
2663 3847 2876 3898 stetisse
2904 3838 3199 3903 reminisci-

1665 3951 1801 4000 mur,
1846 3943 1899 3987 et
1928 3949 1956 3986 a
2000 3934 2157 3987 totius
2195 3934 2440 3987 Ecclesiae
2484 3947 2706 4000 corpore
2733 3933 2973 3985 nolumus
3007 3934 3203 3986 discre-

1665 4040 1813 4094 pare.
1840 4025 2167 4090 Quapropter
2193 4024 2469 4075 instantius
2490 4023 2598 4089 (qui
2630 4023 2920 4076 tesincerot
2937 4024 3202 4090 diligimus

1667 4114 1900 4173 caritatis
1949 4113 2138 4165 intuitu
2163 4112 2181 4178 )
2207 4112 2404 4167 crebro.
2427 4111 2667 4178 repetitis
2709 4112 3095 4166 bortationibus
3125 4113 3205 4168 in-

1668 4204 1907 4265 citamus,
1953 4210 2012 4254 ut
2050 4201 2161 4266 ipse
2207 4201 2434 4252 vicissim
2464 4215 2525 4253 ea
2574 4207 2691 4266 post
2723 4197 2838 4253 hinc
2863 4201 3060 4260 devites
3086 4219 3205 4270 qua

1669 4301 1722 4344 te
1749 4289 1816 4341 ab
1841 4291 1981 4345 οηιηί
2011 4288 2165 4346 domo
2190 4287 2384 4343 Christi
2412 4290 2692 4343 ostendant
2712 4303 2832 4343 esse
2852 4290 3201 4358 disiunctum;

1673 4395 1769 4434 nec
1811 4382 1974 4445 magis
2024 4379 2112 4430 illa
2158 4378 2375 4431 secteris
2416 4393 2533 4444 quae
2578 4378 2644 4430 ab
2691 4377 2873 4431 eadem
2925 4392 2978 4431 te
3014 4379 3207 4433 faciant

1671 4485 1789 4529 esse
1811 4469 2053 4524 divisum.
2082 4468 2235 4522 Multa
2268 4482 2393 4521 vero
2419 4468 2558 4535 (quia
2590 4482 2692 4519 non
2713 4483 2862 4535 opus
2878 4467 2974 4521 fuit
3017 4469 3208 4524 litteris

1673 4561 1916 4614 universa
1945 4556 2251 4623 congerere)
2278 4555 2725 4623 qumqueutilitas
2759 4557 2951 4622 negotii
2980 4573 3209 4624 praue“.

1673 4653 1739 4704 tis
1752 4651 2033 4715 efﬂagitat,
2058 4646 2299 4713 fratribus
2314 4655 2373 4698 et
2394 4645 2717 4713 coepiscopis
2740 4638 3040 4713 apostolicae
3067 4649 3209 4702 ιεόὶει

1677 4742 1931 4809 legatione
1981 4738 2331 4805 fungentibus,
2371 4738 2453 4789 vel
2480 4750 2597 4794 cum
2625 4736 2852 4790 domino
2890 4737 2999 4790 tilio
3030 4752 3210 4792 nostro

1679 4827 2088 4884 clementissimo
2119 4826 2381 4892 principe,
2412 4827 2493 4878 vel
2526 4841 2643 4878 cum
2672 4836 2760 4879 tua
2799 4828 3076 4880 dilectione
3102 4829 3208 4882 cul-

1675 4915 1932 4983 loquenda
1976 4913 2374 4968 mandavimus:
2399 4914 2534 4981 quod
2575 4928 2779 4977 aequum
2810 4924 2890 4967 est
2917 4926 2968 4967 et
2994 4930 3088 4981 pro
3125 4931 3209 4966 ea.

1676 5004 1879 5055 tliolicze
1908 5002 2024 5054 ﬁdei
2053 5003 2416 5054 observatione
2458 5011 2696 5069 prompta
2721 5017 2894 5055 mente
2923 5003 3206 5068 suscipere,

1673 5104 1724 5146 et
1743 5107 1839 5159 pro
1858 5100 1961 5144 tua:
1987 5092 2345 5144 aestimationis
2374 5091 2560 5143 intuitu
2584 5093 2927 5146 necessariam
2958 5090 3092 5156 apud
3121 5105 3212 5142 au-

1671 5193 1836 5251 gusta:
1862 5181 2048 5237 mentis
2073 5182 2489 5235 benevolentiam
2513 5182 2934 5250 suggestionibus
2954 5181 3156 5245 ad,uvat
3174 5184 3207 5232 i.

1678 5376 1926 5499 gratiajno
1972 5391 2091 5444 ιιιι,
2142 5389 2195 5445 q.
2241 5376 2312 5440 ι,
2345 5375 2602 5430 tribuitur
2648 5373 2922 5428 Anastasio
2968 5371 3005 5423 ll
3036 5381 3206 5439 paptc.

1701 5461 1824 5498 ΔΑιιι)
1866 5459 1935 5499 IN.

1701 5459 1935 5499 ΔῙΛΙὶΚΠΙΙΝ.
