  <div class='ocr_page' id='page_1' title='image "/cluster/home/n/w/nwhite01/storage/ocr_20150623/58/uva.x000827100/457.png"; bbox 0 0 3824 6218; ppageno 0'>
   <div class='ocr_carea' id='block_1_1' title="bbox 598 198 701 255">
    <p class='ocr_par' dir='ltr' id='par_1_1' title="bbox 598 198 701 255">
     <span class='ocr_line' id='line_1_1' title="bbox 598 198 701 255; baseline 0.029 -3"><span class='ocrx_word' id='word_1_1' title='bbox 598 198 701 255; x_wconf 81' lang='lat'><strong>899</strong></span> 
     </span>
    </p>
   </div>
   <div class='ocr_carea' id='block_1_2' title="bbox 1146 304 1582 361">
    <p class='ocr_par' dir='ltr' id='par_1_2' title="bbox 1146 304 1582 361">
     <span class='ocr_line' id='line_1_2' title="bbox 1146 304 1582 361; baseline -0.007 -1"><span class='ocrx_word' id='word_1_2' title='bbox 1146 305 1466 361; x_wconf 63' lang='lat' dir='ltr'><strong>EPISTOIA</strong></span> <span class='ocrx_word' id='word_1_3' title='bbox 1518 304 1582 359; x_wconf 89' lang='lat' dir='ltr'><strong>ll.</strong></span> 
     </span>
    </p>
   </div>
   <div class='ocr_carea' id='block_1_3' title="bbox 959 423 1768 467">
    <p class='ocr_par' dir='ltr' id='par_1_3' title="bbox 959 423 1768 467">
     <span class='ocr_line' id='line_1_3' title="bbox 959 423 1768 467; baseline -0.004 0"><span class='ocrx_word' id='word_1_4' title='bbox 959 423 982 448; x_wconf 75' lang='grc'><em>³</em></span> <span class='ocrx_word' id='word_1_5' title='bbox 1016 429 1080 467; x_wconf 76' lang='grc' dir='ltr'><strong>ΔΙ)</strong></span> <span class='ocrx_word' id='word_1_6' title='bbox 1117 429 1349 467; x_wconf 72' lang='grc' dir='ltr'><strong>ΖΕΝΟΝΕΙΙ</strong></span> <span class='ocrx_word' id='word_1_7' title='bbox 1387 426 1768 467; x_wconf 58' lang='grc' dir='ltr'><strong>ιιιρειιλτοιιιῖιι.</strong></span> 
     </span>
    </p>
   </div>
   <div class='ocr_carea' id='block_1_4' title="bbox 598 521 2140 592">
    <p class='ocr_par' dir='ltr' id='par_1_4' title="bbox 598 521 2140 592">
     <span class='ocr_line' id='line_1_4' title="bbox 598 521 2140 592; baseline -0.001 -16"><span class='ocrx_word' id='word_1_8' title='bbox 598 523 701 578; x_wconf 85' lang='lat' dir='ltr'><strong>Pro</strong></span> <span class='ocrx_word' id='word_1_9' title='bbox 727 521 947 576; x_wconf 77' lang='lat' dir='ltr'><strong>Ecclesia</strong></span> <span class='ocrx_word' id='word_1_10' title='bbox 971 524 1313 578; x_wconf 70' lang='lat' dir='ltr'><strong>Alexandrina</strong></span> <span class='ocrx_word' id='word_1_11' title='bbox 1352 525 1605 592; x_wconf 75' lang='lat' dir='ltr'><strong>supplicat</strong></span> <span class='ocrx_word' id='word_1_12' title='bbox 1629 539 1648 577; x_wconf 90' lang='lat'><strong><em>:</em></strong></span> <span class='ocrx_word' id='word_1_13' title='bbox 1668 522 1916 592; x_wconf 76' lang='lat' dir='ltr'><strong>quidquid</strong></span> <span class='ocrx_word' id='word_1_14' title='bbox 1933 521 2140 575; x_wconf 74' lang='lat' dir='ltr'><strong>antehac</strong></span> 
     </span>
    </p>
   </div>
   <div class='ocr_carea' id='block_1_5' title="bbox 662 593 2140 664">
    <p class='ocr_par' dir='ltr' id='par_1_5' title="bbox 662 593 2140 664">
     <span class='ocr_line' id='line_1_5' title="bbox 662 593 2140 664; baseline -0.001 -21"><span class='ocrx_word' id='word_1_15' title='bbox 662 610 752 664; x_wconf 78' lang='lat' dir='ltr'><strong>pro</strong></span> <span class='ocrx_word' id='word_1_16' title='bbox 778 595 1064 664; x_wconf 76' lang='lat' dir='ltr'><strong>defensione</strong></span> <span class='ocrx_word' id='word_1_17' title='bbox 1082 596 1305 664; x_wconf 78' lang='lat' dir='ltr'><strong>ejusdem</strong></span> <span class='ocrx_word' id='word_1_18' title='bbox 1333 593 1569 664; x_wconf 67' lang='lat' dir='ltr'><strong>Erclesita</strong></span> <span class='ocrx_word' id='word_1_19' title='bbox 1590 594 1828 664; x_wconf 72' lang='lat' dir='ltr'><strong>dixitaut</strong></span> <span class='ocrx_word' id='word_1_20' title='bbox 1854 595 2140 664; x_wconf 72' lang='lat' dir='ltr'><strong>fecit,_cont-</strong></span> 
     </span>
    </p>
   </div>
   <div class='ocr_carea' id='block_1_6' title="bbox 663 660 2139 729">
    <p class='ocr_par' dir='ltr' id='par_1_6' title="bbox 663 660 2139 729">
     <span class='ocr_line' id='line_1_6' title="bbox 663 660 2139 729; baseline 0 -19"><span class='ocrx_word' id='word_1_21' title='bbox 663 660 928 724; x_wconf 71' lang='lat' dir='ltr'><strong>incusarat,</strong></span> <span class='ocrx_word' id='word_1_22' title='bbox 971 661 1022 715; x_wconf 73' lang='lat' dir='ltr'><strong>ut</strong></span> <span class='ocrx_word' id='word_1_23' title='bbox 1064 660 1382 729; x_wconf 80' lang='lat' dir='ltr'><strong>posteriorem</strong></span> <span class='ocrx_word' id='word_1_24' title='bbox 1423 661 1638 714; x_wconf 77' lang='lat' dir='ltr'><strong>Joannis</strong></span> <span class='ocrx_word' id='word_1_25' title='bbox 1672 660 2005 713; x_wconf 67' lang='lat' dir='ltr'><strong>Alexandrini</strong></span> <span class='ocrx_word' id='word_1_26' title='bbox 2033 661 2139 726; x_wconf 81' lang='lat' dir='ltr'><strong>epi-</strong></span> 
     </span>
    </p>
   </div>
   <div class='ocr_carea' id='block_1_7' title="bbox 662 730 2137 848">
    <p class='ocr_par' dir='ltr' id='par_1_7' title="bbox 662 730 2137 848">
     <span class='ocr_line' id='line_1_7' title="bbox 662 730 2137 848; baseline 0.002 -70"><span class='ocrx_word' id='word_1_27' title='bbox 662 732 798 848; x_wconf 50' lang='lat' dir='ltr'><strong>fi-op‘i</strong></span> <span class='ocrx_word' id='word_1_28' title='bbox 825 732 1135 800; x_wconf 79' lang='lat' dir='ltr'><strong>ejectionem,</strong></span> <span class='ocrx_word' id='word_1_29' title='bbox 1157 742 1201 785; x_wconf 67' lang='grc' dir='ltr'>ω</span> <span class='ocrx_word' id='word_1_30' title='bbox 1226 730 1360 784; x_wconf 82' lang='lat' dir='ltr'><strong>Petri</strong></span> <span class='ocrx_word' id='word_1_31' title='bbox 1380 730 1549 800; x_wconf 78' lang='lat' dir='ltr'><strong>Moggi</strong></span> <span class='ocrx_word' id='word_1_32' title='bbox 1578 730 1945 783; x_wconf 68' lang='lat' dir='ltr'><strong>restitutionem</strong></span> <span class='ocrx_word' id='word_1_33' title='bbox 1966 744 2137 796; x_wconf 84' lang='lat' dir='ltr'><strong>repre-</strong></span> 
     </span>
     <span class='ocr_line' id='line_1_8' title="bbox 678 809 984 848; baseline 0 0"><span class='ocrx_word' id='word_1_34' title='bbox 678 813 755 848; x_wconf 75' lang='lat' dir='ltr'><strong>ten</strong></span> <span class='ocrx_word' id='word_1_35' title='bbox 794 809 864 848; x_wconf 79' lang='lat' dir='ltr'><strong>at.</strong></span> <span class='ocrx_word' id='word_1_36' title='bbox 979 831 984 833; x_wconf 93' lang='lat'><strong><em>-</em></strong></span> 
     </span>
    </p>
   </div>
   <div class='ocr_carea' id='block_1_8' title="bbox 678 809 864 851">
    <p class='ocr_par' dir='ltr' id='par_1_8' title="bbox 678 809 864 851">
     <span class='ocr_line' id='line_1_9' title="bbox 678 809 864 851; baseline 0.016 -3"><span class='ocrx_word' id='word_1_37' title='bbox 678 809 864 851; x_wconf 76' lang='lat' dir='ltr'><strong>tendat.</strong></span> 
     </span>
    </p>
   </div>
   <div class='ocr_carea' id='block_1_9' title="bbox 666 923 2138 994">
    <p class='ocr_par' dir='ltr' id='par_1_9' title="bbox 666 923 2138 994">
     <span class='ocr_line' id='line_1_10' title="bbox 666 923 2138 994; baseline 0 -17"><span class='ocrx_word' id='word_1_38' title='bbox 666 925 847 994; x_wconf 86' lang='lat' dir='ltr'><strong>incipit</strong></span> <span class='ocrx_word' id='word_1_39' title='bbox 873 927 1108 993; x_wconf 72' lang='lat' dir='ltr'><strong>epistula:</strong></span> <span class='ocrx_word' id='word_1_40' title='bbox 1143 927 1440 994; x_wconf 71' lang='lat' dir='ltr'><strong>exemplum</strong></span> <span class='ocrx_word' id='word_1_41' title='bbox 1469 927 1752 980; x_wconf 70' lang='lat' dir='ltr'><strong>beatissimi</strong></span> <span class='ocrx_word' id='word_1_42' title='bbox 1786 923 2138 993; x_wconf 64' lang='lat' dir='ltr'><strong>paparFelieis</strong></span> 
     </span>
    </p>
   </div>
   <div class='ocr_carea' id='block_1_10' title="bbox 595 1016 2140 1085">
    <p class='ocr_par' dir='ltr' id='par_1_10' title="bbox 595 1016 2140 1085">
     <span class='ocr_line' id='line_1_11' title="bbox 595 1016 2140 1085; baseline 0.001 -17"><span class='ocrx_word' id='word_1_43' title='bbox 595 1016 741 1070; x_wconf 82' lang='lat' dir='ltr'><strong>urbis</strong></span> <span class='ocrx_word' id='word_1_44' title='bbox 769 1016 946 1070; x_wconf 78' lang='lat' dir='ltr'><strong>Roma:</strong></span> <span class='ocrx_word' id='word_1_45' title='bbox 998 1017 1059 1068; x_wconf 86' lang='lat' dir='ltr'><strong>ad</strong></span> <span class='ocrx_word' id='word_1_46' title='bbox 1103 1017 1365 1070; x_wconf 84' lang='lat' dir='ltr'><strong>Zenonem</strong></span> <span class='ocrx_word' id='word_1_47' title='bbox 1407 1018 1692 1085; x_wconf 80' lang='lat' dir='ltr'><strong>Augustum</strong></span> <span class='ocrx_word' id='word_1_48' title='bbox 1727 1032 1818 1084; x_wconf 87' lang='lat' dir='ltr'><strong>per</strong></span> <span class='ocrx_word' id='word_1_49' title='bbox 1844 1017 2062 1070; x_wconf 81' lang='lat' dir='ltr'><strong>Vitalem</strong></span> <span class='ocrx_word' id='word_1_50' title='bbox 2087 1024 2140 1072; x_wconf 89' lang='lat' dir='ltr'><strong>et</strong></span> 
     </span>
    </p>
   </div>
   <div class='ocr_carea' id='block_1_11' title="bbox 595 1105 1180 1171">
    <p class='ocr_par' dir='ltr' id='par_1_11' title="bbox 595 1105 1180 1171">
     <span class='ocr_line' id='line_1_12' title="bbox 595 1105 1180 1171; baseline -0.007 -11"><span class='ocrx_word' id='word_1_51' title='bbox 595 1106 852 1160; x_wconf 76' lang='lat' dir='ltr'><strong>Misenum</strong></span> <span class='ocrx_word' id='word_1_52' title='bbox 883 1105 1180 1171; x_wconf 64' lang='lat' dir='ltr'><strong>episcoiios.</strong></span> 
     </span>
    </p>
   </div>
   <div class='ocr_carea' id='block_1_12' title="bbox 665 1193 2139 1262">
    <p class='ocr_par' dir='ltr' id='par_1_12' title="bbox 665 1193 2139 1262">
     <span class='ocr_line' id='line_1_13' title="bbox 665 1193 2139 1262; baseline -0.001 -13"><span class='ocrx_word' id='word_1_53' title='bbox 665 1195 891 1249; x_wconf 82' lang='lat' dir='ltr'><strong>Deeebat</strong></span> <span class='ocrx_word' id='word_1_54' title='bbox 923 1195 1176 1262; x_wconf 88' lang='lat' dir='ltr'><strong>profecto,</strong></span> <span class='ocrx_word' id='word_1_55' title='bbox 1201 1193 1510 1247; x_wconf 71' lang='lat' dir='ltr'><strong>venerabilis</strong></span> <span class='ocrx_word' id='word_1_56' title='bbox 1539 1193 1844 1262; x_wconf 87' lang='lat' dir='ltr'><strong>imperator,</strong></span> <span class='ocrx_word' id='word_1_57' title='bbox 1875 1204 1990 1261; x_wconf 90' lang='lat' dir='ltr'><strong>post</strong></span> <span class='ocrx_word' id='word_1_58' title='bbox 2016 1209 2139 1248; x_wconf 82' lang='lat' dir='ltr'><strong>san-</strong></span> 
     </span>
    </p>
   </div>
   <div class='ocr_carea' id='block_1_13' title="bbox 591 1283 2134 1352">
    <p class='ocr_par' dir='ltr' id='par_1_13' title="bbox 591 1283 2134 1352">
     <span class='ocr_line' id='line_1_14' title="bbox 591 1283 2134 1352; baseline -0.001 -13"><span class='ocrx_word' id='word_1_59' title='bbox 591 1298 690 1340; x_wconf 77' lang='lat' dir='ltr'><strong>cta:</strong></span> <span class='ocrx_word' id='word_1_60' title='bbox 713 1284 982 1338; x_wconf 66' lang='lat' dir='ltr'><strong>memoriae</strong></span> <span class='ocrx_word' id='word_1_61' title='bbox 1028 1283 1317 1337; x_wconf 75' lang='lat' dir='ltr'><strong>decessoris</strong></span> <span class='ocrx_word' id='word_1_62' title='bbox 1365 1284 1464 1336; x_wconf 92' lang='lat' dir='ltr'><strong>mei</strong></span> <span class='ocrx_word' id='word_1_63' title='bbox 1515 1285 1811 1345; x_wconf 81' lang='lat' dir='ltr'><strong>transitum.</strong></span> <span class='ocrx_word' id='word_1_64' title='bbox 1866 1299 2054 1352; x_wconf 90' lang='lat' dir='ltr'><strong>meque</strong></span> <span class='ocrx_word' id='word_1_65' title='bbox 2083 1287 2134 1338; x_wconf 84' lang='lat' dir='ltr'><strong>in</strong></span> 
     </span>
    </p>
   </div>
   <div class='ocr_carea' id='block_1_14' title="bbox 583 1373 2137 1443">
    <p class='ocr_par' dir='ltr' id='par_1_14' title="bbox 583 1373 2137 1443">
     <span class='ocr_line' id='line_1_15' title="bbox 583 1373 2137 1443; baseline -0.001 -15"><span class='ocrx_word' id='word_1_66' title='bbox 583 1373 717 1442; x_wconf 31' lang='lat' dir='ltr'><strong>&#39;ejus,</strong></span> <span class='ocrx_word' id='word_1_67' title='bbox 737 1375 906 1427; x_wconf 90' lang='lat' dir='ltr'><strong>locum</strong></span> <span class='ocrx_word' id='word_1_68' title='bbox 933 1373 1104 1427; x_wconf 85' lang='lat' dir='ltr'><strong>divina</strong></span> <span class='ocrx_word' id='word_1_69' title='bbox 1143 1375 1305 1443; x_wconf 86' lang='lat' dir='ltr'><strong>gratia</strong></span> <span class='ocrx_word' id='word_1_70' title='bbox 1335 1373 1693 1440; x_wconf 72' lang='lat' dir='ltr'><strong>subrogatum,</strong></span> <span class='ocrx_word' id='word_1_71' title='bbox 1716 1376 2009 1428; x_wconf 67' lang='lat' dir='ltr'><strong>clementia</strong></span> <span class='ocrx_word' id='word_1_72' title='bbox 2035 1382 2137 1426; x_wconf 66' lang='lat' dir='ltr'><strong>tuas</strong></span> 
     </span>
    </p>
   </div>
   <div class='ocr_carea' id='block_1_15' title="bbox 595 1462 2134 1532">
    <p class='ocr_par' dir='ltr' id='par_1_15' title="bbox 595 1462 2134 1532">
     <span class='ocr_line' id='line_1_16' title="bbox 595 1462 2134 1532; baseline -0.001 -16"><span class='ocrx_word' id='word_1_73' title='bbox 595 1464 886 1516; x_wconf 85' lang='lat' dir='ltr'><strong>litterarum</strong></span> <span class='ocrx_word' id='word_1_74' title='bbox 934 1479 1120 1515; x_wconf 87' lang='lat' dir='ltr'><strong>munus</strong></span> <span class='ocrx_word' id='word_1_75' title='bbox 1152 1462 1341 1515; x_wconf 71' lang='lat' dir='ltr'><strong>offerre</strong></span> <span class='ocrx_word' id='word_1_76' title='bbox 1365 1478 1378 1514; x_wconf 90' lang='lat'><strong>:</strong></span> <span class='ocrx_word' id='word_1_77' title='bbox 1402 1462 1540 1532; x_wconf 89' lang='lat' dir='ltr'><strong>quod</strong></span> <span class='ocrx_word' id='word_1_78' title='bbox 1572 1463 1650 1515; x_wconf 92' lang='lat' dir='ltr'><strong>vel</strong></span> <span class='ocrx_word' id='word_1_79' title='bbox 1683 1475 1764 1526; x_wconf 62' lang='lat' dir='ltr'><strong>ea,</strong></span> <span class='ocrx_word' id='word_1_80' title='bbox 1798 1464 1932 1516; x_wconf 90' lang='lat' dir='ltr'><strong>sicut</strong></span> <span class='ocrx_word' id='word_1_81' title='bbox 1960 1477 2134 1516; x_wconf 88' lang='lat' dir='ltr'><strong>rerum</strong></span> 
     </span>
    </p>
   </div>
   <div class='ocr_carea' id='block_1_16' title="bbox 591 1552 2135 1624">
    <p class='ocr_par' dir='ltr' id='par_1_16' title="bbox 591 1552 2135 1624">
     <span class='ocr_line' id='line_1_17' title="bbox 591 1552 2135 1624; baseline -0.001 -18"><span class='ocrx_word' id='word_1_82' title='bbox 591 1555 842 1624; x_wconf 84' lang='lat' dir='ltr'><strong>poscebat</strong></span> <span class='ocrx_word' id='word_1_83' title='bbox 878 1556 1050 1619; x_wconf 90' lang='lat' dir='ltr'><strong>ratio,</strong></span> <span class='ocrx_word' id='word_1_84' title='bbox 1100 1556 1434 1618; x_wconf 72' lang='lat' dir='ltr'><strong>nuntiarem,</strong></span> <span class='ocrx_word' id='word_1_85' title='bbox 1486 1553 1567 1606; x_wconf 89' lang='lat' dir='ltr'><strong>vel</strong></span> <span class='ocrx_word' id='word_1_86' title='bbox 1615 1552 1960 1606; x_wconf 57' lang='lat' dir='ltr'><strong>officiositatis</strong></span> <span class='ocrx_word' id='word_1_87' title='bbox 2004 1567 2135 1606; x_wconf 70' lang='lat' dir='ltr'><strong>mete</strong></span> 
     </span>
    </p>
   </div>
   <div class='ocr_carea' id='block_1_17' title="bbox 592 1641 1253 1711">
    <p class='ocr_par' dir='ltr' id='par_1_17' title="bbox 592 1641 1253 1711">
     <span class='ocr_line' id='line_1_18' title="bbox 592 1641 1253 1711; baseline -0.003 -17"><span class='ocrx_word' id='word_1_88' title='bbox 592 1643 851 1711; x_wconf 71' lang='lat' dir='ltr'><strong>primitias</strong></span> <span class='ocrx_word' id='word_1_89' title='bbox 894 1641 1198 1696; x_wconf 79' lang='lat' dir='ltr'><strong>exhiberem</strong></span> <span class='ocrx_word' id='word_1_90' title='bbox 1241 1659 1253 1692; x_wconf 92' lang='lat'>:</span> 
     </span>
    </p>
   </div>
   <div class='ocr_carea' id='block_1_18' title="bbox 593 1726 2139 1799">
    <p class='ocr_par' dir='ltr' id='par_1_18' title="bbox 593 1726 2139 1799">
     <span class='ocr_line' id='line_1_19' title="bbox 593 1726 2139 1799; baseline -0.003 -15"><span class='ocrx_word' id='word_1_91' title='bbox 593 1732 750 1785; x_wconf 88' lang='lat' dir='ltr'><strong>etiam</strong></span> <span class='ocrx_word' id='word_1_92' title='bbox 792 1730 878 1784; x_wconf 88' lang='lat' dir='ltr'><strong>illa</strong></span> <span class='ocrx_word' id='word_1_93' title='bbox 926 1732 1120 1799; x_wconf 86' lang='lat' dir='ltr'><strong>pariter</strong></span> <span class='ocrx_word' id='word_1_94' title='bbox 1161 1739 1495 1783; x_wconf 90' lang='lat' dir='ltr'><strong>necterentur</strong></span> <span class='ocrx_word' id='word_1_95' title='bbox 1533 1743 1649 1796; x_wconf 69' lang='lat' dir='ltr'><strong>quas</strong></span> <span class='ocrx_word' id='word_1_96' title='bbox 1678 1727 1744 1780; x_wconf 81' lang='lat' dir='ltr'><strong>ad</strong></span> <span class='ocrx_word' id='word_1_97' title='bbox 1773 1729 1933 1780; x_wconf 80' lang='lat' dir='ltr'><strong>vestri</strong></span> <span class='ocrx_word' id='word_1_98' title='bbox 1963 1726 2139 1782; x_wconf 89' lang='lat' dir='ltr'><strong>muni-</strong></span> 
     </span>
    </p>
   </div>
   <div class='ocr_carea' id='block_1_19' title="bbox 593 1816 2138 1888">
    <p class='ocr_par' dir='ltr' id='par_1_19' title="bbox 593 1816 2138 1888">
     <span class='ocr_line' id='line_1_20' title="bbox 593 1816 2138 1888; baseline -0.001 -16"><span class='ocrx_word' id='word_1_99' title='bbox 593 1834 714 1874; x_wconf 88' lang='lat' dir='ltr'><strong>men</strong></span> <span class='ocrx_word' id='word_1_100' title='bbox 744 1819 991 1887; x_wconf 84' lang='lat' dir='ltr'><strong>imperii,</strong></span> <span class='ocrx_word' id='word_1_101' title='bbox 1043 1819 1506 1888; x_wconf 86' lang='lat' dir='ltr'><strong>prosperitatisque</strong></span> <span class='ocrx_word' id='word_1_102' title='bbox 1533 1818 1647 1885; x_wconf 90' lang='lat' dir='ltr'><strong>ejus</strong></span> <span class='ocrx_word' id='word_1_103' title='bbox 1690 1816 1934 1886; x_wconf 76' lang='lat' dir='ltr'><strong>suffragia</strong></span> <span class='ocrx_word' id='word_1_104' title='bbox 1966 1818 2138 1885; x_wconf 78' lang='lat' dir='ltr'><strong>perti-</strong></span> 
     </span>
    </p>
   </div>
   <div class='ocr_carea' id='block_1_20' title="bbox 592 1907 2135 1978">
    <p class='ocr_par' dir='ltr' id='par_1_20' title="bbox 592 1907 2135 1978">
     <span class='ocr_line' id='line_1_21' title="bbox 592 1907 2135 1978; baseline -0.003 -13"><span class='ocrx_word' id='word_1_105' title='bbox 592 1919 805 1974; x_wconf 89' lang='lat' dir='ltr'><strong>nerent;</strong></span> <span class='ocrx_word' id='word_1_106' title='bbox 845 1918 1143 1978; x_wconf 77' lang='lat' dir='ltr'><strong>quantoque</strong></span> <span class='ocrx_word' id='word_1_107' title='bbox 1187 1921 1365 1964; x_wconf 88' lang='lat' dir='ltr'><strong>essent</strong></span> <span class='ocrx_word' id='word_1_108' title='bbox 1407 1908 1580 1963; x_wconf 88' lang='lat' dir='ltr'><strong>studio</strong></span> <span class='ocrx_word' id='word_1_109' title='bbox 1640 1907 1839 1974; x_wconf 78' lang='lat' dir='ltr'><strong>majme</strong></span> <span class='ocrx_word' id='word_1_110' title='bbox 1872 1907 2135 1970; x_wconf 80' lang='lat' dir='ltr'><strong>curanda,</strong></span> 
     </span>
    </p>
   </div>
   <div class='ocr_carea' id='block_1_21' title="bbox 591 1982 2138 2068">
    <p class='ocr_par' dir='ltr' id='par_1_21' title="bbox 591 1982 2138 2068">
     <span class='ocr_line' id='line_1_22' title="bbox 591 1982 2138 2068; baseline -0.003 -15"><span class='ocrx_word' id='word_1_111' title='bbox 591 2007 740 2053; x_wconf 87' lang='lat' dir='ltr'><strong>tanto</strong></span> <span class='ocrx_word' id='word_1_112' title='bbox 797 1997 1120 2068; x_wconf 71' lang='lat' dir='ltr'><strong>dignioribus</strong></span> <span class='ocrx_word' id='word_1_113' title='bbox 1164 1999 1500 2052; x_wconf 81' lang='lat' dir='ltr'><strong>internuntiis</strong></span> <span class='ocrx_word' id='word_1_114' title='bbox 1542 1982 1907 2064; x_wconf 80' lang='lat' dir='ltr'><strong>explerentur.</strong></span> <span class='ocrx_word' id='word_1_115' title='bbox 1960 1995 2138 2064; x_wconf 86' lang='lat' dir='ltr'><strong>Itaque</strong></span> 
     </span>
    </p>
   </div>
   <div class='ocr_carea' id='block_1_22' title="bbox 593 2083 2139 2150">
    <p class='ocr_par' dir='ltr' id='par_1_22' title="bbox 593 2083 2139 2150">
     <span class='ocr_line' id='line_1_23' title="bbox 593 2083 2139 2150; baseline -0.002 -10"><span class='ocrx_word' id='word_1_116' title='bbox 593 2087 913 2141; x_wconf 81' lang='lat' dir='ltr'><strong>conveniens</strong></span> <span class='ocrx_word' id='word_1_117' title='bbox 942 2085 1038 2140; x_wconf 89' lang='lat' dir='ltr'><strong>fuit</strong></span> <span class='ocrx_word' id='word_1_118' title='bbox 1066 2096 1120 2138; x_wconf 89' lang='lat' dir='ltr'><strong>ut</strong></span> <span class='ocrx_word' id='word_1_119' title='bbox 1139 2085 1325 2139; x_wconf 80' lang='lat' dir='ltr'><strong>Vitalis</strong></span> <span class='ocrx_word' id='word_1_120' title='bbox 1355 2096 1408 2140; x_wconf 88' lang='lat' dir='ltr'><strong>et</strong></span> <span class='ocrx_word' id='word_1_121' title='bbox 1430 2085 1614 2139; x_wconf 82' lang='lat' dir='ltr'><strong>Miseni</strong></span> <span class='ocrx_word' id='word_1_122' title='bbox 1646 2083 1861 2137; x_wconf 81' lang='lat' dir='ltr'><strong>fratrum</strong></span> <span class='ocrx_word' id='word_1_123' title='bbox 1886 2092 1938 2138; x_wconf 91' lang='lat' dir='ltr'><strong>et</strong></span> <span class='ocrx_word' id='word_1_124' title='bbox 1962 2085 2139 2150; x_wconf 87' lang='lat' dir='ltr'><strong>coepi-</strong></span> 
     </span>
    </p>
   </div>
   <div class='ocr_carea' id='block_1_23' title="bbox 591 2171 2137 2243">
    <p class='ocr_par' dir='ltr' id='par_1_23' title="bbox 591 2171 2137 2243">
     <span class='ocr_line' id='line_1_24' title="bbox 591 2171 2137 2243; baseline -0.002 -13"><span class='ocrx_word' id='word_1_125' title='bbox 591 2189 871 2243; x_wconf 83' lang='lat' dir='ltr'><strong>sc0poruni</strong></span> <span class='ocrx_word' id='word_1_126' title='bbox 897 2189 1155 2239; x_wconf 86' lang='lat' dir='ltr'><strong>meorum,</strong></span> <span class='ocrx_word' id='word_1_127' title='bbox 1180 2185 1233 2229; x_wconf 90' lang='lat' dir='ltr'><strong>et</strong></span> <span class='ocrx_word' id='word_1_128' title='bbox 1271 2175 1450 2228; x_wconf 80' lang='lat' dir='ltr'><strong>famuli</strong></span> <span class='ocrx_word' id='word_1_129' title='bbox 1481 2175 1636 2229; x_wconf 78' lang='lat' dir='ltr'><strong>vestri</strong></span> <span class='ocrx_word' id='word_1_130' title='bbox 1669 2171 1860 2228; x_wconf 80' lang='lat' dir='ltr'><strong>Felicis</strong></span> <span class='ocrx_word' id='word_1_131' title='bbox 1890 2173 2137 2227; x_wconf 70' lang='lat' dir='ltr'><strong>Ecclesiae</strong></span> 
     </span>
    </p>
   </div>
   <div class='ocr_carea' id='block_1_24' title="bbox 589 2265 2132 2334">
    <p class='ocr_par' dir='ltr' id='par_1_24' title="bbox 589 2265 2132 2334">
     <span class='ocr_line' id='line_1_25' title="bbox 589 2265 2132 2334; baseline -0.005 -11"><span class='ocrx_word' id='word_1_132' title='bbox 589 2265 876 2324; x_wconf 78' lang='lat' dir='ltr'><strong>defensoris</strong></span> <span class='ocrx_word' id='word_1_133' title='bbox 905 2267 969 2328; x_wconf 78' lang='lat' dir='ltr'><strong>ad</strong></span> <span class='ocrx_word' id='word_1_134' title='bbox 993 2282 1086 2321; x_wconf 89' lang='lat' dir='ltr'><strong>vos</strong></span> <span class='ocrx_word' id='word_1_135' title='bbox 1113 2269 1462 2322; x_wconf 72' lang='lat' dir='ltr'><strong>necessariam</strong></span> <span class='ocrx_word' id='word_1_136' title='bbox 1500 2267 1814 2334; x_wconf 76' lang='lat' dir='ltr'><strong>legationem</strong></span> <span class='ocrx_word' id='word_1_137' title='bbox 1845 2267 2132 2328; x_wconf 85' lang='lat' dir='ltr'><strong>mitterem,</strong></span> 
     </span>
    </p>
   </div>
   <div class='ocr_carea' id='block_1_25' title="bbox 587 2354 2138 2427">
    <p class='ocr_par' dir='ltr' id='par_1_25' title="bbox 587 2354 2138 2427">
     <span class='ocr_line' id='line_1_26' title="bbox 587 2354 2138 2427; baseline -0.003 -16"><span class='ocrx_word' id='word_1_138' title='bbox 587 2358 679 2427; x_wconf 90' lang='lat' dir='ltr'><strong>qui</strong></span> <span class='ocrx_word' id='word_1_139' title='bbox 709 2372 812 2411; x_wconf 91' lang='lat' dir='ltr'><strong>non</strong></span> <span class='ocrx_word' id='word_1_140' title='bbox 842 2366 948 2412; x_wconf 88' lang='lat' dir='ltr'><strong>tam</strong></span> <span class='ocrx_word' id='word_1_141' title='bbox 979 2357 1138 2425; x_wconf 74' lang='lat' dir='ltr'><strong>bojuli</strong></span> <span class='ocrx_word' id='word_1_142' title='bbox 1156 2357 1332 2425; x_wconf 86' lang='lat' dir='ltr'><strong>specie</strong></span> <span class='ocrx_word' id='word_1_143' title='bbox 1355 2357 1451 2408; x_wconf 89' lang='lat' dir='ltr'><strong>ista</strong></span> <span class='ocrx_word' id='word_1_144' title='bbox 1476 2354 1761 2418; x_wconf 87' lang='lat' dir='ltr'><strong>deferrent,</strong></span> <span class='ocrx_word' id='word_1_145' title='bbox 1785 2369 1939 2421; x_wconf 88' lang='lat' dir='ltr'><strong>quam</strong></span> <span class='ocrx_word' id='word_1_146' title='bbox 1966 2366 2138 2408; x_wconf 86' lang='lat' dir='ltr'><strong>meam</strong></span> 
     </span>
    </p>
   </div>
   <div class='ocr_carea' id='block_1_26' title="bbox 589 2444 2139 2515">
    <p class='ocr_par' dir='ltr' id='par_1_26' title="bbox 589 2444 2139 2515">
     <span class='ocr_line' id='line_1_27' title="bbox 589 2444 2139 2515; baseline -0.001 -14"><span class='ocrx_word' id='word_1_147' title='bbox 589 2448 757 2502; x_wconf 80' lang='lat' dir='ltr'><strong>vicem</strong></span> <span class='ocrx_word' id='word_1_148' title='bbox 785 2456 1093 2515; x_wconf 87' lang='lat' dir='ltr'><strong>peragentes</strong></span> <span class='ocrx_word' id='word_1_149' title='bbox 1117 2489 1134 2513; x_wconf 92' lang='lat'><strong>,</strong></span> <span class='ocrx_word' id='word_1_150' title='bbox 1165 2461 1252 2500; x_wconf 84' lang='lat' dir='ltr'><strong>me</strong></span> <span class='ocrx_word' id='word_1_151' title='bbox 1295 2444 1683 2514; x_wconf 87' lang='lat' dir='ltr'><strong>quodammodo</strong></span> <span class='ocrx_word' id='word_1_152' title='bbox 1712 2447 1860 2497; x_wconf 81' lang='lat' dir='ltr'><strong>vobis</strong></span> <span class='ocrx_word' id='word_1_153' title='bbox 1906 2445 2139 2500; x_wconf 76' lang='lat' dir='ltr'><strong>facerent</strong></span> 
     </span>
    </p>
   </div>
   <div class='ocr_carea' id='block_1_27' title="bbox 590 2533 2139 2602">
    <p class='ocr_par' dir='ltr' id='par_1_27' title="bbox 590 2533 2139 2602">
     <span class='ocr_line' id='line_1_28' title="bbox 590 2533 2139 2602; baseline 0 -13"><span class='ocrx_word' id='word_1_154' title='bbox 590 2549 710 2589; x_wconf 85' lang='lat' dir='ltr'><strong>esse</strong></span> <span class='ocrx_word' id='word_1_155' title='bbox 740 2544 1073 2600; x_wconf 67' lang='lat' dir='ltr'><strong>praesentem.</strong></span> <span class='ocrx_word' id='word_1_156' title='bbox 1109 2534 1207 2588; x_wconf 90' lang='lat' dir='ltr'><strong>Per</strong></span> <span class='ocrx_word' id='word_1_157' title='bbox 1235 2534 1369 2586; x_wconf 86' lang='lat' dir='ltr'><strong>hanc</strong></span> <span class='ocrx_word' id='word_1_158' title='bbox 1396 2534 1572 2602; x_wconf 79' lang='lat' dir='ltr'><strong>igitur,</strong></span> <span class='ocrx_word' id='word_1_159' title='bbox 1609 2534 1752 2586; x_wconf 84' lang='lat' dir='ltr'><strong>velut</strong></span> <span class='ocrx_word' id='word_1_160' title='bbox 1775 2533 2013 2588; x_wconf 85' lang='lat' dir='ltr'><strong>cominus</strong></span> <span class='ocrx_word' id='word_1_161' title='bbox 2042 2536 2139 2590; x_wconf 90' lang='lat' dir='ltr'><strong>ho-</strong></span> 
     </span>
    </p>
   </div>
   <div class='ocr_carea' id='block_1_28' title="bbox 591 2609 2139 2695">
    <p class='ocr_par' dir='ltr' id='par_1_28' title="bbox 591 2609 2139 2695">
     <span class='ocr_line' id='line_1_29' title="bbox 591 2609 2139 2695; baseline -0.001 -15"><span class='ocrx_word' id='word_1_162' title='bbox 591 2625 935 2681; x_wconf 71' lang='lat' dir='ltr'><strong>noriﬁcentia:</strong></span> <span class='ocrx_word' id='word_1_163' title='bbox 979 2635 1081 2680; x_wconf 70' lang='lat' dir='ltr'><strong>tute</strong></span> <span class='ocrx_word' id='word_1_164' title='bbox 1119 2609 1331 2695; x_wconf 86' lang='lat' dir='ltr'><strong>junctus</strong></span> <span class='ocrx_word' id='word_1_165' title='bbox 1372 2626 1648 2695; x_wconf 86' lang='lat' dir='ltr'><strong>colloquiis</strong></span> <span class='ocrx_word' id='word_1_166' title='bbox 1675 2666 1691 2691; x_wconf 93' lang='lat'><strong>,</strong></span> <span class='ocrx_word' id='word_1_167' title='bbox 1723 2641 1912 2694; x_wconf 80' lang='lat' dir='ltr'><strong>precor</strong></span> <span class='ocrx_word' id='word_1_168' title='bbox 1938 2637 1994 2678; x_wconf 90' lang='lat' dir='ltr'><strong>ut</strong></span> <span class='ocrx_word' id='word_1_169' title='bbox 2015 2639 2139 2694; x_wconf 84' lang='lat' dir='ltr'><strong>sup-</strong></span> 
     </span>
    </p>
   </div>
   <div class='ocr_carea' id='block_1_29' title="bbox 591 2715 2137 2786">
    <p class='ocr_par' dir='ltr' id='par_1_29' title="bbox 591 2715 2137 2786">
     <span class='ocr_line' id='line_1_30' title="bbox 591 2715 2137 2786; baseline -0.001 -16"><span class='ocrx_word' id='word_1_170' title='bbox 591 2718 924 2785; x_wconf 88' lang='lat' dir='ltr'><strong>plicationem</strong></span> <span class='ocrx_word' id='word_1_171' title='bbox 972 2731 1140 2783; x_wconf 83' lang='lat' dir='ltr'><strong>meam</strong></span> <span class='ocrx_word' id='word_1_172' title='bbox 1185 2716 1423 2786; x_wconf 89' lang='lat' dir='ltr'><strong>benignis</strong></span> <span class='ocrx_word' id='word_1_173' title='bbox 1469 2715 1704 2781; x_wconf 83' lang='lat' dir='ltr'><strong>auribus,</strong></span> <span class='ocrx_word' id='word_1_174' title='bbox 1734 2717 1870 2770; x_wconf 87' lang='lat' dir='ltr'><strong>sicut</strong></span> <span class='ocrx_word' id='word_1_175' title='bbox 1898 2715 2137 2786; x_wconf 81' lang='lat' dir='ltr'><strong>princeps</strong></span> 
     </span>
    </p>
   </div>
   <div class='ocr_carea' id='block_1_30' title="bbox 559 2807 2137 2877">
    <p class='ocr_par' dir='ltr' id='par_1_30' title="bbox 559 2807 2137 2877">
     <span class='ocr_line' id='line_1_31' title="bbox 559 2807 2137 2877; baseline -0.003 -12"><span class='ocrx_word' id='word_1_176' title='bbox 559 2807 941 2875; x_wconf 83' lang='lat' dir='ltr'><strong>.Cbristianus,</strong></span> <span class='ocrx_word' id='word_1_177' title='bbox 971 2809 1216 2877; x_wconf 84' lang='lat' dir='ltr'><strong>accipias.</strong></span> <span class='ocrx_word' id='word_1_178' title='bbox 1241 2808 1348 2863; x_wconf 78' lang='lat' dir='ltr'><strong>Nec</strong></span> <span class='ocrx_word' id='word_1_179' title='bbox 1372 2809 1633 2862; x_wconf 81' lang='lat' dir='ltr'><strong>existimet</strong></span> <span class='ocrx_word' id='word_1_180' title='bbox 1664 2809 1830 2877; x_wconf 87' lang='lat' dir='ltr'><strong>pietas</strong></span> <span class='ocrx_word' id='word_1_181' title='bbox 1859 2818 1967 2874; x_wconf 86' lang='lat' dir='ltr'><strong>tua,</strong></span> <span class='ocrx_word' id='word_1_182' title='bbox 1999 2807 2137 2876; x_wconf 89' lang='lat' dir='ltr'><strong>quod</strong></span> 
     </span>
    </p>
   </div>
   <div class='ocr_carea' id='block_1_31' title="bbox 590 2897 2138 2966">
    <p class='ocr_par' dir='ltr' id='par_1_31' title="bbox 590 2897 2138 2966">
     <span class='ocr_line' id='line_1_32' title="bbox 590 2897 2138 2966; baseline 0 -16"><span class='ocrx_word' id='word_1_183' title='bbox 590 2898 865 2966; x_wconf 78' lang='lat' dir='ltr'><strong>quisquam</strong></span> <span class='ocrx_word' id='word_1_184' title='bbox 891 2898 1054 2966; x_wconf 85' lang='lat' dir='ltr'><strong>magis</strong></span> <span class='ocrx_word' id='word_1_185' title='bbox 1081 2900 1285 2952; x_wconf 88' lang='lat' dir='ltr'><strong>sincera</strong></span> <span class='ocrx_word' id='word_1_186' title='bbox 1307 2907 1477 2952; x_wconf 84' lang='lat' dir='ltr'><strong>mente</strong></span> <span class='ocrx_word' id='word_1_187' title='bbox 1500 2905 1550 2951; x_wconf 81' lang='lat' dir='ltr'><strong>te</strong></span> <span class='ocrx_word' id='word_1_188' title='bbox 1570 2897 1770 2966; x_wconf 77' lang='lat' dir='ltr'><strong>diligat,</strong></span> <span class='ocrx_word' id='word_1_189' title='bbox 1798 2911 1950 2964; x_wconf 87' lang='lat' dir='ltr'><strong>quam</strong></span> <span class='ocrx_word' id='word_1_190' title='bbox 1971 2897 2056 2965; x_wconf 90' lang='lat' dir='ltr'><strong>qui</strong></span> <span class='ocrx_word' id='word_1_191' title='bbox 2087 2907 2138 2951; x_wconf 86' lang='lat' dir='ltr'><strong>te</strong></span> 
     </span>
    </p>
   </div>
   <div class='ocr_carea' id='block_1_32' title="bbox 593 2975 3799 3062">
    <p class='ocr_par' dir='ltr' id='par_1_32' title="bbox 593 2975 3799 3062">
     <span class='ocr_line' id='line_1_33' title="bbox 593 2975 3799 3062; baseline 0.001 -20"><span class='ocrx_word' id='word_1_192' title='bbox 593 3003 776 3057; x_wconf 86' lang='lat' dir='ltr'><strong>pacem</strong></span> <span class='ocrx_word' id='word_1_193' title='bbox 815 2989 865 3040; x_wconf 92' lang='lat' dir='ltr'><strong>in</strong></span> <span class='ocrx_word' id='word_1_194' title='bbox 898 2988 1004 3042; x_wconf 91' lang='lat' dir='ltr'><strong>Deo</strong></span> <span class='ocrx_word' id='word_1_195' title='bbox 1031 2990 1141 3041; x_wconf 90' lang='lat' dir='ltr'><strong>vult</strong></span> <span class='ocrx_word' id='word_1_196' title='bbox 1178 2989 1370 3043; x_wconf 88' lang='lat' dir='ltr'><strong>habere</strong></span> <span class='ocrx_word' id='word_1_197' title='bbox 1400 2998 1700 3057; x_wconf 87' lang='lat' dir='ltr'><strong>perpetuam</strong></span> <span class='ocrx_word' id='word_1_198' title='bbox 1726 3006 1741 3040; x_wconf 93' lang='lat'><strong>:</strong></span> <span class='ocrx_word' id='word_1_199' title='bbox 1766 2988 1977 3058; x_wconf 81' lang='lat' dir='ltr'><strong>quando</strong></span> <span class='ocrx_word' id='word_1_200' title='bbox 2015 2988 2134 3042; x_wconf 83' lang='lat' dir='ltr'><strong>fidei</strong></span> <span class='ocrx_word' id='word_1_201' title='bbox 2162 2975 2205 3036; x_wconf 89' lang='lat' dir='ltr'><strong>C</strong></span> <span class='ocrx_word' id='word_1_202' title='bbox 2236 2989 2383 3044; x_wconf 87' lang='lat' dir='ltr'><strong>sione</strong></span> <span class='ocrx_word' id='word_1_203' title='bbox 2413 3000 2650 3055; x_wconf 86' lang='lat' dir='ltr'><strong>reparata</strong></span> <span class='ocrx_word' id='word_1_204' title='bbox 2685 3004 2695 3040; x_wconf 94' lang='lat'>:</span> <span class='ocrx_word' id='word_1_205' title='bbox 2733 2995 2788 3039; x_wconf 92' lang='lat' dir='ltr'><strong>ut</strong></span> <span class='ocrx_word' id='word_1_206' title='bbox 2813 2987 2884 3041; x_wconf 91' lang='lat' dir='ltr'><strong>illi</strong></span> <span class='ocrx_word' id='word_1_207' title='bbox 2911 2999 3092 3043; x_wconf 69' lang='lat' dir='ltr'><strong>contra</strong></span> <span class='ocrx_word' id='word_1_208' title='bbox 3119 2989 3570 3048; x_wconf 79' lang='lat' dir='ltr'><strong>Chalcedonensis</strong></span> <span class='ocrx_word' id='word_1_209' title='bbox 3593 2989 3746 3062; x_wconf 78' lang='lat' dir='ltr'><strong>synodi</strong></span> 
     </span>
    </p>
   </div>
   <div class='ocr_carea' id='block_1_33' title="bbox 522 3077 2137 3147">
    <p class='ocr_par' dir='ltr' id='par_1_33' title="bbox 522 3077 2137 3147">
     <span class='ocr_line' id='line_1_34' title="bbox 522 3077 2137 3147; baseline -0.001 -15"><span class='ocrx_word' id='word_1_210' title='bbox 522 3116 528 3122; x_wconf 61' lang='grc' dir='ltr'><strong><em>η</em></strong></span> <span class='ocrx_word' id='word_1_211' title='bbox 593 3086 768 3132; x_wconf 91' lang='lat' dir='ltr'><strong>mente</strong></span> <span class='ocrx_word' id='word_1_212' title='bbox 794 3091 895 3129; x_wconf 91' lang='lat' dir='ltr'><strong>non</strong></span> <span class='ocrx_word' id='word_1_213' title='bbox 920 3077 1172 3146; x_wconf 76' lang='lat' dir='ltr'><strong>ambigas,</strong></span> <span class='ocrx_word' id='word_1_214' title='bbox 1203 3089 1256 3131; x_wconf 91' lang='lat' dir='ltr'><strong>et</strong></span> <span class='ocrx_word' id='word_1_215' title='bbox 1284 3079 1584 3147; x_wconf 85' lang='lat' dir='ltr'><strong>temporalis</strong></span> <span class='ocrx_word' id='word_1_216' title='bbox 1626 3079 1871 3138; x_wconf 86' lang='lat' dir='ltr'><strong>culminis</strong></span> <span class='ocrx_word' id='word_1_217' title='bbox 1907 3087 2137 3147; x_wconf 87' lang='lat' dir='ltr'><strong>potesta-</strong></span> 
     </span>
    </p>
   </div>
   <div class='ocr_carea' id='block_1_34' title="bbox 595 3166 2141 3236">
    <p class='ocr_par' dir='ltr' id='par_1_34' title="bbox 595 3166 2141 3236">
     <span class='ocr_line' id='line_1_35' title="bbox 595 3166 2141 3236; baseline 0.001 -16"><span class='ocrx_word' id='word_1_218' title='bbox 595 3178 701 3222; x_wconf 91' lang='lat' dir='ltr'><strong>tem</strong></span> <span class='ocrx_word' id='word_1_219' title='bbox 750 3176 804 3220; x_wconf 93' lang='lat' dir='ltr'><strong>et</strong></span> <span class='ocrx_word' id='word_1_220' title='bbox 843 3174 1052 3226; x_wconf 70' lang='lat' dir='ltr'><strong>aeterna:</strong></span> <span class='ocrx_word' id='word_1_221' title='bbox 1099 3168 1217 3221; x_wconf 76' lang='lat' dir='ltr'><strong>vitae</strong></span> <span class='ocrx_word' id='word_1_222' title='bbox 1245 3166 1559 3222; x_wconf 82' lang='lat' dir='ltr'><strong>commercia</strong></span> <span class='ocrx_word' id='word_1_223' title='bbox 1590 3166 1659 3220; x_wconf 91' lang='lat' dir='ltr'><strong>de</strong></span> <span class='ocrx_word' id='word_1_224' title='bbox 1689 3181 1916 3235; x_wconf 84' lang='lat' dir='ltr'><strong>superna</strong></span> <span class='ocrx_word' id='word_1_225' title='bbox 1964 3168 2141 3236; x_wconf 78' lang='lat' dir='ltr'><strong>propi-</strong></span> 
     </span>
    </p>
   </div>
   <div class='ocr_carea' id='block_1_35' title="bbox 597 3255 1589 3322">
    <p class='ocr_par' dir='ltr' id='par_1_35' title="bbox 597 3255 1589 3322">
     <span class='ocr_line' id='line_1_36' title="bbox 597 3255 1589 3322; baseline 0.003 -14"><span class='ocrx_word' id='word_1_226' title='bbox 597 3255 811 3308; x_wconf 86' lang='lat' dir='ltr'><strong>tiatione</strong></span> <span class='ocrx_word' id='word_1_227' title='bbox 838 3255 1088 3322; x_wconf 87' lang='lat' dir='ltr'><strong>pendere.</strong></span> <span class='ocrx_word' id='word_1_228' title='bbox 1586 3310 1589 3311; x_wconf 30' lang='grc' dir='ltr'><em>ν</em></span> 
     </span>
    </p>
   </div>
   <div class='ocr_carea' id='block_1_36' title="bbox 664 3345 2140 3416">
    <p class='ocr_par' dir='ltr' id='par_1_36' title="bbox 664 3345 2140 3416">
     <span class='ocr_line' id='line_1_37' title="bbox 664 3345 2140 3416; baseline -0.001 -15"><span class='ocrx_word' id='word_1_229' title='bbox 664 3349 801 3402; x_wconf 84' lang='lat' dir='ltr'><strong>Ecce</strong></span> <span class='ocrx_word' id='word_1_230' title='bbox 838 3348 1035 3414; x_wconf 82' lang='lat' dir='ltr'><strong>jamdiu</strong></span> <span class='ocrx_word' id='word_1_231' title='bbox 1075 3357 1156 3400; x_wconf 83' lang='lat' dir='ltr'><strong>est</strong></span> <span class='ocrx_word' id='word_1_232' title='bbox 1182 3348 1320 3412; x_wconf 87' lang='lat' dir='ltr'><strong>quod</strong></span> <span class='ocrx_word' id='word_1_233' title='bbox 1370 3347 1510 3401; x_wconf 85' lang='lat' dir='ltr'><strong>beati</strong></span> <span class='ocrx_word' id='word_1_234' title='bbox 1546 3346 1771 3416; x_wconf 87' lang='lat' dir='ltr'><strong>apostoli</strong></span> <span class='ocrx_word' id='word_1_235' title='bbox 1800 3345 1975 3409; x_wconf 85' lang='lat' dir='ltr'><strong>sedes,</strong></span> <span class='ocrx_word' id='word_1_236' title='bbox 2007 3345 2140 3399; x_wconf 87' lang='lat' dir='ltr'><strong>datis</strong></span> 
     </span>
    </p>
   </div>
   <div class='ocr_carea' id='block_1_37' title="bbox 597 3433 2142 3502">
    <p class='ocr_par' dir='ltr' id='par_1_37' title="bbox 597 3433 2142 3502">
     <span class='ocr_line' id='line_1_38' title="bbox 597 3433 2142 3502; baseline -0.002 -15"><span class='ocrx_word' id='word_1_237' title='bbox 597 3450 688 3502; x_wconf 87' lang='lat' dir='ltr'><strong>per</strong></span> <span class='ocrx_word' id='word_1_238' title='bbox 732 3435 895 3486; x_wconf 73' lang='lat' dir='ltr'><strong>beatae</strong></span> <span class='ocrx_word' id='word_1_239' title='bbox 925 3438 1191 3487; x_wconf 74' lang='lat' dir='ltr'><strong>nietnoriae</strong></span> <span class='ocrx_word' id='word_1_240' title='bbox 1219 3436 1548 3488; x_wconf 86' lang='lat' dir='ltr'><strong>decessoretn</strong></span> <span class='ocrx_word' id='word_1_241' title='bbox 1579 3449 1748 3486; x_wconf 86' lang='lat' dir='ltr'><strong>meum</strong></span> <span class='ocrx_word' id='word_1_242' title='bbox 1794 3434 1858 3485; x_wconf 87' lang='lat' dir='ltr'><strong>ad</strong></span> <span class='ocrx_word' id='word_1_243' title='bbox 1887 3433 2142 3485; x_wconf 86' lang='lat' dir='ltr'><strong>serenita-</strong></span> 
     </span>
    </p>
   </div>
   <div class='ocr_carea' id='block_1_38' title="bbox 596 3523 2142 3590">
    <p class='ocr_par' dir='ltr' id='par_1_38' title="bbox 596 3523 2142 3590">
     <span class='ocr_line' id='line_1_39' title="bbox 596 3523 2142 3590; baseline -0.001 -14"><span class='ocrx_word' id='word_1_244' title='bbox 596 3534 700 3576; x_wconf 74' lang='lat' dir='ltr'><strong>tem</strong></span> <span class='ocrx_word' id='word_1_245' title='bbox 744 3534 886 3576; x_wconf 82' lang='lat' dir='ltr'><strong>tuam</strong></span> <span class='ocrx_word' id='word_1_246' title='bbox 917 3523 1122 3586; x_wconf 83' lang='lat' dir='ltr'><strong>litteris,</strong></span> <span class='ocrx_word' id='word_1_247' title='bbox 1153 3533 1492 3588; x_wconf 74' lang='lat' dir='ltr'><strong>exspectans,</strong></span> <span class='ocrx_word' id='word_1_248' title='bbox 1519 3533 1571 3575; x_wconf 90' lang='lat' dir='ltr'><strong>et</strong></span> <span class='ocrx_word' id='word_1_249' title='bbox 1596 3523 1790 3574; x_wconf 90' lang='lat' dir='ltr'><strong>nullum</strong></span> <span class='ocrx_word' id='word_1_250' title='bbox 1823 3523 2021 3589; x_wconf 87' lang='lat' dir='ltr'><strong>recepit</strong></span> <span class='ocrx_word' id='word_1_251' title='bbox 2049 3537 2142 3590; x_wconf 89' lang='lat' dir='ltr'><strong>pro</strong></span> 
     </span>
    </p>
   </div>
   <div class='ocr_carea' id='block_1_39' title="bbox 593 3608 2136 3682">
    <p class='ocr_par' dir='ltr' id='par_1_39' title="bbox 593 3608 2136 3682">
     <span class='ocr_line' id='line_1_40' title="bbox 593 3608 2136 3682; baseline -0.002 -17"><span class='ocrx_word' id='word_1_252' title='bbox 593 3612 847 3665; x_wconf 85' lang='lat' dir='ltr'><strong>catholica</strong></span> <span class='ocrx_word' id='word_1_253' title='bbox 881 3610 1001 3673; x_wconf 82' lang='lat' dir='ltr'><strong>fide.</strong></span> <span class='ocrx_word' id='word_1_254' title='bbox 1019 3625 1114 3680; x_wconf 90' lang='lat' dir='ltr'><strong>pro</strong></span> <span class='ocrx_word' id='word_1_255' title='bbox 1138 3613 1151 3642; x_wconf 82' lang='lat'>‘</span> <span class='ocrx_word' id='word_1_256' title='bbox 1175 3611 1583 3665; x_wconf 74' lang='lat' dir='ltr'><strong>Occidentalium</strong></span> <span class='ocrx_word' id='word_1_257' title='bbox 1604 3608 1980 3682; x_wconf 80' lang='lat' dir='ltr'><strong>[Orientalium]</strong></span> <span class='ocrx_word' id='word_1_258' title='bbox 1997 3622 2136 3665; x_wconf 68' lang='lat' dir='ltr'><strong>tran.</strong></span> 
     </span>
    </p>
   </div>
   <div class='ocr_carea' id='block_1_40' title="bbox 568 3700 2143 3770">
    <p class='ocr_par' dir='ltr' id='par_1_40' title="bbox 568 3700 2143 3770">
     <span class='ocr_line' id='line_1_41' title="bbox 568 3700 2143 3770; baseline 0.002 -19"><span class='ocrx_word' id='word_1_259' title='bbox 568 3702 854 3770; x_wconf 74' lang='lat' dir='ltr'><strong>‘qniititate</strong></span> <span class='ocrx_word' id='word_1_260' title='bbox 881 3714 1215 3768; x_wconf 88' lang='lat' dir='ltr'><strong>responsum;</strong></span> <span class='ocrx_word' id='word_1_261' title='bbox 1249 3700 1534 3768; x_wconf 69' lang='lat' dir='ltr'><strong>praesertim</strong></span> <span class='ocrx_word' id='word_1_262' title='bbox 1562 3715 1678 3752; x_wconf 88' lang='lat' dir='ltr'><strong>cum</strong></span> <span class='ocrx_word' id='word_1_263' title='bbox 1710 3710 1846 3753; x_wconf 89' lang='lat' dir='ltr'><strong>tuam</strong></span> <span class='ocrx_word' id='word_1_264' title='bbox 1869 3705 2143 3754; x_wconf 86' lang='lat' dir='ltr'><strong>conscien-</strong></span> 
     </span>
    </p>
   </div>
   <div class='ocr_carea' id='block_1_41' title="bbox 597 3776 2142 3861">
    <p class='ocr_par' dir='ltr' id='par_1_41' title="bbox 597 3776 2142 3861">
     <span class='ocr_line' id='line_1_42' title="bbox 597 3776 2142 3861; baseline 0.002 -20"><span class='ocrx_word' id='word_1_265' title='bbox 597 3795 754 3861; x_wconf 76' lang='lat' dir='ltr'><strong>lium,</strong></span> <span class='ocrx_word' id='word_1_266' title='bbox 780 3776 1153 3858; x_wconf 83' lang='lat' dir='ltr'><strong>gloriosissime</strong></span> <span class='ocrx_word' id='word_1_267' title='bbox 1185 3791 1457 3857; x_wconf 85' lang='lat' dir='ltr'><strong>princeps,</strong></span> <span class='ocrx_word' id='word_1_268' title='bbox 1490 3788 1780 3843; x_wconf 88' lang='lat' dir='ltr'><strong>metuendis</strong></span> <span class='ocrx_word' id='word_1_269' title='bbox 1804 3790 2142 3844; x_wconf 66' lang='lat' dir='ltr'><strong>obstrinxerit</strong></span> 
     </span>
    </p>
   </div>
   <div class='ocr_carea' id='block_1_42' title="bbox 597 3880 2138 3948">
    <p class='ocr_par' dir='ltr' id='par_1_42' title="bbox 597 3880 2138 3948">
     <span class='ocr_line' id='line_1_43' title="bbox 597 3880 2138 3948; baseline 0.001 -15"><span class='ocrx_word' id='word_1_270' title='bbox 597 3881 682 3933; x_wconf 80' lang='lat' dir='ltr'><strong>illa</strong></span> <span class='ocrx_word' id='word_1_271' title='bbox 713 3881 1077 3945; x_wconf 85' lang='lat' dir='ltr'><strong>sacramentis,</strong></span> <span class='ocrx_word' id='word_1_272' title='bbox 1109 3896 1173 3934; x_wconf 90' lang='lat' dir='ltr'><strong>ne</strong></span> <span class='ocrx_word' id='word_1_273' title='bbox 1199 3880 1351 3933; x_wconf 87' lang='lat' dir='ltr'><strong>sedes</strong></span> <span class='ocrx_word' id='word_1_274' title='bbox 1383 3881 1517 3933; x_wconf 86' lang='lat' dir='ltr'><strong>beati</strong></span> <span class='ocrx_word' id='word_1_275' title='bbox 1548 3881 1886 3948; x_wconf 58' lang='lat' dir='ltr'><strong>evangelista</strong></span> <span class='ocrx_word' id='word_1_276' title='bbox 1925 3881 2078 3934; x_wconf 80' lang='lat' dir='ltr'><strong>Marci</strong></span> <span class='ocrx_word' id='word_1_277' title='bbox 2109 3897 2138 3934; x_wconf 92' lang='lat' dir='ltr'><strong>a</strong></span> 
     </span>
    </p>
   </div>
   <div class='ocr_carea' id='block_1_43' title="bbox 593 3964 2141 4040">
    <p class='ocr_par' dir='ltr' id='par_1_43' title="bbox 593 3964 2141 4040">
     <span class='ocr_line' id='line_1_44' title="bbox 593 3964 2141 4040; baseline 0.003 -18"><span class='ocrx_word' id='word_1_278' title='bbox 593 3972 832 4023; x_wconf 86' lang='lat' dir='ltr'><strong>doctrina</strong></span> <span class='ocrx_word' id='word_1_279' title='bbox 874 3970 1108 4039; x_wconf 80' lang='lat' dir='ltr'><strong>magistri</strong></span> <span class='ocrx_word' id='word_1_280' title='bbox 1156 3970 1234 4023; x_wconf 90' lang='lat' dir='ltr'><strong>sui</strong></span> <span class='ocrx_word' id='word_1_281' title='bbox 1279 3971 1358 4024; x_wconf 87' lang='lat' dir='ltr'><strong>vel</strong></span> <span class='ocrx_word' id='word_1_282' title='bbox 1398 3971 1767 4024; x_wconf 89' lang='lat' dir='ltr'><strong>communione</strong></span> <span class='ocrx_word' id='word_1_283' title='bbox 1811 3964 2141 4040; x_wconf 79' lang='lat' dir='ltr'><strong>permitteres</strong></span> 
     </span>
    </p>
   </div>
   <div class='ocr_carea' id='block_1_44' title="bbox 594 4059 2142 4127">
    <p class='ocr_par' dir='ltr' id='par_1_44' title="bbox 594 4059 2142 4127">
     <span class='ocr_line' id='line_1_45' title="bbox 594 4059 2142 4127; baseline -0.002 -13"><span class='ocrx_word' id='word_1_284' title='bbox 594 4060 848 4126; x_wconf 86' lang='lat' dir='ltr'><strong>separari.</strong></span> <span class='ocrx_word' id='word_1_285' title='bbox 890 4059 994 4113; x_wconf 89' lang='lat' dir='ltr'><strong>Sed</strong></span> <span class='ocrx_word' id='word_1_286' title='bbox 1038 4059 1281 4127; x_wconf 85' lang='lat' dir='ltr'><strong>quoniam</strong></span> <span class='ocrx_word' id='word_1_287' title='bbox 1328 4061 1527 4125; x_wconf 68' lang='lat' dir='ltr'><strong>praelati</strong></span> <span class='ocrx_word' id='word_1_288' title='bbox 1571 4059 1864 4113; x_wconf 85' lang='lat' dir='ltr'><strong>decessoris</strong></span> <span class='ocrx_word' id='word_1_289' title='bbox 1894 4061 1995 4114; x_wconf 87' lang='lat' dir='ltr'><strong>mei</strong></span> <span class='ocrx_word' id='word_1_290' title='bbox 2031 4068 2142 4114; x_wconf 87' lang='lat' dir='ltr'><strong>stu-</strong></span> 
     </span>
    </p>
   </div>
   <div class='ocr_carea' id='block_1_45' title="bbox 596 4148 2138 4215">
    <p class='ocr_par' dir='ltr' id='par_1_45' title="bbox 596 4148 2138 4215">
     <span class='ocr_line' id='line_1_46' title="bbox 596 4148 2138 4215; baseline 0.001 -14"><span class='ocrx_word' id='word_1_291' title='bbox 596 4148 782 4212; x_wconf 88' lang='lat' dir='ltr'><strong>dium,</strong></span> <span class='ocrx_word' id='word_1_292' title='bbox 830 4148 979 4215; x_wconf 88' lang='lat' dir='ltr'><strong>longa</strong></span> <span class='ocrx_word' id='word_1_293' title='bbox 1029 4148 1457 4202; x_wconf 83' lang='lat' dir='ltr'><strong>incommoditate</strong></span> <span class='ocrx_word' id='word_1_294' title='bbox 1501 4148 1727 4201; x_wconf 79' lang='lat' dir='ltr'><strong>faciente</strong></span> <span class='ocrx_word' id='word_1_295' title='bbox 1753 4152 1773 4210; x_wconf 79' lang='lat'><strong>,’</strong></span> <span class='ocrx_word' id='word_1_296' title='bbox 1818 4151 1926 4202; x_wconf 64' lang='lat' dir='ltr'><strong>haec</strong></span> <span class='ocrx_word' id='word_1_297' title='bbox 1953 4152 2138 4203; x_wconf 83' lang='lat' dir='ltr'><strong>eadem</strong></span> 
     </span>
    </p>
   </div>
   <div class='ocr_carea' id='block_1_46' title="bbox 597 4234 2143 4301">
    <p class='ocr_par' dir='ltr' id='par_1_46' title="bbox 597 4234 2143 4301">
     <span class='ocr_line' id='line_1_47' title="bbox 597 4234 2143 4301; baseline -0.001 -11"><span class='ocrx_word' id='word_1_298' title='bbox 597 4237 834 4290; x_wconf 89' lang='lat' dir='ltr'><strong>crebrius</strong></span> <span class='ocrx_word' id='word_1_299' title='bbox 863 4236 1056 4288; x_wconf 86' lang='lat' dir='ltr'><strong>iterare</strong></span> <span class='ocrx_word' id='word_1_300' title='bbox 1085 4250 1186 4287; x_wconf 90' lang='lat' dir='ltr'><strong>non</strong></span> <span class='ocrx_word' id='word_1_301' title='bbox 1218 4234 1419 4301; x_wconf 83' lang='lat' dir='ltr'><strong>potuit;</strong></span> <span class='ocrx_word' id='word_1_302' title='bbox 1463 4249 1555 4298; x_wconf 92' lang='lat' dir='ltr'><strong>per</strong></span> <span class='ocrx_word' id='word_1_303' title='bbox 1596 4250 1728 4288; x_wconf 72' lang='lat' dir='ltr'><strong>mea:</strong></span> <span class='ocrx_word' id='word_1_304' title='bbox 1768 4251 1905 4289; x_wconf 88' lang='lat' dir='ltr'><strong>nunc</strong></span> <span class='ocrx_word' id='word_1_305' title='bbox 1937 4238 2143 4290; x_wconf 86' lang='lat' dir='ltr'><strong>humili-</strong></span> 
     </span>
    </p>
   </div>
   <div class='ocr_carea' id='block_1_47' title="bbox 601 4302 3737 4390">
    <p class='ocr_par' dir='ltr' id='par_1_47' title="bbox 601 4302 3737 4390">
     <span class='ocr_line' id='line_1_48' title="bbox 601 4302 3737 4390; baseline -0.002 -15"><span class='ocrx_word' id='word_1_306' title='bbox 601 4325 720 4376; x_wconf 83' lang='lat' dir='ltr'><strong>tatis</strong></span> <span class='ocrx_word' id='word_1_307' title='bbox 747 4322 976 4375; x_wconf 78' lang='lat' dir='ltr'><strong>officium</strong></span> <span class='ocrx_word' id='word_1_308' title='bbox 1008 4322 1281 4379; x_wconf 85' lang='lat' dir='ltr'><strong>sollicitius</strong></span> <span class='ocrx_word' id='word_1_309' title='bbox 1322 4330 1566 4388; x_wconf 86' lang='lat' dir='ltr'><strong>repetere</strong></span> <span class='ocrx_word' id='word_1_310' title='bbox 1606 4338 1710 4374; x_wconf 90' lang='lat' dir='ltr'><strong>non</strong></span> <span class='ocrx_word' id='word_1_311' title='bbox 1741 4325 1980 4390; x_wconf 81' lang='lat' dir='ltr'><strong>quiescit;</strong></span> <span class='ocrx_word' id='word_1_312' title='bbox 2007 4326 2139 4378; x_wconf 80' lang='lat' dir='ltr'><strong>Rur-</strong></span> <span class='ocrx_word' id='word_1_313' title='bbox 2166 4302 2219 4360; x_wconf 81' lang='grc' dir='ltr'><strong>Ῐ)</strong></span> <span class='ocrx_word' id='word_1_314' title='bbox 2243 4334 2295 4377; x_wconf 91' lang='lat' dir='ltr'><strong>et</strong></span> <span class='ocrx_word' id='word_1_315' title='bbox 2323 4324 2548 4376; x_wconf 77' lang='lat' dir='ltr'><strong>Leonem</strong></span> <span class='ocrx_word' id='word_1_316' title='bbox 2569 4362 2582 4386; x_wconf 90' lang='lat'><strong>,</strong></span> <span class='ocrx_word' id='word_1_317' title='bbox 2612 4335 2664 4376; x_wconf 88' lang='lat' dir='ltr'><strong>et</strong></span> <span class='ocrx_word' id='word_1_318' title='bbox 2695 4302 2954 4377; x_wconf 72' lang='lat' dir='ltr'><strong>tantorum</strong></span> <span class='ocrx_word' id='word_1_319' title='bbox 2986 4322 3278 4389; x_wconf 87' lang='lat' dir='ltr'><strong>principum</strong></span> <span class='ocrx_word' id='word_1_320' title='bbox 3309 4321 3496 4385; x_wconf 83' lang='lat' dir='ltr'><strong>ﬁdem,</strong></span> <span class='ocrx_word' id='word_1_321' title='bbox 3523 4317 3737 4386; x_wconf 68' lang='lat' dir='ltr'><strong>legitimus</strong></span> 
     </span>
    </p>
   </div>
   <div class='ocr_carea' id='block_1_48' title="bbox 603 4408 2138 4476">
    <p class='ocr_par' dir='ltr' id='par_1_48' title="bbox 603 4408 2138 4476">
     <span class='ocr_line' id='line_1_49' title="bbox 603 4408 2138 4476; baseline 0.002 -12"><span class='ocrx_word' id='word_1_322' title='bbox 603 4425 693 4464; x_wconf 83' lang='lat' dir='ltr'><strong>sus</strong></span> <span class='ocrx_word' id='word_1_323' title='bbox 721 4423 846 4476; x_wconf 87' lang='lat' dir='ltr'><strong>ergo</strong></span> <span class='ocrx_word' id='word_1_324' title='bbox 873 4409 1098 4473; x_wconf 76' lang='lat' dir='ltr'><strong>apostoii</strong></span> <span class='ocrx_word' id='word_1_325' title='bbox 1121 4409 1262 4464; x_wconf 72' lang='lat' dir='ltr'><strong>Petri</strong></span> <span class='ocrx_word' id='word_1_326' title='bbox 1293 4408 1589 4463; x_wconf 87' lang='lat' dir='ltr'><strong>veneranda</strong></span> <span class='ocrx_word' id='word_1_327' title='bbox 1618 4410 1880 4464; x_wconf 82' lang='lat' dir='ltr'><strong>confessio</strong></span> <span class='ocrx_word' id='word_1_328' title='bbox 1906 4421 2138 4466; x_wconf 73' lang='lat' dir='ltr'><strong>materna</strong></span> 
     </span>
    </p>
   </div>
   <div class='ocr_carea' id='block_1_49' title="bbox 601 4498 2141 4567">
    <p class='ocr_par' dir='ltr' id='par_1_49' title="bbox 601 4498 2141 4567">
     <span class='ocr_line' id='line_1_50' title="bbox 601 4498 2141 4567; baseline 0.001 -15"><span class='ocrx_word' id='word_1_329' title='bbox 601 4503 759 4552; x_wconf 84' lang='lat' dir='ltr'><strong>instat</strong></span> <span class='ocrx_word' id='word_1_330' title='bbox 800 4499 1051 4558; x_wconf 88' lang='lat' dir='ltr'><strong>vocibus.</strong></span> <span class='ocrx_word' id='word_1_331' title='bbox 1093 4507 1147 4552; x_wconf 90' lang='lat' dir='ltr'><strong>et</strong></span> <span class='ocrx_word' id='word_1_332' title='bbox 1187 4513 1401 4552; x_wconf 89' lang='lat' dir='ltr'><strong>suorum</strong></span> <span class='ocrx_word' id='word_1_333' title='bbox 1449 4498 1710 4567; x_wconf 62' lang='lat' dir='ltr'><strong>pracipne</strong></span> <span class='ocrx_word' id='word_1_334' title='bbox 1741 4499 1962 4552; x_wconf 85' lang='lat' dir='ltr'><strong>filiorum</strong></span> <span class='ocrx_word' id='word_1_335' title='bbox 1998 4515 2141 4554; x_wconf 83' lang='lat' dir='ltr'><strong>eum-</strong></span> 
     </span>
    </p>
   </div>
   <div class='ocr_carea' id='block_1_50' title="bbox 604 4588 2140 4658">
    <p class='ocr_par' dir='ltr' id='par_1_50' title="bbox 604 4588 2140 4658">
     <span class='ocr_line' id='line_1_51' title="bbox 604 4588 2140 4658; baseline 0.002 -19"><span class='ocrx_word' id='word_1_336' title='bbox 604 4589 802 4657; x_wconf 79' lang='lat' dir='ltr'><strong>pellare</strong></span> <span class='ocrx_word' id='word_1_337' title='bbox 830 4602 932 4641; x_wconf 91' lang='lat' dir='ltr'><strong>non</strong></span> <span class='ocrx_word' id='word_1_338' title='bbox 961 4588 1208 4642; x_wconf 87' lang='lat' dir='ltr'><strong>desinens</strong></span> <span class='ocrx_word' id='word_1_339' title='bbox 1233 4588 1605 4642; x_wconf 82' lang='lat' dir='ltr'><strong>confidentiam</strong></span> <span class='ocrx_word' id='word_1_340' title='bbox 1650 4599 1752 4642; x_wconf 74' lang='lat' dir='ltr'><strong>tua:</strong></span> <span class='ocrx_word' id='word_1_341' title='bbox 1782 4590 1986 4658; x_wconf 88' lang='lat' dir='ltr'><strong>pietatis</strong></span> <span class='ocrx_word' id='word_1_342' title='bbox 2010 4633 2024 4655; x_wconf 89' lang='lat'><strong>,</strong></span> <span class='ocrx_word' id='word_1_343' title='bbox 2051 4605 2140 4644; x_wconf 83' lang='lat' dir='ltr'><strong>cx-</strong></span> 
     </span>
    </p>
   </div>
   <div class='ocr_carea' id='block_1_51' title="bbox 600 4677 2141 4747">
    <p class='ocr_par' dir='ltr' id='par_1_51' title="bbox 600 4677 2141 4747">
     <span class='ocr_line' id='line_1_52' title="bbox 600 4677 2141 4747; baseline 0.001 -15"><span class='ocrx_word' id='word_1_344' title='bbox 600 4682 789 4732; x_wconf 87' lang='lat' dir='ltr'><strong>clamat</strong></span> <span class='ocrx_word' id='word_1_345' title='bbox 837 4696 849 4729; x_wconf 91' lang='lat'><strong>:</strong></span> <span class='ocrx_word' id='word_1_346' title='bbox 892 4677 1186 4732; x_wconf 86' lang='lat' dir='ltr'><strong>Christiane</strong></span> <span class='ocrx_word' id='word_1_347' title='bbox 1232 4679 1511 4747; x_wconf 86' lang='lat' dir='ltr'><strong>princeps,</strong></span> <span class='ocrx_word' id='word_1_348' title='bbox 1557 4694 1652 4733; x_wconf 91' lang='lat' dir='ltr'><strong>cur</strong></span> <span class='ocrx_word' id='word_1_349' title='bbox 1699 4694 1782 4733; x_wconf 91' lang='lat' dir='ltr'><strong>me</strong></span> <span class='ocrx_word' id='word_1_350' title='bbox 1823 4694 1851 4732; x_wconf 90' lang='lat' dir='ltr'><strong>a</strong></span> <span class='ocrx_word' id='word_1_351' title='bbox 1881 4681 2141 4734; x_wconf 88' lang='lat' dir='ltr'><strong>curriculo</strong></span> 
     </span>
    </p>
   </div>
   <div class='ocr_carea' id='block_1_52' title="bbox 602 4770 2141 4839">
    <p class='ocr_par' dir='ltr' id='par_1_52' title="bbox 602 4770 2141 4839">
     <span class='ocr_line' id='line_1_53' title="bbox 602 4770 2141 4839; baseline -0.001 -14"><span class='ocrx_word' id='word_1_352' title='bbox 602 4771 856 4833; x_wconf 85' lang='lat' dir='ltr'><strong>caritatis,</strong></span> <span class='ocrx_word' id='word_1_353' title='bbox 876 4784 976 4837; x_wconf 91' lang='lat' dir='ltr'><strong>quo</strong></span> <span class='ocrx_word' id='word_1_354' title='bbox 998 4771 1229 4824; x_wconf 84' lang='lat' dir='ltr'><strong>Ecclesia</strong></span> <span class='ocrx_word' id='word_1_355' title='bbox 1254 4770 1558 4824; x_wconf 88' lang='lat' dir='ltr'><strong>universalis</strong></span> <span class='ocrx_word' id='word_1_356' title='bbox 1579 4770 1905 4839; x_wconf 87' lang='lat' dir='ltr'><strong>astringitnr,</strong></span> <span class='ocrx_word' id='word_1_357' title='bbox 1928 4774 2141 4838; x_wconf 85' lang='lat' dir='ltr'><strong>permit-</strong></span> 
     </span>
    </p>
   </div>
   <div class='ocr_carea' id='block_1_53' title="bbox 601 4859 2074 4928">
    <p class='ocr_par' dir='ltr' id='par_1_53' title="bbox 601 4859 2074 4928">
     <span class='ocr_line' id='line_1_54' title="bbox 601 4859 2074 4928; baseline 0 -12"><span class='ocrx_word' id='word_1_358' title='bbox 601 4866 666 4916; x_wconf 89' lang='lat' dir='ltr'><strong>tis</strong></span> <span class='ocrx_word' id='word_1_359' title='bbox 689 4860 878 4915; x_wconf 83' lang='lat' dir='ltr'><strong>incidi?</strong></span> <span class='ocrx_word' id='word_1_360' title='bbox 898 4859 1003 4914; x_wconf 88' lang='lat' dir='ltr'><strong>Cur</strong></span> <span class='ocrx_word' id='word_1_361' title='bbox 1028 4861 1078 4914; x_wconf 91' lang='lat' dir='ltr'><strong>in</strong></span> <span class='ocrx_word' id='word_1_362' title='bbox 1101 4876 1186 4914; x_wconf 89' lang='lat' dir='ltr'><strong>me</strong></span> <span class='ocrx_word' id='word_1_363' title='bbox 1205 4861 1404 4928; x_wconf 88' lang='lat' dir='ltr'><strong>rumpis</strong></span> <span class='ocrx_word' id='word_1_364' title='bbox 1435 4865 1591 4913; x_wconf 85' lang='lat' dir='ltr'><strong>totius</strong></span> <span class='ocrx_word' id='word_1_365' title='bbox 1611 4862 1752 4915; x_wconf 87' lang='lat' dir='ltr'><strong>orbis</strong></span> <span class='ocrx_word' id='word_1_366' title='bbox 1771 4860 2074 4916; x_wconf 65' lang='lat' dir='ltr'><strong>assensum?</strong></span> 
     </span>
    </p>
   </div>
   <div class='ocr_carea' id='block_1_54' title="bbox 670 5030 2132 5102">
    <p class='ocr_par' dir='ltr' id='par_1_54' title="bbox 670 5030 2132 5102">
     <span class='ocr_line' id='line_1_55' title="bbox 670 5030 2132 5102; baseline -0.001 -15"><span class='ocrx_word' id='word_1_367' title='bbox 670 5045 695 5072; x_wconf 82' lang='grc' dir='ltr'>ι</span> <span class='ocrx_word' id='word_1_368' title='bbox 721 5035 842 5088; x_wconf 55' lang='lat' dir='ltr'><strong>Haec</strong></span> <span class='ocrx_word' id='word_1_369' title='bbox 864 5043 941 5086; x_wconf 87' lang='lat' dir='ltr'><strong>est</strong></span> <span class='ocrx_word' id='word_1_370' title='bbox 963 5033 1046 5087; x_wconf 89' lang='lat' dir='ltr'><strong>illa</strong></span> <span class='ocrx_word' id='word_1_371' title='bbox 1073 5033 1319 5101; x_wconf 84' lang='lat' dir='ltr'><strong>synodica</strong></span> <span class='ocrx_word' id='word_1_372' title='bbox 1349 5030 1533 5102; x_wconf 80' lang='lat' dir='ltr'><strong>Felicis</strong></span> <span class='ocrx_word' id='word_1_373' title='bbox 1562 5045 1706 5102; x_wconf 63' lang='lat' dir='ltr'><strong>papae</strong></span> <span class='ocrx_word' id='word_1_374' title='bbox 1734 5031 1952 5098; x_wconf 75' lang='lat' dir='ltr'><strong>epistola</strong></span> <span class='ocrx_word' id='word_1_375' title='bbox 1976 5048 2132 5102; x_wconf 81' lang='lat' dir='ltr'><strong>quant</strong></span> 
     </span>
    </p>
   </div>
   <div class='ocr_carea' id='block_1_55' title="bbox 600 5098 2136 5172">
    <p class='ocr_par' dir='ltr' id='par_1_55' title="bbox 600 5098 2136 5172">
     <span class='ocr_line' id='line_1_56' title="bbox 600 5098 2136 5172; baseline -0.002 -16"><span class='ocrx_word' id='word_1_376' title='bbox 600 5106 818 5157; x_wconf 72' lang='lat' dir='ltr'><strong>consrlio</strong></span> <span class='ocrx_word' id='word_1_377' title='bbox 847 5104 1027 5172; x_wconf 85' lang='lat' dir='ltr'><strong>synodi</strong></span> <span class='ocrx_word' id='word_1_378' title='bbox 1057 5098 1302 5154; x_wconf 67' lang='lat' dir='ltr'><strong>Romanis</strong></span> <span class='ocrx_word' id='word_1_379' title='bbox 1329 5100 1467 5154; x_wconf 84' lang='lat' dir='ltr'><strong>dedit</strong></span> <span class='ocrx_word' id='word_1_380' title='bbox 1511 5098 1863 5172; x_wconf 66' lang='lat' dir='ltr'><strong>adZenonem</strong></span> <span class='ocrx_word' id='word_1_381' title='bbox 1906 5098 2136 5170; x_wconf 78' lang='lat' dir='ltr'><strong>impera-</strong></span> 
     </span>
    </p>
   </div>
   <div class='ocr_carea' id='block_1_56' title="bbox 601 5169 2134 5241">
    <p class='ocr_par' dir='ltr' id='par_1_56' title="bbox 601 5169 2134 5241">
     <span class='ocr_line' id='line_1_57' title="bbox 601 5169 2134 5241; baseline 0.001 -18"><span class='ocrx_word' id='word_1_382' title='bbox 601 5182 766 5225; x_wconf 61' lang='lat' dir='ltr'><strong>tori-tn</strong></span> <span class='ocrx_word' id='word_1_383' title='bbox 798 5188 812 5226; x_wconf 92' lang='lat'>:</span> <span class='ocrx_word' id='word_1_384' title='bbox 842 5169 938 5241; x_wconf 79' lang='lat' dir='ltr'><strong>qua</strong></span> <span class='ocrx_word' id='word_1_385' title='bbox 967 5173 1260 5234; x_wconf 84' lang='lat' dir='ltr'><strong>occasione,</strong></span> <span class='ocrx_word' id='word_1_386' title='bbox 1287 5173 1335 5222; x_wconf 87' lang='lat' dir='ltr'><strong>in</strong></span> <span class='ocrx_word' id='word_1_387' title='bbox 1364 5173 1500 5222; x_wconf 85' lang='lat' dir='ltr'><strong>notis</strong></span> <span class='ocrx_word' id='word_1_388' title='bbox 1528 5169 1666 5222; x_wconf 89' lang='lat' dir='ltr'><strong>illius</strong></span> <span class='ocrx_word' id='word_1_389' title='bbox 1691 5171 1874 5236; x_wconf 78' lang='lat' dir='ltr'><strong>synodi</strong></span> <span class='ocrx_word' id='word_1_390' title='bbox 1901 5169 2134 5226; x_wconf 86' lang='lat' dir='ltr'><strong>dicemus</strong></span> 
     </span>
    </p>
   </div>
   <div class='ocr_carea' id='block_1_57' title="bbox 675 5303 2137 5374">
    <p class='ocr_par' dir='ltr' id='par_1_57' title="bbox 675 5303 2137 5374">
     <span class='ocr_line' id='line_1_58' title="bbox 675 5303 2137 5374; baseline 0.003 -18"><span class='ocrx_word' id='word_1_391' title='bbox 675 5306 687 5332; x_wconf 87' lang='lat'><strong><em>‘</em></strong></span> <span class='ocrx_word' id='word_1_392' title='bbox 714 5305 802 5356; x_wconf 83' lang='lat' dir='ltr'><strong>Vel</strong></span> <span class='ocrx_word' id='word_1_393' title='bbox 838 5304 1250 5369; x_wconf 76' lang='lat' dir='ltr'><strong>Occidentalium,</strong></span> <span class='ocrx_word' id='word_1_394' title='bbox 1284 5305 1371 5374; x_wconf 89' lang='lat' dir='ltr'><strong>qui</strong></span> <span class='ocrx_word' id='word_1_395' title='bbox 1413 5303 1618 5358; x_wconf 72' lang='lat' dir='ltr'><strong>solliciti</strong></span> <span class='ocrx_word' id='word_1_396' title='bbox 1650 5312 1771 5356; x_wconf 87' lang='lat' dir='ltr'><strong>sunt</strong></span> <span class='ocrx_word' id='word_1_397' title='bbox 1797 5304 1860 5359; x_wconf 90' lang='lat' dir='ltr'><strong>de</strong></span> <span class='ocrx_word' id='word_1_398' title='bbox 1885 5306 2137 5363; x_wconf 82' lang='lat' dir='ltr'><strong>Orienta-</strong></span> 
     </span>
    </p>
   </div>
   <div class='ocr_carea' id='block_1_58' title="bbox 567 5371 1225 5424">
    <p class='ocr_par' dir='ltr' id='par_1_58' title="bbox 567 5371 1225 5424">
     <span class='ocr_line' id='line_1_59' title="bbox 567 5371 1225 5424; baseline -0.002 0"><span class='ocrx_word' id='word_1_399' title='bbox 567 5371 724 5424; x_wconf 70' lang='lat' dir='ltr'><strong>&quot;iium</strong></span> <span class='ocrx_word' id='word_1_400' title='bbox 757 5377 940 5424; x_wconf 85' lang='lat' dir='ltr'><strong>salute.</strong></span> <span class='ocrx_word' id='word_1_401' title='bbox 978 5376 1225 5424; x_wconf 58' lang='lat' dir='ltr'><strong>iisunum.</strong></span> 
     </span>
    </p>
   </div>
   <div class='ocr_carea' id='block_1_59' title="bbox 673 5440 2134 5511">
    <p class='ocr_par' dir='ltr' id='par_1_59' title="bbox 673 5440 2134 5511">
     <span class='ocr_line' id='line_1_60' title="bbox 673 5440 2134 5511; baseline 0.004 -21"><span class='ocrx_word' id='word_1_402' title='bbox 673 5442 689 5468; x_wconf 84' lang='lat'>&#39;</span> <span class='ocrx_word' id='word_1_403' title='bbox 724 5440 853 5506; x_wconf 58' lang='lat' dir='ltr'><strong>Lege</strong></span> <span class='ocrx_word' id='word_1_404' title='bbox 893 5444 1187 5503; x_wconf 77' lang='lat' dir='ltr'><strong>serenitatis,</strong></span> <span class='ocrx_word' id='word_1_405' title='bbox 1219 5452 1273 5495; x_wconf 89' lang='lat' dir='ltr'><strong>ut</strong></span> <span class='ocrx_word' id='word_1_406' title='bbox 1314 5443 1440 5494; x_wconf 79' lang='lat' dir='ltr'><strong>infra</strong></span> <span class='ocrx_word' id='word_1_407' title='bbox 1484 5443 1531 5495; x_wconf 90' lang='lat' dir='ltr'><strong>in</strong></span> <span class='ocrx_word' id='word_1_408' title='bbox 1565 5448 1660 5497; x_wconf 87' lang='lat' dir='ltr'><strong>hac</strong></span> <span class='ocrx_word' id='word_1_409' title='bbox 1686 5442 1926 5511; x_wconf 83' lang='lat' dir='ltr'><strong>epistola.</strong></span> <span class='ocrx_word' id='word_1_410' title='bbox 1993 5444 2134 5498; x_wconf 65' lang='lat' dir='ltr'><strong>Han-</strong></span> 
     </span>
    </p>
   </div>
   <div class='ocr_carea' id='block_1_60' title="bbox 606 5520 743 5560">
    <p class='ocr_par' dir='ltr' id='par_1_60' title="bbox 606 5520 743 5560">
     <span class='ocr_line' id='line_1_61' title="bbox 606 5520 743 5560; baseline 0.015 -2"><span class='ocrx_word' id='word_1_411' title='bbox 606 5520 743 5560; x_wconf 65' lang='lat' dir='ltr'><strong>DUIN.</strong></span> 
     </span>
    </p>
   </div>
   <div class='ocr_carea' id='block_1_61' title="bbox 1893 190 3775 255">
    <p class='ocr_par' dir='ltr' id='par_1_61' title="bbox 1893 190 3775 255">
     <span class='ocr_line' id='line_1_62' title="bbox 1893 190 3775 255; baseline 0.001 -3"><span class='ocrx_word' id='word_1_412' title='bbox 1893 192 2142 252; x_wconf 77' lang='lat' dir='ltr'><strong>FELiClS</strong></span> <span class='ocrx_word' id='word_1_413' title='bbox 2181 192 2261 246; x_wconf 83' lang='lat' dir='ltr'><strong>PA</strong></span> <span class='ocrx_word' id='word_1_414' title='bbox 2270 191 2376 247; x_wconf 63' lang='lat' dir='ltr'><strong>PIE</strong></span> <span class='ocrx_word' id='word_1_415' title='bbox 2399 190 2484 244; x_wconf 90' lang='lat' dir='ltr'><strong>Ill.</strong></span> <span class='ocrx_word' id='word_1_416' title='bbox 3690 201 3775 255; x_wconf 74' lang='lat'><strong>900</strong></span> 
     </span>
    </p>
   </div>
   <div class='ocr_carea' id='block_1_62' title="bbox 2162 307 2216 364">
    <p class='ocr_par' dir='ltr' id='par_1_62' title="bbox 2162 307 2216 364">
     <span class='ocr_line' id='line_1_63' title="bbox 2162 307 2216 364; baseline 0 0"><span class='ocrx_word' id='word_1_417' title='bbox 2162 307 2216 364; x_wconf 75' lang='grc' dir='ltr'><strong>Δ</strong></span> 
     </span>
    </p>
   </div>
   <div class='ocr_carea' id='block_1_63' title="bbox 2307 300 3799 398">
    <p class='ocr_par' dir='ltr' id='par_1_63' title="bbox 2307 300 3799 398">
     <span class='ocr_line' id='line_1_64' title="bbox 2307 300 3799 398; baseline 0.007 -45"><span class='ocrx_word' id='word_1_418' title='bbox 2307 302 2492 366; x_wconf 66' lang='lat' dir='ltr'><strong>Quaeso</strong></span> <span class='ocrx_word' id='word_1_419' title='bbox 2537 309 2606 364; x_wconf 91' lang='lat' dir='ltr'><strong>te,</strong></span> <span class='ocrx_word' id='word_1_420' title='bbox 2641 300 2712 355; x_wconf 89' lang='lat' dir='ltr'><strong>liii</strong></span> <span class='ocrx_word' id='word_1_421' title='bbox 2744 301 2999 381; x_wconf 71' lang='lat' dir='ltr'><strong>piissime,</strong></span> <span class='ocrx_word' id='word_1_422' title='bbox 3027 318 3092 359; x_wconf 89' lang='lat' dir='ltr'><strong>ne</strong></span> <span class='ocrx_word' id='word_1_423' title='bbox 3124 308 3295 359; x_wconf 85' lang='lat' dir='ltr'><strong>tunica</strong></span> <span class='ocrx_word' id='word_1_424' title='bbox 3323 304 3531 360; x_wconf 86' lang='lat' dir='ltr'><strong>Domini</strong></span> <span class='ocrx_word' id='word_1_425' title='bbox 3560 307 3772 374; x_wconf 67' lang='lat' dir='ltr'><strong>dauper</strong></span> 
     </span>
    </p>
   </div>
   <div class='ocr_carea' id='block_1_64' title="bbox 2238 393 3799 466">
    <p class='ocr_par' dir='ltr' id='par_1_64' title="bbox 2238 393 3799 466">
     <span class='ocr_line' id='line_1_65' title="bbox 2238 393 3799 466; baseline 0.008 -23"><span class='ocrx_word' id='word_1_426' title='bbox 2238 400 2481 443; x_wconf 82' lang='lat' dir='ltr'><strong>contexta</strong></span> <span class='ocrx_word' id='word_1_427' title='bbox 2514 405 2606 456; x_wconf 59' lang='lat' dir='ltr'><strong>per</strong></span> <span class='ocrx_word' id='word_1_428' title='bbox 2635 402 2822 459; x_wconf 73' lang='lat' dir='ltr'><strong>totum,</strong></span> <span class='ocrx_word' id='word_1_429' title='bbox 2846 408 2944 460; x_wconf 80' lang='lat' dir='ltr'><strong>qua</strong></span> <span class='ocrx_word' id='word_1_430' title='bbox 2978 393 3028 446; x_wconf 90' lang='lat' dir='ltr'><strong>in</strong></span> <span class='ocrx_word' id='word_1_431' title='bbox 3053 409 3211 446; x_wconf 90' lang='lat' dir='ltr'><strong>unum</strong></span> <span class='ocrx_word' id='word_1_432' title='bbox 3243 410 3435 461; x_wconf 84' lang='lat' dir='ltr'><strong>corpus</strong></span> <span class='ocrx_word' id='word_1_433' title='bbox 3465 409 3648 450; x_wconf 76' lang='lat' dir='ltr'><strong>sancto</strong></span> <span class='ocrx_word' id='word_1_434' title='bbox 3674 400 3774 466; x_wconf 76' lang='lat' dir='ltr'><strong>Spi-</strong></span> 
     </span>
    </p>
   </div>
   <div class='ocr_carea' id='block_1_65' title="bbox 2238 479 3776 554">
    <p class='ocr_par' dir='ltr' id='par_1_65' title="bbox 2238 479 3776 554">
     <span class='ocr_line' id='line_1_66' title="bbox 2238 479 3776 554; baseline 0.005 -23"><span class='ocrx_word' id='word_1_435' title='bbox 2238 481 2339 532; x_wconf 91' lang='lat' dir='ltr'><strong>ritu</strong></span> <span class='ocrx_word' id='word_1_436' title='bbox 2365 479 2557 546; x_wconf 85' lang='lat' dir='ltr'><strong>ubique</strong></span> <span class='ocrx_word' id='word_1_437' title='bbox 2587 489 2817 546; x_wconf 81' lang='lat' dir='ltr'><strong>regente,</strong></span> <span class='ocrx_word' id='word_1_438' title='bbox 2846 481 3164 535; x_wconf 86' lang='lat' dir='ltr'><strong>individuam</strong></span> <span class='ocrx_word' id='word_1_439' title='bbox 3194 485 3303 537; x_wconf 85' lang='lat' dir='ltr'><strong>fore</strong></span> <span class='ocrx_word' id='word_1_440' title='bbox 3332 485 3526 538; x_wconf 82' lang='lat' dir='ltr'><strong>Christi</strong></span> <span class='ocrx_word' id='word_1_441' title='bbox 3554 487 3776 554; x_wconf 76' lang='lat' dir='ltr'><strong>ﬁgurant</strong></span> 
     </span>
    </p>
   </div>
   <div class='ocr_carea' id='block_1_66' title="bbox 2239 567 3768 640">
    <p class='ocr_par' dir='ltr' id='par_1_66' title="bbox 2239 567 3768 640">
     <span class='ocr_line' id='line_1_67' title="bbox 2239 567 3768 640; baseline 0.007 -21"><span class='ocrx_word' id='word_1_442' title='bbox 2239 567 2525 620; x_wconf 78' lang='lat' dir='ltr'><strong>Ecclesium</strong></span> <span class='ocrx_word' id='word_1_443' title='bbox 2551 607 2566 629; x_wconf 89' lang='lat'><strong>,</strong></span> <span class='ocrx_word' id='word_1_444' title='bbox 2615 569 2716 620; x_wconf 86' lang='lat' dir='ltr'><strong>ulla</strong></span> <span class='ocrx_word' id='word_1_445' title='bbox 2757 570 2967 636; x_wconf 39' lang='lat' dir='ltr'><strong>pati-iris</strong></span> <span class='ocrx_word' id='word_1_446' title='bbox 3009 579 3150 626; x_wconf 81' lang='lat' dir='ltr'><strong>sorte</strong></span> <span class='ocrx_word' id='word_1_447' title='bbox 3178 571 3406 635; x_wconf 84' lang='lat' dir='ltr'><strong>violari;</strong></span> <span class='ocrx_word' id='word_1_448' title='bbox 3451 589 3582 627; x_wconf 86' lang='lat' dir='ltr'><strong>neve</strong></span> <span class='ocrx_word' id='word_1_449' title='bbox 3631 577 3768 640; x_wconf 79' lang='lat' dir='ltr'><strong>cujus</strong></span> 
     </span>
    </p>
   </div>
   <div class='ocr_carea' id='block_1_67' title="bbox 2238 657 3772 727">
    <p class='ocr_par' dir='ltr' id='par_1_67' title="bbox 2238 657 3772 727">
     <span class='ocr_line' id='line_1_68' title="bbox 2238 657 3772 727; baseline 0.005 -17"><span class='ocrx_word' id='word_1_450' title='bbox 2238 657 2377 710; x_wconf 90' lang='lat' dir='ltr'><strong>inter</strong></span> <span class='ocrx_word' id='word_1_451' title='bbox 2415 657 2556 725; x_wconf 89' lang='lat' dir='ltr'><strong>ipsos</strong></span> <span class='ocrx_word' id='word_1_452' title='bbox 2580 657 2666 723; x_wconf 86' lang='lat' dir='ltr'><strong>qui</strong></span> <span class='ocrx_word' id='word_1_453' title='bbox 2697 660 3068 713; x_wconf 79' lang='lat' dir='ltr'><strong>cruciﬁxerunt</strong></span> <span class='ocrx_word' id='word_1_454' title='bbox 3106 661 3458 727; x_wconf 80' lang='lat' dir='ltr'><strong>Salvatorem,</strong></span> <span class='ocrx_word' id='word_1_455' title='bbox 3497 666 3685 717; x_wconf 79' lang='lat' dir='ltr'><strong>mansit</strong></span> <span class='ocrx_word' id='word_1_456' title='bbox 3715 668 3772 717; x_wconf 56' lang='lat' dir='ltr'><strong>in.</strong></span> 
     </span>
    </p>
   </div>
   <div class='ocr_carea' id='block_1_68' title="bbox 2239 749 3799 820">
    <p class='ocr_par' dir='ltr' id='par_1_68' title="bbox 2239 749 3799 820">
     <span class='ocr_line' id='line_1_69' title="bbox 2239 749 3799 820; baseline 0.01 -22"><span class='ocrx_word' id='word_1_457' title='bbox 2239 749 2474 812; x_wconf 79' lang='lat' dir='ltr'><strong>tegritas,</strong></span> <span class='ocrx_word' id='word_1_458' title='bbox 2498 751 2601 802; x_wconf 92' lang='lat' dir='ltr'><strong>tuis</strong></span> <span class='ocrx_word' id='word_1_459' title='bbox 2630 750 2866 806; x_wconf 88' lang='lat' dir='ltr'><strong>videatur</strong></span> <span class='ocrx_word' id='word_1_460' title='bbox 2887 756 3211 820; x_wconf 82' lang='lat' dir='ltr'><strong>temporibus</strong></span> <span class='ocrx_word' id='word_1_461' title='bbox 3241 773 3362 812; x_wconf 87' lang='lat' dir='ltr'><strong>esse</strong></span> <span class='ocrx_word' id='word_1_462' title='bbox 3389 759 3581 813; x_wconf 78' lang='lat' dir='ltr'><strong>divisa.</strong></span> <span class='ocrx_word' id='word_1_463' title='bbox 3605 760 3768 814; x_wconf 76' lang='lat' dir='ltr'><strong>Nonne</strong></span> <span class='ocrx_word' id='word_1_464' title='bbox 3798 767 3799 800; x_wconf 82' lang='grc' dir='ltr'>ῖ</span> 
     </span>
    </p>
   </div>
   <div class='ocr_carea' id='block_1_69' title="bbox 2239 837 3799 910">
    <p class='ocr_par' dir='ltr' id='par_1_69' title="bbox 2239 837 3799 910">
     <span class='ocr_line' id='line_1_70' title="bbox 2239 837 3799 910; baseline 0.008 -22"><span class='ocrx_word' id='word_1_465' title='bbox 2239 852 2351 889; x_wconf 89' lang='lat' dir='ltr'><strong>mea</strong></span> <span class='ocrx_word' id='word_1_466' title='bbox 2385 837 2513 891; x_wconf 82' lang='lat' dir='ltr'><strong>ﬁdes</strong></span> <span class='ocrx_word' id='word_1_467' title='bbox 2540 847 2642 900; x_wconf 87' lang='lat' dir='ltr'><strong>est,</strong></span> <span class='ocrx_word' id='word_1_468' title='bbox 2676 855 2829 907; x_wconf 91' lang='lat' dir='ltr'><strong>quam</strong></span> <span class='ocrx_word' id='word_1_469' title='bbox 2864 843 3025 894; x_wconf 85' lang='lat' dir='ltr'><strong>solam</strong></span> <span class='ocrx_word' id='word_1_470' title='bbox 3052 858 3169 898; x_wconf 90' lang='lat' dir='ltr'><strong>esse</strong></span> <span class='ocrx_word' id='word_1_471' title='bbox 3206 859 3361 899; x_wconf 86' lang='lat' dir='ltr'><strong>unam</strong></span> <span class='ocrx_word' id='word_1_472' title='bbox 3385 886 3399 910; x_wconf 92' lang='lat'><strong>,</strong></span> <span class='ocrx_word' id='word_1_473' title='bbox 3436 858 3490 900; x_wconf 87' lang='lat' dir='ltr'><strong>et</strong></span> <span class='ocrx_word' id='word_1_474' title='bbox 3528 848 3664 902; x_wconf 75' lang='lat' dir='ltr'><strong>nulla</strong></span> <span class='ocrx_word' id='word_1_475' title='bbox 3692 849 3767 900; x_wconf 81' lang='lat' dir='ltr'><strong>sd-</strong></span> <span class='ocrx_word' id='word_1_476' title='bbox 3798 883 3799 892; x_wconf 58' lang='grc' dir='ltr'><strong>η</strong></span> 
     </span>
    </p>
   </div>
   <div class='ocr_carea' id='block_1_70' title="bbox 2235 929 3764 1002">
    <p class='ocr_par' dir='ltr' id='par_1_70' title="bbox 2235 929 3764 1002">
     <span class='ocr_line' id='line_1_71' title="bbox 2235 929 3764 1002; baseline 0.009 -26"><span class='ocrx_word' id='word_1_477' title='bbox 2235 929 2484 979; x_wconf 86' lang='lat' dir='ltr'><strong>versitate</strong></span> <span class='ocrx_word' id='word_1_478' title='bbox 2512 931 2862 996; x_wconf 82' lang='lat' dir='ltr'><strong>superandam</strong></span> <span class='ocrx_word' id='word_1_479' title='bbox 2892 931 3140 987; x_wconf 84' lang='lat' dir='ltr'><strong>Dominus</strong></span> <span class='ocrx_word' id='word_1_480' title='bbox 3167 937 3278 1000; x_wconf 83' lang='lat' dir='ltr'><strong>ipse</strong></span> <span class='ocrx_word' id='word_1_481' title='bbox 3321 941 3653 1000; x_wconf 75' lang='lat' dir='ltr'><strong>monstravit,</strong></span> <span class='ocrx_word' id='word_1_482' title='bbox 3693 940 3764 1002; x_wconf 82' lang='lat' dir='ltr'><strong>qui</strong></span> 
     </span>
    </p>
   </div>
   <div class='ocr_carea' id='block_1_71' title="bbox 2238 1015 3764 1090">
    <p class='ocr_par' dir='ltr' id='par_1_71' title="bbox 2238 1015 3764 1090">
     <span class='ocr_line' id='line_1_72' title="bbox 2238 1015 3764 1090; baseline 0.009 -24"><span class='ocrx_word' id='word_1_483' title='bbox 2238 1015 2488 1068; x_wconf 75' lang='lat' dir='ltr'><strong>Ecclesia:</strong></span> <span class='ocrx_word' id='word_1_484' title='bbox 2533 1031 2643 1069; x_wconf 71' lang='lat' dir='ltr'><strong>sua</strong></span> <span class='ocrx_word' id='word_1_485' title='bbox 2690 1017 2741 1069; x_wconf 90' lang='lat' dir='ltr'><strong>in</strong></span> <span class='ocrx_word' id='word_1_486' title='bbox 2789 1033 2901 1070; x_wconf 87' lang='lat' dir='ltr'><strong>mea</strong></span> <span class='ocrx_word' id='word_1_487' title='bbox 2951 1020 3286 1076; x_wconf 87' lang='lat' dir='ltr'><strong>confessione</strong></span> <span class='ocrx_word' id='word_1_488' title='bbox 3327 1023 3559 1078; x_wconf 67' lang='lat' dir='ltr'><strong>fundata</strong></span> <span class='ocrx_word' id='word_1_489' title='bbox 3609 1037 3764 1090; x_wconf 75' lang='lat' dir='ltr'><strong>portas</strong></span> 
     </span>
    </p>
   </div>
   <div class='ocr_carea' id='block_1_72' title="bbox 2239 1103 3799 1178">
    <p class='ocr_par' dir='ltr' id='par_1_72' title="bbox 2239 1103 3799 1178">
     <span class='ocr_line' id='line_1_73' title="bbox 2239 1103 3799 1178; baseline 0.01 -22"><span class='ocrx_word' id='word_1_490' title='bbox 2239 1103 2390 1156; x_wconf 84' lang='lat' dir='ltr'><strong>inferi</strong></span> <span class='ocrx_word' id='word_1_491' title='bbox 2423 1118 2686 1172; x_wconf 85' lang='lat' dir='ltr'><strong>nunquam</strong></span> <span class='ocrx_word' id='word_1_492' title='bbox 2720 1107 3077 1171; x_wconf 71' lang='lat' dir='ltr'><strong>prtevalituras</strong></span> <span class='ocrx_word' id='word_1_493' title='bbox 3111 1124 3229 1164; x_wconf 86' lang='lat' dir='ltr'><strong>esse</strong></span> <span class='ocrx_word' id='word_1_494' title='bbox 3269 1114 3555 1178; x_wconf 76' lang='lat' dir='ltr'><strong>promisit!</strong></span> <span class='ocrx_word' id='word_1_495' title='bbox 3594 1117 3703 1169; x_wconf 65' lang='lat' dir='ltr'><strong>llaec</strong></span> <span class='ocrx_word' id='word_1_496' title='bbox 3726 1131 3764 1172; x_wconf 81' lang='lat' dir='ltr'><strong>te</strong></span> <span class='ocrx_word' id='word_1_497' title='bbox 3798 1173 3799 1178; x_wconf 35' lang='grc' dir='ltr'><strong>η</strong></span> 
     </span>
    </p>
   </div>
   <div class='ocr_carea' id='block_1_73' title="bbox 2235 1191 3799 1268">
    <p class='ocr_par' dir='ltr' id='par_1_73' title="bbox 2235 1191 3799 1268">
     <span class='ocr_line' id='line_1_74' title="bbox 2235 1191 3799 1268; baseline 0.008 -23"><span class='ocrx_word' id='word_1_498' title='bbox 2235 1203 2472 1246; x_wconf 89' lang='lat' dir='ltr'><strong>renatum</strong></span> <span class='ocrx_word' id='word_1_499' title='bbox 2520 1193 2583 1245; x_wconf 87' lang='lat' dir='ltr'><strong>ad</strong></span> <span class='ocrx_word' id='word_1_500' title='bbox 2631 1195 2827 1259; x_wconf 87' lang='lat' dir='ltr'><strong>regiam</strong></span> <span class='ocrx_word' id='word_1_501' title='bbox 2873 1196 3088 1249; x_wconf 89' lang='lat' dir='ltr'><strong>sustulit</strong></span> <span class='ocrx_word' id='word_1_502' title='bbox 3128 1197 3439 1266; x_wconf 87' lang='lat' dir='ltr'><strong>dignitatem</strong></span> <span class='ocrx_word' id='word_1_503' title='bbox 3470 1242 3481 1264; x_wconf 83' lang='lat'><em>.</em></span> <span class='ocrx_word' id='word_1_504' title='bbox 3511 1214 3664 1268; x_wconf 80' lang='lat' dir='ltr'><strong>atque</strong></span> <span class='ocrx_word' id='word_1_505' title='bbox 3704 1209 3758 1257; x_wconf 79' lang='lat' dir='ltr'><strong>ab</strong></span> <span class='ocrx_word' id='word_1_506' title='bbox 3798 1191 3799 1196; x_wconf 31' lang='grc'><em>“</em></span> 
     </span>
    </p>
   </div>
   <div class='ocr_carea' id='block_1_74' title="bbox 2235 1275 3799 1358">
    <p class='ocr_par' dir='ltr' id='par_1_74' title="bbox 2235 1275 3799 1358">
     <span class='ocr_line' id='line_1_75' title="bbox 2235 1275 3799 1358; baseline 0.011 -27"><span class='ocrx_word' id='word_1_507' title='bbox 2235 1279 2349 1348; x_wconf 86' lang='lat' dir='ltr'><strong>ejus</strong></span> <span class='ocrx_word' id='word_1_508' title='bbox 2378 1281 2827 1349; x_wconf 87' lang='lat' dir='ltr'><strong>impugnatoribus</strong></span> <span class='ocrx_word' id='word_1_509' title='bbox 2872 1293 3130 1350; x_wconf 87' lang='lat' dir='ltr'><strong>potestate</strong></span> <span class='ocrx_word' id='word_1_510' title='bbox 3167 1298 3380 1341; x_wconf 78' lang='lat' dir='ltr'><strong>extrusa</strong></span> <span class='ocrx_word' id='word_1_511' title='bbox 3405 1328 3421 1352; x_wconf 93' lang='lat'><strong>,</strong></span> <span class='ocrx_word' id='word_1_512' title='bbox 3471 1295 3761 1358; x_wconf 76' lang='lat' dir='ltr'><strong>praevalendi</strong></span> <span class='ocrx_word' id='word_1_513' title='bbox 3798 1275 3799 1330; x_wconf 58' lang='grc' dir='ltr'><em>λ</em></span> 
     </span>
    </p>
   </div>
   <div class='ocr_carea' id='block_1_75' title="bbox 2234 1369 3799 1445">
    <p class='ocr_par' dir='ltr' id='par_1_75' title="bbox 2234 1369 3799 1445">
     <span class='ocr_line' id='line_1_76' title="bbox 2234 1369 3799 1445; baseline 0.012 -23"><span class='ocrx_word' id='word_1_514' title='bbox 2234 1370 2326 1422; x_wconf 89' lang='lat' dir='ltr'><strong>tibi</strong></span> <span class='ocrx_word' id='word_1_515' title='bbox 2350 1369 2522 1423; x_wconf 90' lang='lat' dir='ltr'><strong>denuo</strong></span> <span class='ocrx_word' id='word_1_516' title='bbox 2551 1371 2685 1424; x_wconf 89' lang='lat' dir='ltr'><strong>viam</strong></span> <span class='ocrx_word' id='word_1_517' title='bbox 2712 1373 2760 1426; x_wconf 84' lang='lat' dir='ltr'><strong>iit</strong></span> <span class='ocrx_word' id='word_1_518' title='bbox 2791 1373 2952 1441; x_wconf 85' lang='lat' dir='ltr'><strong>ipsius</strong></span> <span class='ocrx_word' id='word_1_519' title='bbox 2977 1373 3283 1432; x_wconf 74' lang='lat' dir='ltr'><strong>defensione</strong></span> <span class='ocrx_word' id='word_1_520' title='bbox 3311 1381 3578 1445; x_wconf 83' lang='lat' dir='ltr'><strong>patefecit.</strong></span> <span class='ocrx_word' id='word_1_521' title='bbox 3798 1437 3799 1440; x_wconf 44' lang='grc' dir='ltr'><strong>η</strong></span> 
     </span>
    </p>
   </div>
   <div class='ocr_carea' id='block_1_76' title="bbox 2303 1460 3799 1542">
    <p class='ocr_par' dir='ltr' id='par_1_76' title="bbox 2303 1460 3799 1542">
     <span class='ocr_line' id='line_1_77' title="bbox 2303 1460 3799 1542; baseline 0.005 -28"><span class='ocrx_word' id='word_1_522' title='bbox 2303 1460 2520 1526; x_wconf 80' lang='lat' dir='ltr'><strong>Verum,</strong></span> <span class='ocrx_word' id='word_1_523' title='bbox 2547 1477 2747 1530; x_wconf 73' lang='lat' dir='ltr'><strong>quieso,</strong></span> <span class='ocrx_word' id='word_1_524' title='bbox 2775 1478 3008 1532; x_wconf 88' lang='lat' dir='ltr'><strong>propone</strong></span> <span class='ocrx_word' id='word_1_525' title='bbox 3035 1465 3193 1520; x_wconf 86' lang='lat' dir='ltr'><strong>etiam</strong></span> <span class='ocrx_word' id='word_1_526' title='bbox 3219 1471 3460 1537; x_wconf 79' lang='lat' dir='ltr'><strong>exempla</strong></span> <span class='ocrx_word' id='word_1_527' title='bbox 3483 1480 3756 1540; x_wconf 80' lang='lat' dir='ltr'><strong>gestorum,</strong></span> <span class='ocrx_word' id='word_1_528' title='bbox 3798 1535 3799 1542; x_wconf 12' lang='grc' dir='ltr'>γ</span> 
     </span>
    </p>
   </div>
   <div class='ocr_carea' id='block_1_77' title="bbox 2233 1550 3799 1629">
    <p class='ocr_par' dir='ltr' id='par_1_77' title="bbox 2233 1550 3799 1629">
     <span class='ocr_line' id='line_1_78' title="bbox 2233 1550 3799 1629; baseline 0.008 -26"><span class='ocrx_word' id='word_1_529' title='bbox 2233 1559 2284 1603; x_wconf 88' lang='lat' dir='ltr'><strong>et</strong></span> <span class='ocrx_word' id='word_1_530' title='bbox 2316 1550 2451 1606; x_wconf 88' lang='lat' dir='ltr'><strong>hanc</strong></span> <span class='ocrx_word' id='word_1_531' title='bbox 2478 1551 2644 1605; x_wconf 89' lang='lat' dir='ltr'><strong>vicem</strong></span> <span class='ocrx_word' id='word_1_532' title='bbox 2675 1554 2807 1607; x_wconf 90' lang='lat' dir='ltr'><strong>meis</strong></span> <span class='ocrx_word' id='word_1_533' title='bbox 2844 1555 3073 1618; x_wconf 87' lang='lat' dir='ltr'><strong>repende</strong></span> <span class='ocrx_word' id='word_1_534' title='bbox 3098 1556 3389 1618; x_wconf 86' lang='lat' dir='ltr'><strong>beneficiis.</strong></span> <span class='ocrx_word' id='word_1_535' title='bbox 3434 1569 3492 1612; x_wconf 91' lang='lat' dir='ltr'><strong>ut</strong></span> <span class='ocrx_word' id='word_1_536' title='bbox 3533 1577 3644 1628; x_wconf 75' lang='lat' dir='ltr'><strong>qua:</strong></span> <span class='ocrx_word' id='word_1_537' title='bbox 3683 1578 3756 1629; x_wconf 77' lang='lat' dir='ltr'><strong>per</strong></span> <span class='ocrx_word' id='word_1_538' title='bbox 3798 1599 3799 1602; x_wconf 60' lang='grc' dir='ltr'><strong>η</strong></span> 
     </span>
    </p>
   </div>
   <div class='ocr_carea' id='block_1_78' title="bbox 1297 1629 3799 1718">
    <p class='ocr_par' dir='ltr' id='par_1_78' title="bbox 1297 1629 3799 1718">
     <span class='ocr_line' id='line_1_79' title="bbox 1297 1629 3799 1718; baseline 0.003 -24"><span class='ocrx_word' id='word_1_539' title='bbox 1297 1642 1488 1709; x_wconf 86' lang='lat' dir='ltr'><strong>quibus</strong></span> <span class='ocrx_word' id='word_1_540' title='bbox 1537 1650 1710 1694; x_wconf 87' lang='lat' dir='ltr'><strong>tamen</strong></span> <span class='ocrx_word' id='word_1_541' title='bbox 1743 1641 1842 1693; x_wconf 90' lang='lat' dir='ltr'><strong>rite</strong></span> <span class='ocrx_word' id='word_1_542' title='bbox 1868 1640 2133 1707; x_wconf 88' lang='lat' dir='ltr'><strong>depensis,</strong></span> <span class='ocrx_word' id='word_1_543' title='bbox 2170 1634 2213 1693; x_wconf 84' lang='grc' dir='ltr'><strong>Β</strong></span> <span class='ocrx_word' id='word_1_544' title='bbox 2237 1629 2411 1691; x_wconf 88' lang='lat' dir='ltr'><strong>rerum</strong></span> <span class='ocrx_word' id='word_1_545' title='bbox 2451 1640 2689 1692; x_wconf 78' lang='lat' dir='ltr'><strong>examina</strong></span> <span class='ocrx_word' id='word_1_546' title='bbox 2727 1641 3102 1710; x_wconf 88' lang='lat' dir='ltr'><strong>comprobasti,</strong></span> <span class='ocrx_word' id='word_1_547' title='bbox 3154 1653 3208 1698; x_wconf 88' lang='lat' dir='ltr'><strong>et</strong></span> <span class='ocrx_word' id='word_1_548' title='bbox 3253 1647 3547 1713; x_wconf 79' lang='lat' dir='ltr'><strong>periculosa</strong></span> <span class='ocrx_word' id='word_1_549' title='bbox 3592 1664 3756 1715; x_wconf 69' lang='lat' dir='ltr'><strong>praca-</strong></span> <span class='ocrx_word' id='word_1_550' title='bbox 3798 1665 3799 1718; x_wconf 88' lang='lat' dir='ltr'><strong>j</strong></span> 
     </span>
    </p>
   </div>
   <div class='ocr_carea' id='block_1_79' title="bbox 2239 1722 3756 1803">
    <p class='ocr_par' dir='ltr' id='par_1_79' title="bbox 2239 1722 3756 1803">
     <span class='ocr_line' id='line_1_80' title="bbox 2239 1722 3756 1803; baseline 0.007 -25"><span class='ocrx_word' id='word_1_551' title='bbox 2239 1740 2380 1792; x_wconf 87' lang='lat' dir='ltr'><strong>veas,</strong></span> <span class='ocrx_word' id='word_1_552' title='bbox 2407 1735 2459 1780; x_wconf 90' lang='lat' dir='ltr'><strong>et</strong></span> <span class='ocrx_word' id='word_1_553' title='bbox 2488 1726 2718 1780; x_wconf 83' lang='lat' dir='ltr'><strong>subsidia</strong></span> <span class='ocrx_word' id='word_1_554' title='bbox 2749 1743 3069 1796; x_wconf 74' lang='lat' dir='ltr'><strong>recuperatae</strong></span> <span class='ocrx_word' id='word_1_555' title='bbox 3109 1747 3140 1786; x_wconf 88' lang='lat' dir='ltr'><strong>a</strong></span> <span class='ocrx_word' id='word_1_556' title='bbox 3173 1744 3223 1788; x_wconf 85' lang='lat' dir='ltr'><strong>te</strong></span> <span class='ocrx_word' id='word_1_557' title='bbox 3248 1722 3518 1803; x_wconf 83' lang='lat' dir='ltr'><strong>dignitatis</strong></span> <span class='ocrx_word' id='word_1_558' title='bbox 3551 1736 3756 1791; x_wconf 62' lang='lat' dir='ltr'><strong>aﬂectes.</strong></span> 
     </span>
    </p>
   </div>
   <div class='ocr_carea' id='block_1_80' title="bbox 2237 1815 3799 1894">
    <p class='ocr_par' dir='ltr' id='par_1_80' title="bbox 2237 1815 3799 1894">
     <span class='ocr_line' id='line_1_81' title="bbox 2237 1815 3799 1894; baseline 0.007 -25"><span class='ocrx_word' id='word_1_559' title='bbox 2237 1815 2359 1869; x_wconf 75' lang='lat' dir='ltr'><strong>Haec</strong></span> <span class='ocrx_word' id='word_1_560' title='bbox 2384 1831 2534 1885; x_wconf 82' lang='lat' dir='ltr'><strong>rogo,</strong></span> <span class='ocrx_word' id='word_1_561' title='bbox 2559 1831 2676 1886; x_wconf 64' lang='lat' dir='ltr'><strong>quae</strong></span> <span class='ocrx_word' id='word_1_562' title='bbox 2699 1817 2838 1871; x_wconf 80' lang='lat' dir='ltr'><strong>dicta</strong></span> <span class='ocrx_word' id='word_1_563' title='bbox 2863 1820 2998 1873; x_wconf 89' lang='lat' dir='ltr'><strong>Deus</strong></span> <span class='ocrx_word' id='word_1_564' title='bbox 3021 1836 3140 1876; x_wconf 88' lang='lat' dir='ltr'><strong>esse</strong></span> <span class='ocrx_word' id='word_1_565' title='bbox 3167 1825 3329 1879; x_wconf 78' lang='lat' dir='ltr'><strong>voluit</strong></span> <span class='ocrx_word' id='word_1_566' title='bbox 3353 1842 3448 1894; x_wconf 85' lang='lat' dir='ltr'><strong>per</strong></span> <span class='ocrx_word' id='word_1_567' title='bbox 3471 1828 3621 1882; x_wconf 76' lang='lat' dir='ltr'><strong>dieue</strong></span> <span class='ocrx_word' id='word_1_568' title='bbox 3642 1831 3756 1883; x_wconf 77' lang='lat' dir='ltr'><strong>sedis</strong></span> <span class='ocrx_word' id='word_1_569' title='bbox 3798 1815 3799 1880; x_wconf 70' lang='grc' dir='ltr'>Ῑ</span> 
     </span>
    </p>
   </div>
   <div class='ocr_carea' id='block_1_81' title="bbox 2233 1908 3754 1988">
    <p class='ocr_par' dir='ltr' id='par_1_81' title="bbox 2233 1908 3754 1988">
     <span class='ocr_line' id='line_1_82' title="bbox 2233 1908 3754 1988; baseline 0.007 -26"><span class='ocrx_word' id='word_1_570' title='bbox 2233 1908 2545 1972; x_wconf 85' lang='lat' dir='ltr'><strong>antistitem,</strong></span> <span class='ocrx_word' id='word_1_571' title='bbox 2581 1908 2663 1962; x_wconf 87' lang='lat' dir='ltr'><strong>vel</strong></span> <span class='ocrx_word' id='word_1_572' title='bbox 2695 1924 2790 1976; x_wconf 91' lang='lat' dir='ltr'><strong>per</strong></span> <span class='ocrx_word' id='word_1_573' title='bbox 2824 1911 2926 1964; x_wconf 89' lang='lat' dir='ltr'><strong>mei</strong></span> <span class='ocrx_word' id='word_1_574' title='bbox 2961 1912 3162 1966; x_wconf 87' lang='lat' dir='ltr'><strong>ordinis</strong></span> <span class='ocrx_word' id='word_1_575' title='bbox 3191 1917 3529 1982; x_wconf 83' lang='lat' dir='ltr'><strong>parvitatem,</strong></span> <span class='ocrx_word' id='word_1_576' title='bbox 3568 1919 3650 1988; x_wconf 85' lang='lat' dir='ltr'><strong>qui</strong></span> <span class='ocrx_word' id='word_1_577' title='bbox 3675 1928 3754 1972; x_wconf 71' lang='lat' dir='ltr'><strong>tua</strong></span> 
     </span>
    </p>
   </div>
   <div class='ocr_carea' id='block_1_82' title="bbox 2236 2000 3754 2075">
    <p class='ocr_par' dir='ltr' id='par_1_82' title="bbox 2236 2000 3754 2075">
     <span class='ocr_line' id='line_1_83' title="bbox 2236 2000 3754 2075; baseline 0.004 -21"><span class='ocrx_word' id='word_1_578' title='bbox 2236 2001 2256 2032; x_wconf 80' lang='lat'><strong><em>‘</em></strong></span> <span class='ocrx_word' id='word_1_579' title='bbox 2278 2001 2574 2055; x_wconf 85' lang='lat' dir='ltr'><strong>securitatis</strong></span> <span class='ocrx_word' id='word_1_580' title='bbox 2596 2000 2809 2067; x_wconf 85' lang='lat' dir='ltr'><strong>intuitu,</strong></span> <span class='ocrx_word' id='word_1_581' title='bbox 2843 2001 3206 2070; x_wconf 87' lang='lat' dir='ltr'><strong>hujuscemodi</strong></span> <span class='ocrx_word' id='word_1_582' title='bbox 3253 2006 3374 2059; x_wconf 89' lang='lat' dir='ltr'><strong>ideo</strong></span> <span class='ocrx_word' id='word_1_583' title='bbox 3400 2009 3675 2075; x_wconf 80' lang='lat' dir='ltr'><strong>promenda</strong></span> <span class='ocrx_word' id='word_1_584' title='bbox 3690 2009 3754 2075; x_wconf 87' lang='lat' dir='ltr'><strong>ju-</strong></span> 
     </span>
    </p>
   </div>
   <div class='ocr_carea' id='block_1_83' title="bbox 2235 2091 3799 2164">
    <p class='ocr_par' dir='ltr' id='par_1_83' title="bbox 2235 2091 3799 2164">
     <span class='ocr_line' id='line_1_84' title="bbox 2235 2091 3799 2164; baseline 0.005 -20"><span class='ocrx_word' id='word_1_585' title='bbox 2235 2091 2447 2155; x_wconf 91' lang='lat' dir='ltr'><strong>dicavit,</strong></span> <span class='ocrx_word' id='word_1_586' title='bbox 2473 2099 2529 2144; x_wconf 91' lang='lat' dir='ltr'><strong>ut</strong></span> <span class='ocrx_word' id='word_1_587' title='bbox 2555 2105 2656 2143; x_wconf 91' lang='lat' dir='ltr'><strong>non</strong></span> <span class='ocrx_word' id='word_1_588' title='bbox 2685 2099 2789 2143; x_wconf 89' lang='lat' dir='ltr'><strong>tam</strong></span> <span class='ocrx_word' id='word_1_589' title='bbox 2814 2105 2906 2158; x_wconf 90' lang='lat' dir='ltr'><strong>per</strong></span> <span class='ocrx_word' id='word_1_590' title='bbox 2928 2092 3042 2159; x_wconf 88' lang='lat' dir='ltr'><strong>ejus</strong></span> <span class='ocrx_word' id='word_1_591' title='bbox 3061 2093 3482 2164; x_wconf 84' lang='lat' dir='ltr'><strong>qualemcunque</strong></span> <span class='ocrx_word' id='word_1_592' title='bbox 3508 2097 3750 2160; x_wconf 80' lang='lat' dir='ltr'><strong>vicarium,</strong></span> <span class='ocrx_word' id='word_1_593' title='bbox 3798 2111 3799 2164; x_wconf 42' lang='grc' dir='ltr'><strong>ᾖ</strong></span> 
     </span>
    </p>
   </div>
   <div class='ocr_carea' id='block_1_84' title="bbox 2234 2182 3748 2252">
    <p class='ocr_par' dir='ltr' id='par_1_84' title="bbox 2234 2182 3748 2252">
     <span class='ocr_line' id='line_1_85' title="bbox 2234 2182 3748 2252; baseline 0.004 -20"><span class='ocrx_word' id='word_1_594' title='bbox 2234 2182 2327 2237; x_wconf 73' lang='lat' dir='ltr'><strong>sed</strong></span> <span class='ocrx_word' id='word_1_595' title='bbox 2358 2182 2630 2252; x_wconf 68' lang='lat' dir='ltr'><strong>praesentis</strong></span> <span class='ocrx_word' id='word_1_596' title='bbox 2655 2183 2878 2249; x_wconf 85' lang='lat' dir='ltr'><strong>apostoli</strong></span> <span class='ocrx_word' id='word_1_597' title='bbox 2908 2186 3048 2237; x_wconf 89' lang='lat' dir='ltr'><strong>velut</strong></span> <span class='ocrx_word' id='word_1_598' title='bbox 3075 2186 3386 2243; x_wconf 82' lang='lat' dir='ltr'><strong>auctoritate</strong></span> <span class='ocrx_word' id='word_1_599' title='bbox 3410 2191 3748 2250; x_wconf 68' lang='lat' dir='ltr'><strong>commonitus,</strong></span> 
     </span>
    </p>
   </div>
   <div class='ocr_carea' id='block_1_85' title="bbox 2235 2271 3751 2334">
    <p class='ocr_par' dir='ltr' id='par_1_85' title="bbox 2235 2271 3751 2334">
     <span class='ocr_line' id='line_1_86' title="bbox 2235 2271 3751 2334; baseline 0.003 -9"><span class='ocrx_word' id='word_1_600' title='bbox 2235 2271 2392 2327; x_wconf 86' lang='lat' dir='ltr'><strong>altius</strong></span> <span class='ocrx_word' id='word_1_601' title='bbox 2421 2273 2532 2325; x_wconf 85' lang='lat' dir='ltr'><strong>vias</strong></span> <span class='ocrx_word' id='word_1_602' title='bbox 2561 2283 2612 2324; x_wconf 89' lang='lat' dir='ltr'><strong>et</strong></span> <span class='ocrx_word' id='word_1_603' title='bbox 2634 2271 2826 2325; x_wconf 76' lang='lat' dir='ltr'><strong>divinas</strong></span> <span class='ocrx_word' id='word_1_604' title='bbox 2853 2275 3162 2329; x_wconf 78' lang='lat' dir='ltr'><strong>reverentia:</strong></span> <span class='ocrx_word' id='word_1_605' title='bbox 3187 2288 3238 2329; x_wconf 90' lang='lat' dir='ltr'><strong>et</strong></span> <span class='ocrx_word' id='word_1_606' title='bbox 3265 2277 3509 2332; x_wconf 75' lang='lat' dir='ltr'><strong>humana:</strong></span> <span class='ocrx_word' id='word_1_607' title='bbox 3529 2279 3751 2334; x_wconf 73' lang='lat' dir='ltr'><strong>conditio-</strong></span> 
     </span>
    </p>
   </div>
   <div class='ocr_carea' id='block_1_86' title="bbox 2235 2359 3799 2434">
    <p class='ocr_par' dir='ltr' id='par_1_86' title="bbox 2235 2359 3799 2434">
     <span class='ocr_line' id='line_1_87' title="bbox 2235 2359 3799 2434; baseline 0.003 -19"><span class='ocrx_word' id='word_1_608' title='bbox 2235 2361 2317 2415; x_wconf 87' lang='lat' dir='ltr'><strong>nis</strong></span> <span class='ocrx_word' id='word_1_609' title='bbox 2345 2360 2603 2429; x_wconf 87' lang='lat' dir='ltr'><strong>aspiciens</strong></span> <span class='ocrx_word' id='word_1_610' title='bbox 2640 2359 2798 2430; x_wconf 92' lang='lat' dir='ltr'><strong>(quod</strong></span> <span class='ocrx_word' id='word_1_611' title='bbox 2831 2361 2993 2430; x_wconf 85' lang='lat' dir='ltr'><strong>absit)</strong></span> <span class='ocrx_word' id='word_1_612' title='bbox 3021 2379 3127 2418; x_wconf 92' lang='lat' dir='ltr'><strong>non</strong></span> <span class='ocrx_word' id='word_1_613' title='bbox 3166 2365 3400 2434; x_wconf 85' lang='lat' dir='ltr'><strong>ingratus</strong></span> <span class='ocrx_word' id='word_1_614' title='bbox 3442 2369 3660 2422; x_wconf 78' lang='lat' dir='ltr'><strong>existere</strong></span> <span class='ocrx_word' id='word_1_615' title='bbox 3693 2370 3748 2419; x_wconf 83' lang='lat' dir='ltr'><strong>vi-</strong></span> <span class='ocrx_word' id='word_1_616' title='bbox 3798 2373 3799 2432; x_wconf 64' lang='lat'>1</span> 
     </span>
    </p>
   </div>
   <div class='ocr_carea' id='block_1_87' title="bbox 2235 2450 3747 2520">
    <p class='ocr_par' dir='ltr' id='par_1_87' title="bbox 2235 2450 3747 2520">
     <span class='ocr_line' id='line_1_88' title="bbox 2235 2450 3747 2520; baseline 0.001 -13"><span class='ocrx_word' id='word_1_617' title='bbox 2235 2451 2407 2507; x_wconf 85' lang='lat' dir='ltr'><strong>dearis</strong></span> <span class='ocrx_word' id='word_1_618' title='bbox 2431 2450 2635 2504; x_wconf 66' lang='lat' dir='ltr'><strong>collatis</strong></span> <span class='ocrx_word' id='word_1_619' title='bbox 2665 2450 2927 2506; x_wconf 87' lang='lat' dir='ltr'><strong>felicitatis</strong></span> <span class='ocrx_word' id='word_1_620' title='bbox 2953 2455 3178 2508; x_wconf 88' lang='lat' dir='ltr'><strong>auctori.</strong></span> <span class='ocrx_word' id='word_1_621' title='bbox 3211 2456 3428 2520; x_wconf 80' lang='lat' dir='ltr'><strong>Redeat.</strong></span> <span class='ocrx_word' id='word_1_622' title='bbox 3456 2458 3684 2518; x_wconf 80' lang='lat' dir='ltr'><strong>obsecro.</strong></span> <span class='ocrx_word' id='word_1_623' title='bbox 3709 2458 3747 2508; x_wconf 87' lang='lat' dir='ltr'><strong>in</strong></span> 
     </span>
    </p>
   </div>
   <div class='ocr_carea' id='block_1_88' title="bbox 2235 2538 3748 2614">
    <p class='ocr_par' dir='ltr' id='par_1_88' title="bbox 2235 2538 3748 2614">
     <span class='ocr_line' id='line_1_89' title="bbox 2235 2538 3748 2614; baseline 0.003 -23"><span class='ocrx_word' id='word_1_624' title='bbox 2235 2539 2395 2592; x_wconf 88' lang='lat' dir='ltr'><strong>animi</strong></span> <span class='ocrx_word' id='word_1_625' title='bbox 2443 2538 2518 2592; x_wconf 92' lang='lat' dir='ltr'><strong>tui</strong></span> <span class='ocrx_word' id='word_1_626' title='bbox 2561 2539 2760 2608; x_wconf 83' lang='lat' dir='ltr'><strong>integra</strong></span> <span class='ocrx_word' id='word_1_627' title='bbox 2807 2540 3186 2599; x_wconf 88' lang='lat' dir='ltr'><strong>deliberatione</strong></span> <span class='ocrx_word' id='word_1_628' title='bbox 3238 2560 3612 2614; x_wconf 83' lang='lat' dir='ltr'><strong>conspectum,</strong></span> <span class='ocrx_word' id='word_1_629' title='bbox 3653 2561 3748 2614; x_wconf 64' lang='lat' dir='ltr'><strong>qua</strong></span> 
     </span>
    </p>
   </div>
   <div class='ocr_carea' id='block_1_89' title="bbox 2237 2627 3748 2704">
    <p class='ocr_par' dir='ltr' id='par_1_89' title="bbox 2237 2627 3748 2704">
     <span class='ocr_line' id='line_1_90' title="bbox 2237 2627 3748 2704; baseline 0.005 -23"><span class='ocrx_word' id='word_1_630' title='bbox 2237 2627 2479 2681; x_wconf 87' lang='lat' dir='ltr'><strong>inimicos</strong></span> <span class='ocrx_word' id='word_1_631' title='bbox 2510 2636 2626 2680; x_wconf 88' lang='lat' dir='ltr'><strong>tuos</strong></span> <span class='ocrx_word' id='word_1_632' title='bbox 2656 2627 2788 2681; x_wconf 83' lang='lat' dir='ltr'><strong>facta</strong></span> <span class='ocrx_word' id='word_1_633' title='bbox 2818 2630 3154 2697; x_wconf 80' lang='lat' dir='ltr'><strong>dejecerunt,</strong></span> <span class='ocrx_word' id='word_1_634' title='bbox 3186 2648 3304 2702; x_wconf 75' lang='lat' dir='ltr'><strong>qua:</strong></span> <span class='ocrx_word' id='word_1_635' title='bbox 3339 2645 3392 2689; x_wconf 86' lang='lat' dir='ltr'><strong>te</strong></span> <span class='ocrx_word' id='word_1_636' title='bbox 3419 2635 3486 2688; x_wconf 87' lang='lat' dir='ltr'><strong>ad</strong></span> <span class='ocrx_word' id='word_1_637' title='bbox 3517 2637 3748 2704; x_wconf 72' lang='lat' dir='ltr'><strong>imperiale</strong></span> 
     </span>
    </p>
   </div>
   <div class='ocr_carea' id='block_1_90' title="bbox 2236 2715 3746 2790">
    <p class='ocr_par' dir='ltr' id='par_1_90' title="bbox 2236 2715 3746 2790">
     <span class='ocr_line' id='line_1_91' title="bbox 2236 2715 3746 2790; baseline 0.003 -20"><span class='ocrx_word' id='word_1_638' title='bbox 2236 2715 2498 2786; x_wconf 84' lang='lat' dir='ltr'><strong>fastigium</strong></span> <span class='ocrx_word' id='word_1_639' title='bbox 2521 2715 2627 2769; x_wconf 90' lang='lat' dir='ltr'><strong>Deo</strong></span> <span class='ocrx_word' id='word_1_640' title='bbox 2653 2717 2935 2771; x_wconf 89' lang='lat' dir='ltr'><strong>comitante</strong></span> <span class='ocrx_word' id='word_1_641' title='bbox 2958 2722 3283 2786; x_wconf 81' lang='lat' dir='ltr'><strong>revexerint;</strong></span> <span class='ocrx_word' id='word_1_642' title='bbox 3311 2723 3538 2790; x_wconf 84' lang='lat' dir='ltr'><strong>qualiter</strong></span> <span class='ocrx_word' id='word_1_643' title='bbox 3560 2723 3629 2777; x_wconf 88' lang='lat' dir='ltr'><strong>liti</strong></span> <span class='ocrx_word' id='word_1_644' title='bbox 3652 2738 3746 2776; x_wconf 81' lang='lat' dir='ltr'><strong>cum</strong></span> 
     </span>
    </p>
   </div>
   <div class='ocr_carea' id='block_1_91' title="bbox 2238 2804 3746 2878">
    <p class='ocr_par' dir='ltr' id='par_1_91' title="bbox 2238 2804 3746 2878">
     <span class='ocr_line' id='line_1_92' title="bbox 2238 2804 3746 2878; baseline 0.001 -17"><span class='ocrx_word' id='word_1_645' title='bbox 2238 2805 2461 2861; x_wconf 77' lang='lat' dir='ltr'><strong>nefanda</strong></span> <span class='ocrx_word' id='word_1_646' title='bbox 2502 2804 2756 2872; x_wconf 89' lang='lat' dir='ltr'><strong>dogmatis</strong></span> <span class='ocrx_word' id='word_1_647' title='bbox 2779 2805 3076 2873; x_wconf 85' lang='lat' dir='ltr'><strong>receptione</strong></span> <span class='ocrx_word' id='word_1_648' title='bbox 3098 2808 3476 2875; x_wconf 89' lang='lat' dir='ltr'><strong>conciderunt;</strong></span> <span class='ocrx_word' id='word_1_649' title='bbox 3518 2819 3571 2865; x_wconf 89' lang='lat' dir='ltr'><strong>et</strong></span> <span class='ocrx_word' id='word_1_650' title='bbox 3594 2825 3746 2878; x_wconf 82' lang='lat' dir='ltr'><strong>quem-</strong></span> 
     </span>
    </p>
   </div>
   <div class='ocr_carea' id='block_1_92' title="bbox 2237 2895 3746 2966">
    <p class='ocr_par' dir='ltr' id='par_1_92' title="bbox 2237 2895 3746 2966">
     <span class='ocr_line' id='line_1_93' title="bbox 2237 2895 3746 2966; baseline 0.001 -16"><span class='ocrx_word' id='word_1_651' title='bbox 2237 2897 2516 2950; x_wconf 90' lang='lat' dir='ltr'><strong>admodum</strong></span> <span class='ocrx_word' id='word_1_652' title='bbox 2565 2895 2726 2963; x_wconf 89' lang='lat' dir='ltr'><strong>gloria</strong></span> <span class='ocrx_word' id='word_1_653' title='bbox 2771 2907 2857 2949; x_wconf 90' lang='lat' dir='ltr'><strong>tua</strong></span> <span class='ocrx_word' id='word_1_654' title='bbox 2895 2899 2946 2950; x_wconf 92' lang='lat' dir='ltr'><strong>in</strong></span> <span class='ocrx_word' id='word_1_655' title='bbox 2975 2895 3342 2954; x_wconf 66' lang='lat' dir='ltr'><strong>hereticorum</strong></span> <span class='ocrx_word' id='word_1_656' title='bbox 3392 2901 3550 2955; x_wconf 87' lang='lat' dir='ltr'><strong>fuerit</strong></span> <span class='ocrx_word' id='word_1_657' title='bbox 3592 2900 3746 2966; x_wconf 83' lang='lat' dir='ltr'><strong>depul-</strong></span> 
     </span>
    </p>
   </div>
   <div class='ocr_carea' id='block_1_93' title="bbox 2237 3077 3745 3151">
    <p class='ocr_par' dir='ltr' id='par_1_93' title="bbox 2237 3077 3745 3151">
     <span class='ocr_line' id='line_1_94' title="bbox 2237 3077 3745 3151; baseline 0 -19"><span class='ocrx_word' id='word_1_658' title='bbox 2237 3079 2555 3134; x_wconf 87' lang='lat' dir='ltr'><strong>venerabilia</strong></span> <span class='ocrx_word' id='word_1_659' title='bbox 2601 3077 2923 3144; x_wconf 88' lang='lat' dir='ltr'><strong>constituta,</strong></span> <span class='ocrx_word' id='word_1_660' title='bbox 2975 3088 3029 3134; x_wconf 89' lang='lat' dir='ltr'><strong>et</strong></span> <span class='ocrx_word' id='word_1_661' title='bbox 3076 3082 3365 3137; x_wconf 87' lang='lat' dir='ltr'><strong>beatissimi</strong></span> <span class='ocrx_word' id='word_1_662' title='bbox 3407 3099 3554 3151; x_wconf 68' lang='lat' dir='ltr'><strong>papa</strong></span> <span class='ocrx_word' id='word_1_663' title='bbox 3589 3080 3745 3136; x_wconf 73' lang='lat' dir='ltr'><strong>Lectus</strong></span> 
     </span>
    </p>
   </div>
   <div class='ocr_carea' id='block_1_94' title="bbox 2251 3167 3744 3240">
    <p class='ocr_par' dir='ltr' id='par_1_94' title="bbox 2251 3167 3744 3240">
     <span class='ocr_line' id='line_1_95' title="bbox 2251 3167 3744 3240; baseline -0.001 -19"><span class='ocrx_word' id='word_1_664' title='bbox 2251 3168 2442 3234; x_wconf 89' lang='lat' dir='ltr'><strong>scripta</strong></span> <span class='ocrx_word' id='word_1_665' title='bbox 2481 3167 2772 3230; x_wconf 88' lang='lat' dir='ltr'><strong>venientes,</strong></span> <span class='ocrx_word' id='word_1_666' title='bbox 2803 3168 2912 3235; x_wconf 87' lang='lat' dir='ltr'><strong>ipsa</strong></span> <span class='ocrx_word' id='word_1_667' title='bbox 2949 3169 3027 3222; x_wconf 88' lang='lat' dir='ltr'><strong>sui</strong></span> <span class='ocrx_word' id='word_1_668' title='bbox 3071 3170 3342 3225; x_wconf 87' lang='lat' dir='ltr'><strong>molitione</strong></span> <span class='ocrx_word' id='word_1_669' title='bbox 3379 3172 3589 3240; x_wconf 84' lang='lat' dir='ltr'><strong>collapsi</strong></span> <span class='ocrx_word' id='word_1_670' title='bbox 3624 3181 3744 3228; x_wconf 79' lang='lat' dir='ltr'><strong>sunt;</strong></span> 
     </span>
    </p>
   </div>
   <div class='ocr_carea' id='block_1_95' title="bbox 2237 3257 3744 3328">
    <p class='ocr_par' dir='ltr' id='par_1_95' title="bbox 2237 3257 3744 3328">
     <span class='ocr_line' id='line_1_96' title="bbox 2237 3257 3744 3328; baseline 0.001 -18"><span class='ocrx_word' id='word_1_671' title='bbox 2237 3267 2290 3310; x_wconf 89' lang='lat' dir='ltr'><strong>et</strong></span> <span class='ocrx_word' id='word_1_672' title='bbox 2313 3258 2501 3322; x_wconf 88' lang='lat' dir='ltr'><strong>quibus</strong></span> <span class='ocrx_word' id='word_1_673' title='bbox 2530 3257 2698 3309; x_wconf 90' lang='lat' dir='ltr'><strong>modis</strong></span> <span class='ocrx_word' id='word_1_674' title='bbox 2735 3270 2915 3310; x_wconf 87' lang='lat' dir='ltr'><strong>eorum</strong></span> <span class='ocrx_word' id='word_1_675' title='bbox 2957 3258 3375 3324; x_wconf 85' lang='lat' dir='ltr'><strong>reformationes,</strong></span> <span class='ocrx_word' id='word_1_676' title='bbox 3417 3261 3484 3313; x_wconf 79' lang='lat' dir='ltr'><strong>ad</strong></span> <span class='ocrx_word' id='word_1_677' title='bbox 3513 3257 3744 3328; x_wconf 77' lang='lat' dir='ltr'><strong>pristinum</strong></span> 
     </span>
    </p>
   </div>
   <div class='ocr_carea' id='block_1_96' title="bbox 2238 3343 3666 3417">
    <p class='ocr_par' dir='ltr' id='par_1_96' title="bbox 2238 3343 3666 3417">
     <span class='ocr_line' id='line_1_97' title="bbox 2238 3343 3666 3417; baseline 0.003 -19"><span class='ocrx_word' id='word_1_678' title='bbox 2238 3345 2259 3376; x_wconf 84' lang='lat'>&#39;</span> <span class='ocrx_word' id='word_1_679' title='bbox 2286 3354 2583 3398; x_wconf 83' lang='lat' dir='ltr'><strong>remearunt</strong></span> <span class='ocrx_word' id='word_1_680' title='bbox 2619 3343 2639 3373; x_wconf 73' lang='lat'><strong>‘</strong></span> <span class='ocrx_word' id='word_1_681' title='bbox 2669 3356 2872 3398; x_wconf 89' lang='lat' dir='ltr'><strong>tuarum</strong></span> <span class='ocrx_word' id='word_1_682' title='bbox 2922 3349 3266 3401; x_wconf 76' lang='lat' dir='ltr'><strong>reverentiam</strong></span> <span class='ocrx_word' id='word_1_683' title='bbox 3310 3347 3666 3417; x_wconf 78' lang='lat' dir='ltr'><strong>principatum.</strong></span> 
     </span>
    </p>
   </div>
   <div class='ocr_carea' id='block_1_97' title="bbox 2308 3429 3744 3508">
    <p class='ocr_par' dir='ltr' id='par_1_97' title="bbox 2308 3429 3744 3508">
     <span class='ocr_line' id='line_1_98' title="bbox 2308 3429 3744 3508; baseline 0.002 -23"><span class='ocrx_word' id='word_1_684' title='bbox 2308 3433 2507 3497; x_wconf 85' lang='lat' dir='ltr'><strong>Liceat,</strong></span> <span class='ocrx_word' id='word_1_685' title='bbox 2537 3447 2655 3498; x_wconf 88' lang='lat' dir='ltr'><strong>oro,</strong></span> <span class='ocrx_word' id='word_1_686' title='bbox 2682 3435 2817 3503; x_wconf 88' lang='lat' dir='ltr'><strong>apud</strong></span> <span class='ocrx_word' id='word_1_687' title='bbox 2856 3445 2906 3488; x_wconf 87' lang='lat' dir='ltr'><strong>te</strong></span> <span class='ocrx_word' id='word_1_688' title='bbox 2947 3433 3168 3486; x_wconf 87' lang='lat' dir='ltr'><strong>fidenter</strong></span> <span class='ocrx_word' id='word_1_689' title='bbox 3209 3448 3480 3500; x_wconf 80' lang='lat' dir='ltr'><strong>exponere</strong></span> <span class='ocrx_word' id='word_1_690' title='bbox 3519 3429 3744 3508; x_wconf 64' lang='lat' dir='ltr'><strong>[exerth</strong></span> 
     </span>
    </p>
   </div>
   <div class='ocr_carea' id='block_1_98' title="bbox 2239 3520 3744 3590">
    <p class='ocr_par' dir='ltr' id='par_1_98' title="bbox 2239 3520 3744 3590">
     <span class='ocr_line' id='line_1_99' title="bbox 2239 3520 3744 3590; baseline 0 -18"><span class='ocrx_word' id='word_1_691' title='bbox 2239 3534 2394 3586; x_wconf 86' lang='lat' dir='ltr'><strong>quem</strong></span> <span class='ocrx_word' id='word_1_692' title='bbox 2441 3523 2687 3577; x_wconf 86' lang='lat' dir='ltr'><strong>convenit</strong></span> <span class='ocrx_word' id='word_1_693' title='bbox 2727 3537 2831 3576; x_wconf 92' lang='lat' dir='ltr'><strong>non</strong></span> <span class='ocrx_word' id='word_1_694' title='bbox 2875 3533 3066 3577; x_wconf 89' lang='lat' dir='ltr'><strong>tacere.</strong></span> <span class='ocrx_word' id='word_1_695' title='bbox 3115 3520 3334 3576; x_wconf 88' lang='lat' dir='ltr'><strong>Unicum</strong></span> <span class='ocrx_word' id='word_1_696' title='bbox 3375 3524 3427 3576; x_wconf 92' lang='lat' dir='ltr'><strong>in</strong></span> <span class='ocrx_word' id='word_1_697' title='bbox 3466 3533 3518 3578; x_wconf 87' lang='lat' dir='ltr'><strong>te</strong></span> <span class='ocrx_word' id='word_1_698' title='bbox 3543 3533 3744 3590; x_wconf 83' lang='lat' dir='ltr'><strong>superest</strong></span> 
     </span>
    </p>
   </div>
   <div class='ocr_carea' id='block_1_99' title="bbox 2241 3609 3742 3687">
    <p class='ocr_par' dir='ltr' id='par_1_99' title="bbox 2241 3609 3742 3687">
     <span class='ocr_line' id='line_1_100' title="bbox 2241 3609 3742 3687; baseline -0.003 -23"><span class='ocrx_word' id='word_1_699' title='bbox 2241 3609 2399 3677; x_wconf 89' lang='lat' dir='ltr'><strong>prisci</strong></span> <span class='ocrx_word' id='word_1_700' title='bbox 2430 3624 2619 3687; x_wconf 82' lang='lat' dir='ltr'><strong>nomen</strong></span> <span class='ocrx_word' id='word_1_701' title='bbox 2658 3613 3012 3680; x_wconf 82' lang='lat' dir='ltr'><strong>imperatoris.</strong></span> <span class='ocrx_word' id='word_1_702' title='bbox 3039 3611 3132 3676; x_wconf 83' lang='lat' dir='ltr'><strong>Ne,</strong></span> <span class='ocrx_word' id='word_1_703' title='bbox 3158 3625 3356 3680; x_wconf 62' lang='lat' dir='ltr'><strong>quasso,</strong></span> <span class='ocrx_word' id='word_1_704' title='bbox 3386 3612 3537 3666; x_wconf 89' lang='lat' dir='ltr'><strong>nobis</strong></span> <span class='ocrx_word' id='word_1_705' title='bbox 3563 3612 3742 3665; x_wconf 81' lang='lat' dir='ltr'><strong>salutem</strong></span> 
     </span>
    </p>
   </div>
   <div class='ocr_carea' id='block_1_100' title="bbox 2241 3699 3743 3771">
    <p class='ocr_par' dir='ltr' id='par_1_100' title="bbox 2241 3699 3743 3771">
     <span class='ocr_line' id='line_1_101' title="bbox 2241 3699 3743 3771; baseline 0.001 -19"><span class='ocrx_word' id='word_1_706' title='bbox 2241 3701 2414 3765; x_wconf 88' lang='lat' dir='ltr'><strong>tuam,</strong></span> <span class='ocrx_word' id='word_1_707' title='bbox 2459 3702 2543 3770; x_wconf 88' lang='lat' dir='ltr'><strong>pie</strong></span> <span class='ocrx_word' id='word_1_708' title='bbox 2582 3702 2892 3771; x_wconf 90' lang='lat' dir='ltr'><strong>imperator,</strong></span> <span class='ocrx_word' id='word_1_709' title='bbox 2922 3701 3176 3765; x_wconf 87' lang='lat' dir='ltr'><strong>invideas,</strong></span> <span class='ocrx_word' id='word_1_710' title='bbox 3213 3715 3279 3755; x_wconf 92' lang='lat' dir='ltr'><strong>ne</strong></span> <span class='ocrx_word' id='word_1_711' title='bbox 3321 3699 3560 3755; x_wconf 81' lang='lat' dir='ltr'><strong>ﬁduciam</strong></span> <span class='ocrx_word' id='word_1_712' title='bbox 3598 3713 3678 3766; x_wconf 86' lang='lat' dir='ltr'><strong>pro</strong></span> <span class='ocrx_word' id='word_1_713' title='bbox 3708 3707 3743 3748; x_wconf 79' lang='lat' dir='ltr'><strong>la</strong></span> 
     </span>
    </p>
   </div>
   <div class='ocr_carea' id='block_1_101' title="bbox 2240 3788 3742 3861">
    <p class='ocr_par' dir='ltr' id='par_1_101' title="bbox 2240 3788 3742 3861">
     <span class='ocr_line' id='line_1_102' title="bbox 2240 3788 3742 3861; baseline -0.004 -17"><span class='ocrx_word' id='word_1_714' title='bbox 2240 3792 2444 3844; x_wconf 86' lang='lat' dir='ltr'><strong>minuas</strong></span> <span class='ocrx_word' id='word_1_715' title='bbox 2480 3793 2826 3861; x_wconf 87' lang='lat' dir='ltr'><strong>supplicandi.</strong></span> <span class='ocrx_word' id='word_1_716' title='bbox 2855 3790 3043 3847; x_wconf 72' lang='lat' dir='ltr'><strong>Causae</strong></span> <span class='ocrx_word' id='word_1_717' title='bbox 3070 3791 3258 3857; x_wconf 89' lang='lat' dir='ltr'><strong>quibus</strong></span> <span class='ocrx_word' id='word_1_718' title='bbox 3288 3790 3539 3844; x_wconf 84' lang='lat' dir='ltr'><strong>Dominus</strong></span> <span class='ocrx_word' id='word_1_719' title='bbox 3561 3788 3625 3841; x_wconf 91' lang='lat' dir='ltr'><strong>sit</strong></span> <span class='ocrx_word' id='word_1_720' title='bbox 3648 3799 3742 3855; x_wconf 84' lang='lat' dir='ltr'><strong>pro-</strong></span> 
     </span>
    </p>
   </div>
   <div class='ocr_carea' id='block_1_102' title="bbox 2239 3876 3741 3950">
    <p class='ocr_par' dir='ltr' id='par_1_102' title="bbox 2239 3876 3741 3950">
     <span class='ocr_line' id='line_1_103' title="bbox 2239 3876 3741 3950; baseline -0.009 -13"><span class='ocrx_word' id='word_1_721' title='bbox 2239 3883 2395 3950; x_wconf 91' lang='lat' dir='ltr'><strong>pitius</strong></span> <span class='ocrx_word' id='word_1_722' title='bbox 2437 3884 2758 3946; x_wconf 68' lang='lat' dir='ltr'><strong>inquirendae</strong></span> <span class='ocrx_word' id='word_1_723' title='bbox 2796 3895 2935 3950; x_wconf 90' lang='lat' dir='ltr'><strong>sunt,</strong></span> <span class='ocrx_word' id='word_1_724' title='bbox 2971 3898 3076 3937; x_wconf 91' lang='lat' dir='ltr'><strong>non</strong></span> <span class='ocrx_word' id='word_1_725' title='bbox 3112 3881 3302 3950; x_wconf 91' lang='lat' dir='ltr'><strong>quibus</strong></span> <span class='ocrx_word' id='word_1_726' title='bbox 3339 3883 3458 3950; x_wconf 88' lang='lat' dir='ltr'><strong>ejus</strong></span> <span class='ocrx_word' id='word_1_727' title='bbox 3497 3876 3741 3948; x_wconf 77' lang='lat' dir='ltr'><strong>indignatio</strong></span> 
     </span>
    </p>
   </div>
   <div class='ocr_carea' id='block_1_103' title="bbox 2241 3964 3739 4042">
    <p class='ocr_par' dir='ltr' id='par_1_103' title="bbox 2241 3964 3739 4042">
     <span class='ocr_line' id='line_1_104' title="bbox 2241 3964 3739 4042; baseline -0.004 -17"><span class='ocrx_word' id='word_1_728' title='bbox 2241 3983 2569 4042; x_wconf 88' lang='lat' dir='ltr'><strong>provocetur.</strong></span> <span class='ocrx_word' id='word_1_729' title='bbox 2603 3974 2890 4038; x_wconf 90' lang='lat' dir='ltr'><strong>Couvenio,</strong></span> <span class='ocrx_word' id='word_1_730' title='bbox 2930 3981 3216 4037; x_wconf 88' lang='lat' dir='ltr'><strong>contestor,</strong></span> <span class='ocrx_word' id='word_1_731' title='bbox 3243 3971 3514 4033; x_wconf 84' lang='lat' dir='ltr'><strong>obtestor;</strong></span> <span class='ocrx_word' id='word_1_732' title='bbox 3537 3964 3739 4036; x_wconf 67' lang='lat' dir='ltr'><strong>quopiam</strong></span> 
     </span>
    </p>
   </div>
   <div class='ocr_carea' id='block_1_104' title="bbox 2241 4059 3738 4125">
    <p class='ocr_par' dir='ltr' id='par_1_104' title="bbox 2241 4059 3738 4125">
     <span class='ocr_line' id='line_1_105' title="bbox 2241 4059 3738 4125; baseline -0.005 -11"><span class='ocrx_word' id='word_1_733' title='bbox 2241 4074 2434 4125; x_wconf 91' lang='lat' dir='ltr'><strong>metuo,</strong></span> <span class='ocrx_word' id='word_1_734' title='bbox 2473 4063 2742 4125; x_wconf 89' lang='lat' dir='ltr'><strong>horresco,</strong></span> <span class='ocrx_word' id='word_1_735' title='bbox 2791 4062 3034 4123; x_wconf 89' lang='lat' dir='ltr'><strong>formido,</strong></span> <span class='ocrx_word' id='word_1_736' title='bbox 3079 4075 3146 4114; x_wconf 82' lang='lat' dir='ltr'><strong>ne</strong></span> <span class='ocrx_word' id='word_1_737' title='bbox 3186 4059 3475 4113; x_wconf 78' lang='lat' dir='ltr'><strong>mutatione</strong></span> <span class='ocrx_word' id='word_1_738' title='bbox 3509 4067 3738 4110; x_wconf 75' lang='lat' dir='ltr'><strong>causamn</strong></span> 
     </span>
    </p>
   </div>
   <div class='ocr_carea' id='block_1_105' title="bbox 2241 4141 3736 4218">
    <p class='ocr_par' dir='ltr' id='par_1_105' title="bbox 2241 4141 3736 4218">
     <span class='ocr_line' id='line_1_106' title="bbox 2241 4141 3736 4218; baseline -0.003 -17"><span class='ocrx_word' id='word_1_739' title='bbox 2241 4151 2403 4217; x_wconf 89' lang='lat' dir='ltr'><strong>(quod</strong></span> <span class='ocrx_word' id='word_1_740' title='bbox 2438 4151 2598 4218; x_wconf 87' lang='lat' dir='ltr'><strong>absit)</strong></span> <span class='ocrx_word' id='word_1_741' title='bbox 2635 4160 2862 4204; x_wconf 87' lang='lat' dir='ltr'><strong>mutetur</strong></span> <span class='ocrx_word' id='word_1_742' title='bbox 2885 4158 3118 4218; x_wconf 85' lang='lat' dir='ltr'><strong>eventus.</strong></span> <span class='ocrx_word' id='word_1_743' title='bbox 3159 4147 3379 4212; x_wconf 82' lang='lat' dir='ltr'><strong>Respice</strong></span> <span class='ocrx_word' id='word_1_744' title='bbox 3421 4145 3659 4213; x_wconf 68' lang='lat' dir='ltr'><strong>propitiis</strong></span> <span class='ocrx_word' id='word_1_745' title='bbox 3689 4141 3736 4191; x_wconf 70' lang='grc' dir='ltr'><strong>ιδ</strong></span> 
     </span>
    </p>
   </div>
   <div class='ocr_carea' id='block_1_106' title="bbox 2240 4230 3738 4304">
    <p class='ocr_par' dir='ltr' id='par_1_106' title="bbox 2240 4230 3738 4304">
     <span class='ocr_line' id='line_1_107' title="bbox 2240 4230 3738 4304; baseline -0.005 -14"><span class='ocrx_word' id='word_1_746' title='bbox 2240 4239 2544 4290; x_wconf 86' lang='lat' dir='ltr'><strong>decessores</strong></span> <span class='ocrx_word' id='word_1_747' title='bbox 2568 4247 2684 4290; x_wconf 87' lang='lat' dir='ltr'><strong>tuos</strong></span> <span class='ocrx_word' id='word_1_748' title='bbox 2705 4247 2936 4304; x_wconf 66' lang='lat' dir='ltr'><strong>augustas</strong></span> <span class='ocrx_word' id='word_1_749' title='bbox 2956 4239 3226 4289; x_wconf 62' lang='lat' dir='ltr'><strong>memorias</strong></span> <span class='ocrx_word' id='word_1_750' title='bbox 3241 4235 3557 4287; x_wconf 75' lang='lat' dir='ltr'><strong>Marcianum</strong></span> <span class='ocrx_word' id='word_1_751' title='bbox 3577 4230 3738 4285; x_wconf 58' lang='lat' dir='ltr'><strong>vilica</strong></span> 
     </span>
    </p>
   </div>
   <div class='ocr_carea' id='block_1_107' title="bbox 2243 4405 3738 4478">
    <p class='ocr_par' dir='ltr' id='par_1_107' title="bbox 2243 4405 3738 4478">
     <span class='ocr_line' id='line_1_108' title="bbox 2243 4405 3738 4478; baseline -0.002 -15"><span class='ocrx_word' id='word_1_752' title='bbox 2243 4425 2423 4463; x_wconf 90' lang='lat' dir='ltr'><strong>eorum</strong></span> <span class='ocrx_word' id='word_1_753' title='bbox 2444 4424 2718 4464; x_wconf 88' lang='lat' dir='ltr'><strong>successor</strong></span> <span class='ocrx_word' id='word_1_754' title='bbox 2741 4427 2754 4460; x_wconf 87' lang='lat'><strong>:</strong></span> <span class='ocrx_word' id='word_1_755' title='bbox 2778 4411 3018 4478; x_wconf 87' lang='lat' dir='ltr'><strong>amplecti</strong></span> <span class='ocrx_word' id='word_1_756' title='bbox 3044 4409 3203 4462; x_wconf 81' lang='lat' dir='ltr'><strong>debes</strong></span> <span class='ocrx_word' id='word_1_757' title='bbox 3225 4408 3433 4461; x_wconf 89' lang='lat' dir='ltr'><strong>illorum</strong></span> <span class='ocrx_word' id='word_1_758' title='bbox 3461 4409 3510 4461; x_wconf 90' lang='lat' dir='ltr'><strong>in</strong></span> <span class='ocrx_word' id='word_1_759' title='bbox 3531 4405 3738 4473; x_wconf 65' lang='lat' dir='ltr'><strong>religioso</strong></span> 
     </span>
    </p>
   </div>
   <div class='ocr_carea' id='block_1_108' title="bbox 2242 4490 3734 4566">
    <p class='ocr_par' dir='ltr' id='par_1_108' title="bbox 2242 4490 3734 4566">
     <span class='ocr_line' id='line_1_109' title="bbox 2242 4490 3734 4566; baseline 0 -16"><span class='ocrx_word' id='word_1_760' title='bbox 2242 4512 2576 4562; x_wconf 89' lang='lat' dir='ltr'><strong>consensum,</strong></span> <span class='ocrx_word' id='word_1_761' title='bbox 2620 4513 2842 4566; x_wconf 91' lang='lat' dir='ltr'><strong>quorum</strong></span> <span class='ocrx_word' id='word_1_762' title='bbox 2889 4497 3049 4552; x_wconf 89' lang='lat' dir='ltr'><strong>debes</strong></span> <span class='ocrx_word' id='word_1_763' title='bbox 3094 4496 3366 4551; x_wconf 68' lang='lat' dir='ltr'><strong>memoriae</strong></span> <span class='ocrx_word' id='word_1_764' title='bbox 3417 4490 3734 4550; x_wconf 47' lang='lat' dir='ltr'><strong>reverentia.</strong></span> 
     </span>
    </p>
   </div>
   <div class='ocr_carea' id='block_1_109' title="bbox 2244 4582 3734 4656">
    <p class='ocr_par' dir='ltr' id='par_1_109' title="bbox 2244 4582 3734 4656">
     <span class='ocr_line' id='line_1_110' title="bbox 2244 4582 3734 4656; baseline -0.007 -12"><span class='ocrx_word' id='word_1_765' title='bbox 2244 4592 2392 4644; x_wconf 84' lang='lat' dir='ltr'><strong>Absit</strong></span> <span class='ocrx_word' id='word_1_766' title='bbox 2417 4608 2442 4641; x_wconf 87' lang='lat' dir='ltr'><strong>a</strong></span> <span class='ocrx_word' id='word_1_767' title='bbox 2467 4599 2550 4643; x_wconf 89' lang='lat' dir='ltr'><strong>tua</strong></span> <span class='ocrx_word' id='word_1_768' title='bbox 2573 4590 2868 4654; x_wconf 87' lang='lat' dir='ltr'><strong>devotione,</strong></span> <span class='ocrx_word' id='word_1_769' title='bbox 2890 4592 3026 4644; x_wconf 90' lang='lat' dir='ltr'><strong>absit</strong></span> <span class='ocrx_word' id='word_1_770' title='bbox 3053 4605 3081 4642; x_wconf 93' lang='lat' dir='ltr'><strong>a</strong></span> <span class='ocrx_word' id='word_1_771' title='bbox 3109 4599 3196 4643; x_wconf 86' lang='lat' dir='ltr'><strong>tua</strong></span> <span class='ocrx_word' id='word_1_772' title='bbox 3220 4596 3497 4656; x_wconf 77' lang='lat' dir='ltr'><strong>potestate,</strong></span> <span class='ocrx_word' id='word_1_773' title='bbox 3525 4595 3577 4640; x_wconf 80' lang='lat' dir='ltr'><strong>ut</strong></span> <span class='ocrx_word' id='word_1_774' title='bbox 3594 4582 3734 4638; x_wconf 76' lang='lat' dir='ltr'><strong>talium</strong></span> 
     </span>
    </p>
   </div>
   <div class='ocr_carea' id='block_1_110' title="bbox 2245 4678 3109 4747">
    <p class='ocr_par' dir='ltr' id='par_1_110' title="bbox 2245 4678 3109 4747">
     <span class='ocr_line' id='line_1_111' title="bbox 2245 4678 3109 4747; baseline -0.003 -13"><span class='ocrx_word' id='word_1_775' title='bbox 2245 4679 2474 4735; x_wconf 88' lang='lat' dir='ltr'><strong>credaris</strong></span> <span class='ocrx_word' id='word_1_776' title='bbox 2503 4680 2766 4747; x_wconf 87' lang='lat' dir='ltr'><strong>respuisse</strong></span> <span class='ocrx_word' id='word_1_777' title='bbox 2792 4678 3064 4747; x_wconf 89' lang='lat' dir='ltr'><strong>judicium.</strong></span> <span class='ocrx_word' id='word_1_778' title='bbox 3107 4730 3109 4732; x_wconf 72' lang='lat'><strong>.</strong></span> 
     </span>
    </p>
   </div>
   <div class='ocr_carea' id='block_1_111' title="bbox 2317 4763 3733 4836">
    <p class='ocr_par' dir='ltr' id='par_1_111' title="bbox 2317 4763 3733 4836">
     <span class='ocr_line' id='line_1_112' title="bbox 2317 4763 3733 4836; baseline -0.005 -14"><span class='ocrx_word' id='word_1_779' title='bbox 2317 4768 2589 4822; x_wconf 89' lang='lat' dir='ltr'><strong>Postremo</strong></span> <span class='ocrx_word' id='word_1_780' title='bbox 2645 4768 3020 4836; x_wconf 79' lang='lat' dir='ltr'><strong>professionem</strong></span> <span class='ocrx_word' id='word_1_781' title='bbox 3077 4780 3253 4834; x_wconf 88' lang='lat' dir='ltr'><strong>tuam,</strong></span> <span class='ocrx_word' id='word_1_782' title='bbox 3307 4763 3733 4826; x_wconf 60' lang='lat' dir='ltr'><strong>conscientiam!</strong></span> 
     </span>
    </p>
   </div>
   <div class='ocr_carea' id='block_1_112' title="bbox 2248 4845 3732 4926">
    <p class='ocr_par' dir='ltr' id='par_1_112' title="bbox 2248 4845 3732 4926">
     <span class='ocr_line' id='line_1_113' title="bbox 2248 4845 3732 4926; baseline -0.003 -14"><span class='ocrx_word' id='word_1_783' title='bbox 2248 4858 2580 4913; x_wconf 82' lang='lat' dir='ltr'><strong>recolendam</strong></span> <span class='ocrx_word' id='word_1_784' title='bbox 2608 4857 2848 4911; x_wconf 87' lang='lat' dir='ltr'><strong>sensibus</strong></span> <span class='ocrx_word' id='word_1_785' title='bbox 2875 4866 2974 4911; x_wconf 73' lang='lat' dir='ltr'><strong>tua:</strong></span> <span class='ocrx_word' id='word_1_786' title='bbox 3002 4857 3210 4926; x_wconf 88' lang='lat' dir='ltr'><strong>pietatis</strong></span> <span class='ocrx_word' id='word_1_787' title='bbox 3237 4859 3468 4912; x_wconf 88' lang='lat' dir='ltr'><strong>insinuo.</strong></span> <span class='ocrx_word' id='word_1_788' title='bbox 3494 4849 3659 4911; x_wconf 75' lang='lat' dir='ltr'><strong>Palsﬂi</strong></span> <span class='ocrx_word' id='word_1_789' title='bbox 3680 4845 3732 4900; x_wconf 70' lang='grc' dir='ltr'><strong>ωε</strong></span> 
     </span>
    </p>
   </div>
   <div class='ocr_carea' id='block_1_113' title="bbox 2241 5019 3731 5090">
    <p class='ocr_par' dir='ltr' id='par_1_113' title="bbox 2241 5019 3731 5090">
     <span class='ocr_line' id='line_1_114' title="bbox 2241 5019 3731 5090; baseline -0.007 -4"><span class='ocrx_word' id='word_1_790' title='bbox 2241 5032 2394 5086; x_wconf 84' lang='lat' dir='ltr'><strong>infra.</strong></span> <span class='ocrx_word' id='word_1_791' title='bbox 2427 5029 2501 5083; x_wconf 80' lang='lat' dir='ltr'><strong>Ex</strong></span> <span class='ocrx_word' id='word_1_792' title='bbox 2530 5027 2709 5080; x_wconf 90' lang='lat' dir='ltr'><strong>codice</strong></span> <span class='ocrx_word' id='word_1_793' title='bbox 2733 5025 3102 5080; x_wconf 73' lang='lat' dir='ltr'><strong>Cresconiana:</strong></span> <span class='ocrx_word' id='word_1_794' title='bbox 3133 5024 3459 5080; x_wconf 87' lang='lat' dir='ltr'><strong>collectionis</strong></span> <span class='ocrx_word' id='word_1_795' title='bbox 3484 5019 3731 5090; x_wconf 72' lang='lat' dir='ltr'><strong>supradicto</strong></span> 
     </span>
    </p>
   </div>
   <div class='ocr_carea' id='block_1_114' title="bbox 2241 5086 3729 5223">
    <p class='ocr_par' dir='ltr' id='par_1_114' title="bbox 2241 5086 3729 5223">
     <span class='ocr_line' id='line_1_115' title="bbox 2241 5086 3729 5223; baseline -0.007 -68"><span class='ocrx_word' id='word_1_796' title='bbox 2241 5103 2292 5155; x_wconf 89' lang='lat' dir='ltr'><strong>in</strong></span> <span class='ocrx_word' id='word_1_797' title='bbox 2319 5103 2451 5223; x_wconf 75' lang='lat' dir='ltr'><strong>hasne</strong></span> <span class='ocrx_word' id='word_1_798' title='bbox 2478 5099 2763 5220; x_wconf 49' lang='lat' dir='ltr'><strong>edljtionem</strong></span> <span class='ocrx_word' id='word_1_799' title='bbox 2786 5095 3133 5149; x_wconf 85' lang='lat' dir='ltr'><strong>Conciliorutn</strong></span> <span class='ocrx_word' id='word_1_800' title='bbox 3160 5109 3300 5148; x_wconf 87' lang='lat' dir='ltr'><strong>nunc</strong></span> <span class='ocrx_word' id='word_1_801' title='bbox 3323 5109 3505 5150; x_wconf 82' lang='lat' dir='ltr'><strong>recens</strong></span> <span class='ocrx_word' id='word_1_802' title='bbox 3526 5086 3729 5146; x_wconf 68' lang='grc' dir='ltr'><strong>ύ-ωιιιι</strong></span> 
     </span>
     <span class='ocr_line' id='line_1_116' title="bbox 2241 5180 2715 5223; baseline -0.013 0"><span class='ocrx_word' id='word_1_803' title='bbox 2241 5181 2340 5223; x_wconf 84' lang='lat' dir='ltr'><strong>est.</strong></span> <span class='ocrx_word' id='word_1_804' title='bbox 2411 5184 2495 5222; x_wconf 76' lang='grc' dir='ltr'><strong>εν.</strong></span> <span class='ocrx_word' id='word_1_805' title='bbox 2570 5180 2715 5219; x_wconf 70' lang='grc' dir='ltr'><strong>ιΝιυε.</strong></span> 
     </span>
    </p>
   </div>
   <div class='ocr_carea' id='block_1_115' title="bbox 2240 5181 2715 5225">
    <p class='ocr_par' dir='ltr' id='par_1_115' title="bbox 2240 5181 2715 5225">
     <span class='ocr_line' id='line_1_117' title="bbox 2240 5181 2715 5225; baseline -0.015 -1"><span class='ocrx_word' id='word_1_806' title='bbox 2240 5181 2340 5225; x_wconf 69' lang='grc' dir='ltr'><strong>εει.</strong></span> <span class='ocrx_word' id='word_1_807' title='bbox 2371 5181 2495 5223; x_wconf 63' lang='grc' dir='ltr'><strong>δεῖν.</strong></span> <span class='ocrx_word' id='word_1_808' title='bbox 2529 5181 2715 5220; x_wconf 60' lang='grc' dir='ltr'><strong>υιηιυε.</strong></span> 
     </span>
    </p>
   </div>
   <div class='ocr_carea' id='block_1_116' title="bbox 2314 5293 3725 5378">
    <p class='ocr_par' dir='ltr' id='par_1_116' title="bbox 2314 5293 3725 5378">
     <span class='ocr_line' id='line_1_118' title="bbox 2314 5293 3725 5378; baseline 0.01 -27"><span class='ocrx_word' id='word_1_809' title='bbox 2314 5304 2333 5378; x_wconf 52' lang='grc' dir='ltr'><strong><em>ξ</em></strong></span> <span class='ocrx_word' id='word_1_810' title='bbox 2354 5304 2687 5378; x_wconf 63' lang='lat' dir='ltr'><strong>Bepararrnt.</strong></span> <span class='ocrx_word' id='word_1_811' title='bbox 2711 5299 2837 5353; x_wconf 84' lang='lat' dir='ltr'><strong>Con.</strong></span> <span class='ocrx_word' id='word_1_812' title='bbox 2865 5298 2990 5352; x_wconf 83' lang='lat' dir='ltr'><strong>Luc.</strong></span> <span class='ocrx_word' id='word_1_813' title='bbox 3017 5297 3172 5378; x_wconf 73' lang='lat' dir='ltr'><strong>Forte</strong></span> <span class='ocrx_word' id='word_1_814' title='bbox 3195 5308 3501 5378; x_wconf 56' lang='lat' dir='ltr'><strong>{Geganio</strong></span> <span class='ocrx_word' id='word_1_815' title='bbox 3526 5293 3725 5378; x_wconf 54' lang='lat' dir='ltr'><strong>Buff</strong></span> 
     </span>
    </p>
   </div>
   <div class='ocr_carea' id='block_1_117' title="bbox 2240 5367 3726 5497">
    <p class='ocr_par' dir='ltr' id='par_1_117' title="bbox 2240 5367 3726 5497">
     <span class='ocr_line' id='line_1_119' title="bbox 2240 5367 3726 5497; baseline -0.004 -71"><span class='ocrx_word' id='word_1_816' title='bbox 2240 5367 2508 5497; x_wconf 67' lang='lat' dir='ltr'><strong>&quot;‘Forte</strong></span> <span class='ocrx_word' id='word_1_817' title='bbox 2560 5383 2647 5424; x_wconf 78' lang='lat' dir='ltr'><strong>tua</strong></span> <span class='ocrx_word' id='word_1_818' title='bbox 2691 5386 2804 5423; x_wconf 77' lang='lat' dir='ltr'><strong>cum</strong></span> <span class='ocrx_word' id='word_1_819' title='bbox 2854 5368 3144 5422; x_wconf 71' lang='lat' dir='ltr'><strong>reverentia.</strong></span> <span class='ocrx_word' id='word_1_820' title='bbox 3197 5367 3251 5422; x_wconf 86' lang='lat' dir='ltr'><strong>in</strong></span> <span class='ocrx_word' id='word_1_821' title='bbox 3293 5369 3421 5438; x_wconf 77' lang='lat' dir='ltr'><strong>Reg.</strong></span> <span class='ocrx_word' id='word_1_822' title='bbox 3470 5368 3726 5427; x_wconf 64' lang='grc' dir='ltr'><strong>ωηαη·</strong></span> 
     </span>
     <span class='ocr_line' id='line_1_120' title="bbox 2289 5457 2492 5494; baseline -0.005 0"><span class='ocrx_word' id='word_1_823' title='bbox 2289 5457 2492 5494; x_wconf 66' lang='grc' dir='ltr'><strong>Αιδιυιχ.</strong></span> 
     </span>
    </p>
   </div>
  </div>
