3824 6218
113 178 198 234 901

1262 172 1611 233 Εῐηετοιηλε
1653 171 1737 227 ET
1779 170 2108 226 DECRETA.

3178 171 3282 226 υοἒ

94 300 233 353 tacito
269 297 470 352 scrinia
497 296 780 360 recenseri,
807 303 860 350 et
892 296 1084 362 scripta
1119 294 1204 348 illa
1231 294 1513 362 diligenter
1543 291 1621 341 in-
1650 291 1697 346 Α
1724 287 2146 340 communionem
2193 284 2436 338 catholici
2477 285 2738 339 Timothei
2785 285 3072 340 mandastis
3115 285 3280 352 recipi

93 389 338 457 vestigari,
376 403 496 456 quas
539 387 602 440 ad
639 387 844 455 apicem
882 400 1102 439 summa:
1138 383 1440 452 regrediens
1482 387 1627 447 pote—

89 478 224 530 statis
257 479 324 528 ad
357 473 692 531 decessorem
731 489 902 528 meum
935 474 1099 541 pietas
1127 480 1212 525 tua
1242 487 1336 556 pro
1361 469 1625 524 communi

90 568 428 635 gratulatione
461 565 650 619 direxit
681 582 692 616 :
725 565 804 616 his
839 579 955 616 cum
997 573 1205 629 semper
1245 575 1430 628 magna
1472 558 1626 610 laude

89 656 446 723 prosequeris,
488 654 626 721 quod
665 652 963 705 haereticam
1005 649 1332 720 tyrannidem
1375 646 1625 718 praedica-

90 745 230 797 tionis
256 745 535 796 catholicae
569 744 744 809 vigore
783 741 1114 806 contriveris,
1145 754 1245 806 qua
1274 740 1448 805 utique
1477 737 1626 787 istius

88 835 302 886 veritatis
329 833 704 900 praedicatione
732 832 858 884 nihil
881 831 1020 883 aliud
1041 843 1197 898 quam
1216 829 1282 879 de
1301 824 1623 894 Eutychiano

88 927 276 979 labores
298 942 488 980 errore
519 941 732 993 prorsus
758 925 1034 987 abolendo,
1067 923 1283 990 ejusque
1310 919 1622 988 sequacibus

83 1017 434 1069 excludendis.
481 1016 602 1068 Haec
633 1030 726 1084 pro
756 1015 941 1084 synodi
965 1012 1406 1067 Chalcedonensis
1436 1009 1622 1061 deﬁni-

85 1105 210 1156 tione
251 1104 538 1166 servanda,
571 1105 971 1171 reducendoque
1009 1111 1204 1155 sancta:
1243 1103 1508 1154 memerita
1537 1099 1622 1150 ’I‘i-

82 1194 278 1246 uiotheo
321 1204 484 1246 rectm
521 1192 638 1246 ﬁdei
681 1193 974 1255 sacerdote,
1010 1201 1115 1245 tota
1145 1205 1235 1243 ευρι
1272 1199 1444 1242 textus
1485 1190 1621 1240 serie

81 1286 153 1349 pie
180 1286 349 1337 locuta
379 1296 482 1337 est.
517 1286 636 1338 llzec
660 1294 804 1336 certe
843 1295 927 1336 tua
961 1282 1303 1337 mansuetudo
1345 1281 1617 1349 cognovit:

81 1389 163 1426 nec
201 1390 281 1427 tes
321 1375 620 1442 incognitas
651 1383 733 1425 tua
773 1375 1048 1425 clementia
1082 1373 1314 1437 proferre
1346 1370 1620 1439 potuisset,

79 1476 117 1516 et
156 1465 320 1531 palam
355 1474 647 1533 aperteque
689 1464 941 1532 professa,
974 1466 1114 1534 quod
1159 1466 1370 1519 laudum
1412 1474 1622 1518 tuarum

82 1554 441 1607 testiﬁcatione
473 1555 713 1607 ﬁrmasti.

1728 379 1854 446 (non
1901 379 2057 431 etiam
2110 375 2173 428 ad
2230 377 2364 430 male
2408 376 2710 444 praesumpti
2765 377 2956 444 gradus
3007 375 3279 443 priviegia

1726 468 2078 521 decreveratis
2100 464 2348 534 admitti),
2371 475 2758 534 consequenter
2781 465 3033 518 addentes
3057 476 3278 519 cancros

1725 557 1987 612 deteriora
2034 555 2327 619 subituros,
2379 554 2424 608 si
2467 555 2660 621 eligere
2704 556 2918 608 meliora
2961 554 3272 608 noluissent.

1731 647 1833 699 Vos
1873 645 2148 712 cojnslibet
2185 653 2293 710 post
2340 643 2433 696 has
2474 645 2645 696 varias
2681 644 3052 699 satisfactionis
3086 659 3272 700 causas

1723 737 1925 791 cunctis
1969 737 2170 802 penitus
2207 735 2514 800 abstulistis,
2553 735 2742 803 quibus
2783 736 2923 803 ipsos
2962 737 3029 790 ab
3058 735 3277 792 unitatis

1711 829 1987 880 'consortio
2017 827 2342 881 discedentes
2361 868 2377 891 ,
2421 827 2756 880 rccensuistis
2787 829 2968 883 tulisse
2990 829 3267 896 judicium.

1723 917 1829 970 Vos
1858 918 1922 971 de
1961 917 2124 985 ipsius
2154 932 2372 983 persona
2409 917 2544 970 Petri
2586 917 2867 986 quidquam
2896 919 3072 974 denuo
3110 920 3270 974 defri-

1721 1008 1895 1066 condi,
1919 1007 2142 1074 sapienti
2163 1006 2583 1060 Consideratione
2605 1007 2835 1060 tacuistis
2862 1024 2876 1060 :
2901 1007 3091 1077 quippe
3111 1025 3266 1077 qui-tn

1723 1096 1973 1148 Eccle~iae
2025 1110 2147 1149 arce
2190 1095 2492 1161 dejectum,
2548 1095 2702 1148 simul
2757 1096 2960 1161 pervasi
3017 1096 3266 1165 pontiﬁcii

1725 1184 1972 1238 videretis
2029 1184 2228 1238 honore
2278 1185 2562 1248 nudatum;
2635 1199 2732 1239 nec
2791 1185 2894 1239 ullo
2945 1188 3100 1239 modo
3152 1186 3266 1240 ﬁeri

1722 1289 1906 1340 posse,
1949 1284 2004 1326 ut
2053 1288 2276 1340 unquam
2319 1274 2400 1327 vel
2450 1272 2761 1327 orthodoxis
2801 1275 3138 1343 praesideret,
3176 1277 3265 1346 qui

1721 1374 1809 1415 ant
1835 1379 1862 1415 a
1901 1379 1932 1415 n
1956 1364 2075 1424 illis,
2114 1369 2206 1415 aut
2244 1363 2311 1416 ab
2340 1362 2601 1417 haereticis
2645 1363 2815 1417 fuerat
2853 1365 3140 1430 institutus,
3179 1367 3264 1421 vel

1720 1454 1945 1508 recidiva
1985 1457 2135 1507 toties
2171 1453 2464 1508 temeritate
2493 1455 2752 1508 violentus
2780 1457 2918 1510 ovile
2946 1458 3262 1513 dominicum

1721 1543 1972 1597 subdolus
2000 1553 2052 1595 et
2082 1543 2366 1596 invidiosus
2397 1543 2632 1597 intraret.

137 1642 492 1710 Requirantur
515 1644 599 1696 illa
629 1657 857 1711 quoque,
887 1657 1004 1711 quae
1031 1642 1317 1698 ad'sanctte
1346 1643 1616 1698 memoria:
1649 1634 1693 1693 Β
1789 1640 1957 1702 Atque
1996 1635 2113 1689 ideo
2154 1633 2294 1704 quod
2333 1635 2657 1705 corrigendis
2699 1635 2812 1701 εἱηε
2859 1637 3260 1705 Pmlendehalis

81 1731 402 1785 Timotheum
451 1732 807 1786 orthodoxum
854 1731 1264 1786 Alexandrinum
1308 1734 1613 1800 episcopum

81 1821 360 1876 serenitatis
405 1832 509 1875 tua:
548 1822 748 1890 paginae
787 1830 910 1875 sunt
953 1821 1162 1886 locum,
1191 1829 1349 1888 atque
1385 1837 1447 1875 ex
1489 1823 1615 1890 ipsis

83 1912 261 1966 actibus
309 1913 555 1977 intuere,
597 1913 696 1967 nisi
733 1912 889 1966 Petro
933 1928 995 1967 ex
1042 1928 1103 1967 ea
1152 1921 1437 1966 memorata
1486 1914 1614 1967 urbe

81 2005 284 2069 secluso,
313 2005 408 2072 qui
457 2004 507 2058 ei
552 2005 799 2058 Ecclesiae
849 2014 972 2058 tunc
1021 2004 1273 2071 temporis
1312 2003 1609 2068 incubabat,

84 2092 419 2160 supradictum
446 2092 779 2146 Timotheum
819 2107 925 2146 non
958 2090 1117 2146 fuisse
1153 2103 1476 2147 revocatum.
1514 2094 1564 2143 νε
1586 2106 1613 2146 s

84 2183 132 2231 ad
158 2182 398 2234 eumdem
430 2182 742 2235 venerandae
772 2182 1156 2236 recordationis
1185 2182 1478 2247 pontiﬁcem
1504 2182 1612 2250 jam

86 2272 330 2325 reductum
381 2286 563 2326 sacras
606 2272 932 2326 venerabiles
976 2287 1097 2324 mox
1143 2272 1378 2334 dedistis,
1426 2273 1614 2340 quibus

88 2361 205 2414 ﬁdeli
242 2371 462 2428 pectore
505 2361 896 2430 gloriabamini,
944 2362 1080 2431 quod
1125 2371 1315 2414 sancta:
1365 2360 1615 2415 Ecclesia:

86 2451 536 2518 magnaacivitatis
567 2449 943 2504 Alexandrina:
982 2450 1265 2518 providens
1297 2433 1614 2525 orthodoxae

89 2538 203 2601 ﬁdei,
231 2538 489 2592 Dominus
527 2546 707 2592 noster
746 2553 810 2592 ac
838 2538 1081 2594 Salvator
1110 2553 1289 2595 verum
1329 2529 1614 2594 restituerit

86 2630 410 2683 sacerdotem.
460 2629 558 2685 Ubi
593 2630 922 2685 manifestum
971 2639 1072 2695 est,
1120 2633 1241 2700 quia
1271 2647 1390 2686 cum
1432 2647 1612 2685 verum

88 2718 252 2786 dicitis,
275 2720 422 2786 illum
450 2720 614 2775 fuisse
643 2719 829 2774 falsum
859 2721 945 2790 qui
973 2722 1154 2788 pulsus
1180 2734 1278 2783 est,
1306 2721 1610 2785 ostenditis;

88 2819 252 2871 etcum
306 2813 359 2864 in
415 2810 717 2864 venerando
769 2811 1048 2864 Timotheo
1110 2812 1403 2866 orthodoxe
1455 2812 1610 2866 ﬁdem

90 2897 330 2953 dominum
354 2900 620 2954 testamini
643 2900 935 2964 reduxisse,
961 2915 1260 2968 perversam
1292 2903 1343 2954 in
1369 2902 1612 2954 omnibus

89 2985 128 3037 in
167 2986 312 3041 Petro
361 2989 652 3056 perhibetis
699 2963 976 3044 refutasse-
1005 2989 1344 3055 doctrinam,
1395 3005 1498 3044 non
1546 2963 1685 3046 obC

91 3075 223 3142 aliud,
251 3077 348 3133 nisi
387 3079 512 3148 quia
550 3088 604 3135 et
641 3079 727 3132 ille
765 3080 853 3147 qui
891 3080 1213 3136 orthodoxus
1251 3084 1614 3149 pronuntiatur

91 3176 134 3218 et
179 3183 346 3235 verus,
398 3169 816 3224 Clialcedonensi
863 3172 1066 3240 synodo
1129 3173 1284 3239 (sicut
1329 3173 1443 3239 ejus
1491 3181 1614 3226 tunc

95 3256 228 3310 missa
277 3268 424 3315 tenet
488 3259 769 3331 professio)
817 3261 1213 3325 consentiebat;
1273 3271 1326 3315 et
1377 3264 1477 3316 iste
1525 3263 1614 3329 qui

94 3346 228 3402 falsus
278 3360 332 3406 et
390 3365 674 3418 perversus
720 3350 958 3420 ejicitur,
1012 3352 1079 3406 ab
1130 3351 1365 3421 ejusdem
1429 3353 1616 3423 synodi

93 3439 270 3494 tramite
313 3440 671 3509 discrepabat.

148 3526 367 3597 Denique
405 3540 626 3584 cunctos
663 3531 937 3599 episcopos
967 3531 1200 3602 Egypti,
1242 3533 1618 3601 universosque

94 3615 238 3672 clerus
265 3619 423 3690 [forte
452 3619 680 3689 clericos]
724 3621 1054 3688 increpastis,
1088 3624 1277 3674 vestris
1301 3624 1618 3689 generaliter

95 3709 295 3768 apcibus
323 3705 649 3773 sancientes,
678 3719 734 3762 ut
762 3709 862 3761 nisi
891 3710 1024 3760 intra
1054 3710 1186 3762 duos
1215 3724 1422 3762 menses
1449 3709 1513 3763 ob
1537 3710 1616 3763 his

95 3808 186 3858 quae
220 3810 249 3848 a
291 3796 553 3863 principio
599 3804 781 3848 contra
826 3808 1078 3860 canones,
1127 3804 1307 3848 contra
1350 3796 1617 3849 Ecclesias

96 3883 185 3947 Dei,
210 3897 382 3938 contra
405 3883 756 3937 orthodoxam
776 3882 932 3937 ﬁdem
974 3884 1351 3952 cogitaverunt,
1387 3884 1616 3939 abstine-

96 3978 205 4031 rem,
226 3982 378 4038 atque
406 3970 549 4036 beati
571 3970 830 4024 Timethei
859 3973 1248 4036 communione,
1276 3987 1431 4039 quam
1460 3974 1618 4040 impie

99 4059 409 4130 reliquerunt,
443 4062 617 4130 dignae
656 4063 975 4130 paenitentiae
1015 4061 1374 4117 satisfactione
1414 4079 1618 4118 remea-

99 4159 217 4215 rent;
263 4167 365 4207 non
417 4156 590 4208 solum
640 4152 1007 4221 despoliandos
1066 4153 1388 4219 honoribus,
1437 4170 1616 4210 verum

99 4237 226 4292 etia
265 4250 317 4296 et
345 4242 706 4299 Alexandrina
747 4245 877 4296 urbe
911 4251 966 4297 et
1004 4244 1148 4297 omni
1177 4243 1485 4312 Egyptiaca
1535 4263 1621 4301 re-

1684 1712 2058 1781 sectatmibus
2104 1725 2460 1797 irrogandum,
2505 1725 2624 1778 huic
2666 1726 2776 1794 jam
2822 1729 2968 1796 quasi
3013 1731 3260 1797 magistro

1714 1817 1928 1873 sceleris
1957 1817 2337 1872 rationabiliter
2362 1817 2700 1884 duputahatis
2729 1818 2976 1873 inﬁictum
3003 1817 3025 1872 ἰ
3058 1829 3113 1874 ut
3140 1822 3258 1888 qui-

1714 1907 1810 1960 bus
1831 1906 2022 1960 fratres
2041 1914 2297 1961 merserat
2317 1907 2383 1961 ad
2409 1909 2632 1975 ruinam,
2662 1907 2809 1962 ﬁeret
2837 1910 2947 1977 ipse
2969 1911 3259 1965 metuendte

1711 1995 2062 2052 damnationis
2099 1998 2397 2067 exemplum
2429 2015 2444 2051 :
2486 2000 2728 2068 quodque
2765 2000 2896 2053 adeo
2939 2015 3120 2056 verum
3156 2014 3257 2062 est.

1711 2096 1766 2139 ut
1791 2095 2092 2153 superstare
2121 2086 2419 2141 venerando
2443 2087 2724 2142 Timotheo
2750 2090 3006 2156 legionem
3036 2091 3260 2146 sollicite

1706 2175 2006 2246 jusseritis,
2058 2176 2100 2228 si
2153 2175 2326 2228 eidem
2379 2175 2678 2230 humanitus
2710 2178 2924 2245 ‘aliquid
2973 2184 3256 2234 evenlsset.

1718 2266 1817 2321 Vos
1848 2280 1950 2320 non
1980 2265 2081 2320 nisi
2108 2265 2176 2318 de
2199 2264 2581 2319 catholicorum
2610 2267 2836 2334 collegio
2863 2268 3176 2323 clericorum
3207 2282 3259 2325 rt

1711 2368 1740 2408 a
1767 2355 2035 2409 catholicis
2071 2364 2436 2410 consecratum
2477 2355 2710 2410 subiistis
2747 2358 2924 2413 videre
2963 2368 3256 2427 pastorem:

1712 2445 1833 2513 quia
1861 2445 2054 2511 ubique
2081 2444 2224 2497 nullo
2254 2443 2356 2497 ritu
2385 2445 2485 2498 sub
2512 2454 2701 2498 vestra:
2729 2449 3030 2503 serenitais
3058 2450 3258 2504 obtuti-

1712 2535 1810 2589 bus
1856 2536 2069 2589 haeresis
2114 2535 2227 2603 ipse
2276 2536 2570 2604 pracipuos
2597 2536 2937 2606 Eutycltianae
2983 2541 3260 2595 dementiae

1715 2626 1880 2692 potuit
1917 2638 2034 2678 esse
2072 2625 2157 2677 vel
2198 2625 2300 2679 dici
2341 2627 2621 2680 orthodoxi
2666 2642 2941 2685 successor
2989 2633 3256 2686 antistitis.

1711 2713 1828 2778 Quo
1870 2711 2022 2779 igitur
2058 2713 2232 2765 animo
2273 2713 2492 2767 bestiam
2541 2730 2698 2783 quam
2735 2731 2764 2768 a
2790 2720 3036 2788 gregibus
3063 2720 3258 2777 Christi

1713 2803 1934 2858 duxistis
1961 2803 2269 2873 abigendom
2300 2805 2354 2856 in
2400 2820 2582 2858 eorum
2612 2809 2784 2861 denuo
2812 2809 3044 2876 patimini
3073 2815 3260 2869 servire

1713 2894 2039 2963 perniciem?
2089 2893 2247 2947 Certe
2284 2893 2486 2963 legibus
2515 2911 2646 2962 quas
2680 2880 2938 2954 universis
2971 2903 3255 2969 imponitis,

1714 2983 1877 3052 magis
1897 2982 2053 3036 vultis
2073 2983 2209 3036 vinci
2228 2997 2383 3052 quam
2407 2987 2736 3055 promulgare
2755 2975 3044 3055 contraria;
3067 3003 3259 3061 quanto

1713 3075 1876 3126 satius
1923 3072 2110 3135 fuerit,
2161 3071 2480 3127 intemerata
2517 3076 2799 3143 persistere
2842 3093 2960 3147 quae
3007 3081 3119 3135 heri
3167 3096 3260 3150 pro

1715 3161 2013 3230 integritate
2042 3162 2318 3216 retinenda
2348 3164 2509 3218 totius
2539 3166 2787 3219 Ecclesiae
2817 3169 3127 3235 protulistis,
3153 3187 3260 3239 quo

1714 3264 1768 3307 et
1797 3254 1869 3307 tui
1899 3253 2142 3307 catholici
2171 3253 2374 3323 imperii
2397 3257 2684 3310 auctoritas
2713 3258 3017 3313 inconvulsa
3048 3276 3258 3328 perma-

1716 3354 1856 3407 neat,
1895 3353 1948 3398 et
1981 3344 2110 3397 nihil
2147 3343 2365 3398 accedat
2395 3346 2534 3413 quod
2572 3347 2776 3402 actibus
2817 3349 2952 3418 apud
2986 3352 3260 3407 Dominum

1715 3444 1906 3489 vestrae
1938 3434 2170 3488 felicitati
2199 3434 2436 3488 obsistat.

1784 3522 1970 3577 Cernis
2000 3526 2159 3590 enim,
2192 3525 2505 3579 venerabilis
2548 3526 2849 3595 imperator,
2881 3528 2998 3596 quia
3027 3539 3081 3584 ut
3107 3530 3263 3586 Chal-

1716 3619 2027 3669 cedonensis
2067 3617 2249 3685 synodi
2298 3617 2584 3676 indubitata
2626 3619 2885 3682 defensio,
2935 3623 3262 3676 inimicorum

1684 3707 1831 3770 ‘ejus
1856 3706 2001 3757 elisio
2031 3715 2132 3766 est,
2161 3707 2236 3757 sic
2261 3706 2492 3758 vicissim
2521 3707 2794 3760 manifesta
2825 3709 2962 3762 illius
2990 3711 3262 3779 impugna-

1719 3795 1860 3846 tione
1887 3795 2261 3860 comprobatur
2290 3794 2515 3846 hostium
2547 3796 2854 3848 venerandae
2895 3800 3052 3864 ipsius
3080 3801 3263 3866 cogni-

1717 3884 1874 3934 tionis
1913 3877 2274 3952 [protectionis]
2313 3881 2534 3957 evectio.
2575 3876 2885 3936 Meministis
2920 3888 3265 3953 quemaduio;

1718 3970 1840 4023 dum
1881 3971 2041 4023 verba
2083 3970 2262 4021 divina
2304 3982 2399 4021 nos
2431 3970 2708 4031 instruant,
2743 3969 2917 4039 Neque
2955 3975 3008 4026 in
3035 3974 3262 4029 dextrum

1718 4076 1874 4130 neque
1902 4061 1952 4111 in
1975 4061 2232 4112 sinistrum
2259 4058 2464 4110 limitem
2483 4067 2630 4112 recte
2649 4060 2984 4130 dispositionis
3007 4063 3262 4129 excedere,

1719 4159 1804 4207 sed
1844 4154 1923 4205 via
1965 4157 2044 4221 (ut
2071 4150 2318 4233 scriptum
2347 4150 2452 4218 est)
2498 4150 2638 4220 regia
2687 4154 2946 4221 mediaque
2988 4155 3264 4223 gradiendo

1724 4245 1894 4314 (Deut.
1929 4245 2074 4313 xxv),
2124 4244 2244 4297 hinc
2281 4252 2438 4310 atque
2461 4243 2582 4298 inde
2607 4245 2831 4299 Nestorii
2861 4246 3264 4318 Eutychetisqne

97 4329 226 4406 gione
258 4335 523 4389 carituros
551 4349 567 4384 :
600 4333 846 4400 iniustum
883 4339 1023 4390 enim
1067 4340 1255 4406 videri,
1302 4343 1435 4396 sicut
1463 4341 1614 4396 Chri-
1645 4307 1696 4366 D
1719 4335 1989 4403 sacrilegia
2018 4335 2363 4388 condemnata
2391 4333 2689 4401 detestans,
2724 4336 2793 4389 ita
2825 4350 3028 4404 magme
3060 4338 3265 4404 pietatis

101 4422 270 4476 stianus
290 4425 580 4494 imperator
598 4425 886 4492 afﬁrmans,
910 4440 961 4482 ut
988 4432 1073 4499 qui
1101 4447 1158 4485 se
1177 4432 1193 4462 ί
1215 4432 1278 4485 ad
1305 4434 1612 4499 Ecclesiam,

101 4523 195 4572 quas
237 4515 426 4583 ubique
474 4524 727 4568 terrarum
775 4518 894 4581 est,
948 4531 1315 4588 segregarem,
1366 4523 1616 4599 haberent

101 4603 389 4669 sacerdotes,
420 4617 514 4657 aut
543 4606 649 4657 ullo
677 4621 827 4660 sacro
868 4610 1145 4665 ministerii
1188 4616 1398 4666 nomine
1429 4629 1614 4666 cense-

102 4696 271 4744 rentur.
308 4691 412 4746 Vos
458 4694 668 4762 indigne
708 4696 931 4750 ferentes
979 4701 1043 4753 ab
1072 4701 1437 4756 Alexandrinis
1477 4704 1614 4756 sedi-

102 4779 241 4831 tiones
257 4783 562 4847 concitatas,
588 4799 678 4838 eos
699 4788 785 4855 qui
816 4799 1028 4856 prepter
1052 4791 1288 4845 ordinem
1313 4794 1608 4846 clericalem

101 4862 226 4920 simili
253 4868 558 4940 deceptione
595 4878 921 4942 tenebantur,
955 4879 1052 4932 nisi
1081 4881 1395 4934 salutaribus
1437 4882 1619 4934 monia

104 4961 155 5004 tis
174 4955 455 5024 obedirent,
485 4963 572 5016 tali
600 4979 750 5029 prima
781 4966 964 5035 dignos
993 4967 1402 5021 arhitrahamini.

159 5041 248 5097 Vos
268 5047 476 5103 Petrum
506 5053 718 5120 speciali
750 5064 990 5108 notantes
1018 5057 1207 5124 elogio,
1239 5057 1375 5122 quod
1432 5057 1608 5110 illicite

103 5142 148 5182 se
170 5135 522 5196 Alexandrina:
565 5145 825 5212 injecisset
857 5146 1131 5211 Ecclesiae,
1164 5161 1347 5200 omnes
1375 5148 1462 5215 qui
1501 5155 1606 5202 tam

107 5217 158 5272 ab
178 5237 233 5278 eo
250 5233 675 5296 quam-heretico
699 5232 972 5286 Timotheo
998 5235 1103 5298 jam
1127 5233 1374 5288 defuncto
1405 5238 1608 5289 inerant

107 5309 320 5385 ordinati,
359 5322 402 5374 si
452 5321 584 5374 infra
632 5319 774 5374 ﬁnita
824 5330 1054 5388 tempora
1104 5323 1493 5390 resipiscerent,
1537 5327 1603 5380 ad

163 5487 178 5514 ‘
198 5487 336 5546 Forte
352 5496 408 5546 ab
427 5495 651 5549 Ecclesia
675 5495 752 5550 vel
783 5498 1016 5551 aduersu
1031 5496 1329 5554 Ecclesium.
1351 5502 1605 5559 "unum.

1717 4428 2008 4496 praedicans
2050 4435 2456 4488 sacramentum,
2492 4433 2547 4477 ut
2574 4425 2944 4493 omnipotentis
2976 4427 3070 4482 Dei
3098 4429 3264 4483 Patris

1715 4513 2160 4570 consubstantiale
2198 4513 2681 4581 sempiternumque
2713 4516 2958 4581 Verbum,
3003 4521 3139 4588 quod
3181 4521 3264 4573 in-

1717 4603 2070 4660 commutabili
2112 4601 2306 4656 deitate
2346 4611 2399 4656 et
2443 4601 2767 4657 incarnatum
2804 4616 2902 4672 est,
2945 4616 2999 4662 et
3039 4612 3104 4661 ab
3149 4609 3263 4678 ipso

1718 4696 1992 4750 ineﬁ‘abilis
2032 4693 2389 4762 conceptionis
2419 4695 2654 4759 exordio,
2685 4711 2844 4765 quam
2885 4699 2984 4752 sibi
3025 4700 3076 4753 in
3115 4711 3263 4754 utero

1723 4787 1944 4853 Virginis
1972 4786 2154 4836 matris
2177 4787 2418 4850 potenter
2444 4786 2710 4848 instruxit,
2735 4802 2894 4840 unum
2921 4790 3269 4858 eumdemque-

1717 4877 1893 4931 Jcsum
1919 4874 2489 4929 ChristumDominum
2518 4885 2773 4940 nostrum,
2804 4892 2964 4930 unum
2993 4879 3262 4931 euindem-
3359 4941 3368 4950 ε

1719 4981 1819 5035 que
1845 4975 1898 5019 et
1923 4964 2013 5019 Dei
2042 4973 2094 5019 et
2122 4963 2350 5018 hominis
2380 4962 2590 5028 Filium,
2621 4979 2780 5018 unum
2809 4967 3154 5034 eumdemque
3187 4967 3264 5019 iu-

1718 5055 1962 5119 coniuse,
1997 5052 2219 5107 indivise
2251 5053 2412 5105 Deum
2451 5053 2820 5123 hominemque
2862 5053 3117 5107 veraciter
3146 5068 3264 5120 per-

1718 5153 2013 5198 manentem
2055 5142 2361 5196 intemerata
2391 5132 2559 5195 Patris
2603 5143 2715 5210 lege
2743 5141 3122 5209 prolatum,sin
3164 5146 3264 5197 hoc

1719 5235 1915 5288 mundo
1941 5234 2100 5288 fuisse
2126 5234 2465 5300 conspicuum
2493 5232 2868 5304 [perspicuum],
2898 5230 3074 5285 divina
3103 5234 3262 5288 simul

1717 5325 2048 5394 humanaque
2093 5325 2347 5394 gessisse;
2398 5335 2683 5389 mortuum,
2728 5331 2883 5391 atque
2930 5337 2993 5377 ex
3041 5326 3259 5377 mortuis
