4080 6350
296 383 3537 436 W

1399 528 1546 571 ANK.
1594 527 1825 572 DOMINI
1865 528 2102 572 CCCCLX
2111 525 2457 570 l-CCCCLXII
2468 552 2481 566 .

326 496 637 945 Ξ.
838 525 3482 951 ΗΠλΧὶέξῗῗέωΡΑΡΑ.

1558 1047 2283 1073 *-

1488 1151 2301 1228 PBOLEGOMENA
2316 1200 2339 1224 .
2361 1110 2371 1117 ’

1567 1312 2296 1339 *-

1286 1439 1598 1551 VITA
1652 1436 2091 1548 HILARI
2152 1440 2566 1546 ΡΑΡΖΕ.

1616 1627 1713 1693 (Ex
1741 1629 1874 1681 libro
1907 1630 2228 1693 Pontificali.)

3512 1678 3523 1746 ξ
3548 1670 3556 1677 .

1458 1778 2399 1808 —-————-———————

350 1913 367 1944 ⁸
413 1909 624 1966 Hilarus
678 1908 896 1966 natione
934 1908 1158 1975 Sardus,
1188 1923 1258 1963 ex
1291 1917 1440 1978 patre
1466 1908 1713 1981 Crispino
1741 1909 1878 1983 [Cri-
1904 1920 1961 1979 Α
1987 1910 2167 1981 posuit
2194 1909 2546 1976 dominicum,
2587 1916 2643 1966 ct
2667 1924 2881 1966 crucem
2916 1925 3133 1966 auream
3173 1902 3575 1984 cumgemmis,

283 2004 575 2078 spiniano].
607 2007 628 2037 '
670 2004 808 2059 sedit
859 2018 1030 2059 annos
1078 2017 1197 2074 sex,
1230 2017 1446 2059 menses
1478 2011 1608 2069 tres,
1637 2003 1752 2059 dies
1785 2004 1870 2059 l0.

281 2099 375 2154 llic
422 2096 551 2151 fecit
597 2095 921 2151 decretalem
949 2135 965 2161 ,
1013 2103 1069 2150 et
1112 2109 1209 2164 per
1255 2095 1565 2150 universum
1601 2095 1875 2151 Orientem

280 2197 306 2225 ⁸
333 2187 532 2256 sparsit
559 2185 691 2257 [lege
715 2184 967 2256 direxit],
996 2192 1053 2240 et
1076 2184 1332 2254 epistolas
1367 2186 1435 2241 de
1463 2187 1566 2243 fide
1587 2187 1873 2253 catholica,

277 2278 601 2333 confirmans
617 2285 723 2331 tres
736 2275 972 2347 synodos
982 2275 1274 2341 Nicenam,
1291 2274 1639 2347 Ephesinam,
1652 2287 1707 2332 et
1720 2276 1875 2332 Chal-

279 2371 661 2437 cedonensem,
682 2367 712 2407 δ
736 2377 791 2423 et
815 2378 1016 2423 tomum
1044 2371 1211 2424 sancti
1235 2369 1623 2440 archiepiscOpi
1652 2368 1870 2425 Leonis.

282 2462 344 2517 Et
371 2461 645 2517 damnavit
674 2459 973 2530 Eutychem
1015 2468 1070 2514 et
1106 2458 1412 2515 Nestorium
1432 2501 1447 2527 ,
1478 2467 1534 2514 et
1562 2473 1749 2515 omnes
1775 2474 1874 2515 eo-

281 2570 397 2610 rum
418 2567 701 2624 sequaces,
725 2562 779 2608 et
797 2566 987 2607 omnes
1014 2553 1269 2619 haereses,
1295 2551 1623 2607 confirmans
1646 2551 1869 2607 damna-

278 2651 475 2704 tionem
495 2650 626 2721 [lege
646 2645 1088 2702 dominationem.
1110 2645 1196 2699 Ita
1212 2656 1259 2701 et
1276 2646 1430 2718 ινα]
1450 2656 1503 2701 et
1519 2644 1874 2715 principatum

275 2752 477 2798 sanctae
501 2741 647 2798 sedis
678 2740 961 2796 catholicas
984 2750 1038 2795 et
1059 2740 1386 2809 apostolicae.
1412 2737 1509 2793 Hic
1537 2737 1559 2768 ³
1586 2737 1715 2794 fecit
1746 2753 1877 2793 con-

275 2837 521 2890 stitutum
550 2835 617 2890 de
646 2834 888 2889 Ecclesia
920 2834 971 2888 in
1004 2834 1221 2889 basilica
1250 2834 1316 2888 ad
1346 2832 1598 2889 Sanctam
1627 2831 1869 2900 Mariam,

276 2929 561 2984 consulatu
612 2927 854 2982 Basilisci
917 2936 973 2982 ct
1023 2926 1429 2991 ﬂermenerici,
1480 2941 1573 2981 xvr
1620 2925 1875 2981 calendas

280 3020 621 3077 Decembres.
665 3019 764 3074 llic
795 3019 923 3074 fecit
964 3020 1200 3074 oratoria
1243 3020 1342 3073 tria
1373 3018 1424 3073 in
1468 3017 1705 3073 basilicas
1731 3016 1875 3072 Con-

276 3114 617 3170 stantiniana:
652 3112 967 3182 baptisterio
992 3151 1010 3180 ,
1045 3112 1216 3167 sancti
1247 3111 1468 3167 Joannis
1498 3110 1751 3178 Baptistae
1772 3151 1788 3178 ,
1819 3119 1876 3167 et

276 3206 447 3260 sancti
472 3204 692 3259 Joannis
717 3203 1063 3274 evangelista:
1087 3243 1104 3271 ,
1136 3215 1190 3259 et
1220 3211 1420 3258 sancta:
1448 3204 1624 3258 crucis
1642 3243 1659 3269 ,
1693 3203 1873 3258 omnia

1982 2010 2299 2073 pensantem
2343 2001 2520 2072 pondo
2546 2001 2803 2057 librarum
2827 2004 2919 2060 ΞΟ.
2970 2004 3028 2060 In
3073 2005 3411 2063 confessione
3451 2008 3579 2065 fecit

1976 2095 2170 2165 januas
2200 2110 2265 2151 ex
2298 2104 2520 2165 argento
2546 2136 2560 2161 ,
2605 2108 2889 2164 pensantes
2931 2096 3026 2151 lib.
3060 2097 3129 2151 50
3167 2112 3324 2167 supra
3364 2101 3578 2155 confes-

1980 2187 2189 2242 sionem
2232 2200 2416 2240 arcum
2457 2201 2678 2241 aureum
2709 2227 2722 2250 ,
2771 2186 2860 2256 qui
2907 2194 3097 2255 pensat
3139 2186 3304 2242 libras
3340 2189 3374 2241 4
3412 2206 3573 2259 quem

1982 2292 2199 2353 portant
2239 2282 2503 2335 columnae
2541 2279 2824 2350 onychinae
2857 2299 2868 2333 :
2902 2291 2957 2336 et
3001 2296 3067 2336 eo
3113 2280 3214 2335 loci
3255 2291 3361 2336 stat
3405 2298 3573 2353 agnus

1979 2387 2199 2439 aureus,
2223 2372 2311 2441 qui
2338 2381 2526 2441 pensat
2549 2371 2715 2427 libras
2733 2370 2886 2427 duas.
2916 2373 3181 2427 Coronam
3208 2388 3423 2429 auream
3447 2384 3575 2431 ante

1942 2463 2399 2518 confessionem.
2452 2462 2687 2516 Pharum
2737 2478 2858 2517 cum
2906 2463 3211 2531 delphinis,
3258 2478 3574 2534 pensantem

1980 2555 2147 2612 libras
2177 2554 2435 2625 quinque.
2470 2554 2765 2624 Lampades
2792 2569 2982 2610 aureas
3019 2555 3053 2609 4
3088 2568 3376 2628 pensantes
3406 2560 3573 2616 libras

1980 2648 2135 2703 duas.
2168 2648 2504 2720 Nympheum
2532 2660 2587 2703 et
2615 2649 2947 2719 triporticum
2977 2659 3103 2706 ante
3133 2653 3420 2708 oratorium
3449 2670 3574 2711 san-

1979 2749 2082 2796 ctae
2107 2739 2295 2796 Crucis
2320 2782 2334 2807 ,
2371 2740 2459 2795 ubi
2507 2749 2634 2795 sunt
2671 2741 2935 2797 columnas
2980 2743 3131 2798 mirae
3169 2745 3570 2814 magnitudinis,

1979 2846 2100 2902 qua:
2137 2832 2386 2887 dicuntur
2419 2841 2442 2869 ο
2483 2832 2908 2903 IIecatonpenta.
2954 2833 3127 2890 Lacus
3166 2847 3220 2891 et
3269 2836 3288 2873 ί
3337 2837 3573 2894 conchas

1979 2924 2299 2980 cithariacas
2314 2924 2469 2989 duas,
2486 2939 2607 2979 cum
2626 2925 2889 2979 columnis
2907 2926 3301 2997 porphyreticis
3314 2937 3338 2976 ε
3354 2930 3570 2985 soraitis

1980 3015 2113 3088 [lege
2133 3013 2463 3085 perforatis],
2480 3029 2673 3083 aquam
2692 3014 2994 3070 fundentes.
3019 3016 3084 3070 Et
3109 3016 3164 3071 in
3188 3018 3366 3072 medio
3392 3020 3568 3075 lacum

1981 3107 2416 3178 porphyreticum
2440 3121 2562 3162 cum
2583 3105 2787 3161 concha
2816 3105 2844 3142 ιι
2870 3108 3005 3162 raita
3030 3106 3160 3179 [lege
3177 3109 3489 3181 cthariacaj
3514 3111 3567 3165 in

1980 3198 2176 3264 medio,
2204 3211 2395 3268 aquam
2420 3196 2696 3264 fundente,
2729 3198 3058 3253 circumdata
3086 3208 3140 3254 et
3166 3214 3198 3253 a
3226 3199 3430 3255 dextris
3450 3213 3507 3256 et
3536 3218 3568 3255 a

278 3314 344 3353 ex
372 3306 595 3368 argento
622 3307 677 3353 et
704 3296 968 3367 lapidibus
997 3294 1263 3365 pretiosis.
1294 3294 1700 3352 Confessionem
1732 3306 1756 3334 ε
1782 3310 1877 3351 au-
1904 3310 1955 3372 B
1981 3291 2215 3347 sinistris
2253 3292 2307 3346 in
2342 3290 2521 3346 medio
2547 3290 2807 3347 cancellis
2842 3292 2998 3346 aereis
3025 3301 3081 3347 et
3107 3292 3376 3348 columnis
3397 3338 3411 3362 ,
3444 3310 3568 3350 cum

282 3401 390 3447 tem
418 3390 592 3446 sancti
617 3388 836 3444 Joannis
861 3387 1112 3457 Baptistae
1134 3386 1264 3443 fecit
1284 3401 1352 3441 ex
1376 3395 1620 3458 argento,
1644 3400 1875 3456 pensan-

278 3494 387 3541 tem
432 3484 599 3539 libras
635 3482 735 3538 I00
764 3491 819 3537 et
846 3496 1061 3537 crucem
1101 3495 1342 3535 auream.
1388 3480 1455 3535 Et
1482 3478 1874 3535 confessionem

276 3576 453 3631 sancti
476 3574 697 3630 Joannis
721 3573 1069 3645 evangelista:
1098 3572 1223 3629 fecit
1248 3588 1314 3628 ex
1346 3582 1569 3642 argento
1589 3611 1606 3638 ,
1638 3587 1874 3642 pensan-

280 3677 389 3724 tem
432 3667 598 3723 lihras
640 3666 740 3723 100
788 3675 843 3721 et
885 3680 1098 3721 crucem
1140 3679 1378 3720 auream.
1428 3664 1495 3719 Et
1533 3664 1587 3719 in
1615 3663 1876 3719 ambobus

279 3762 531 3817 oratoriis
571 3761 768 3831 januas
816 3774 987 3815 aereas
1028 3768 1253 3829 argento
1300 3758 1497 3813 clusas.
1548 3756 1606 3812 In
1636 3756 1875 3814 oratorio

280 3867 409 3910 vero
441 3862 642 3909 sanctae
669 3852 856 3909 Crucis
890 3851 1019 3908 fecit
1043 3849 1460 3918 confessionem,
1492 3848 1584 3905 ubi
1607 3846 1637 3886 ά
1669 3849 1872 3919 lignum

352 3996 381 4057 ξι
408 3984 541 4042 Cod.
571 3985 677 4057 490
698 3984 976 4050 Lucensis,
1000 3986 1270 4057 exsparsit.

347 4055 379 4095 ιι
410 4058 553 4111 Idem
583 4056 725 4122 cod.,
756 4057 833 4109 vel
862 4064 1055 4109 tomum
1081 4055 1244 4110 sancti
1272 4056 1518 4126 episcopi.

356 4138 380 4166 ε
414 4128 471 4181 In
496 4126 685 4183 eodem
710 4125 831 4181 cod.
848 4126 1001 4181 deest
1022 4136 1192 4181 autem
1218 4133 1276 4180 et
1302 4124 1523 4181 inferius
1546 4124 1698 4180 deest
1723 4125 1862 4193 fecit.

350 4196 379 4236 ά
410 4199 556 4255 Idem
587 4197 729 4265 cod.,
758 4213 968 4269 agnum.

356 4337 372 4367 ³
402 4334 532 4389 Post
576 4334 939 4403 interregnum
980 4342 1185 4404 septem
1228 4333 1339 4389 fere
1384 4334 1671 4400 mensium,
1696 4332 1867 4402 pridie

281 4406 401 4465 idus
426 4404 744 4461 Novembris
772 4404 898 4457 anni
919 4404 1043 4474 461,
1068 4406 1156 4474 qui
1188 4416 1269 4461 est
1297 4404 1495 4460 Leonis
1526 4406 1866 4473 imperatoris

280 4448 521 4549 quintus,
544 4474 1001 4549 llilarusnatione
1022 4448 1245 4549 éa'rdus:
1270 4477 1398 4530 olim
1427 4448 1704 4549 diaconus,
1729 4484 1785 4530 et
1813 4475 1864 4529 in

280 4544 637 4604 conciliabulo
676 4544 948 4614 Ephesiae
988 4546 1251 4613 legatione
1297 4550 1507 4600 functus
1533 4588 1546 4610 ,
1589 4546 1642 4600 in
1690 4546 1865 4600 locum

278 4617 459 4676 sancti
487 4616 675 4672 Leonis
706 4616 1025 4685 subrogatus
1052 4616 1168 4670 fuit.
1224 4618 1376 4672 Initio
1422 4616 1761 4686 pontificatus
1802 4631 1865 4671 ea

279 4705 407 4758 qua
455 4688 619 4741 tribus
661 4688 1005 4758 (acumenicis
1067 4687 1307 4743 conciliis
1359 4698 1543 4742 contra
1588 4688 1861 4753 Arianam,

1981 3383 2206 3455 fastigiis
2221 3391 2277 3440 et
2291 3383 2554 3455 epistyliis
2584 3385 2821 3455 undique
2835 3385 3039 3440 ornatis
3055 3399 3121 3441 ex
3156 3387 3384 3449 musivo.
3402 3398 3457 3443 et
3474 3404 3567 3443 co-

1980 3476 2612 3553 lumnis.Aquitanicis,et
2629 3476 2878 3546 tripolitis
2906 3486 2961 3532 et
2985 3477 3396 3549 porphyreticis.
3425 3482 3566 3536 Ante

1978 3569 2376 3627 confessionem
2391 3570 2529 3625 beati
2541 3570 2762 3626 Joannis
2774 3571 2951 3640 posuit
2966 3586 3219 3627 coronam
3232 3582 3563 3644 argenteam,

1978 3670 2291 3732 pensantem
2337 3663 2501 3717 libras
2528 3662 2618 3719 20.
2665 3662 2895 3717 Pharum
2923 3671 3219 3730 cantarum,
3246 3677 3565 3735 pensantem

1952 3756 2144 3813 ilibras
2186 3756 2277 3813 25.
2306 3755 2441 3812 Item
2483 3755 2550 3811 ad
2575 3766 2818 3811 sanctum
2853 3756 3113 3811 Joannem
3156 3759 3292 3812 intra
3318 3769 3568 3833 sanctum

1976 3846 2181 3904 fontem
2225 3842 2504 3905 lucernam
2556 3863 2772 3904 auream
2818 3863 2939 3904 cum
2987 3852 3126 3906 nixis
3157 3849 3301 3922 [lege
3356 3851 3567 3922 lychnis

2050 3992 2074 4020 ο
2107 3982 2249 4037 Idem
2278 3983 2421 4050 cod.,
2455 3981 2939 4049 Exatonpentaicas.

2047 4050 2066 4089 τ
2102 4052 2245 4107 Idem
2275 4052 2397 4107 c0d.
2418 4095 2432 4117 ,
2468 4066 2648 4105 concas
2677 4053 2873 4106 frictas.

2050 4130 2075 4166 ε
2106 4122 2250 4177 Idem
2274 4122 2420 4188 cod.,
2441 4121 2641 4175 relatis.

2048 4188 2077 4226 ²³
2108 4193 2251 4247 Idem
2280 4191 2401 4247 cod.
2420 4231 2436 4258 ,
2463 4191 2651 4256 ralata.

1976 4332 2163 4388 Daniel
2205 4332 2394 4403 Stylita
2436 4333 2717 4387 sanctitate
2764 4342 2818 4387 et
2864 4334 3136 4391 miraculis
3181 4337 3566 4400 celeberrimus

1974 4403 2185 4480 claruit,
2213 4404 2303 4473 qui
2335 4403 2716 4480 precibus_sui_s
2742 4444 2756 4468 ,
2785 4413 2844 4458 ut
2873 4403 3114 4480 referunt
3141 4416 3257 4480 acta
3297 4411 3563 4480 ejusdem,

1975 4473 2142 4528 Leoni
2166 4474 2472 4545 imperatori
2492 4488 2560 4545 ex
2583 4473 2777 4528 Verina
2798 4476 3025 4545 conjuge
3047 4478 3249 4545 prolem
3272 4473 3564 4541 masculam

1974 4544 2209 4619 obtinuit
2235 4554 2288 4598 et
2307 4544 3083 4619 urbis‘Constantinopolitanae
3106 4549 3409 4607 incendium
3432 4570 3565 4619 qua-

1975 4615 2279 4671 triduanum
2337 4615 2615 4670 exstinxit.
2668 4614 2783 4682 Qua
2830 4616 3041 4673 fortuna
3096 4619 3305 4676 Hilarus
3358 4614 3566 4682 insidiis

1976 4685 2215 4764 Dioscori
2248 4685 2595 4764 Alexandrini
2624 4686 2963 4764 clatroeinio
3008 4689 3279 4759 Ephesino
3325 4694 3561 4764 elapsus,

280 4746 656 4834 Nestorianam
700 4766 756 4834 et
785 4757 1183 4834 Eutychianam
1217 4759 1482 4834 haeresim
1507 4759 1723 4813 decreta
1756 4746 1869 4812 fue;
1899 4746 1947 4811 C
1980 4766 2119 4834 post-
2150 4758 2464 4834 legationem
2512 4767 2781 4834 peractam
2828 4746 3066 4834 llomam'
3092 4746 3297 4834 venerit
3318 4746 3563 4834 {quid—ve

280 4840 411 4887 runt
434 4828 790 4891 confirmavit,
816 4842 1011 4900 novum
1043 4830 1345 4896 paschalcm
1371 4829 1579 4900 cyclum
1604 4844 1869 4900 annorum

281 4903 697 4970 quingentorum
747 4899 1094 4970 quadraginta
1158 4898 1526 4968 duorum'pcr
1578 4898 1868 4955 Victorium

280 4968 609 5039 Aquitauum
633 4970 751 5037 ejus
771 4968 1036 5023 facultatis
1061 4979 1172 5024 tum
1203 4969 1358 5024 facile
1384 4970 1703 5039 principem,
1732 4969 1873 5025 Gen-

282 5044 447 5097 nadio
486 5050 541 5095 et
579 5040 816 5094 Mariano
859 5039 1021 5095 Scoto
1065 5041 1409 5105 auctoribus,
1453 5042 1571 5094 fieri
1614 5040 1867 5096 curavit:

280 5112 616 5167 Anthemium
656 5112 1011 5180 imperatorem
1052 5110 1339 5165 Occidentis
1363 5154 1378 5179 ,
1416 5111 1588 5179 inquit
1631 5111 1873 5168 Gelasius

282 5185 442 5253 epist.
477 5182 539 5235 Η
572 5181 639 5235 ad
673 5179 927 5253 Dardani.)
958 5197 1073 5235 cum
1115 5179 1418 5236 Philotheus
1448 5181 1870 5247 Macedonianus,

282 5251 396 5325 ejus
423 5252 780 5325 familiaritate
797 5251 1059 5325 saﬂ'tutus,
1082 5267 1211 5325 nova
1234 5253 1572 5307 conciliabula
1596 5254 1871 5325 divisurum

281 5323 537 5378 sectarum
561 5324 615 5376 in
635 5324 809 5376 urbem
830 5324 1066 5377 inducere
1082 5323 1253 5385 vellet.
1274 5325 1413 5391 apud
1436 5326 1635 5378 beatam
1660 5323 1872 5378 Petrum

280 5396 577 5463 apestolum
606 5393 776 5462 palam
796 5409 857 5447 ne
886 5394 940 5445 id
970 5393 1128 5462 fieret,
1156 5393 1298 5447 clara
1324 5410 1441 5448 voce
1468 5396 1786 5463 constrinxit,
1819 5398 1875 5450 in

282 5474 524 5529 tantum,
568 5472 753 5518 utnon
781 5480 840 5517 ea
871 5464 1104 5534 facienda
1150 5480 1264 5518 cum
1312 5465 1692 5536 interpositione
1719 5467 1874 5536 jura-

285 5538 445 5591 menti
474 5537 608 5589 idem
648 5536 929 5601 imperator
970 5537 1297 5604 promitteret.
1348 5536 1513 5605 Hujus
1544 5538 1874 5605 temporibus

286 5606 754 5674 Constantinopoli
778 5647 794 5671 ,
826 5606 1035 5661 cuidam
1068 5607 1254 5673 pictori
1280 5605 1550 5663 Christum
1584 5608 1753 5663 forma
1782 5609 1874 5664 Jo-

285 5678 367 5733 vis
399 5681 627 5747 pingere
647 5680 879 5743 conanti,
905 5692 1093 5747 manus
1123 5678 1359 5739 exaruit;
1394 5687 1512 5745 post
1536 5678 1789 5733 facinoris
1817 5688 1871 5735 et

286 5745 471 5803 delicti
496 5745 893 5804 confessionem
920 5788 937 5812 ,
967 5745 1273 5803 Gennadius
1296 5750 1577 5817 episcopus
1604 5750 1869 5805 Constan-

288 5819 679 5891 tinopolitanus
703 5833 828 5873 eum
872 5820 1101 5873 sanavit.
1156 5819 1411 5875 Cedrenus
1452 5821 1506 5875 in
1543 5836 1772 5891 comperi.
1814 5823 1870 5878 ά.

537 5915 812 5977 Puncta
862 5911 1083 5973 LVIII.

1978 4826 2144 4906 egerit
2169 4867 2185 4892 ,
2217 4826 2465 4906 dirimus
2480 4842 2643 4896 supra
2671 4828 2724 4882 in
2741 4829 2897 4906 aptis
2917 4831 3173 4906 epistolae
3190 4826 3333 4887 illius
3356 4826 3561 4906 [quam

1980 4899 2193 4973 Ililarus
2219 4898 2391 4973 adhuc
2414 4898 2670 4973 diaconus
2689 4898 2755 4973 ad
2782 4898 3435 4973 PulcheriamAugustani
3462 4907 3563 4965 hac

1980 4970 2048 5025 de
2078 4985 2136 5023 re
2158 4968 2508 5043 conscripsit.
2551 4969 2678 5043 δεῖ.
2712 4968 2912 5043 Brutus.
2942 4999 3013 5011 —
3034 4970 3174 5043 [Vide
3202 4968 3320 5043 qhae
3364 4976 3431 5031 de
3462 4977 3564 5035 hac

1981 5038 2207 5166 Epistola
2249 5042 2549 5095 notavimus
2590 5039 2659 5094 ad
2708 5040 2930 5096 calicem
2963 5038 3234 5098 columnai
3264 5049 3563 5115 sequentis.

2030 5127 2141 5165 ntr.

2030 5127 2141 5165 DII'.

2054 5183 2073 5253 ξ
2112 5182 2312 5251 Quarto
2359 5180 2478 5253 idus
2525 5181 2857 5253 Septembris
2885 5184 3008 5238 anni
3052 5184 3252 5240 Christi
3293 5187 3403 5241 nati
3430 5189 3562 5253 467.

1980 5252 2071 5322 qui
2098 5262 2181 5308 est
2210 5252 2495 5325 Leonis,”
2526 5252 2771 5321 imperii,
2804 5253 3019 5310 Hilarus
3038 5256 3141 5310 vita
3164 5271 3229 5310 ac
3255 5252 3565 5325 pontificatu

1976 5325 2279 5397 defunctus,
2300 5322 2452 5397 ~sedit
2478 5325 2632 5397 annis
2660 5339 2758 5397 sex
2775 5365 2790 5391 ,
2816 5326 3089 5380 mensibus
3117 5322 3301 5381 decem
3327 5373 3342 5397 ,
3384 5329 3564 5385 minus

1975 5396 2182 5468 duobus
2209 5395 2416 5449 diebus.
2464 5395 2742 5468 Constabit
2779 5410 2963 5451 verum
3012 5411 3132 5453 esse
3160 5398 3301 5467 quod
3330 5395 3483 5468 dixi,
3516 5400 3563 5455 si

1975 5466 2186 5521 initium
2211 5474 2266 5520 et
2292 5468 2451 5520 finem
2480 5467 2821 5536 pontificatus
2842 5466 3325 5527 consideres.’Ssv.
3360 5466 3557 5523 Bittius.

2050 5538 2070 5568 ³
2097 5537 2147 5591 Id
2177 5545 2260 5591 cst
2305 5536 2578 5592 decretum
2604 5538 2881 5607 synodale.
2905 5537 3019 5595 Hoc
3052 5548 3228 5594 autem
3259 5540 3558 5602 decretum.

1978 5608 2047 5663 de
2068 5624 2175 5678 quo
2193 5607 2426 5677 loquitur
2450 5616 2636 5662 auctor
2661 5608 2987 5664 Pontificalis
3015 5611 3326 5665 Anastasius
3348 5650 3363 5674 ,
3392 5610 3561 5664 latum

1979 5681 2078 5734 fuit
2119 5680 2172 5735 in
2203 5678 2432 5734 concilio
2464 5678 2705 5733 Romano
2754 5681 2852 5734 sub
2889 5680 3069 5735 Hilaro
3105 5681 3376 5736 celebrato
3418 5694 3563 5735 anno

1981 5751 2191 5806 Domini
2231 5748 2337 5804 465
2361 5793 2374 5815 ,
2404 5750 2494 5819 qui
2536 5751 2876 5821 pontificatus
2915 5751 3084 5808 Hilari
3130 5750 3347 5821 quintus
3390 5765 3564 5808 annus

1981 5830 2077 5879 est.
2106 5822 2235 5879 Sev.
2267 5820 2470 5878 Bmws.

1975 5830 2077 5879 εει.
2106 5830 2235 5879 δεγ.
2267 5830 2470 5878 ΒΙΝΙυΒ.

3132 5913 3169 5974 1

3611 1581 3634 1663 ξ
