4080 6350
470 446 535 507 ιι
1570 461 1594 485 .
1882 425 2113 485 ηιιΑιιι
2152 423 2351 482 eam
3685 400 3779 482 η’

473 558 678 632 myxis]
726 556 987 613 luminum
1020 553 1086 609 t0
1140 556 1451 622 pensantem
1494 545 1589 613 lib.
1619 546 1673 603 5.
1724 539 1924 601 Cervos
1971 556 2058 596 ar-
2084 544 2135 605 Α
2164 544 2480 632 pensantem
2520 536 2682 594 libras
2712 535 2866 632 duas.
2915 535 3127 632 'I‘urrlm
3156 542 3459 632 argenteam
3491 548 3612 592 cum
3638 534 3755 591 del-

474 663 693 723 genteos
750 661 856 707 tros
906 647 1183 702 fundentes
1220 657 1411 711 auitam
1438 681 1453 707 ,
1496 646 1779 709 pensantes
1821 635 2060 707 singulos

475 746 637 799 libras
664 743 752 799 ‘50.
784 741 995 795 Turrim
1026 746 1331 807 argenteam
1357 746 1477 789 cum
1509 730 1799 801 delphinis,
1832 742 2061 799 pensan-

475 843 579 891 tem
630 835 723 890 lib.
762 833 848 887 60.
878 829 1199 885 Columbam
1249 839 1459 879 auream
1486 865 1500 889 ,
1538 829 1851 893 pensantem
1901 820 2063 875 libras

476 929 624 985 ilus.
672 926 731 979 In
774 923 992 980 basilica
1025 916 1457 973 Constantiniana
1492 924 1515 949 ﬂ
1556 913 1839 969 cantharos
1876 927 2064 981 argen-

476 1030 587 1073 teos
613 1061 628 1083 ,
679 1016 972 1086 pendentes
1017 1021 1139 1065 ante
1183 1012 1349 1063 altare
1378 1009 1465 1074 10,
1497 1018 1777 1076 pensantes
1828 1005 2065 1074 singulos

478 1114 638 1165 libras
660 1108 752 1163 20.
785 1104 1054 1173 Scyphum
1083 1116 1299 1156 aureum
1335 1107 1643 1167 pensantem
1678 1098 1767 1152 lib.
1802 1098 1857 1151 6.
1887 1097 2063 1151 Atium

477 1201 734 1272 scyphum
766 1212 983 1251 aureum
1012 1236 1026 1257 ,
1057 1202 1367 1263 pensantem
1399 1192 1473 1245 lib
1502 1192 1555 1244 5.
1586 1188 1792 1244 Calices
1816 1204 2005 1244 aureos
2034 1188 2094 1257 5¹

478 1300 765 1361 pensantes
787 1287 1025 1357 singulos
1046 1286 1204 1338 libras
1227 1283 1461 1352 singulas
1485 1279 1807 1353 [legeduas].
1824 1278 2066 1349 Scyphos

479 1390 759 1450 argenteos
797 1381 829 1435 5
855 1385 1138 1448 pensantes
1168 1376 1406 1441 singulos
1434 1375 1593 1429 libras
1626 1374 1709 1427 l0.
1735 1372 1940 1427 Calices
1968 1367 2066 1426 mi-

481 1472 780 1527 nisteriales
810 1470 879 1525 10
910 1477 1193 1538 pensantes
1237 1464 1473 1533 singulos
1504 1466 1663 1518 libras
1692 1465 1745 1518 Ξ.
1795 1469 1955 1518 Amas
1982 1478 2069 1518 ar-

479 1573 700 1635 genteas
730 1560 763 1615 5
805 1571 1088 1630 pensantes
1137 1559 1370 1626 singulas
1415 1557 1575 1609 libras
1606 1556 1694 1610 IO.
1747 1555 1824 1609 Ad
1856 1556 2067 1609 beatum

480 1656 696 1710 Petrum
727 1652 1024 1722 apostolum
1066 1650 1323 1721 scyphum
1361 1663 1578 1703 aureum
1605 1689 1619 1712 ,
1657 1656 1965 1715 pensantem
2004 1648 2068 1699 li-

482 1748 608 1800 bras
634 1746 685 1800 5.
719 1744 892 1800 Alium
919 1743 1175 1814 scyphum
1204 1757 1421 1797 aureum
1444 1757 1567 1795 cum
1592 1739 1818 1811 geminis
1842 1739 2070 1807 prasinis

482 1848 535 1891 et
558 1836 934 1907 byaeinthinis,
959 1845 1267 1904 pensantem
1292 1833 1454 1887 libras
1475 1831 1531 1885 4.
1554 1831 1761 1887 Calices
1789 1837 2071 1900 argenteos

2166 630 2368 702 phinis,
2396 640 2710 699 pensantem
2737 629 2901 683 libras
2930 629 3020 683 25.
3051 629 3292 702 Scyphos
3316 638 3598 700 argenteos
3619 637 3752 697 tres,

2169 727 2458 789 pensantes
2482 718 2646 772 libras
2674 716 2767 774 Ἡ.
2785 714 2991 772 Calices
3024 718 3396 773 ministeriales
3426 716 3493 772 l2
3522 733 3755 787 pensan-

2170 825 2250 870 tes
2270 814 2435 870 libras
2455 815 2510 869 9.
2533 814 2718 870 Altare
2742 824 3077 884 argenteum,
3103 827 3336 884 pensans
3358 814 3451 868 lib.
3472 811 3566 875 ω.
3595 813 3754 867 Lam-

2168 907 2335 976 pades
2374 918 2657 977 argenteas
2688 906 2754 963 10
2792 915 3079 976 pensantes
3112 908 3280 965 libras
3321 904 3412 962 2|.
3467 909 3627 963 Amas
3672 921 3761 961 ar-

2168 1017 2388 1073 genteas
2415 1004 2546 1057 duas
2572 1044 2585 1065 ,
2622 1012 2913 1072 pensantes
2947 1003 3183 1073 singulas
3216 1004 3376 1058 libras
3411 1004 3497 1057 lt).
3529 1004 3583 1057 In
3616 1004 3760 1059 basi-

2166 1096 2269 1150 lica
2298 1096 2437 1149 beati
2461 1095 2728 1150 Laurentii
2752 1098 3021 1166 martyris,
3048 1096 3244 1165 pharos
3263 1096 3548 1150 eantharos
3568 1110 3762 1165 argen-

2172 1196 2285 1241 teos
2312 1186 2527 1253 decem,
2560 1198 2847 1256 pensantes
2877 1187 3038 1241 libras
3074 1197 3099 1247 9
3130 1186 3217 1241 I0.
3256 1186 3554 1241 Cantharus
3589 1202 3763 1243 arreos

2170 1278 2354 1347 viginti
2386 1293 2499 1333 sex.
2522 1278 2813 1333 Ministeria
2833 1280 2896 1333 ad
2924 1279 3239 1347 baptismum
3272 1278 3384 1333 sive
3409 1279 3473 1332 ad
3498 1280 3765 1348 paeniten-

2174 1373 2299 1426 tiam
2328 1383 2601 1441 argentea,
2631 1374 2908 1442 pensantia
2943 1372 3102 1426 libras
3126 1372 3330 1427 decem.
3369 1373 3567 1427 Pharos
3589 1389 3765 1429 aereos

2174 1463 2257 1518 ὅθ.
2305 1465 2357 1518 In
2389 1466 2520 1517 urbe
2551 1464 2718 1518 Roma
2770 1464 3047 1519 constituit
3077 1464 3095 1501 ί
3135 1465 3510 1519 ministeriales
3539 1465 3628 1535 qui
3657 1466 3765 1520 circ

2171 1557 2375 1612 cuircnt
2413 1559 2724 1611 constitutas
2761 1558 3035 1612 stationes.
3064 1558 3332 1629 Scyphum
3358 1573 3579 1613 aureum
3612 1567 3637 1605 Β
3667 1573 3763 1611 an~

2172 1659 2343 1705 satum
2376 1651 2461 1704 vrl
2488 1651 2881 1715 stationarium,
2917 1662 3226 1718 pensantem
3259 1651 3424 1705 libras
3453 1659 3595 1704 octo.
3628 1650 3763 1722 Scy-

2176 1740 2309 1809 phos
2340 1757 2432 1809 per
2455 1740 2634 1795 titulos
2667 1740 2850 1809 viginti
2875 1740 3131 1809 quinque,
3164 1751 3448 1808 pensantes
3477 1741 3640 1797 libras
3674 1741 3760 1797 IO.

2175 1830 2335 1885 Amas
2360 1842 2643 1901 argenteas
2661 1832 2729 1886 23
2758 1843 3046 1902 pensantes
3084 1830 3108 1869 ιι
3129 1833 3291 1888 libras
3323 1833 3407 1887 IO.
3433 1832 3637 1888 Calices
3664 1832 3739 1887 mi

482 1926 854 1980 ministeriales
886 1925 949 1981 l0
996 1932 1279 1995 pensantes
1328 1924 1564 2007 singulos
1610 1923 1772 1977 libras
1811 1922 1866 1975 ‘2.
1908 1922 2071 1977 Amas
2098 1925 2147 1987 Β
2176 1922 2478 1977 nisteriates
2501 1922 2571 1977 50
2592 1934 2881 1992 pensantes
2910 1924 3150 1993 singulos
3171 1918 3408 1978 libras'ﬁ.
3435 1923 3562 1978 Haec
3583 1923 3761 1982 omnia

485 2027 763 2089 argenteas
788 2018 823 2070 2
857 2025 1140 2084 pensantes
1167 2016 1404 2087 singulas
1432 2014 1594 2070 libras
1626 2016 1678 2070 8.
1709 2014 1911 2069 Pharos
1937 2029 2067 2069 can-

483 2109 667 2164 tharos
699 2118 976 2179 argenteos
1009 2106 1037 2145 b
1068 2108 1133 2162 I4
1164 2117 1445 2177 pensantes
1484 2107 1721 2177 singulos
1758 2107 1917 2161 libras
1957 2119 1977 2145 ε
2013 2107 2066 2162 5.

442 2204 443 2207 “
484 2201 567 2256 Ad
595 2201 806 2255 beatum
836 2199 861 2237 ἀ
892 2202 1190 2270 apostolum
1214 2199 1469 2271 scyphum
1492 2215 1735 2269 aureum,
1760 2211 2069 2269 pensantem

482 2293 644 2348 libras
793 2292 1033 2365 Scyphos
1082 2305 1364 2365 argenteos
1416 2292 1449 2345 4
1501 2304 1785 2364 pensantes
1833 2294 2073 2359 singulos

482 2385 647 2439 libras
678 2386 727 2440 6.
760 2386 964 2441 Calices
992 2385 1371 2440 ministeriales
1408 2387 1470 2440 IO
1508 2399 1792 2455 pensantes
1835 2387 2072 2455 singulos

483 2475 646 2547 libras
673 2475 820 2529 duas.
852 2480 1011 2529 Amas
1038 2486 1315 2543 argenteas
1335 2476 1489 2542 duas,
1521 2487 1806 2544 pensantes
1833 2480 2069 2547 singulas

474 2565 647 2621 libras
679 2568 762 2621 10.
795 2567 870 2619 Ad
903 2567 1110 2620 beatum
1130 2566 1472 2621 Laurentium
1498 2576 1784 2639 martyrem
1814 2568 2069 2638 scyphum

482 2674 701 2712 aureum
723 2672 840 2711 cum
860 2657 1083 2727 gemmis
1104 2658 1332 2727 prasinis
1360 2669 1411 2712 et
1440 2657 1817 2729 hyacinthinis,
1842 2674 2069 2727 pensiu-

483 2759 591 2805 tem
626 2751 713 2804 lib.
752 2749 804 2803 ι.
841 2748 1135 2804 Lucernam
1170 2766 1384 2806 auream
1417 2752 1660 2805 nixorum
1683 2750 1813 2823 [lege
1846 2752 2071 2822 lychno-

482 2839 628 2911 rum]
662 2841 727 2894 10
750 2850 1056 2909 pensantem
1091 2842 1186 2896 lib.
1216 2838 1268 2896 5.
1301 2842 1567 2912 Scyphum
1598 2858 1819 2897 aureum
1848 2844 2071 2914 purissi-

484 2944 653 2996 mum,
686 2940 997 3001 pensantem
1030 2930 1120 2987 lib.
1154 2933 1208 2988 5.
1240 2932 1536 3003 Lampados
1564 2948 1753 2989 aureas
1780 2934 1814 2987 2
1840 2950 2069 3005 pensan-

485 3033 565 3079 tes
617 3024 777 3079 libras
835 3025 1092 3096 singulas.
1163 3026 1395 3082 Pharum
1455 3012 1768 3083 cantharum
1821 3044 2063 3095 aureum,

556 3212 583 3241 ι
610 3202 752 3258 Idem
783 3202 925 3268 cod.,
960 3202 1137 3259 Pharo
1166 3205 1427 3260 cantharo.

556 3272 585 3312 δ
615 3275 758 3327 Idem
785 3274 929 3339 cod.,
964 3290 1106 3328 xxiv.

559 3354 579 3381 ε
615 3345 756 3399 Idem
784 3345 926 3408 cod.,
954 3361 1005 3400 ν.

555 3411 582 3449 ά
614 3412 755 3468 Idem
793 3416 914 3489 cod.
939 3455 952 3479 ,
995 3415 1221 3489 Paulum
1259 3418 1545 3489 apostolum
1576 3419 1823 3489 scyphum
1853 3436 2063 3475 aureum

484 3494 776 3555 pensantem
932 3500 981 3551 v,
1009 3488 1173 3564 alium
1202 3488 1446 3559 scyphum
1471 3486 1679 3544 aureum
1709 3508 1825 3544 cum
1855 3494 2066 3564 gemmis

921 3571 969 3609 ν.
1001 3556 1233 3628 Scyphos
1256 3555 1538 3628 argenteos,
1570 3571 1677 3616 etc.

897 3666 935 3681 ..
966 3644 1062 3681 ιι.

897 3666 935 3692 .,
966 3644 1062 3683 ιι.

563 3692 582 3730 τ
620 3695 766 3751 Idem
796 3698 944 3763 cod.,
975 3699 1277 3755 ministeria.

498 3888 3367 3923 W

2088 3317 2141 3382 aC

2176 2018 2228 2071 in
2259 2015 2475 2070 basilica
2504 2016 2962 2078 Constantiniana,
3009 2017 3092 2071 vel
3138 2016 3204 2069 ad
3248 2014 3498 2071 Sanctam
3543 2015 3762 2071 Mariam

2174 2109 2460 2164 constituta
2502 2108 2822 2163 recondidit.
2872 2110 2971 2168 llic
3015 2109 3139 2165 fecit
3176 2109 3501 2173 monasteria
3539 2108 3605 2163 ad
3638 2123 3764 2164 san-

2175 2211 2317 2255 ctun:
2347 2200 2712 2267 Laurentium,
2744 2211 2796 2256 et
2827 2201 3099 2270 balneum,
3130 2200 3145 2238 ί
3176 2210 3231 2256 et
3263 2201 3569 2270 praetorium
3596 2201 3608 2251 t'
3641 2215 3767 2255 san-

2146 2354 2149 2357 λ
2176 2306 2263 2349 cto
2285 2295 2592 2349 Laurentio.
2624 2295 2773 2351 Fecit
2793 2305 2969 2351 autem
2992 2296 3283 2351 oratorium
3310 2293 3481 2351 sancti
3507 2294 3768 2361 Stephani

2178 2387 2231 2441 in
2263 2386 2576 2457 baptisteria
2612 2386 2983 2445 Lateranensi.
3018 2386 3169 2443 Fecit
3194 2394 3377 2441 autem
3402 2394 3461 2441 et
3485 2383 3769 2441 bibliothe-

2179 2498 2269 2536 cas
2300 2482 2433 2536 duas
2465 2483 2515 2535 in
2543 2481 2733 2535 eodem
2764 2481 2903 2537 loco.
2933 2479 2955 2516 ιι
2985 2481 3063 2536 Ad
3104 2480 3307 2534 Lunam
3332 2493 3466 2533 .vero
3493 2486 3768 2534 uetusto-

2155 2572 2317 2631 .t'iuttt
2340 2573 2391 2626 in
2420 2572 2552 2625 urbe
2577 2572 2897 2625 construxit.
2922 2570 3019 2625 Hic
3042 2569 3165 2624 fecit
3192 2568 3584 2624 ordinationem
3611 2584 3767 2623 unam

2176 2662 2231 2715 in
2264 2662 2394 2716 urbe
2426 2661 2590 2715 Itonia
2620 2677 2717 2729 per
2748 2675 2987 2715 mensem
3022 2659 3391 2724 Decembrem,
3426 2660 3767 2729 presbyteros

2148 2754 2359 2821 viginti
2401 2755 2661 2823 quinque,
2709 2754 2965 2809 diaconos
3012 2751 3029 2790 ι
3066 2754 3326 2823 quinque,
3356 2754 3636 2824 episcoitos
3674 2768 3770 2820 per

2175 2846 2381 2901 diversa
2412 2845 2527 2899 loca
2560 2845 2750 2915 viginti
2794 2845 2947 2901 duos.
2997 2845 3097 2913 Qui
3137 2845 3298 2901 etiam
3328 2845 3567 2915 sepultus
3588 2854 3672 2900 est
3700 2843 3765 2898 ad

2156 2947 2420 3011 sanetum
2468 2936 2817 2991 Laurentium
2866 2940 2917 2991 in
2950 2946 3158 3007 crypta,
3195 2937 3349 3006 juxta
3388 2950 3585 3006 eoran
3626 2936 3767 2991 beati

2175 3031 2333 3087 Sixti.
2362 3030 2434 3086 Et
2452 3031 2682 3087 cessavit
2706 3030 3045 3101 episcopatus
3069 3029 3185 3085 dies
3206 3030 3411 3086 decem.

2252 3221 2275 3258 ε
2314 3212 2457 3266 Idem
2486 3211 2636 3277 cod.,
2665 3218 2921 3275 ansatum,
2953 3212 3030 3265 vel
3057 3210 3227 3266 deest.

2250 3278 2279 3319 ιι
2317 3282 2457 3336 Idem
2492 3282 2613 3337 cod.
2645 3280 2795 3336 addit
2823 3282 3069 3351 singulas.

2254 3351 2270 3388 ί
2317 3353 2462 3407 Idem
2489 3352 2611 3407 cod.
2640 3352 2787 3406 addit
2810 3362 2859 3406 et
2888 3352 3035 3405 aliud
3064 3354 3156 3409 sub
3186 3369 3303 3407 mre.

2246 3424 2259 3471 i
2312 3423 2582 3489 Iuleodem
2598 3423 2717 3477 cod.
2739 3426 2889 3479 deest
2909 3424 2969 3477 S.
2993 3425 3287 3491 Laurentio,
3304 3432 3355 3477 et
3378 3422 3650 3492 sequentia
3678 3437 3767 3478 us-

2171 3510 2275 3564 que
2300 3495 2365 3548 ad
2394 3493 2739 3564 bibliothecas.

2211 3563 2445 3687 dklldem
2472 3564 2593 3619 cod.
2618 3607 2629 3632 ,
2660 3563 2789 3619 Item
2815 3567 3173 3620 monasterium
3197 3568 3331 3622 intra
3352 3566 3525 3619 urbem
3552 3566 3767 3619 Romani

2276 3648 2277 3653 ‘
2320 3652 2497 3687 unam.

2176 3648 2242 3685 aa
2274 3648 2497 3689 Lunam.

2252 3704 2273 3742 -ι
2320 3707 2464 3760 Idem
2489 3706 2611 3762 cod.
2631 3748 2647 3775 ,
2679 3722 2749 3762 v1.

1114 4014 1915 4311 EOPIS'TOLXE
2013 4112 2069 4231 Ι

2173 4110 2566 4234 ξΙλΑΒΙ
2664 4109 3143 4234 ΡΑΡᾸΕ.

1406 4374 2841 4411 -—-——-—-—.—-—-—-——-—-—-

1094 4566 1110 4596 ¹
1152 4564 1485 4624 EPISTOLA

492 4696 674 4743 mutu
710 4694 915 4736 DMCONI
952 4693 1134 4733 SACRE
1172 4690 1397 4732 ROMANI}
1438 4688 1733 4741 εεειεειιε,
1792 4690 1855 4727 ΕΤ
1892 4686 2078 4730 ελμςτι

566 4766 750 4810 ιεοαιδ
782 4765 929 4805 MPB
967 4764 1188 4813 LEGA'I‘I,
1230 4765 1295 4801 At)
1335 4762 1665 4802 ρυιαιειυηι
1706 4760 2003 4801 Αυῦυετιιι.

495 4847 574 4904 De
608 4832 878 4916 Ephesino
906 4841 1264 4966 conciliat;qu
1289 4882 1303 4906 ,
1352 4838 1672 4896 factionibus
1703 4838 1944 4895 Dioscori
1970 4880 1986 4905 ,
2024 4847 2077 4895 et

1164 4928 1267 4966 una
1298 4926 1413 4966 sua.

1164 4928 1267 4982 uga
1298 4926 1413 4966 sua.

444 4978 449 5019 i‘
499 5004 888 5091 Cloriosissimat
914 5015 961 5060 ct
984 4978 1230 5127 piissit‘ttta—z
1255 5002 1543 5058 Pulcher-ite
1568 5004 1809 5073 Augusta
1842 5001 2075 5057 Hilarius

1184 5091 1417 5127 mconus.

1184 5091 1417 5129 ιασοηαε.

577 5167 823 5224 Studium
853 5166 983 5221 mihi
1013 5165 1199 5232 fuisse,
1228 5174 1335 5221 etc.

570 5257 750 5329 (Hanc
794 5257 1079 5327 epistolam,
1122 5270 1236 5326 quis
1273 5267 1346 5311 est
1394 5253 1579 5310 XLVI
1622 5258 1756 5311 inter
1786 5254 2077 5324 Leoninas,

500 5351 807 5419 cxscriptam
858 5344 1075 5418 reperies
1134 5345 1450 5418 Patrologiaz
1496 5359 1680 5404 nostra:
1746 5360 1870 5405 tom.
1925 5348 1998 5404 L1
2013 5348 2080 5417 V,

504 5440 606 5498 sol.
632 5438 784 5512 857.)

570 5607 597 5635 ⁸
626 5596 754 5655 Cod.
786 5598 943 5665 an.,
976 5598 1105 5665 429,
1127 5600 1362 5671 quadam
1388 5616 1527 5672 quas.

571 5762 588 5792 ί
629 5762 880 5831 Epistolas
921 5761 1083 5817 Hilari
1125 5777 1275 5833 papa:
1320 5761 1526 5819 collatae
1568 5774 1690 5818 sunt
1737 5779 1856 5819 cum
1904 5765 2069 5819 tribus

501 5834 1051 5902 omnplaribusﬂuaa
1080 5834 1329 5901 epistolas
1356 5849 1541 5890 omnes
1572 5835 1914 5891 continebant
1945 5854 1954 5888 :
1984 5835 2067 5889 Pi-

2098 4569 2155 4631 D

2745 4570 3078 4629 EPISTOLA
3133 4576 3173 4631 1.

2258 4695 2434 4736 ιιιωῐιι
2486 4694 2635 4739 PAR!
2689 4702 2757 4739 ΔΙ)
2810 4702 3084 4744 EPISCOPOS
3129 4707 3590 4751 TARRACONENSIS.
3632 4672 3698 4752 III

2699 4770 2955 4814 εῑΝΟυΑιι
2996 4776 3261 4817 υεηιιετο.

2184 4866 2366 4923 Flavio
2401 4867 2650 4925 Basilisco
2674 4880 2724 4926 et
2747 4871 2798 4926 Η
2805 4874 3099 4998 auxerim
3126 4874 3247 4930 riris
3268 4876 3559 4957 clarissimis
3587 4894 3769 4935 consu-

2911 4962 2925 4997 ι
2964 4960 3039 4998 us.

2911 4960 3039 4999 wus.

2260 5167 2522 5234 Quantam
2560 5170 2878 5242 religiosus,
2926 5178 3112 5227 sancto
3139 5171 3342 5244 Spiritu
3374 5191 3769 5252 eongregante,

2190 5270 2485 5317 conventus
2528 5261 2794 5328 hortatur,
2835 5273 2892 5318 ut
2929 5273 2955 5300 α
2995 5279 3328 5335 quacunque
3365 5282 3465 5338 pro
3486 5268 3768 5338 disciplina

2190 5353 2552 5411 ecclesiastica
2578 5356 2884 5411 necessaria
2919 5367 3076 5425 sunt,
3123 5374 3249 5413 cura
3293 5360 3630 5431 diligentiore
3662 5374 3768 5419 tra-

2188 5458 2394 5506 ctemus
2425 5468 2439 5505 :
2468 5452 2515 5505 si
2564 5451 2756 5521 placet,
2780 5450 2991 5517 fratres,
3028 5466 3089 5508 ea
3121 5469 3238 5523 quae
3264 5452 3332 5510 ad
3367 5456 3761 5515 ordinationum

2176 5764 2738 5839 threano,_Arelatensi
2764 5776 2815 5820 et
2838 5766 3138 5839 Lirinensi;
3172 5780 3439 5839 postrema
3461 5772 3619 5826 etiam
3640 5788 3759 5831 cum

2175 5836 2292 5891 aliis
2315 5836 2541 5902 duobus,
2566 5852 2791 5903 quorum
2820 5838 3043 5893 alterum
3064 5836 3757 5910 Corbeiensismonasterii.
