4080 6350
501 428 566 481 i5
1013 412 1027 430 ”
1899 417 2099 476 HILAB

2205 419 2370 476 ἈΡιἘ
3727 417 3797 481 16

497 542 628 600 illud
656 540 994 614 privilegium
1023 536 1168 596 sedis
1211 545 1442 605 vestrm,
1487 549 1595 606 quo
1642 533 1907 606 susceptis
1937 536 2090 606 regni
2115 537 2425 607 Αεσνίριὶο.
2477 535 2732 594 Orantem
2775 550 2873 608 pro
2919 536 3076 593 nobis
3128 543 3373 592 sanctum
3435 537 3797 608 apostolatum

501 637 735 693 clavibus
784 644 908 705 post
952 630 1402 690 resurrectionem
1431 629 1755 696 Salvatoris,
1798 645 1894 700 per
1924 638 2094 686 totum

501 732 684 793 urbem
721 725 1018 784 beatissimi
1048 724 1190 780 Petri
1228 720 1515 793 singularis
1543 722 1851 793 praedicatio
1881 722 2096 777 univer-

501 838 678 876 serum
728 817 1109 875 illuminationi
1150 815 1425 884 prospexit
1458 832 1470 868 :
1499 815 1653 884 cujus
1677 813 1863 868 vicarii
1895 813 2095 883 princi-

500 924 654 981 patus
684 914 821 967 sicut
859 909 1081 972 eminet,
1129 908 1200 961 ita
1221 906 1544 963 metuendus
1586 915 1672 961 est
1720 906 1788 960 ab
1818 906 2090 974 omnibus,

501 1016 552 1063 ct
589 1005 868 1061 amandus.
901 1001 1133 1058 Proinde
1159 1016 1257 1056 nos
1288 1001 1454 1054 Deum
1488 1001 1539 1054 in
1571 1000 1726 1055 vobis
1758 999 1972 1069 penitus
2001 997 2098 1052 ad-

500 1108 736 1164 orantes,
765 1097 848 1151 cui
867 1095 982 1150 sine
1003 1092 1222 1162 querela
1245 1092 1477 1159 servitis,
1495 1091 1558 1147 ad
1591 1091 1749 1147 fidem
1769 1090 2099 1146 recurrimus

500 1191 798 1263 apostolico
835 1203 931 1243 ore
976 1187 1246 1244 laudatam
1271 1229 1289 1256 ,
1329 1186 1455 1242 inde
1482 1200 1744 1255 responsa
1771 1193 2092 1254 quaerentes,

499 1283 639 1341 unde
672 1283 802 1338 nihil
830 1297 1017 1338 errore
1039 1322 1054 1345 .
1100 1281 1233 1336 nihil
1261 1280 1681 1350 praesumptione
1706 1320 1721 1346 ,
1763 1279 1857 1335 sed
1885 1277 2100 1349 pontiﬁ-

498 1379 603 1433 cali
636 1384 803 1430 totum
836 1373 1229 1430 deliberatione
1254 1371 1582 1443 praecipitur.

469 1524 475 1527 -
509 1471 702 1548 “Cum
733 1493 847 1546 haec
877 1490 950 1546 ita
980 1504 1039 1546 se
1080 1489 1332 1553 habeant,
1375 1497 1459 1543 est
1487 1496 1665 1543 tamen
1698 1486 1838 1542 inter
1866 1499 1964 1540 nos
1995 1484 2100 1540 fal-

499 1599 592 1640 sus
622 1583 807 1648 frater,
841 1581 997 1653 cujus
1025 1579 1496 1650 praesumptionem
1527 1578 1666 1633 sicut
1692 1577 1893 1633 diutius
1925 1584 2102 1631 tacere

498 1691 607 1730 non
640 1674 806 1739 licuit,
841 1659 912 1728 ita
943 1684 998 1729 et
1021 1672 1167 1742 loqui
1193 1671 1352 1725 futuri
1380 1670 1566 1741 judicii
1607 1670 1901 1725 necessitas
1931 1669 2101 1737 impe-

496 1767 658 1822 ravit.
689 1766 937 1822 Silvanus
961 1764 1176 1833 quidam
1206 1764 1494 1833 episcopus
1521 1762 1800 1832 Calagura:
1830 1764 1885 1817 in
1915 1760 2102 1817 ultima

495 1869 655 1926 parte
681 1867 882 1912 nostras
912 1855 1200 1936 provincias
1226 1854 1570 1920 constitutus,
1603 1853 1962 1909 divinationes
1995 1853 2104 1928 [ον-

2200 641 2439 687 vestrum
2465 630 2578 702 jugi
2607 646 2724 687 aevo
2753 630 2933 686 divina
2959 640 3244 687 conservet
3268 631 3568 688 aeternitas.

2773 839 2789 869 ί
2826 834 3152 891 EPISTOLA

2255 967 2726 1009 TARRACONENSIUI
2767 965 3129 1006 EPISCOPORUK
3169 965 3236 1005 AD
3274 965 3506 1005 EILARUM
3549 967 3745 1006 ΡΔΡΔΙ.

2202 1067 2531 1134 Beatissimo,
2561 1075 2605 1120 et
2645 1065 2927 1137 apostolica
2956 1065 3238 1137 reverentia
3273 1081 3306 1116 a
3333 1064 3476 1137 nobis
3504 1064 3561 1137 in
3599 1063 3803 1137 Christo

2274 1139 2489 1194 colendo
2517 1132 3199 1209 ραρίεἨὶιανοεΑεεαηίιιδ
3239 1144 3289 1190 et
3327 1132 3549 1189 universi
3578 1135 3806 1206 episcopi

2276 1207 2679 1265 Tarraconensis
2709 1207 3004 1278 provinciis.

2273 1325 2444 1394 Quam
2479 1338 2662 1381 curam
2693 1323 3026 1392 apostolatus
3056 1329 3236 1378 vester
3281 1320 3352 1376 de
3399 1319 3803 1390 provinciarum

2205 1436 2424 1482 suarum
2477 1420 2850 1477 sacerdotibus
2879 1428 3050 1489 gerat,
3101 1418 3213 1473 filio
3239 1426 3422 1473 nostro
3451 1416 3646 1472 illustri
3675 1416 3808 1472 Vin-

2202 1517 2381 1573 centio
2412 1516 2702 1585 provinciae
2731 1521 2950 1580 nostras,
2993 1501 3263 1569 referente
3287 1512 3642 1583 cognovimus
3669 1529 3683 1565 ε
3712 1527 3806 1568 cu-

2198 1609 2289 1680 jus
2315 1609 2545 1678 impulsu
2574 1616 2757 1662 votum
2783 1616 3024 1662 nostrum
3054 1606 3106 1660 in
3128 1618 3317 1661 ausum
3341 1604 3610 1660 scribendi
3634 1619 3806 1672 prona

2203 1701 2490 1758 dev0tione
2536 1699 2788 1754 surrexit.
2822 1698 2965 1769 Ergo
3013 1695 3326 1766 provinciali
3378 1695 3644 1750 litterario
3687 1710 3806 1751 ser-

2205 1806 2365 1847 mone
2395 1790 2572 1846 debita
2603 1803 2821 1844 coronae
2852 1796 3048 1843 vestra:
3072 1787 3327 1856 obsequia
3355 1785 3684 1851 deferentes,
3717 1785 3804 1845 his

2206 1897 2534 1955 quzesumus,
2569 1891 2627 1937 ut
2654 1880 2987 1950 dignatione,
3015 1894 3115 1949 qua
3145 1887 3392 1948 caeteros,
3439 1877 3603 1933 etiam
3629 1875 3806 1933 humi.

499 1949 826 2021 δίπαίίοηω]
894 1942 997 2004 Sibi
1044 1937 1314 2004 indebitas
1356 1945 1695 2017 υδυτνθηδθν
1747 1947 2099 2002 humilimem
2130 1930 2180 1992 Β
2209 1930 2412 2030 ὖιειιειη
2444 1930 2682 2030 nostram
2711 1930 2766 2027 in
2809 1930 3144 2027 orationibus
3169 1930 3451 2027 vestrisin
3496 1978 3676 2026 mente
3704 1969 3806 2026 ba-

435 2059 437 2061 ‘
496 2057 740 2103 nostram
770 2046 838 2100 ad
870 2045 973 2100 hoc
1003 2059 1173 2114 usque
1201 2043 1494 2113 perduxit,
1534 2050 1594 2096 ut
1620 2052 1807 2098 contra
1855 2041 1974 2111 ejus
2003 2055 2101 2096 va-

497 2141 779 2195 nissimam
809 2138 1246 2209 superstitionem
1275 2135 1420 2191 sedis
1445 2142 1640 2191 vestra:
1670 2135 1886 2190 unicum
1920 2149 2102 2190 reme-

495 2231 647 2286 dium
679 2232 1004 2301 ﬂagitemus.
1055 2229 1153 2284 llic
1204 2243 1435 2298 namque
1458 2227 1572 2297 jam
1617 2238 1746 2282 ante
1776 2238 1982 2294 septem
2011 2236 2103 2282 aut

498 2330 624 2377 octo
654 2322 882 2391 amplius
925 2334 1128 2386 annos,
1163 2328 1494 2389 postponens
1527 2317 1742 2371 Patrum
1781 2317 2016 2386 regulas,
2049 2325 2104 2372 et

499 2425 676 2470 vestra
726 2413 966 2469 instituta
997 2413 1324 2482 deSpiciens,
1358 2410 1519 2465 nullis
1547 2411 1851 2480 petentibus
1886 2410 2102 2480 populis

495 2510 808 2579 episcopum
857 2506 1132 2561 ordinavit
1190 2522 1204 2558 :
1249 2505 1403 2574 cujus
1449 2517 1849 2574 praeproperum
1906 2502 2101 2558 factum

497 2601 874 2658 existimantes
922 2600 1157 2654 fraterna
1208 2608 1262 2652 ct
1294 2596 1514 2666 pacifica
1545 2611 1702 2666 posse
1734 2594 2103 2651 admonitione

495 2694 702 2764 sanari,
739 2692 967 2764 profecit
998 2695 1050 2747 in
1081 2691 1254 2762 pejus.
1288 2686 1530 2761 Denique
1559 2700 1747 2746 contra
1777 2699 2102 2746 vetustatem

497 2803 768 2843 canonum
797 2829 810 2851 ,
860 2796 1046 2840 contra
1077 2784 1268 2855 synodi
1316 2781 1627 2850 constituta,
1661 2782 1884 2837 alterius
1922 2782 2103 2837 fratris

496 2881 666 2937 nostri
694 2879 1085 2951 presbyterum,
1110 2877 1299 2947 Spiritu
1324 2885 1530 2931 tantum
1556 2876 1985 2946 prtcsnmptionis
2013 2889 2103 2930 ac-

499 2986 695 3027 census
720 3013 733 3033 ,
768 2971 819 3024 in
852 2970 1039 3025 eodem
1072 2969 1211 3033 loco,
1243 2969 1332 3039 qui
1362 2968 1438 3023 illi
1471 2969 1645 3023 fuerat
1673 2968 1987 3035 destinatus,
2016 2968 2102 3024 cui

495 3063 667 3119 invito
695 3071 749 3118 et
778 3061 1095 3130 repugnanti
1126 3061 1460 3130 imposuerat
1488 3075 1699 3125 manus,
1725 3069 1778 3114 et
1803 3060 1893 3130 qui
1916 3070 2103 3115 nostro

497 3157 608 3228 jam
648 3154 812 3211 cmtui
859 3152 1034 3208 fuerat
1084 3161 1401 3222 aggregatus
1434 3152 1746 3221 episcopum
1782 3153 1922 3207 fecit.
1969 3153 2105 3210 Ilinc

495 3236 696 3305 factum
727 3256 838 3316 est,
881 3257 938 3300 ut
967 3247 1033 3300 de
1063 3245 1178 3316 ejus
1219 3244 1517 3299 miserrima
1549 3245 1849 3299 temeritate
1895 3245 1959 3298 ad
2002 3259 2101 3301 nos

496 3341 990 3407 Caesaraugustance
1007 3337 1153 3391 urbis
1171 3334 1455 3404 episcopus
1473 3335 1637 3389 frater
1650 3346 1834 3390 noster
1853 3335 2097 3404 referret,

493 3432 650 3503 cujus
682 3430 954 3501 diligentia
985 3439 1038 3484 et
1064 3428 1369 3485 sollicitudo
1412 3428 1700 3483 admodum
1730 3439 2102 3498 prospexerat,

494 3526 542 3580 si
574 3525 626 3578 in
670 3523 847 3593 aliquo
892 3522 1204 3593 profuisset.
1247 3520 1520 3590 Siquidem
1569 3521 1777 3576 cunctis
1807 3520 1861 3575 in
1907 3521 2100 3576 vicinia

493 3615 685 3688 positis
713 3615 999 3686 episcopis,
1021 3629 1089 3670 ne
1113 3629 1172 3668 se
1198 3613 1540 3667 scl'iismatico
1570 3613 1942 3683 adjungerent,
1989 3613 2101 3670 fre-

493 3708 848 3778 quentissime
890 3706 1212 3761 contradixit
1245 3723 1257 3758 :
1297 3705 1390 3759 sed
1421 3705 1784 3760 obstinatione
1811 3706 2100 3762 damnabili

497 3805 691 3865 totum,
735 3799 877 3870 quod
919 3807 1035 3853 erat
1068 3798 1330 3864 illicitum,
1373 3807 1428 3852 et
1461 3798 1602 3868 quod
1631 3799 1786 3854 nobis
1818 3799 1990 3870 pudor
2019 3808 2102 3856 est

494 3895 678 3951 dicere
703 3935 718 3960 ,
759 3911 868 3949 non
897 3893 1113 3949 erubuit
1135 3893 1284 3949 solus
1313 3892 1404 3948 ille
1433 3893 1792 3950 committere.

572 4007 807 4063 Proinde
843 4007 967 4078 quia
999 4007 1082 4063 his
1113 4006 1656 4078 praesumptionibus,
1687 4021 1808 4078 quae
1837 4009 2096 4064 unitatem

495 4099 762 4164 dividunt,
793 4115 914 4169 qua:
958 4099 1192 4155 schisma
1240 4099 1440 4154 faciunt
1469 4141 1484 4165 ,
1533 4100 1791 4155 velociter
1821 4099 1980 4155 debet
2009 4115 2100 4155 oc-

495 4193 640 4246 curri
670 4210 681 4244 :
711 4205 1017 4260 qumsumus
1047 4191 1231 4245 sedem
1261 4203 1525 4257 vestram,
1560 4202 1616 4244 ut
1645 4193 1774 4260 quid
1803 4206 1966 4258 super
1998 4193 2098 4244 hac

497 4292 650 4352 parte
678 4283 968 4337 observare
993 4282 1203 4345 velitis,
1237 4281 1546 4349 apostolicis
1577 4281 1824 4337 affatibus
1860 4281 2098 4335 instrua-

497 4391 620 4432 mur
657 4394 669 4429 :
711 4385 974 4446 quatenus
1002 4373 1336 4428 fraternitate
1366 4373 1589 4428 collecta
1616 4391 1628 4426 :
1655 4373 1878 4442 prolatis
1908 4374 1958 4427 in
1987 4388 2099 4428 me-

497 4469 644 4522 dium
668 4467 985 4522 veneranda:
1011 4465 1200 4537 synodi
1226 4465 1553 4530 constitutis,
1577 4474 1761 4520 contra
1788 4464 2099 4521 rebellionis

499 4561 744 4630 spiritum
791 4569 970 4616 vestra
1015 4558 1339 4615 auctoritate
1387 4558 1638 4627 subnixi,
1692 4558 1819 4626 quid
1851 4565 2097 4626 oporteat

497 4655 565 4708 de
591 4654 901 4708 ordinatore
930 4661 984 4708 et
1028 4652 1094 4707 de
1123 4651 1372 4706 ordinato
1423 4649 1542 4720 fieri
1567 4690 1581 4716 ,
1627 4650 1948 4720 intelligere,
1984 4651 2096 4705 Deo
2123 4691 2174 4751 Β

499 4746 803 4814 ndjuvante,
825 4745 1118 4813 possimus.
1148 4743 1260 4798 Erit
1287 4744 1529 4813 profecto
1560 4751 1739 4798 vester
1770 4744 2092 4814 triumphus,

497 4841 540 4894 si
587 4837 918 4906 apostolatus
949 4838 1110 4892 vestri
1155 4835 1518 4906 temporibus,
1562 4836 1700 4908 quod
1749 4837 1918 4893 sancti
1947 4837 2094 4893 Petri

498 4930 752 4986 cathedra
803 4929 1027 4993 obtinet,
1074 4927 1340 4983 catholica
1385 4929 1569 4984 audiat
1616 4928 1877 4998 Ecclesia,
1920 4930 1965 4984 si
1997 4945 2094 4985 no-

499 5022 637 5076 vella
686 5021 1009 5076 zizaniorum
1040 5019 1246 5076 semina
1287 5020 1483 5077 fuerint
1522 5022 1842 5092 exstirpata.
1875 5022 1943 5076 Et
1972 5023 2091 5078 sub-

501 5246 816 5305 Sirmondus
850 5264 862 5298 :
901 5252 1227 5316 postremam
1271 5245 1433 5316 etiam
1475 5258 1597 5316 cum
1639 5243 1758 5298 aliis
1787 5245 2016 5302 duobus.
2049 5247 2088 5303 li

501 5328 627 5374 sunt
657 5314 999 5372 Pithmaneus
1025 5359 1038 5383 ,
1085 5315 1231 5369 Arel.
1255 5355 1269 5377 ,
1312 5314 1479 5369 Lirin.
1503 5357 1517 5380 ,
1547 5315 1731 5378 Corb.,
1769 5317 1921 5372 Rem.
1958 5318 2092 5373 Har-

502 5391 697 5444 duinns
745 5389 905 5442 etiam
961 5402 1082 5442 cum
1142 5386 1463 5441 collectione
1512 5387 1752 5458 Dionysii
1801 5403 1900 5444 ms.
1949 5389 2090 5445 unde

500 5460 898 5518 emendatiores
927 5460 1136 5511 damus.

579 5535 594 5564 ³
619 5532 765 5586 lianc
792 5530 1070 5599 epistolam
1101 5531 1261 5653 (Squa:
1306 5528 1498 5597 prioris
1522 5528 1837 5596 jamdudum
1871 5531 2090 5600 scripta:

579 5604 831 5653 ultionem
877 5599 1023 5653 facit.
1067 5614 1094 5652 a
1138 5613 1309 5653 eouue
1355 5610 1595 5653 tempore
1643 5601 1908 5653 posterior
1935 5612 2017 5653 est
2050 5607 2086 5653 l.

503 5604 831 5658 mentionem
877 5599 1023 5666 facit,
1067 5599 1309 5667 adeoque
1355 5610 1595 5667 tempore
1643 5601 1908 5669 posterior
1935 5599 2017 5656 est
2048 5607 2087 5667 ),

502 5676 669 5741 priori
701 5675 775 5729 illi
797 5672 839 5726 Τ
844 5669 1277 5726 arraconcnsium
1305 5671 1578 5738 postposui
1603 5671 1704 5725 hoc
1733 5671 1852 5727 loco
1873 5689 1885 5723 :
1907 5673 2089 5740 putavi

504 5747 645 5799 enim
677 5746 876 5812 gratius
905 5743 1018 5797 fore
1045 5742 1107 5795 ad
1139 5743 1415 5797 veritatem
1446 5743 1521 5795 rei
1553 5753 1714 5810 gesta:
1746 5741 1948 5796 facilius
1975 5759 2091 5806 pcr-

503 5817 852 5883 spiciomlatn,
879 5815 941 5877 si,
967 5829 1083 5884 qua:
1107 5813 1252 5881 prius
1281 5823 1393 5866 acta
1425 5820 1568 5884 sunt,
1598 5815 1770 5877 priore
1803 5814 1918 5867 loco
1941 5829 2091 5867 enar~

503 5897 689 5944 rentur
717 5897 768 5942 et
797 5883 1148 5942 collocentur.
1171 5884 1224 5940 ln
1255 5884 1481 5940 concilio
1506 5883 1745 5940 Romano
1778 5885 1889 5940 inec
1916 5887 2112 5968 primo.

2204 2068 2333 2122 bere
2361 2067 2686 2138 dignemini,
2727 2064 3038 2121 beatissime
3069 2073 3122 2120 et
3160 2063 3456 2134 apostolica
3494 2065 3805 2121 reverentia

2205 2161 2259 2215 in
2286 2160 2502 2214 Christo
2529 2176 2556 2215 a
2582 2160 2737 2214 nobis
2766 2158 2992 2215 colende
3021 2166 3204 2230 pater:
3231 2157 3364 2212 illud
3391 2159 3678 2228 specialius
3704 2158 3807 2215 de-

2205 2261 2485 2323 precantes
2514 2294 2528 2317 ,
2577 2262 2636 2306 ut
2664 2253 2860 2306 factum
2893 2261 3159 2317 nostrum,
3193 2250 3339 2320 quod
3369 2261 3475 2306 tam
3510 2261 3637 2306 voto
3667 2265 3808 2322 pene

2205 2346 2382 2399 omnis
2411 2344 2698 2414 provinciae
2724 2387 2738 2412 ,
2773 2359 2932 2414 quam
2963 2343 3214 2412 exemplo
3243 2344 3529 2398 vetustatis
3561 2345 3612 2398 in
3662 2345 3808 2401 noti-

2204 2437 2334 2491 tiam
2367 2447 2599 2492 vestram
2639 2435 2902 2503 defertur,
2951 2435 3233 2505 perpensis
3279 2435 3668 2491 assertionibus
3708 2451 3807 2494 no-

2203 2532 2348 2595 stris,
2375 2532 2630 2586 roborare
2659 2528 2971 2598 dignemini.
2997 2529 3296 2599 Episcopus
3329 2530 3805 2588 Barcinonensium

2205 2625 2438 2679 civitatis
2467 2631 2685 2678 sanctus
2715 2622 3078 2678 Nundinarius
3109 2631 3310 2678 sortem
3351 2621 3584 2690 explevit
3617 2623 3807 2679 condi-

2207 2717 2369 2786 tionis
2400 2717 2670 2771 humanae.
2703 2714 2798 2770 llic
2823 2715 3078 2785 episcopo
3107 2714 3401 2770 venerabili
3430 2714 3580 2769 fratri
3613 2726 3802 2771 nostro

2205 2809 2432 2874 lrenazo,
2463 2825 2622 2878 quem
2655 2808 2770 2877 ipse
2797 2817 2954 2862 antea
2979 2807 3032 2862 in
3063 2807 3282 2863 dioecesi
3310 2821 3409 2862 sua
3434 2807 3591 2864 nobis
3617 2808 3805 2864 volen~

2208 2905 2349 2960 tibus
2374 2904 2747 2968 constituerat,
2781 2903 3163 2973 derelinquens
3191 2903 3238 2956 ei
3261 2943 3275 2966 ,
3326 2900 3470 2972 quod
3503 2902 3676 2971 potuit
3704 2905 3804 2957 ba-

2207 2981 2336 3053 bere
2358 3006 2649 3066 paupertas
2675 3038 2689 3062 ,
2723 3010 2989 3063 supremae
3030 2993 3321 3049 voluntatis
3360 2994 3606 3063 arbitrio,
3638 2995 3693 3050 in
3724 2998 3803 3052 lo-

2207 3107 2327 3148 cum
2359 3107 2512 3146 suum
2545 3100 2603 3145 ut
2635 3089 3072 3156 substitueretur,
3123 3087 3326 3159 optavit
3369 3105 3381 3142 :
3427 3088 3522 3145 sed
3566 3089 3804 3149 defuncti

2203 3184 2463 3254 judicium
2513 3184 2565 3237 in
2623 3182 2740 3253 ejus
2785 3181 3038 3236 meritum
3089 3196 3195 3236 non
3245 3181 3479 3237 vacillat.
3527 3179 3801 3252 Siquidem

2207 3277 2383 3331 omnis
2409 3275 2586 3330 clerus
2617 3283 2672 3329 et
2700 3274 2852 3342 plebs
2879 3272 3119 3344 ejusdem
3147 3272 3380 3328 civitatis
3405 3314 3421 3339 ,
3449 3282 3506 3329 et
3534 3273 3722 3344 optimi
3748 3284 3804 3331 et

2207 3368 2420 3439 plurimi
2454 3366 2831 3436 provinciales,
2855 3376 2914 3421 ut
2947 3366 3084 3422 idem
3112 3365 3230 3436 ejus
3256 3366 3433 3422 locum
3464 3368 3799 3435 observaret,

2206 3476 2235 3515 a
2269 3461 2422 3516 nobis
2451 3468 2809 3529 speravcrunt
2830 3502 2844 3526 ,
2877 3458 3003 3513 dato
3033 3473 3320 3514 consensu.
3365 3459 3474 3513 Nos
3503 3458 3802 3529 cogitantes

2207 3554 2442 3608 defuncti
2471 3554 2752 3623 judicium,
2777 3561 2832 3608 et
2859 3552 3148 3622 probantes
3173 3551 3292 3622 ejus
3318 3552 3502 3617 vitam,
3529 3561 3587 3608 et
3611 3568 3802 3610 eorum

2206 3647 2539 3701 nobilitatem
2579 3655 2739 3715 atque
2770 3644 3184 3710 multitudinem,
3214 3643 3304 3714 qui
3335 3645 3609 3714 petebant,
3641 3645 3802 3702 simul

2204 3747 2257 3792 et
2287 3737 2571 3792 utilitatem
2604 3735 2858 3791 Ecclesia:
2881 3745 3214 3798 memoratze,
3237 3736 3497 3805 optimum
3521 3735 3800 3803 duximus.

2205 3838 2261 3884 ut
2304 3836 2451 3884 tanto
2499 3828 2809 3893 sacerdoti,
2863 3827 2952 3896 qui
2982 3827 3048 3882 ad
3092 3827 3272 3882 divina
3317 3828 3662 3899 migraverat,
3691 3845 3800 3886 non

2203 3921 2424 3975 minoris
2473 3919 2651 3976 meriti
2715 3920 3129 3973 substitueretur
3180 3918 3447 3984 antistes,
3501 3922 3800 3988 praesertim

2202 4027 2322 4066 cum
2354 4010 2592 4066 Ecclesia
2622 4010 2765 4065 illius
2804 4009 3114 4079 municipii,
3149 4009 3204 4063 in
3231 4023 3332 4079 qua
3357 4019 3482 4064 ante
3510 4010 3687 4067 fuerat
3712 4027 3801 4068 or-

2201 4105 2437 4168 dinatus,
2471 4118 2688 4173 semper
2719 4101 2876 4170 hujus
2906 4100 3140 4156 civitatis
3173 4101 3430 4156 Ecclesia:
3459 4101 3626 4158 fuisse
3665 4104 3803 4162 dios-

2202 4199 2340 4251 cesis
2366 4204 2594 4249 constet.
2623 4196 2764 4263 Ergo
2790 4193 3107 4262 snppliciter
3130 4207 3410 4262 precantur
3434 4195 3797 4263 apostolatum

2202 4297 2461 4353 vestrum,
2493 4295 2551 4343 ut
2579 4287 2896 4342 humilitatis
2925 4295 3128 4342 nostra:
3153 4286 3425 4342 decretum
3443 4329 3459 4354 ,
3487 4290 3629 4359 quod
3657 4291 3804 4361 juste

2201 4398 2230 4437 a
2264 4381 2418 4436 nobis
2444 4380 2654 4435 videtur
2696 4378 2927 4448 factum,
2977 4388 3153 4435 vestra
3184 4381 3501 4436 auctoritate
3547 4382 3798 4442 firmatis.

2201 4474 2524 4530 Jamdudum
2571 4489 2702 4529 sane
2749 4474 2926 4541 questi
2975 4473 3250 4528 fueramus
3279 4472 3472 4528 litteris
3503 4477 3704 4533 nostris
3731 4480 3801 4536 de

2201 4566 2620 4636 praesumptione
2668 4563 2875 4619 Silvani
2905 4563 3142 4633 episc0pi
3181 4581 3193 4616 :
3233 4574 3288 4619 et
3328 4565 3609 4635 miramur,
3657 4571 3802 4638 quod

2203 4661 2348 4715 nulla
2393 4660 2729 4728 apostolatus
2758 4658 2927 4714 vestri
2956 4672 3216 4728 responsa
3246 4661 3601 4729 suscepimus.
3648 4661 3802 4719 Nunc

2202 4751 2318 4807 haec
2343 4751 2531 4806 eadem
2565 4760 2935 4821 suggerentes,
2971 4751 3224 4820 petimus,
3256 4760 3316 4805 ut
3354 4752 3483 4821 quid
3516 4768 3678 4822 super
3717 4754 3802 4810 his

2201 4843 2363 4899 rebus
2389 4842 2785 4898 observandum
2816 4843 2927 4907 sit,
2975 4841 3286 4912 apostolicis
3328 4844 3671 4900 sermonibus
3700 4860 3800 4902 nos

2197 4936 2490 5002 dignemini
2515 4936 2827 4990 informare.
2854 4932 2923 4988 Et
2946 4949 3012 4988 ne
3041 4933 3266 4989 forsitan
3295 4948 3394 5005 per
3422 4935 3801 5006 negligentiam

2197 5028 2514 5098 portitoris,
2547 5036 2639 5082 aut
2684 5041 2780 5097 per
2828 5025 3102 5098 longinqui
3149 5025 3358 5083 itineris
3404 5028 3800 5096 difficultatem,

2198 5249 2318 5305 loco
2335 5248 2579 5310 recitata,
2594 5247 2768 5316 primo
2781 5245 2971 5301 ordine
2987 5246 3181 5302 merito
3201 5247 3456 5304 collocata
3477 5250 3590 5304 fuit.
3605 5249 3801 5307 Accla-

2198 5322 2463 5375 mationes
2486 5320 2856 5390 episcoporum
2883 5317 3099 5390 lectioni
3118 5319 3276 5390 hujus
3295 5319 3538 5390 epistolae
3564 5321 3802 5390 interpo-

2197 5391 2328 5446 sitas
2352 5390 2488 5445 infra
2510 5388 2913 5459 designabimus
2935 5389 2986 5442 in
3012 5389 3268 5454 prtedicto
3288 5388 3516 5445 cencilio
3529 5388 3796 5452 Romano.

2199 5464 2496 5516 Memorato
2522 5463 2682 5529 digna
2702 5461 2807 5516 duo
2833 5461 3092 5516 continet.
3130 5461 3324 5527 Unum,
3348 5462 3488 5531 quod
3516 5462 3581 5516 ad
3609 5462 3800 5520 Roma-

2201 5549 2325 5587 nam
2358 5534 2540 5588 sedem
2571 5541 2775 5586 tantum
2807 5534 3072 5601 pertineat
3116 5532 3428 5604 dispensare
3478 5532 3530 5588 in
3563 5533 3649 5600 iis,
3679 5551 3801 5604 qua:

2200 5615 2388 5659 contra
2441 5619 2677 5659 canones
2729 5612 3052 5671 praesumpta
3105 5615 3230 5657 sunt
3276 5621 3286 5654 :
3331 5603 3605 5671 alterum,
3653 5603 3797 5674 quod

2203 5676 2402 5729 nullius
2429 5675 2642 5732 concilii
2676 5674 3024 5744 provincialis
3067 5683 3210 5728 tanta
3262 5684 3344 5729 est
3391 5678 3710 5741 auctoritas,
3744 5686 3804 5737 ut

2203 5746 2505 5870 iljiconsulta
2534 5747 2662 5803 sede
2689 5745 2982 5816 apostolica
3015 5745 3064 5800 id
3098 5755 3355 5815 praestare
3386 5748 3637 5816 potuerit.
3667 5750 3796 5806 Ssv.

2250 5833 2402 5870 μιυε.

2250 5833 2402 5873 μιυδ.
