4080 6350
485 253 548 348 ii,
1871 279 2098 342 HILARI
2138 285 2337 342 nam
3679 249 3752 339 96

485 416 687 453 uxorem
718 399 961 466 accipiat,
998 413 1094 449 non
1129 396 1346 457 arduam,
1387 409 1485 447 non
1519 394 1837 460 repudiatam
1881 395 2062 463 (Lerit.
2096 397 2146 458 Α
2175 405 2227 450 et
2256 397 2374 449 cod.
2416 396 2768 466 Just.]‘p‘ravi
2803 397 3050 453 desiderii
3085 398 3397 466 postulasse,
3446 395 3747 450 adhibendo

482 507 600 555 xxi;
626 489 815 543 Ezeclt.
847 489 989 557 xm)
1019 506 1028 540 :
1057 487 1347 543 secundum
1370 485 1508 555 quod
1535 487 1693 540 etiam
1720 488 1904 540 beatus
1930 501 2060 556 apo-
2172 487 2221 540 in
2242 488 2583 555 epistularum
2609 489 3099 556 prommio'concilii
3122 490 3474 544 mentionem:
3499 498 3748 558 tanquam

481 581 646 635 stolus
673 580 886 642 Paulus,
918 580 1168 647 magister
1195 575 1462 647 gentium,
1496 575 1562 632 de
1592 577 1674 632 his
1707 579 1792 648 qui
1825 580 1939 634 fieri
1966 579 2061 635 de-
2166 579 2337 646 culpae
2375 579 2737 634 minuerentur
2781 597 3037 636 excessus
3079 597 3170 650 per
3215 581 3604 634 multitudinem
3645 581 3745 632 im-

482 669 719 726 siderant
748 672 1076 734 sacerdotes,
1113 670 1324 738 prepria
1358 670 1690 726 institutione
1735 687 1839 725 non
1871 673 2055 738 tacuit,
2167 672 2457 738 peritorum
2515 673 2898 744 [impetitorum.
2955 671 3114 726 Forte
3165 670 3477 742 petitorum],
3537 686 3658 724 cum
3705 669 3750 723 si

481 760 663 816 dicens
698 780 711 813 :
753 759 913 815 Unius
953 762 1128 815 uxoris
1154 765 1314 814 virum
1348 759 1396 832 (ι
1421 758 1555 814 Tim.
1588 761 1692 832 ιιι).
1734 761 1897 832 Cujus
1930 776 2060 819 sane
2163 761 2322 814 etiam
2401 763 2501 816 sub
2561 764 2947 833 signiﬁcatione
3015 763 3512 836 [subsignationem]
3584 779 3749 817 unus-

481 863 667 908 tcnore
713 849 989 909 sententia:
1038 855 1109 907 ita
1141 853 1412 907 informati
1459 869 1576 908 csse
1603 855 1827 916 debetis,
1866 856 2059 911 fratres
2164 854 2384 921 Quisque
2417 854 2496 906 sui
2530 856 2756 908 nominis
2787 865 2962 909 tecum
2990 857 3188 925 pariter
3214 856 3503 920 retulisset,
3531 864 3584 909 et
3618 854 3749 908 sub-

479 946 742 1000 earissimi
769 985 784 1011 ,
839 956 893 999 ut
936 946 1075 999 inter
1121 956 1311 998 caetera
1344 961 1462 1014 quae
1504 947 1736 999 cavenda
1766 955 1908 1011 sunt,
1945 946 2059 1002 haec
2163 948 2483 1012 scriptiones
2507 949 2746 1014 preprias
2787 948 2953 1001 factas
2993 947 3227 1018 [fratres]
3257 948 3480 1016 singulis
3511 961 3754 1000 commo-

479 1036 734 1091 studeatis
765 1038 1033 1106 pracipue
1065 1044 1090 1071 ει
1116 1036 1408 1100 custodire,
1439 1052 1554 1105 qua:
1585 1038 1905 1105 CugnDSCiliS
1934 1049 2058 1094 ante
2162 1037 2381 1088 (lassent
2425 1034 2922 1107 [commendassem],
2976 1038 3323 1092 dilectionem
3377 1047 3552 1091 tamen
3608 1045 3750 1090 tuam

479 1131 725 1184 universa
774 1129 1036 1183 mandari.
1089 1127 1146 1181 lu
1198 1129 1388 1197 quibus
1421 1130 1579 1183 etiam
1625 1130 2056 1198 prOSpiciendum
2165 1125 2260 1188 rei,
2295 1123 2360 1178 de
2399 1137 2497 1193 qua
2546 1124 2697 1197 [quae]
2748 1127 3010 1196 displicet,
3057 1143 3264 1183 summa
3310 1128 3598 1197 tangebat.:
3629 1130 3752 1198 quia

479 1221 928 1292 [perspiciendum]
959 1229 1061 1284 est,
1093 1235 1162 1274 ne
1191 1219 1297 1274 duo
1328 1220 1484 1274 simul
1516 1221 1621 1273 sint
1651 1220 1702 1274 in
1730 1237 1831 1274 una
1878 1222 2059 1276 Eccle-
2163 1230 2260 1282 pro
2293 1216 2406 1268 loco
2437 1225 2488 1270 et
2524 1217 2724 1270 honore
2753 1218 2845 1271 tibi
2874 1219 3073 1285 debito,
3109 1221 3288 1274 caeteri
3320 1221 3629 1274 sacerdotes
3655 1219 3753 1272 do-

477 1313 554 1366 sia
601 1311 908 1366 sacerdotes
947 1330 958 1362 ;
1002 1321 1101 1366 nec
1127 1312 1425 1366 litterarum
1457 1312 1670 1382 ignarus
1698 1355 1710 1377 ,
1741 1323 1832 1366 aut
1867 1327 2056 1368 carens
2163 1307 2314 1358 cendi
2352 1306 2584 1372 fuerant,
2617 1324 2721 1361 non
2749 1311 3024 1377 sequendi.
3057 1309 3206 1364 Unde
3233 1311 3370 1365 sicut
3393 1312 3444 1364 in
3485 1311 3751 1381 generali-

477 1403 655 1473 aliqua
683 1413 834 1472 parte
862 1405 1250 1472 membrorum,
1285 1406 1364 1459 vel
1395 1407 1553 1460 etiam
1587 1423 1648 1461 ex
1677 1405 2058 1476 pmnitenti‘ous
2163 1396 2260 1450 bus
2286 1397 2474 1453 ίίιιθτίε
2505 1399 2762 1466 ίηάίεθνίν
2798 1403 3028 1456 Ιτθηωυε
3057 1403 3122 1456 ad
3150 1406 3417 1472 Propriam
3449 1414 3751 1458 Γενθτῑθιυι·

478 1491 834 1565 [expanitens]
866 1495 1058 1563 aliquis
1087 1496 1153 1548 ad
1184 1510 1390 1549 sacrum
1435 1498 1788 1551 ministerium
1837 1511 2058 1566 prorsus
2165 1487 2476 1557 Εοοιθείδηι,
2522 1501 2575 1544 ει
2628 1492 3108 1548 Βθΐείηοηθηείυυε
3163 1495 3228 1548 de
3280 1510 3378 1548 SUO
3429 1496 3574 1550 οῘθΓο
3629 1513 3750 1564 [πο-

477 1584 686 1638 sinatur
714 1584 992 1658 accedere.
1043 1586 1151 1641 Nec
1179 1595 1381 1640 tantum
1414 1590 1611 1657 putetis
1655 1589 1935 1658 petitiones
1965 1604 2058 1642 va.
2165 1582 2305 1637 tinus
2350 1595 2691 1638 consecretur
2735 1586 2977 1655 antistes,
3019 1586 3106 1640 cui
3138 1595 3315 1641 tamen
3354 1597 3550 1642 statuta
3582 1605 3748 1643 cano-

476 1675 590 1731 lere
617 1648 962 1747 papulordm,
1007 1687 1062 1732 ut
1090 1694 1208 1733 cum
1240 1681 1320 1732 his
1350 1648 1542 1748 parere
1572 1648 1781 1750 cupitis,
1811 1683 2055 1735 volunta-
2165 1685 2366 1730 num'et
2399 1677 2687 1744 apostolica
2731 1687 2991 1748 praecepta
3023 1679 3371 1734 concordent.
3422 1681 3485 1734 Et
3535 1676 3656 1735 licet
3689 1680 3743 1734 hi

477 1778 580 1824 lem
610 1769 706 1825 Dei
733 1773 923 1837 nostri,
951 1774 1040 1841 qui
1074 1788 1172 1827 nos
1201 1787 1425 1842 peccare
1450 1773 1728 1842 prohibet,
1771 1775 2051 1830 deseratis.
2084 1761 2135 1826 Β
2162 1769 2250 1836 qui
2281 1775 2474 1837 przctcr
2505 1770 2747 1823 notitiam
2775 1778 2932 1840 atque
2961 1786 3279 1825 consensum
3311 1780 3416 1826 tuae
3447 1771 3740 1828 dilectionis

477 1862 638 1930 Cujus
687 1864 983 1934 indignatio
1030 1882 1096 1920 ex
1143 1867 1245 1922 hoc
1273 1870 1486 1937 gravius
1517 1879 1906 1934 commovetur,
1939 1871 2062 1940 quia
2169 1860 2398 1915 ordinati
2429 1872 2552 1915 sunt
2587 1862 2916 1926 sacerdotes,
2946 1878 3065 1918 eum
3105 1865 3214 1919 suis
3243 1863 3529 1920 debuerint
3567 1875 3750 1919 aucto-

478 1953 778 2022 benignitas
807 1957 922 2025 ejus
945 1997 960 2022 ,
1014 1958 1139 2012 dum
1175 1963 1306 2013 nunt
1333 1959 1517 2013 inicita
1563 1973 1660 2029 per
1686 1974 1780 2016 eos
1822 1963 1910 2032 qui
1941 1970 2065 2015 sunt
2167 1952 2314 2006 rilms
2344 1954 2646 2009 submoveri
2678 1972 2691 2008 :
2734 1971 2799 2009 ne
2821 1955 2944 2024 quid
2976 1966 3149 2010 tamen
3182 1958 3232 2010 in
3259 1966 3402 2012 tanta
3432 1961 3750 2015 necessitate

478 2048 800 2117 interpretes
831 2052 1164 2120 placationis,
1205 2052 1511 2106 offenditur.
2167 2042 2516 2098 decernamus
2546 2054 2840 2134 auste‘rum,
2859 2061 2952 2100 eos
2980 2049 3067 2116 qui
3091 2048 3323 2116 episcopi
3356 2047 3478 2103 facti
3508 2058 3653 2114 sunt,
3675 2052 3747 2102 ita

1236 2145 1298 2199 ν,
1984 2130 1987 2134 ’
2165 2133 2411 2188 volumus
2444 2130 2776 2203 permanere,
2832 2147 2889 2189 ut
2936 2137 2986 2190 in
3019 2139 3328 2205 apostolicis
3368 2140 3748 2209 praeceptioni-

548 2234 615 2287 υι
656 2244 833 2288 amem
865 2237 1041 2289 omnia
1074 2239 1367 2292 secundum
1402 2239 1517 2292 haec
1559 2255 1676 2307 qua,
1724 2239 2056 2306 scripsimus,
2169 2223 2266 2276 bus
2287 2232 2340 2276 et
2367 2226 2580 2279 statutis
2601 2234 2905 2279 sanctorum
2936 2227 3148 2280 Patrum
3167 2243 3272 2282 non
3304 2232 3633 2298 reperiantur
3654 2231 3748 2285 ob-

475 2322 833 2392 corrigantur,
864 2336 1154 2393 praisenles
1181 2328 1385 2384 litteras
1414 2370 1427 2393 ,
1464 2329 1694 2398 Trojano
1735 2329 2055 2384 subdiacono

2168 2315 2332 2377 noxii,
2363 2329 2425 2370 ac
2455 2316 2706 2387 deinceps
2739 2319 2891 2385 nihil,
2916 2320 3054 2387 quod
3083 2329 3270 2375 contra
3301 2322 3627 2391 disciplinam
3651 2338 3745 2377 ec-

475 2423 658 2467 noser
686 2416 954 2482 veniente,
991 2419 1307 2480 direximus.
1335 2420 1487 2486 Quod
1519 2421 1564 2474 si
1594 2421 1824 2474 lrcnmus
1854 2422 2068 2489 episcoa.
2166 2406 2515 2461 θιθδίθειίθθηῖ
2549 2409 2726 2461 Veni“
2761 2410 2898 2463 δίθιη
2929 2410 3184 2465 ιιθοῑθηηδ
3207 2411 3405 2467 factum
3435 2422 3518 2468 θεῖ
3557 2429 3748 2483 Perpe-

475 2521 572 2574 ptts
616 2509 681 2559 ad
711 2507 1007 2562 Ecclesiam
1059 2525 1240 2574 suam,
1283 2512 1529 2579 deposito
1566 2511 1921 2577 improbitatis
1947 2527 2059 2563 am-
2167 2506 2355 2552 ιτεῑιπ·
2384 2500 2511 2553 Τι’ίὲ
2535 2501 2908 2556 εθυίοίιυόίηίε
2933 2513 3034 2569 εει,
3066 2504 3226 2558 ῖΐθιετ
3245 2506 3541 2568 caFiSSime.
3569 2510 3747 2562 omnia

474 2599 604 2663 bitu,
637 2598 811 2653 redire
840 2602 1155 2669 ηρειρχριςη,
1190 2601 1328 2668 quod
1357 2603 1404 2656 ei
1437 2619 1539 2655 ηυη
1569 2602 1790 2670 judicio,
1839 2603 1932 2656 sed
1966 2604 2060 2654 hu.
2165 2589 2342 2643 debita
2370 2590 2464 2644 tibi
2493 2591 2804 2647 auctoritate
2836 2596 2988 2662 tueri,
3018 2603 3072 2649 et
3101 2596 3295 2650 illicitis
3327 2613 3429 2650 non
3456 2599 3612 2653 modo
3641 2614 3746 2654 non

474 2692 729 2746 inanitate
759 2693 1123 2762 praestabitur,
1159 2696 1540 2748 removendum
1586 2710 1642 2748 se
1674 2696 1739 2747 ab
1766 2695 2055 2765 episcopali

2165 2682 2403 2748 prtcbere
2445 2696 2745 2750 assensum,
2804 2685 2895 2738 sed
2924 2689 3082 2740 etiam
3134 2698 3345 2751 cuncta,
3397 2705 3518 2758 qua:
3563 2699 3747 2745 contra

474 2785 745 2838 consortio
773 2800 892 2840 esse
923 2795 1228 2854 cognoscat.
1269 2786 1404 2841 Deus
1438 2787 1729 2840 incolumes
1762 2802 1855 2839 vos
1882 2799 2055 2840 custo-

2167 2772 2398 2840 regulam
2433 2772 2567 2827 facta
2591 2776 2879 2842 repereris,
2907 2792 3157 2833 coercere
3181 2794 3195 2832 ε
3221 2788 3379 2848 atque
3400 2789 3524 2835 ante
3546 2783 3744 2848 omnia,

474 2875 582 2929 diat
610 2917 625 2941 ,
667 2876 857 2931 fratres
883 2877 1165 2932 carissimi.
1208 2879 1332 2931 Data
1369 2881 1526 2932 tertio
1556 2879 1801 2932 calendas
1824 2877 2055 2932 Januarii

2165 2879 2282 2932 qua:
2317 2865 2432 2918 sola
2459 2866 2660 2920 unitate
2707 2866 3063 2940 [humanitate]
3102 2870 3455 2937 decernimus,
3487 2872 3745 2927 Irenaeum

472 2945 604 3035 (an.
633 2966 787 3021 Dom.
815 2968 920 3023 495
944 2968 984 3037 ),
1018 2969 1273 3023 Basilisco
1306 2980 1358 3022 et
1388 2970 1751 3024 Hcrmincrieo
1780 2969 1912 3024 viris
1949 2969 2055 3022 cla-

2164 2955 2228 3016 ad
2255 2956 2546 3010 Ecclesiam
2574 2969 2722 3011 suam
2751 2960 2927 3014 redire
2956 2962 3237 3029 compelle.
3278 2962 3358 3016 Ad
3382 2977 3535 3032 quam
3557 2978 3748 3032 sponte

472 3057 698 3113 τεθείσης
726 3061 1055 3114 consulibus.
2167 3048 2342 3115 potius
2374 3047 2548 3103 redire
2578 3048 2842 3120 [remeare]
2873 3051 3106 3115 debebit,
3138 3053 3183 3106 si
3210 3069 3238 3106 a
3259 3055 3572 3108 sacerdotali
3610 3069 3765 3108 eon-'

907 3145 911 3150 ’
1001 3207 1020 3218 ._
1061 3211 1323 3218 ___,____
1360 3215 1371 3218 Α
2086 3133 2137 3201 C
2164 3141 2329 3194 δοτιἰο
2359 3157 2466 3195 non
2497 3142 2654 3213 [deest
2684 3145 2885 3211 negatio
2913 3144 2966 3196 in
3012 3145 3128 3199 cod.
3167 3145 3622 3218 Just.,uademque
3657 3165 3748 3202 εκ.

1007 3213 1024 3243 ί
1061 3211 1389 3266 EPISTOLA
1433 3211 1519 3267 ΠΙ.
1986 3229 1988 3232 ·

2165 3232 2382 3304 per/tua]
2413 3211 2599 3288 metuit
2629 3235 2888 3302 separari.
2919 3235 3028 3290 Nec
3049 3237 3206 3291 unius
3227 3211 3481 3292 Ecclesiae
3499 3211 3606 3292 duo
3626 3254 3760 3294 esse.

474 3333 653 3375 mum
685 3335 832 3378 parm
868 3342 933 3378 an
973 3339 1225 3378 ASCANIUM
1272 3341 1728 3381 TMlltACONENSEM
1766 3331 2055 3384 ιεριεοονιιιι

2168 3326 2544 3393 permittuntur
2571 3327 2858 3391 antistites,
2910 3328 3051 3396 quod
3083 3330 3433 3397 opportunius
3457 3331 3762 3399 supradicti

819 3408 1321 3490 ijgTQUE
1351 3401 1579 3451 BJUSD'BM
1621 3413 1924 3455 ARGUMENTI
1951 3407 2070 3456 εὔδι’
2166 3415 2477 3470 subdiaconi
2509 3417 2622 3470 ﬁeri
2653 3416 2962 3487 delegamus
2991 3418 3261 3485 instantia,
3285 3435 3448 3489 quem.
3471 3422 3629 3474 etiam
3651 3436 3746 3490 pro

542 3477 795 3582 ξωθτοω
826 3479 1209 3521 “ECEDEME'
2069 3501 2071 3504 ’
2166 3509 2528 3563 conservanda
2549 3509 2801 3563 Ecclesia:
2822 3510 3121 3578 disciplina,
3147 3526 3449 3566 commeare
3468 3512 3533 3566 ad
3561 3513 3746 3582 Hispa-

540 3580 899 3635 Dil‘ectissimo
952 3581 1101 3636 fratri
1141 3581 1375 3639 Ascanio
1417 3585 1628 3640 l-Iilaruts
1675 3587 1980 3656 episcopus.

2166 3601 2304 3662 nias,
2336 3600 2700 3668 diSpositionis
2731 3612 2925 3666 nostra:
2972 3601 3098 3657 fecit
3135 3604 3444 3657 auctoritas.
3476 3604 3617 3659 Deus
3655 3580 3747 3658 au-

541 3692 741 3745 Divintc
783 3693 922 3747 circa
955 3711 1055 3749 nos
1095 3696 1279 3764 gratize
1315 3713 1582 3753 memores
1621 3714 1739 3753 esse
1771 3701 2052 3767 debemus,
2167 3702 2272 3748 tem
2300 3694 2617 3746 incolumem
2651 3702 2702 3748 te
2728 3675 3012 3758 custodiat,
3037 3695 3524 3751 frater-carissime.

471 3783 688 3884 qttilnos
719 3799 815 3884 per
841 3785 1161 3884 dignationis
1188 3802 1298 3884 suae
1325 3789 1755 3884 misericordiam
1791 3788 2054 3884 [gratiam]
2551 3821 2553 3824 ‹
2698 3830 2716 3859 ,
2750 3827 3079 3882 EPISTOLA
3122 3829 3211 3884 Iv.
3258 3792 3260 3794 ’

471 3874 541 3928 ob
570 3875 670 3928 hoc
693 3875 757 3927 ad
783 3875 1054 3945 fastigium
1082 3879 1414 3935 sacerdotale
1437 3881 1701 3948 provexit,
1723 3880 2056 3934 utmandatis

468 3965 634 4035 ipsius
646 3966 991 4035 inhaerentes,
1007 3979 1059 4021 ct
1084 3971 1132 4022 in
1152 3971 1377 4039 quadam
1393 3973 1678 4026 sacerdotii
1694 3970 2054 4042 [sacerdotum]

467 4058 582 4126 ejus
617 4060 830 4127 Specula
875 4062 1168 4125 constituti,
1209 4064 1587 4130 prohibeamus
1633 4064 1837 4131 illicita,
1877 4071 1932 4117 et
1969 4078 2055 4118 se-
2174 4127 2207 4137 Ἀ
2252 4129 2261 4137 ⁸
2558 4126 2572 4137 _
2761 4126 2771 4136 ,
3218 4127 3229 4136 ,

465 4151 673 4217 quentla
703 4151 1007 4205 doceamus.
1045 4152 1194 4205 Unde
1229 4152 1445 4208 directis
1477 4166 1573 4221 per
1611 4155 1897 4222 Trajanum
1928 4155 2055 4207 sub-

2164 4127 2374 4195 Delcgat
2411 4125 2514 4180 illis
2548 4126 2771 4197 Ingenui.
2799 4134 2842 4178 et
2875 4126 3099 4222 Apxanili
3151 4127 3497 4193 cpiswpormn
3549 4137 3748 4222 conl‘ro-

2230 4199 2440 4222 ........:,....
2502 4197 2770 4222 mundun...
2834 4205 2886 4222 ..ο
2945 4194 3065 4222 ’,τηυι
3094 4196 3282 4222 nummi.
3329 4196 3497 4222 ,ἠέρι-ι.
3553 4203 3592 4222 λι
3646 4209 3653 4222 ,ι
3675 4195 3710 4222 γε

2230 4199 2465 4257 t'crsiam,
2499 4194 2790 4262 statuitque,
2834 4205 2886 4245 ut
2918 4194 3282 4248 Centelenensis
3325 4196 3497 4246 civitas
3548 4203 3592 4248 et
3637 4195 3742 4248 Νἰ-

465 4236 745 4292 diaconum
791 4248 1027 4293 nostrum
1063 4241 1250 4295 litteris
1277 4243 1646 4308 admonemus,
1677 4253 1734 4295 ut
1770 4258 1886 4310 qute
1915 4243 2054 4298 male

466 4339 590 4381 sunt
640 4331 793 4394 facta,
825 4331 1180 4398 corrigantur.
1232 4334 1298 4386 Et
1343 4335 1599 4386 miramur
1641 4333 1928 4387 admodum
1970 4334 2053 4386 di-
2234 4347 2424 4388 tantur.

465 4417 746 4472 lectionem
771 4430 912 4473 tuam
933 4421 1406 4477 Barcinonensium
1435 4424 1719 4491 petitiones
1749 4438 1856 4477 non
1876 4422 2050 4477 solum
2161 4423 2532 4480 Dilectissimis
2567 4422 2819 4478 fratribus
2866 4425 3110 4487 Leontio,
3143 4425 3375 4495 Verane,
3417 4435 3470 4481 et
3529 4425 3745 4482 Victuro

465 4514 607 4567 nulla
637 4518 957 4570 auctoritate
984 4517 1266 4583 retudisse,
1301 4535 1487 4574 verum
1519 4520 1699 4585 etiam,
1732 4519 1952 4576 directis
1980 4521 2048 4576 ad
2079 4515 2133 4574 D
2594 4495 2878 4562 episcopis’
2913 4495 3126 4550 “mm”
3158 4511 3309 4566 papa'

464 4620 562 4660 nos
613 4606 836 4674 litteris,
885 4611 1397 4667 consummationem
1459 4612 1862 4684 [consensionem
1905 4627 1925 4666 :
1975 4613 2046 4667 ita
2237 4610 2509 4665 Movcmur
2538 4610 2745 4663 ratione
2789 4608 3035 4677 justitiua,
3068 4626 3185 4679 quae
3233 4611 3358 4666 licet
3383 4613 3454 4664 ab
3498 4611 3745 4666 omnibus

2164 3957 2343 3994 “ILAM
2396 3957 2538 3994 ΡΛΡίΕ
2591 3958 2655 3994 AD
2701 3942 2720 3971 ³
2755 3957 3038 4004 ιΕΟΝΤΙΗΜ,
3073 3959 3320 3997 ΥΕΒΑΝΗΜ
3375 3960 3441 3997 ΕΤ
3486 3960 3760 4014 γιατυιιωι,

2813 4028 3106 4066 εριςαοιτοε.

539 4801 566 4830 δ
589 4791 719 4846 Cod.
749 4793 904 4858 Luc.,
937 4794 1204 4848 custodiri.

502 4943 505 4946 ’
539 4954 553 4984 ³
579 4951 743 5017 llujus
775 4951 1107 5020 pluriumque
1133 4952 1355 5006 aliarunt
1385 4956 1728 5020 epistularum
1755 4953 2050 5022 pontiﬁcia-
2162 4954 2374 5007 Verane
2400 4961 2453 5006 et
2483 4951 2701 5006 Victuro
2731 4964 2904 5004 causa}
2948 4948 3344 5017 inquisitionem
3373 4960 3431 5006 et
3481 4953 3745 5007 instaura-

465 5038 585 5078 rum
619 5023 767 5092 idem
791 5032 1155 5092 etconunune
1184 5039 1303 5077 esse
1321 5025 1621 5092 exordium,
1646 5021 1850 5092 patebit
1872 5025 2046 5091 facile,
2160 5024 2359 5080 tionem
2385 5023 2580 5092 jurium
2614 5021 3008 5076 Ebredunensis
3040 5022 3433 5092 metropolitani
3457 5023 3740 5090 delegavit.

464 5093 716 5170 sipritna
737 5090 1118 5170 Zephyrini,_ct
1147 5091 1580 5170 tertia_Fabi_ani,
1615 5089 1735 5148 cum
1763 5089 2048 5170 hactertia
2161 5089 2578 5170 Adversusillos
2606 5093 2694 5170 qui
2725 5095 2905 5145 insana
2939 5089 3226 5157 cupiditate
3256 5092 3522 5170 laborant,
3551 5089 3607 5170 ut
3638 5109 3746 5146 smn

463 5163 628 5220 llilari
659 5178 671 5214 :
705 5162 829 5214 item
859 5162 902 5215 si
938 5163 1088 5214 tertia
1117 5165 1285 5216 sancti
1316 5163 1509 5219 Leonis
1539 5181 1658 5219 cum
1689 5165 1922 5221 secunda
1950 5167 2049 5221 Pe-
2162 5167 2412 5220 dimcesis
2443 5165 2574 5219 fines
2602 5163 2845 5224 dilatent,
2869 5176 3082 5216 auream
3102 5171 3152 5215 et.
3175 5173 3356 5216 natatu
3383 5163 3746 5230 dignissimam

463 5232 583 5298 lagii
613 5231 969 5286 conferantur.
1003 5231 1133 5285 Suv.
1167 5233 1364 5288 BINIUS.
2159 5237 2480 5294 sententiam
2511 5233 2711 5287 addidit
2752 5235 2887 5286 hanc
2931 5251 2942 5284 :
2993 5231 3315 5298 Emspectatio
3354 5238 3546 5299 fructus
3591 5236 3745 5286 nostri

536 5305 554 5332 ²
587 5300 825 5367 Epistula
855 5301 968 5354 haec
998 5303 1192 5371 scripta
1216 5303 1315 5358 fuit
1341 5320 1401 5357 ea
1426 5305 1706 5360 occasione
1731 5323 1744 5363 :
1769 5307 2045 5362 Auxanius
2157 5307 2423 5360 ministerii
2447 5322 2546 5358 non
2576 5306 2627 5356 in
2645 5304 2916 5357 latitudine
2942 5305 3224 5372 regionum,
3245 5303 3332 5356 sed
3348 5305 3396 5356 in
3411 5304 3745 5371 acqttisitione

463 5373 744 5440 episcopus
771 5389 862 5438 per
895 5373 1257 5440 obreptionem
1281 5378 1677 5442 impetraverat,
1712 5386 1769 5430 ut
1798 5377 2042 5432 Ehredu—
2159 5379 2366 5443 ponitur
2391 5378 2701 5430 animarum.
2734 5375 2926 5428 Baron.
2971 5388 3110 5428 anno
3139 5374 3267 5439 465,
3300 5390 3443 5426 num.
3491 5373 3579 5425 27.
3617 5374 3745 5430 Suv.
3824 5420 3834 5428 .

463 5444 644 5502 nensis
677 5443 941 5510 provincia
966 5458 1064 5514 suo
1081 5443 1595 5513 episeopatuiquoad
1616 5447 2041 5514 jurisdietionem
2158 5447 2364 5502 Btmus.

464 5513 1270 5585 ecclesiasticamsubjiceretur.
1295 5515 1446 5581 Quod
1466 5532 1581 5570 eum
1604 5513 1654 5570 in
1677 5518 2040 5585 prrejudiciun't
2236 5519 2253 5548 ³
2281 5518 2499 5571 Etiamsi
2521 5518 2605 5571 hic
2627 5515 2982 5570 nullatnentio
3015 5513 3101 5567 ﬁat
3125 5513 3274 5581 cujus
3298 5513 3545 5585 Ecclesia:
3576 5514 3747 5585 Leon-

466 5584 680 5654 lngenui
714 5583 1110 5656 Ebredunensis
1131 5585 1388 5654 episcopi,
1418 5589 1630 5655 Alpium
1655 5583 2040 5644 Maritimarum
2162 5591 2267 5642 tius
2296 5589 2579 5656 episcopus
2617 5587 2789 5650 fuerit,
2848 5585 3063 5656 dubium
3099 5593 3270 5637 tamen
3302 5584 3504 5656 nullum
3535 5600 3610 5639 εει
3645 5584 3746 5638 Fo-

465 5654 1214 5727 melI‘ODOIilani,auctoritate
1230 5654 1519 5727 apostolica
1542 5674 1854 5715 concessum
1874 5669 2041 5724 esset,
2065 5689 2080 5701 ι
2160 5654 2504 5727 rojuliensetn
2549 5661 2855 5726 episcopum
2892 5655 3073 5727 fuisse,
3117 5670 3273 5727 quem
3315 5655 3524 5708 llilarus
3561 5656 3745 5727 Arela-

464 5725 529 5780 ad
559 5724 863 5782 instantiam
884 5734 937 5781 et
962 5725 1234 5795 querelam
1258 5724 1495 5796 ejusdem
1530 5727 1767 5800 Ingenui,
1794 5732 2040 5797 Leontio,
2163 5724 2330 5798 tensis
2356 5732 2405 5784 in
2429 5724 2894 5794 funebrioratione
2913 5726 2981 5782 de
3003 5734 3184 5782 sancto
3206 5724 3474 5783 Honorato
3496 5725 3747 5796 episcopo

2097 5801 2143 5839 ”ἷ

2093 5888 2128 5909 ἰς-
