4080 6350
316 311 381 369 Μ
1388 364 1393 369 ,
1802 312 1891 371 ΕΡ

1997 311 2127 371 οιΑ
2168 312 2235 372 ν.
3518 316 3587 376 η

322 422 407 488 qui
457 429 603 474 recta
658 422 891 490 sapiunt,
933 421 1124 477 debeat
1168 421 1445 488 custodiri,
1494 430 1605 476 tum
1636 424 2152 493 praecipueAneat,
2188 432 2244 479 ut
2288 425 2356 480 ad
2405 427 2561 481 unius
2612 427 2864 482 antistitis
2910 429 3147 497 regimen
3177 426 3430 496 prmdiota
3468 428 3584 482 loca

326 511 539 564 Domini
576 513 949 569 sacerdotibus
1013 529 1119 568 non
1176 522 1261 569 est
1307 522 1507 570 temere
1563 515 1895 584 negligenda,

323 618 545 672 quorum
572 614 801 659 ceteros
829 604 1104 659 informari
1129 606 1380 659 convenit
1409 604 1687 660 institutis.
1714 606 1901 662 Frater

323 695 483 762 igitur
512 704 566 749 et
596 695 943 763 coepiscOpus
972 705 1154 751 noster
1182 698 1447 766 ingenuus
1478 697 1899 764 Ehredunensis,

321 786 531 851 Alpium
554 786 940 841 maritimarum
962 787 1249 855 provinciae
1272 787 1666 856 metropolitani
1684 803 1902 858 semper

323 874 527 929 honore
554 875 813 930 subnixus
836 877 895 930 in
917 876 1287 946 praeiudicium
1318 893 1497 941 suum,
1529 880 1669 933 sicut
1690 893 1899 933 annexa

324 966 625 1031 declarant,
655 966 896 1035 quaedam
924 981 1046 1030 nos,
1078 976 1293 1036 potente
1314 967 1475 1023 fratre
1502 978 1559 1024 et
1580 970 1900 1039 coepiscopo

320 1066 507 1112 nostro
538 1057 802 1119 Auxanio,
834 1059 1083 1112 statuisse
1105 1070 1507 1127 commemorat,
1539 1075 1656 1129 qua:
1687 1061 1903 1115 univer-

315 1153 389 1205 si.
433 1152 484 1204 in
534 1150 632 1203 hac
678 1151 863 1206 eadem
904 1166 1066 1207 causa
1107 1153 1507 1209 defensionibus
1547 1158 1894 1211 contraireut.

311 1244 592 1313 Siquidem
638 1243 984 1298 relationibus
1023 1244 1089 1298 in
1126 1256 1315 1300 nostro
1350 1247 1550 1315 judicio
1596 1250 1893 1315 recensitis,

313 1354 449 1407 quas
483 1338 649 1392 frater
676 1345 731 1393 et
755 1337 1104 1406 coepiscopus
1129 1346 1311 1394 noster
1342 1339 1583 1395 Veranus
1612 1338 1681 1394 ad
1701 1348 1898 1397 sancta:

312 1434 595 1486 uectoria
620 1431 960 1488 decessorem
1004 1446 1179 1486 meum
1210 1446 1331 1487 eum
1372 1432 1585 1486 cretei-is
1611 1432 1896 1502 provinciae

309 1524 685 1579 sacerdotibus
735 1524 902 1589 misit,
959 1534 1012 1579 et
1052 1525 1356 1593 apostolica:
1414 1523 1579 1590 sedis,
1614 1541 1733 1594 quze
1772 1536 1897 1583 tunc

310 1616 515 1672 directa
572 1618 784 1680 fuerat,
836 1618 1189 1683 responsione
1235 1617 1500 1687 patefacta
1551 1618 1894 1674 manifestum

309 1718 413 1774 est,
445 1708 586 1763 nihil
615 1715 797 1777 postea
841 1706 1091 1763 debuisse
1124 1711 1336 1777 tentari,
1384 1723 1483 1764 nec
1530 1709 1597 1764 ad
1645 1710 1891 1778 injuriattt

308 1802 647 1874 synodalium
692 1803 995 1872 regularum
1020 1803 1034 1832 ¹
1060 1802 1346 1871 quidquam
1379 1817 1474 1869 per
1495 1802 1887 1871 obreptionem,
1920 1801 1969 1861 B

306 1909 426 1963 quae
456 1893 702 1962 proxime
731 1894 867 1948 facta
897 1902 1001 1961 est,
1032 1904 1281 1963 oportere
1309 1895 1581 1950 constitui.
1607 1896 1740 1950 Nam
1766 1896 1892 1953 licet

306 1997 361 2041 et
394 1988 495 2040 hac
516 1987 681 2041 etiam
707 1986 853 2055 Quod
876 1999 911 2039 a
932 1985 1085 2040 nobis
1107 1996 1190 2041 est
1211 1987 1447 2043 elicitum
1488 1999 1775 2045 censeatur
1811 1991 1893 2045 in-

308 2082 547 2145 firmum,
579 2081 700 2150 quia
745 2088 801 2135 et
839 2081 1011 2149 ipsum
1054 2082 1375 2135 insinuatum
1420 2093 1507 2137 est
1531 2089 1755 2154 exsequi
1797 2100 1893 2140 no-

307 2174 479 2226 luisse
499 2174 595 2242 qui
626 2174 856 2237 meruit;
891 2182 1066 2227 tamen
1106 2188 1171 2227 ne
1199 2174 1323 2227 odio
1352 2175 1436 2229 vel
1467 2177 1631 2245 gratia
1673 2193 1889 2233 movea-

306 2283 444 2329 mur,
500 2280 621 2336 quae
665 2268 721 2319 in
755 2280 1034 2321 causarum
1081 2266 1560 2337 disceptationibus
1608 2286 1727 2326 esse
1784 2286 1890 2327 non
1930 2286 1933 2289 λ

307 2359 489 2424 debet,
523 2361 595 2413 ita
627 2368 819 2414 vestra:
861 2360 1067 2414 caritati
1098 2361 1456 2429 cognitionem
1502 2379 1724 2419 annexa:
1755 2381 1889 2434 que-

308 2454 552 2508 rimonia:
585 2454 912 2525 delegamus,
954 2465 1008 2507 ut
1048 2454 1177 2508 nihil
1234 2454 1519 2509 adversum
1556 2459 1891 2513 venerandos

309 2560 559 2611 canones,
586 2545 716 2599 nihil
737 2553 921 2599 contra
947 2554 1144 2600 sanctae
1168 2548 1439 2600 memoriae
1461 2547 1760 2602 decessoris
1786 2548 1891 2603 mei

306 2638 567 2706 judicium
600 2638 797 2703 valeat,
828 2636 1080 2707 quidquid
1112 2636 1392 2707 obreptum
1424 2638 1577 2692 nobis
1605 2654 1723 2693 esse
1758 2656 1890 2694 con-

305 2730 526 2785 stiterit.
560 2732 582 2761 ¹
612 2730 872 2783 Nolumus
902 2734 1137 2799 namque
1163 2728 1355 2783 fratres
1397 2731 1680 2794 carissimi,
1720 2732 1896 2785 eccle-

306 2820 515 2875 siarum
545 2820 839 2889 privilegia,
869 2834 987 2889 qua:
1038 2834 1248 2889 semper
1282 2831 1404 2873 sunt
1452 2821 1731 2883 servanda,
1764 2837 1892 2874 con—

309 2912 463 2966 fundi
496 2931 509 2963 :
540 2927 633 2966 nec
676 2913 726 2966 in
773 2912 995 2966 alterius
1026 2912 1295 2980 provincia
1341 2912 1635 2966 sacerdotis
1664 2914 1891 2967 alterum

256 3052 268 3059 .
304 3004 394 3073 jus
427 3004 620 3058 habere
647 3003 1007 3072 permittimus
1038 3022 1049 3053 :
1079 3003 1201 3073 quia
1230 3017 1327 3072 per
1367 3002 1467 3057 hoc
1498 3018 1603 3057 non
1633 3004 1808 3058 minus
1839 3006 1889 3058 in

302 3107 614 3152 sanctarum
646 3096 991 3151 traditionum
1021 3095 1350 3165 delinquitur
1377 3096 1700 3160 sanctiones,
1732 3111 1889 3164 quam

2004 524 2365 579 revertantur,
2406 531 2528 586 quae
2566 519 2618 571 in
2645 517 2781 573 duos
2830 518 2992 573 dividi
3046 534 3154 574 non
3183 517 3367 575 decuit
3402 531 3584 573 sacer-

2004 605 2177 661 dotes.
2248 605 2390 662 Deus
2438 620 2534 662 vos
2580 607 2873 664 incolumes
2919 607 3219 676 custodiat,
3264 608 3457 665 fratres
3494 619 3585 667 ca-

2003 699 2223 755 rissimi.
3628 704 3644 740 ί

2540 815 2562 845 ³
2599 811 2925 868 EPISTOLA
2972 813 3035 866 V.

2038 919 2216 960 HILABI
2247 920 2391 960 ΡΛΡΕ
2420 916 2493 961 AD
2525 921 2791 960 LEONTIUII
2833 920 3114 960 EPISCOPUI
3141 917 3545 961 Αιιειιτιιεοιι.
3636 972 3642 977 _

2362 997 2437 1050 De
2464 998 2781 1067 episcopatus
2808 1000 2887 1051 sui
2914 998 3226 1065 primordiis.

2162 1086 2523 1144 Dilectissimo
2567 1088 2717 1143 fratri
2748 1089 2993 1153 Leontio,
3029 1088 3239 1143 Hilarus
3266 1103 3419 1159 papa.

2070 1179 2337 1247 Quantum
2387 1184 2702 1237 reverentia:
2748 1182 2801 1235 in
2840 1182 3035 1249 spiritu
3064 1181 3178 1246 Dei,
3207 1181 3297 1251 qui
3344 1179 3583 1236 subditos

2001 1270 2100 1324 sibi
2154 1270 2415 1326 inhabitat
2466 1273 2796 1341 sacerdotes,
2842 1273 2999 1329 beato
3044 1273 3202 1329 Petro
3245 1272 3485 1342 apostolo
3527 1278 3582 1327 et

2000 1364 2113 1419 sedi
2142 1363 2309 1435 ipsius
2339 1365 2636 1430 deferatur,
2659 1366 2907 1422 omnibus
2927 1364 3307 1421 arbitror'esse
3333 1377 3582 1433 comper-

2000 1465 2133 1523 tum,
2158 1457 2349 1526 quibus
2393 1468 2731 1527 paternarum
2777 1458 3118 1514 traditionem
3150 1458 3456 1526 incorrupta
3483 1470 3579 1511 cu-

2000 1548 2171 1603 stodia
2201 1558 2305 1604 est.
2336 1549 2479 1617 Quos
2500 1565 2620 1604 cum
2641 1552 2889 1605 volumus
2913 1549 2981 1605 de
3009 1559 3207 1605 nostra:
3228 1546 3584 1603 ordinationis

2000 1640 2307 1709 primordiis
2334 1642 2613 1711 gratulari,
2642 1657 2802 1711 opera
2829 1657 2949 1712 qua:
2972 1642 3034 1696 in
3065 1638 3391 1698 nos'divi‘nre
3418 1639 3584 1708 pieta-

2001 1734 2068 1787 tis
2099 1734 2337 1801 dignatio
2384 1735 2640 1803 ostendit,
2689 1735 2957 1791 sanctitati
3000 1744 3104 1790 ture
3150 1734 3397 1789 duximus
3441 1732 3583 1788 indi-

1996 1827 2164 1883 canda
2196 1844 2209 1881 :
2244 1839 2300 1883 ut
2328 1828 2442 1899 ipse
2478 1830 2707 1898 primum
2761 1844 2858 1898 pro
2887 1845 2953 1884 eo
2980 1843 3140 1898 quem
3170 1828 3325 1883 nobis
3354 1826 3583 1882 invicem

1997 1934 2220 1991 semper
2248 1922 2631 1990 impendimus,
2673 1932 2959 1993 praestante
2991 1922 3238 1985 Domino,
3280 1919 3478 1975 laeteris
3500 1918 3582 1973 af-

1994 2013 2134 2068 fectu
2167 2032 2179 2067 :
2222 2013 2415 2070 deinde
2442 2023 2498 2069 ut
2518 2015 2872 2084 dispositione
2900 2024 3003 2068 tuas
3028 2012 3381 2068 fraternitatis
3407 2012 3582 2067 omni-

1994 2104 2092 2158 bus
2125 2120 2220 2173 per
2243 2106 2546 2161 universam
2570 2106 2902 2175 provinciam
2933 2105 3188 2160 fratribus
3219 2113 3274 2159 et
3302 2118 3583 2159 consacers

1994 2196 2208 2251 dotibus
2235 2198 2556 2260 innotescat,
2586 2197 2729 2266 quod
2759 2196 3111 2251 humilitatem
3148 2209 3320 2251 meam
3362 2194 3583 2251 dextera

1996 2287 2211 2341 Domini
2237 2287 2456 2342 visitare
2479 2287 2696 2357 dignata
2728 2289 2819 2353 sit,
2851 2298 2906 2342 et
2927 2288 3053 2341 mihi
3085 2287 3394 2355 apostolica:
3441 2284 3584 2341 sedis

1994 2383 2232 2451 regimen
2263 2397 2369 2437 non
2416 2397 2513 2451 pro
2543 2383 2761 2449 merito,
2794 2380 2887 2437 sed
2918 2396 3016 2451 pro
3045 2395 3157 2435 sua:
3194 2379 3379 2451 gratiae
3415 2378 3584 2434 abun-

1995 2473 2308 2528 dantissima
2337 2468 2582 2543 largitate
2610 2474 2964 2529 commiserit.
3000 2473 3250 2539 Proinde,
3285 2471 3453 2527 frater
3494 2484 3583 2526 ca-

1994 2566 2228 2633 rissime,
2263 2566 2405 2637 quod
2437 2567 2707 2622 sanctitati
2737 2566 2840 2621 tuae
2871 2567 3118 2634 praesenti
3148 2579 3397 2621 sermone
3435 2570 3584 2633 pate—

1995 2656 2237 2724 fecimus,
2280 2658 2332 2713 in
2382 2658 2617 2713 omnium
2672 2658 2916 2719 fratrum.
2949 2654 3399 2728 quemadmodum
3430 2654 3583 2709 dixis

1996 2763 2150 2814 mus,
2216 2750 2456 2804 notitiam
2512 2749 2726 2805 deferre
2770 2736 3077 2820 dignaberis
3128 2756 3187 2803 ut
3235 2747 3583 2818 supplicaturi

1995 2839 2220 2895 Domino
2235 2850 2419 2896 nostro
2432 2842 2559 2897 Jcsu
2574 2840 2809 2904 Christo,
2824 2844 2961 2895 sicut
2976 2838 3347 2895 exsultationis
3365 2839 3579 2910 gaudia,

1995 2933 2064 2986 ita
2112 2934 2390 2999 profutura
2419 2933 2704 2989 universali
2735 2933 2992 2987 Ecclesiae
3021 2932 3321 2986 orationum
3361 2945 3582 2985 suarum

1996 3024 2151 3078 nobis
2171 3034 2292 3079 vota
2321 3028 2669 3095 coniungant.
2705 3024 2845 3080 Deus
2868 3032 2921 3079 te
2942 3024 3269 3078 incolumem
3290 3021 3578 3087 custodiat,

1996 3116 2161 3173 frater
2186 3121 2483 3174 carissime.
2515 3118 2644 3171 Data
2668 3133 2760 3170 vnt
2788 3116 3042 3171 calendas
3076 3116 3394 3173 Februarias
3414 3118 3583 3187 (anno

304 3191 361 3241 itt
407 3190 653 3279 iniuriam
680 3190 845 3257 ipsius
876 3187 1084 3242 Domini
1116 3188 1402 3279 prosilitur,
1428 3188 1580 3257 cujus
1609 3198 1887 3257 erspecta-
1916 3176 2189 3264 Cum“,
2219 3207 2369 3279 ‘63),
2403 3210 2467 3263 Ι)⁵
2498 3208 2563 3264 Ν⁶
2597 3208 2798 3264 Severo
2826 3208 3068 3277 Augusto
3105 3207 3343 3262 consu[e_

303 3281 389 3331 tio
416 3278 615 3333 ﬂuctus
641 3279 811 3333 nostri
853 3278 1131 3332 ministerii
1161 3294 1265 3332 non
1295 3278 1345 3332 in
1389 3278 1668 3334 latitudine
1706 3280 1885 3349 regio-

298 3376 458 3434 num,
487 3378 576 3423 set
608 3372 659 3423 in
701 3370 1047 3438 acquisitione
1088 3372 1305 3438 ponitur
1330 3369 1644 3424 animarum.
1680 3370 1887 3425 Habeat

300 3463 487 3529 iraque
525 3461 850 3529 pontiﬁcium
890 3461 1051 3515 frater
1100 3460 1530 3530 et‘coepiscOpus
1566 3469 1752 3516 noster
1792 3464 1881 3517 ln-

297 3569 506 3622 genuus
539 3554 823 3622 provincia:
850 3569 980 3619 suae,
1010 3554 1075 3608 de
1098 3553 1247 3622 cujus
1270 3553 1467 3607 dudum
1491 3556 1557 3607 ab
1586 3555 1879 3623 apostolica

297 3644 431 3699 sede
453 3656 529 3698 est
564 3645 741 3698 illicita
766 3644 1008 3701 cessione
1032 3645 1313 3719 culpatug:
1342 3653 1394 3698 et
1414 3645 1688 3699 custoditis
1706 3647 1879 3699 omni-

298 3737 424 3802 bus,
456 3754 577 3806 qua:
622 3752 785 3805 super
814 3736 1053 3792 ecclesiis
1092 3735 1489 3794 Ccmelenensis
1520 3738 1768 3805 civitatis,
1804 3739 1887 3793 vel

296 3826 505 3881 castelli
557 3827 851 3894 Nicaensit,
903 3828 1039 3887 sicut
1086 3827 1336 3891 diximus,
1392 3836 1588 3882 sanctae
1620 3832 1892 3884 memoriae

298 3924 603 3978 decessoris
624 3924 728 3976 mei
757 3921 998 3977 definivit
1040 3923 1347 3987 auctoritas,
1379 3921 1511 3975 nihil
1540 3922 1890 3978 ecclesiarum

296 4016 402 4084 juri
433 4024 649 4080 noceat,
682 4014 819 4084 quod
852 4014 908 4067 in
930 4014 1095 4068 altera
1124 4021 1536 4067 memoratarum
1579 4029 1607 4066 a
1638 4015 1891 4082 praedicto

296 4107 489 4167 fratre,
521 4104 587 4157 ad
624 4104 1001 4161 t-xcludendam
1042 4103 1409 4177 cupiditatem,
1441 4104 1890 4172 quemadmodum

299 4196 594 4267 perhibuit,
626 4196 931 4253 ambitionis
960 4196 1168 4261 alienat,
1218 4193 1464 4263 proxime
1498 4203 1582 4250 est
1607 4194 1891 4261 episcOpus

298 4301 649 4347 consecratus
680 4305 695 4341 :
726 4288 819 4343 sed
844 4296 1056 4343 statuta
1094 4286 1441 4342 correctionis
1472 4286 1640 4341 forma
1682 4300 1891 4356 perma-

2625 3343 2955 3399 EPISTULA

2094 3452 2302 3491 Leonrtt
2342 3436 2364 3466 ‘
2404 3452 2639 3493 manu.
2670 3450 2899 3492 nrtscort
2930 3453 2998 3493 ω
3027 3451 3264 3499 mutum
3289 3452 3481 3493 Parant.

1992 3549 2291 3609 Gratulatur
2305 3549 2495 3621 Hilaro
2512 3550 2869 3618 pontiﬁcatum
2881 3564 2909 3605 :.‘
2918 3559 3189 3621 rogatque,
3200 3558 3257 3606 ut
3268 3551 3581 3607 Arsiam:

2448 3620 2692 3675 Ecclesiae
2706 3624 2833 3693 jura
2864 3620 3083 3676 tueatur.

2044 3738 2218 3806 Quod
2257 3737 2491 3794 Leonem
2522 3736 2923 3793 sanctissimum
2955 3736 3404 3804 praedecessorum
3434 3746 3581 3791 tuum

1999 3846 2142 3884 mors
2174 3829 2455 3884 abstulerit
2497 3839 2685 3884 contra
2732 3828 2968 3884 haereses
3006 3829 3387 3897 invigilantem,
3413 3837 3467 3880 et
3505 3828 3582 3881 lo-

2000 3922 2124 3977 lium
2159 3923 2210 3977 in
2251 3935 2380 3989 agro
2405 3919 2636 3989 Domini,
2670 3920 2804 3975 heu!
2838 3921 2995 3975 nimis
3021 3912 3281 3976 fruticans
3306 3918 3582 3974 eradican-

1998 4020 2127 4075 tem,
2175 4012 2421 4067 dolemus
2454 4029 2467 4064 :
2502 4011 2643 4079 quod
2673 4010 2741 4066 de
2787 4020 2875 4065 tua
2918 4011 3207 4065 sanctitate
3228 4009 3578 4078 reparaverit,

1995 4104 2340 4172 gratulamur.
2375 4103 2506 4158 Nam
2547 4101 2744 4169 gaudet
2771 4101 2916 4157 ﬁlius
2943 4100 3012 4155 de
3033 4102 3239 4156 honore
3265 4102 3455 4157 matris
3481 4116 3495 4152 :
3528 4110 3580 4155 et

1996 4208 2115 4250 cum
2145 4193 2380 4249 Ecclesia
2424 4193 2667 4249 Romana
2707 4193 2780 4247 sit
2806 4193 3051 4248 omnium.
3075 4204 3268 4257 mater,
3295 4192 3579 4253 fuitnobis

1996 4286 2354 4356 gaudendum,
2397 4285 2539 4357 quod
2594 4286 2648 4341 in
2703 4292 2849 4340 tanta
2894 4285 3329 4342 consternatione
3374 4301 3578 4353 rerum,

300 4498 719 4568 pwdeeessare
755 4492 979 4568 summis
1020 4493 1263 4568 laudibus
1290 4491 1500 4556 exutlit,
1534 4500 1587 4568 et
1623 4489 1689 4544 ad
1728 4504 1886 4558 quem
1912 4475 1969 4556 ξι)
1992 4492 2159 4568 etesiis
2180 4490 2479 4568 orthodoxae
2496 4490 2767 4568 religionis
2778 4500 2915 4544 retro
2933 4492 3190 4568 principes
3210 4493 3591 4568 iii-restiterunt,

298 4562 503 4624 Szdonii
546 4565 873 4634 Apollinaris
903 4564 1094 4620 litterae
1137 4566 1347 4631 scriptae
1394 4562 1763 4634 reperiuntur,
1791 4576 1885 4615 cu-

302 4641 497 4711 iusque
516 4630 739 4711 sanctus
764 4635 873 4690 beo
892 4636 1131 4711 meminit
1154 4634 1207 4711 in
1238 4630 1461 4711 epistula
1489 4632 1558 4686 89
1586 4632 1653 4711 ad
1680 4630 1887 4711 episco-

303 4702 618 4776 pns'Galliaa
650 4707 984 4762 Viennensis.
1017 4706 1277 4759 Baronius
1302 4705 1557 4772 pratdicto
1585 4704 1723 4757 loco.
1755 4702 1882 4757 Snv.

298 4782 507 4839 Brutis.
770 4806 773 4809 ι

558 4848 807 4915 exeruplo
832 4854 1063 4907 constat,
1101 4859 1258 4899 aures
1285 4858 1619 4915 summorum
1666 4844 1883 4915 pontifi-

294 4938 425 4985 cum
454 4921 605 4981 falsis
632 4934 694 4977 ac
717 4914 957 4973 Sinistris
978 4914 1404 4970 accusationibus
1435 4924 1490 4970 et
1536 4914 1881 4971 relationibus

296 4996 540 5060 pt-l‘Szl'pc
591 4991 1010 5060 cupieritadeo
1050 4996 1105 5039 ut
1152 4985 1319 5060 bonos
1368 4995 1526 5051 atque
1550 4985 1879 5060 innocentes

294 5056 620 5132 Quandoque
649 5056 714 5132 es
751 5058 904 5112 malis
932 5057 1391 5132 informationibua‘
1426 5056 1793 5132 condemns-nt
1818 5071 1880 5109 ac

293 5126 623 5200 opprimant.
673 5130 840 5183 Nemo
872 5142 1001 5197 ergo
1025 5128 1287 5200 iniretur,
1328 5126 1466 5200 quod
1518 5135 1733 5200 sanctus
1771 5126 1881 5181 Leo

294 5196 534 5259 ll'élarum
586 5196 978 5259 Arelatensem,
1025 5198 1245 5259 Hilarus
1279 5196 1515 5264 pontifex
1561 5196 1877 5252 Matnertum

298 5275 682 5340 Viennensem,
702 5271 979 5340 episcopos
998 5269 1275 5322 sanctitate
1293 5266 1669 5340 celeberrimos
1693 5267 1883 5320 acerbe

297 5337 615 5407 ciagitarint
643 5361 655 5395 :
692 5337 811 5395 cum
843 5337 900 5393 et
937 5340 986 5393 in
1039 5340 1121 5392 his
1142 5354 1260 5407 qua:
1289 5337 1702 5392 contentiosiora
1735 5346 1877 5399 sunt,

298 5362 391 5398 era
430 5362 615 5397 narunt
643 5362 655 5395 ἒ
692 5362 811 5395 611111
843 5362 895 5393 t't
938 5362 986 5393 111
1041 5362 1121 5392 uls
1142 5362 1260 5407 quat:
1289 5362 1702 5392 CUlltcuttUbturrI
1735 5362 1877 5399 δυιιι,

298 5362 609 5469 [ποθιηηυιη
648 5413 721 5465 sit
758 5411 859 5465 sub
899 5410 1076 5478 specie
1103 5409 1231 5464 recti
1264 5420 1694 5477 unumquemque
1738 5407 1882 5461 deci—

290 5484 837 5557 pere.bttv.BtNtt_i§.
972 5552 984 5557 _
1055 5552 1063 5557 _
1363 5548 1371 5557 .
1456 5547 1465 5557 .

364 5557 479 5613 'De
527 5553 835 5625 privilegiis
878 5552 1221 5609 ecclesiarum
1256 5547 1561 5625 antiquitus
1607 5547 1879 5625 concessis

286 5628 421 5683 nihil
452 5619 823 5687 innovandum
857 5636 973 5675 essu
1005 5637 1108 5674 non
1142 5624 1343 5673 tantum
1367 5619 1594 5671 decretis
1624 5620 1880 5671 constitu-

287 5708 403 5751 tum
424 5698 541 5753 fuit.
565 5693 867 5762 Privilegia,
894 5693 1059 5760 inquit
1078 5690 1172 5744 lib.
1205 5688 1290 5755 12,
1310 5698 1437 5762 cap.
1453 5688 1516 5741 de
1528 5689 1885 5762 sacrosancta

286 5769 549 5837 Ecclesia,
580 5781 709 5837 qua
730 5759 1049 5831 praesulibus
1064 5759 1498 5818 constitutionibus
1528 5759 1768 5816 umentis
1792 5775 1877 5815 κ-

1993 4565 2145 4630 ﬁrnta
2196 4571 2242 4615 et
2283 4560 2483 4616 illibata
2524 4557 3270 4627 in'perpetuum'decernirnru
3308 4557 3573 4619 custodiri.

1998 4633 2182 4686 Omnes
2225 4632 2529 4697 sanctiones,

1991 4702 2271 4757 interventu
2314 4702 2495 4773 gratia:
2532 4702 2609 4755 vel
2658 4702 2949 4756 ambitionis
2981 4705 3162 4757 elicita:
3190 4713 3328 4770 sunt,
3358 4720 3452 4757 suo
3486 4720 3574 4758 ro-

1991 4775 2110 4828 bore
2138 4783 2186 4825 ct
2214 4772 2458 4841 ﬁrmitate
2485 4783 2726 4844 caetratos
2754 4788 2862 4844 esse
2895 4775 3238 4844 prmipimus.
3286 4789 3391 4830 etc.
3437 4773 3574 4840 Quid
3674 4838 3679 4841 γ

1990 4846 2059 4900 de
2126 4844 2418 4912 privilegiis
2474 4842 2861 4897 inviolabiliter
2916 4842 3286 4899 custodiendis
3342 4846 3591 4900 senserit.
3676 4862 3679 4863 ν

1990 4925 2205 4986 sanctus
2244 4913 2375 4976 Leo,
2423 4912 2772 4986 exﬂejusdem
2815 4913 3059 4986 epistolis
3099 4914 3189 4981 53,
3223 4916 3313 4978 5i,
3356 4916 3447 4984 55,
3478 4916 3570 4984 89,
3670 4918 3681 4986 ξ

1986 4984 2111 5050 109,
2135 4980 2457 5054 cognoscere
2490 4980 2631 5037 licet.
2664 4984 2791 5037 Snv.
2830 4982 3028 5040 BINIUS.

2060 5054 2237 5111 "Hac
2266 5056 2487 5126 epistola
2506 5054 2793 5126 circularis
2823 5056 2905 5126 est
2931 5067 2983 5109 et
3004 5054 3295 5126 encyclica,
3327 5064 3573 5111 exmore

1988 5136 2049 5182 et-
2070 5125 2459 5181 consuetudine
2482 5125 2551 5179 de
2570 5126 2692 5178 novi
2717 5125 2985 5190 pontiﬁcis
3003 5125 3279 5180 creatione
3296 5126 3363 5179 ad
3384 5140 3577 5181 omnes

1990 5198 2263 5254 Ecclesiae
2300 5196 2655 5253 transmissa-
2695 5194 2820 5250 Haec
2856 5196 3094 5263 ejusdem
3126 5198 3449 5265 argumenti,
3482 5211 3575 5251 eo-

1992 5268 2342 5336 rumdemque
2373 5267 2654 5322 verborum
2673 5264 2739 5318 ad
2764 5266 3044 5321 Leontium
3076 5268 3292 5335 scripta,
3322 5264 3493 5322 exstat
3520 5268 3572 5321 in

1993 5349 2173 5394 vetere
2219 5337 2404 5392 codice
2455 5336 2785 5391 Arelatensis
2819 5336 3094 5404 Ecclesire,
3138 5337 3279 5391 unde
3323 5351 3443 5391 cum
3489 5352 3572 5392 se-

1992 5409 2276 5533 qufntibus
2312 5407 2559 5488 omnibus
2601 5415 2857 5476 acceptae,-
2886 5408 2955 5461 ab
2993 5408 3358 5463 illustrissimo
3400 5408 3575 5462 cardi-

1993 5496 2059 5533 na
2083 5495 2116 5533 e
2143 5480 2375 5533 Baronio
2400 5491 2630 5533 primum
2653 5478 2707 5532 in
2748 5478 2925 5533 lucem
2968 5479 3178 5533 emisere
3208 5478 3567 5533 inveniuntur.

1989 5478 2116 5607 gate
2143 5480 2375 5602 ﬁaronio
2400 5478 2630 5547 primum
2653 5478 2707 5532 in
2748 5478 2925 5534 lucem
2968 5479 3178 5535 emisere
3208 5478 3567 5536 inveniuntur.

2034 5566 2116 5604 εγ.
2192 5565 2347 5604 ιμιυε.

2034 5566 2116 5604 εγ.
2152 5565 2347 5604 UINIUS.

2064 5621 2084 5650 ⁸
2116 5620 2261 5675 lianc
2300 5618 2503 5689 Leontii
2525 5618 2801 5689 epistolam
2848 5620 3054 5689 primus
3086 5620 3252 5676 edidit
3282 5618 3570 5674 Daclterius

1994 5692 2046 5748 in
2070 5691 2251 5761 Spicil.
2287 5700 2417 5747 tom.
2447 5688 2511 5755 V,
2540 5702 2680 5747 nunc
2701 5688 2785 5756 ΙΙΙ.
2826 5688 2947 5762 pag.
2980 5691 3103 5749 502.

2615 4648 2693 4684 ua:
2743 4640 2921 4685 contra
2960 4649 3175 4687 canones
3214 4632 3578 4689 ecclesiasticos
3672 4641 3689 4697 ξη
