4080 6350
445 320 513 374 95
1839 319 2029 376 ιιιιΑι

2128 317 2320 374 ΡΑΡᾸΞ
3646 317 3712 368 2i

445 450 500 494 et
529 437 836 492 infirmitate
871 436 1187 492 sreculorum
1220 450 1381 504 super
1410 450 1530 488 eam
1578 444 1628 490 te
1672 435 1927 501 erexerit,
1964 443 2021 488 ut
2049 438 2107 497 Α
2129 431 2387 494 scribere,
2423 437 2530 482 tam
2562 429 2817 483 instructa
2845 429 2910 482 ad
2939 443 3038 482 nos
3081 428 3241 482 fuerit
3283 442 3509 497 persnna
3561 427 3710 481 dire-

442 532 650 600 judices
677 530 896 602 populos
923 532 973 584 in
996 531 1264 598 aequitate,
1282 537 1336 583 et
1358 538 1548 598 gentes
1571 528 1623 581 in
1645 536 1782 581 terra
1803 526 2020 597 dirigas.

444 624 598 678 Unde
625 639 746 679 cum
785 625 939 678 nobis
967 623 1180 677 nuntius
1211 623 1302 677 ille
1326 637 1420 690 per
1450 619 1806 676 Concordium
1841 619 2026 673 Eccle-

444 717 539 769 siae
581 724 776 770 nostr-.c
821 717 1121 780 diaconum,
1173 715 1260 783 qui
1304 723 1428 768 tunc
1459 727 1696 783 przesens
1746 719 1861 766 erat
1902 725 2023 764 cum

443 808 699 860 sanctitas
729 817 814 859 tua
845 805 910 860 ad
940 807 988 858 id
1021 805 1239 860 honoris
1268 805 1572 874 fastigatum
1604 804 1815 858 culmen
1842 810 2025 857 evecta

444 909 545 964 cst,
580 900 776 953 relatus
796 909 897 963 est,
927 899 1122 966 gratias
1163 897 1273 950 Deo
1300 907 1485 950 nostro
1516 895 1865 958 reddidimus,
1897 904 1950 948 et
1973 903 2025 948 te

445 991 780 1044 decrevimus
832 1004 990 1058 quam
1045 990 1270 1056 primum
1321 988 1419 1041 hac
1469 986 1784 1042 humilitatis
1829 994 2026 1039 nostra)

445 1081 667 1148 epistola
709 1081 943 1135 salutare
973 1097 986 1133 :
1030 1088 1087 1131 ut
1115 1088 1168 1133 et
1198 1079 1274 1133 sic
1320 1079 1563 1143 affectus,
1594 1079 1681 1147 qui
1713 1078 1852 1131 inter
1879 1087 2025 1130 tuam

444 1172 782 1226 sanctitatem
806 1180 860 1225 et
897 1185 994 1224 nos
1034 1168 1234 1238 jamdiu
1267 1171 1482 1234 coaluit,
1515 1169 1567 1222 in
1592 1167 1815 1222 Domino
1835 1181 2026 1222 corro-

442 1263 741 1328 boraretur,
775 1270 829 1316 et
867 1262 934 1316 de
975 1271 1172 1316 cietero
1215 1272 1470 1330 augeatur
1508 1276 1629 1315 cum
1658 1261 1834 1316 debita
1873 1273 2026 1314 reve-

441 1355 636 1418 rentia,
660 1368 761 1422 qua
792 1353 945 1406 decet
975 1353 1110 1406 ﬁlios
1151 1361 1355 1421 patrem
1402 1353 1675 1423 prosequi.
1711 1351 2027 1406 Benedictus

443 1445 618 1513 itaque
643 1445 732 1514 qui
765 1446 911 1499 venit
939 1444 992 1498 in
1017 1443 1232 1499 nomine
1266 1445 1497 1498 Domini.
1523 1444 1640 1498 Jam
1673 1442 1880 1497 fortiter
1903 1458 2026 1496 san-

443 1534 611 1588 ctitati
653 1544 757 1589 tua:
783 1534 1161 1602 insudandum,
1195 1545 1248 1589 et
1273 1535 1631 1590 anhelantium
1673 1544 1774 1601 est,
1800 1544 1857 1589 ut
1885 1534 2026 1604 quod

443 1627 812 1682 sanctissimus
831 1628 940 1683 Leo
967 1643 1100 1703 papa
1133 1627 1351 1697 incepit,
1391 1628 1454 1681 ad
1480 1627 1872 1682 terminabilem
1904 1642 2028 1696 per-

443 1721 608 1776 ducas
638 1722 880 1786 limitem,
923 1731 1122 1776 etcum
1161 1723 1398 1775 exercitu
1430 1719 1695 1776 Gedeonis
1739 1736 1832 1790 per
1872 1720 2025 1774 tubas

2131 533 2239 589 cta,
2269 538 2390 592 qua:
2431 523 2830 592 inquisitionem
2874 533 3110 578 nostram
3152 523 3310 591 plene
3356 538 3420 576 ex
3461 522 3713 575 omnibus

2131 615 2302 683 possit
2331 613 2620 668 instruere.
2655 614 2905 684 Spondeo
2931 617 3100 682 enim,
3130 623 3386 684 quantum
3418 614 3586 681 gratia
3621 614 3713 668 Dei

2128 706 2292 760 donat
2323 717 2380 759 ut
2402 706 2714 774 spondeam,
2750 707 2853 761 hoc
2875 722 2961 762 me
2982 708 3049 762 ad
3082 707 3440 762 universalem
3470 707 3712 760 εδοξε-ἀο-

2130 805 2238 850 tum
2269 796 2480 850 Domini
2511 797 2852 850 concordiam
2885 800 3250 866 provisurum,
3297 807 3354 851 ut
3384 813 3572 851 omnes
3603 813 3710 851 non

2127 901 2222 940 sua
2248 886 2477 940 audeant
2504 902 2766 956 quzerere,
2793 887 2884 943 sed
2909 905 3024 959 qua:
3061 897 3185 943 sunt
3219 888 3422 944 Christi
3460 889 3714 944 studeant

2127 977 2391 1032 obtinere.
2428 977 2567 1033 Deus
2622 987 2672 1034 te
2704 979 3024 1036 incolumem
3073 981 3378 1049 custodiat,
3426 981 3590 1038 frater
3625 995 3715 1037 ca-

2127 1068 2360 1124 tissime.

2684 1163 3012 1221 EPISTOLA
3055 1163 3167 1219 VII.

2513 1271 2690 1310 HILARI
2729 1271 2873 1310 PAPE
2912 1271 2980 1309 AD
3025 1270 3311 1310 LEONTIUH.

2130 1365 2309 1437 Monet
2343 1375 2396 1419 ut
2424 1366 2720 1420 relationem
2745 1370 2910 1420 mittat
2954 1369 3016 1421 de
3050 1367 3240 1423 Hernte
3266 1408 3281 1432 ,
3331 1367 3418 1437 qui
3467 1355 3710 1422 Ecclesiae

2220 1436 2574 1491 Narbonensis
2621 1439 2971 1508 episcopatum
3020 1449 3202 1493 temere
3249 1455 3524 1508 usurpasse
3575 1441 3709 1493 dieeo

2228 1508 2396 1561 batur.
2929 1535 2934 1539 -

2306 1620 2669 1676 Dilectissimo
2695 1622 2842 1676 fratri
2866 1621 3091 1702 Leontio
3119 1621 3332 1677 Hilarus
3357 1636 3518 1692 papa.

2201 1712 2454 1769 Miramur
2497 1714 2889 1770 fraternitatem
2937 1724 3078 1769 tuam
3127 1717 3196 1771 ita
3242 1715 3378 1785 legis
3425 1714 3706 1770 catholicze

443 1812 496 1864 iu
529 1825 621 1864 ore
651 1811 867 1865 fortium
897 1821 1306 1882 concrepantes,
1341 1821 1393 1866 et
1415 1827 1510 1881 per
1545 1812 1816 1881 lampades
1857 1813 1908 1865 in
1949 1825 2036 1865 ro-
2066 1806 2116 1866 B
2142 1804 2510 1861 immemorem
2541 1821 2681 1875 esse,
2708 1816 2765 1860 ut
2788 1821 3011 1877 qumque
3042 1806 3242 1876 iniqua,
3290 1815 3344 1861 et
3383 1816 3571 1861 contra
3611 1807 3711 1860 Pa—

441 1903 598 1958 busta
629 1918 787 1958 manu
818 1905 1042 1974 agitatas
1075 1915 1129 1959 et
1156 1905 1460 1971 ventilatas,
1492 1904 1806 1959 maledictos
1839 1920 2024 1958 muros

442 1994 654 2049 Jerieho
678 1995 788 2063 jam
815 1997 976 2050 toties
1000 1995 1476 2051 anathematizatos
1507 2005 1560 2050 et
1582 2004 1862 2064 quassatos
1899 2010 2024 2049 san-

442 2087 599 2140 ctitas
631 2095 719 2140 tua
757 2086 917 2142 faciat
946 2097 1308 2157 prosternere.
1339 2087 1605 2142 Caeterum
1632 2103 1752 2141 cum
1782 2087 2023 2143 Ecclesia

442 2187 629 2238 nostra
654 2178 985 2234 Arelatensis
1011 2194 1226 2248 semper
1247 2182 1313 2234 ab
1335 2179 1631 2248 apostolica
1666 2179 1795 2234 sede
1830 2179 2021 2248 amplis

441 2268 714 2322 favoribus
767 2278 823 2324 et
862 2271 1154 2340 privilegiis
1204 2270 1364 2324 fuerit
1415 2269 1710 2333 decorata;
1775 2284 2022 2338 rogamus

441 2363 780 2417 sanctitatem
811 2371 953 2417 tuam
994 2372 1051 2417 ut
1099 2377 1194 2432 per
1242 2377 1358 2416 eam
1404 2361 1534 2417 nihil
1582 2362 1735 2416 nobis
1777 2361 2021 2430 decedat,

443 2454 539 2508 sed
569 2456 743 2522 patius
771 2466 1050 2524 augeatur,
1080 2465 1138 2508 ut
1157 2465 1211 2510 ct
1237 2455 1569 2510 collaborare
1590 2464 1762 2510 tecum
1795 2455 1845 2509 in
1869 2456 2023 2510 vinea

441 2548 655 2602 Domini
687 2549 780 2603 Dei
807 2549 1049 2604 Sabaoth
1073 2550 1366 2613 valeamus,
1401 2558 1454 2602 et
1479 2549 1780 2603 invidorum
1801 2557 2024 2602 conatus

443 2640 732 2708 infringere
757 2657 768 2693 :
795 2655 951 2708 quos,
981 2641 1026 2695 si
1071 2655 1178 2695 non
1208 2651 1352 2696 esset
1382 2642 1674 2696 auctoritas
1704 2642 2022 2711 reprimens,

443 2740 648 2786 certum
670 2743 754 2788 est
783 2733 851 2787 de
880 2733 969 2788 die
991 2733 1044 2788 in
1073 2734 1215 2789 diem
1246 2744 1589 2804 grassaturos
1619 2735 1672 2788 in
1703 2734 1874 2804 pejus,
1901 2732 2021 2803 quia

444 2823 645 2877 malitia
686 2840 787 2893 qua
823 2841 921 2880 nos
947 2827 1194 2891 oderunt,
1227 2826 1467 2884 ascendit
1499 2841 1732 2897 semper.
1767 2825 1884 2881 Dat.
1928 2827 2026 2882 Se-

444 2928 575 2969 vero
602 2917 739 2986 Aug.
768 2932 880 2973 cos.

986 3055 1316 3110 EPISTOLA
1350 3055 1439 3111 Vl.

845 3184 1020 3222 IIILARI
1046 3186 1189 3225 PAPAZ
1218 3187 1284 3224 AD
1316 3186 1606 3226 LEONTIUM.

447 3281 739 3350 Respondet
759 3281 826 3332 ad
845 3281 1050 3352 litteras
1079 3282 1298 3346 Leontii,
1322 3297 1449 3351 quas
1465 3283 1747 3350 scripserat
1762 3297 1876 3334 cum
1891 3295 2023 3352 pra:-

550 3349 808 3404 Cedentem
835 3349 1029 3404 Hilarii
1055 3353 1322 3419 epistolam
1336 3349 1579 3405 nondum
1620 3349 1915 3422 accepisset.

622 3465 979 3547 Dilectissimo
1009 3466 1157 3520 fratri
1198 3464 1420 3522 Leontio
1450 3467 1663 3522 Hilarus
1689 3482 1844 3536 papa.

516 3567 800 3623 Dilectioni
816 3579 973 3631 meae;
987 3580 1105 3635 quas
1118 3566 1260 3620 circa
1274 3567 1542 3623 Ecclesias
1565 3568 1890 3635 Gallicanas,
1908 3583 2025 3623 om-

448 3679 649 3734 nesque
674 3663 730 3718 in
758 3663 836 3718 eis
861 3662 1072 3718 Domini
1101 3661 1408 3718 sacerdotes
1429 3702 1447 3728 ,
1493 3662 1652 3716 etiam
1694 3662 1745 3716 in
1786 3661 2026 3717 inferiori

448 3757 614 3826 gradu
640 3754 865 3824 positos,
897 3755 1153 3823 abundat,
1193 3755 1418 3810 multum
1459 3755 1668 3810 accedit
1709 3755 2023 3825 augmenti,

447 3849 588 3918 quod
619 3862 713 3918 per
740 3848 913 3901 virum
962 3846 1309 3916 spectabilem
1359 3846 1653 3916 Pappolum
1705 3845 1870 3900 ﬁlium
1928 3861 2027 3900 no-

446 3949 614 3994 strum
647 3939 910 3994 sermonis
936 3939 1011 3993 tui
1034 3938 1100 3992 ad
1128 3953 1214 3993 me
1234 3947 1364 3994 sunt
1391 3938 1567 3992 delata
1605 3938 1890 4007 principia.
1940 3936 2025 3991 Ex

446 4046 552 4101 quo
582 4040 759 4087 tamen
797 4031 1059 4102 conjicio,
1097 4032 1342 4102 paginam
1374 4037 1594 4098 fmeam,
1629 4045 1787 4102 quam
1823 4030 2024 4085 dudum

446 4127 514 4178 de
541 4125 881 4193 episcopatus
910 4127 1016 4178 mei
1038 4124 1345 4194 primordiis
1375 4125 1519 4188 misi,
1570 4139 1669 4178 nec
1703 4125 1829 4177 dum
1859 4124 2028 4178 tradi-

447 4226 554 4269 tam
586 4216 680 4268 tibi
705 4215 870 4269 fuisse
898 4229 1020 4269 cum
1049 4215 1317 4269 scriberes
1350 4232 1365 4267 :
1414 4215 1481 4268 de
1524 4229 1628 4282 qua
1684 4216 1866 4281 utique
1917 4227 2025 4265 non

447 4307 711 4373 siluisses,
766 4305 868 4359 nisi
915 4304 1242 4373 perlaturum
1298 4304 1472 4372 aliqua
1522 4317 1681 4357 causa
1738 4303 2024 4356 tardasset.

449 4396 604 4452 Unde
631 4395 774 4464 quod
807 4404 863 4450 et
900 4396 1232 4450 consuetudo
1257 4394 1515 4465 poscebat
1546 4402 1601 4449 et
1628 4394 1860 4457 caritas,
1888 4393 2027 4462 jam-

447 4488 656 4557 pridem
681 4503 768 4542 me
795 4497 1104 4543 exsecutum
1137 4486 1304 4542 fuisse
1340 4486 1615 4556 signiﬁco,
1667 4496 1722 4540 et
1757 4484 1860 4539 hoc
1894 4482 2029 4553 ipsis

2130 1907 2272 1954 trum
2306 1909 2612 1954 nostrorum
2656 1907 2886 1964 statuta,
2919 1900 2969 1954 in
3008 1899 3281 1970 provincia
3325 1914 3443 1968 quas
3483 1899 3549 1954 ad
3599 1913 3711 1953 mo.

2129 1990 2402 2045 narchiam
2433 2000 2575 2046 tuam
2605 1992 2858 2061 pertinet,
2888 1991 2934 2045 si
2963 1989 3078 2060 ipse
3095 1999 3185 2045 aut
3204 2005 3311 2044 non
3341 1990 3446 2055 vis,
3475 1999 3568 2044 aut
3606 2005 3713 2045 non

2129 2092 2304 2150 potes,
2324 2082 2484 2138 etiam
2514 2098 2613 2137 nec
2640 2098 2737 2137 nos
2765 2083 2965 2137 silentii
2995 2082 3072 2136 tui
3105 2082 3465 2136 taciturnitate
3491 2082 3714 2151 permit-

2129 2181 2212 2227 tas
2232 2173 2527 2242 corrigere.
2556 2172 2828 2243 Siquidem
2851 2172 2993 2243 quod
3020 2181 3075 2227 et
3104 2187 3321 2228 rumore
3341 2173 3713 2242 cognovimus,

2129 2273 2184 2319 et
2211 2274 2465 2333 quantum
2489 2264 2772 2335 diligenter
2798 2280 2827 2318 a
2848 2263 3076 2318 diacono
3105 2263 3311 2318 Joanne
3335 2303 3352 2329 ,
3386 2264 3477 2333 qui
3522 2277 3553 2318 a
3602 2277 3716 2317 ma-

2129 2354 2327 2425 gniﬁco
2353 2355 2468 2409 viro
2512 2355 2620 2410 ﬁlio
2665 2361 2851 2410 nostro
2881 2353 3154 2409 Friderico
3182 2353 3375 2410 litterh
3405 2355 3520 2409 suis
3562 2353 3713 2407 nobis

2130 2445 2433 2499 insinuatus
2453 2454 2558 2511 est,
2590 2445 2991 2514 requisivimus,
3024 2445 3164 2515 quod
3195 2445 3524 2515 iniquissima
3555 2459 3716 2498 usura

2130 2537 2348 2607 patione
2374 2538 2588 2608 quidam
2621 2537 2846 2593 Hermes
2869 2541 3234 2608 episcopatum
3257 2538 3489 2592 civitatis
3518 2538 3719 2592 Narbo-

2131 2631 2314 2685 nensis
2360 2629 2681 2685 exsecrabili
2736 2631 3040 2686 temeritate
3089 2631 3511 2700 prtesumpserit.
3546 2629 3717 2698 Quam

2131 2737 2246 2778 rem
2278 2721 2530 2778 decuerat
2551 2723 2889 2780 sanctitatem
2920 2733 3063 2778 tuam
3093 2733 3151 2778 ut
3182 2724 3335 2780 nobis
3391 2726 3442 2780 in
3494 2725 3717 2794 vestigia

2131 2813 2419 2870 indicaret.
2451 2814 2564 2883 Qua
2587 2814 2653 2870 de
2685 2830 2764 2882 re,
2791 2815 2958 2870 frater
2978 2814 3257 2870 carissime
3277 2858 3292 2883 ,
3324 2830 3632 2880 monemus,
3665 2824 3718 2870 ut

2131 2907 2178 2961 si
2206 2905 2338 2961 fides
2370 2906 2692 2962 adhibeatur
2712 2905 2956 2974 assertis,
2987 2906 3220 2975 seposita
3249 2908 3628 2973 excusatione,
3653 2905 3720 2962 ad

2137 3013 2237 3052 nos
2268 3007 2372 3052 tam
2405 3007 2511 3052 tum
2541 2999 2866 3068 dilectionis,
2906 3013 3065 3068 quam
3106 2997 3324 3052 fratrum
3368 3006 3677 3052 nostrorum
3699 3039 3718 3065 ,

2131 3100 2224 3144 aut
2273 3106 2367 3157 per
2413 3092 2728 3160 portitorem
2769 3091 3100 3157 litterarum,
3148 3099 3240 3144 aut
3268 3105 3364 3160 per
3407 3106 3568 3162 quem
3617 3091 3718 3161 ipsi

2053 3181 2102 3245 C
2131 3181 2420 3249 elegeritis,
2455 3181 2805 3250 subscriptam
2842 3195 3095 3235 manuum
3133 3189 3430 3235 vestrarum
3479 3181 3708 3235 relatio-

2130 3286 2254 3327 nem
2287 3271 2689 3335 transmittatis;
2715 3280 2772 3325 ut
2796 3271 2938 3341 quod
2968 3269 3194 3327 deﬁnire
3234 3270 3501 3339 possimus
3529 3285 3717 3326 recur-

2130 3364 2268 3420 renti
2299 3363 2485 3433 pagina
2514 3364 2727 3433 possitis
2753 3376 3066 3432 agnoscere.
3103 3363 3243 3417 Deus
3288 3371 3339 3417 te
3393 3361 3716 3417 incolumem

2131 3455 2417 3522 custodiat,
2444 3454 2606 3510 frater
2627 3455 2925 3510 carissime.
2957 3455 3087 3509 Data
3118 3469 3175 3509 ιιι
3207 3468 3376 3511 nonas
3404 3452 3723 3510 Novembris

2135 3550 2300 3619 (anno
2327 3545 2454 3602 Chr.
2479 3547 2608 3602 circ.
2632 3546 2786 3615 462).

2674 3682 3005 3739 EPIITOLA
3043 3683 3179 3739 Vill.

2134 3790 2313 3831 ιιιιιιιιι
2353 3789 2498 3829 ΡΔΡᾸΞ
2525 3790 2592 3829 ιι)
2627 3788 2903 3830 εριεεοροε
2953 3789 3288 3830 DIVERSARUH
3332 3779 3716 3832 Ριιονικοιλιιυιί

2855 3860 3084 3901 ϐΑιωΔῑ.

2134 3934 2186 3990 1.
2217 3934 2442 4009 Hermen
2475 3935 2802 4009 Narbonensi
2834 3934 3078 4009 Ecclesia:
3105 3937 3383 4006 praesidere
3412 3939 3485 3992 ita
3510 3938 3718 4009 permit-

2210 4007 2289 4067 tit,
2314 4017 2368 4060 ut
2390 4007 2794 4060 ordinandorum
2813 4008 3165 4077 episc0porum
3181 4018 3355 4060 careat
3385 4007 3649 4075 potestate.

2135 4075 2224 4130 11.
2260 4077 2328 4131 Ut
2350 4075 2861 4150 conciliaguotannis
2892 4075 3018 4144 ﬁant
3039 4094 3103 4130 ea:
3130 4079 3307 4146 quibus
3333 4080 3606 4146 provinciis
3632 4095 3720 4150 po-

2211 4158 2399 4216 terunt,
2431 4160 2476 4201 et
2507 4165 2538 4200 a
2570 4148 2781 4200 Leontio
2810 4156 3168 4216 conuocentur.

2137 4214 2234 4266 Ill
2243 4253 2258 4287 τ
2291 4217 2360 4287 Ut
2384 4214 2493 4269 sine
2511 4216 2887 4287 metropolitani
2909 4214 3089 4271 litteris
3110 4217 3337 4286 episwpi
3355 4217 3408 4270 in
3428 4216 3584 4268 aliam
3599 4233 3718 4287 pro.

2207 4286 2423 4336 vinciam
2444 4301 2547 4337 non
2577 4285 2985 4353 proﬁciscantur.
3015 4286 3162 4351 Quod
3207 4287 3254 4339 si
3284 4285 3386 4340 eas
3441 4285 3718 4354 impetrare

2211 4370 2312 4432 non
2336 4363 2589 4422 poterunt,
2620 4371 2832 4410 causam
2863 4357 3105 4411 discutiet
3143 4357 3410 4427 episcopus
3451 4355 3721 4412 Arelaten-

2140 4491 2170 4545 1
2183 4491 2248 4569 V_.
2282 4493 2359 4547 De
2383 4495 2641 4569 parocliiis
2660 4494 2913 4569 AEcclesiaz
2941 4498 3270 4564 Arelatensis,
3315 4515 3442 4568 quas
3469 4498 3722 4569 repetebat

446 4579 746 4633 litterarum
777 4577 1192 4648 exemplaribus,
1224 4592 1344 4647 quae
1377 4577 1570 4642 direxi,
1610 4577 1822 4645 plenius
1863 4590 2027 4631 nosse

2150 4633 2193 4648 ν
2212 4557 2476 4648 Leontius,
2495 4566 2764 4648 iudiciuin
2784 4557 3399 4648 aii-episcoposuremitlit.

448 4683 548 4722 vos
576 4668 772 4737 cupio;
802 4677 859 4722 ut
901 4669 1078 4723 ofﬁcio
1119 4668 1358 4722 fraterno
1407 4665 1477 4720 in»
1516 4667 1662 4721 nullo
1715 4666 2028 4738 intelligatis

446 4760 614 4813 tuisse
636 4775 721 4815 me
748 4759 1005 4824 desidem,
1038 4770 1093 4815 et
1121 4760 1191 4814 ita
1212 4761 1446 4814 vicissim
1479 4758 1881 4829 frequentandis
1907 4769 2026 4815 stu-
2057 4764 2059 4768 ’

446 4851 668 4906 deamus
697 4851 968 4921 alloquiis,
992 4860 1050 4905 ut
1074 4851 1244 4906 vicem
1275 4851 1430 4906 nobis
1460 4854 1760 4906 communis
1789 4867 2028 4921 praesen-

446 4946 536 5000 tiat
563 4944 832 5000 scribendi
857 4958 985 4998 cura
1029 4953 1363 5014 compenset,
1396 4943 1560 4999 frater
1600 4944 1902 4999 carissime.
1930 4943 2026 4997 Af-
2063 4941 2071 4973 ’

446 5039 615 5092 fectus
645 5036 823 5105 itaque
853 5036 927 5089 tui
953 5037 1178 5104 gratiam
1205 5036 1382 5105 perire
1418 5051 1525 5090 non
1555 5050 1742 5106 passus
1770 5050 1846 5103 es,
1880 5036 2024 5105 quod
2073 5056 2078 5067 ί

445 5128 494 5182 ei
535 5125 860 5181 sollicitudni
893 5126 1160 5181 intentum
1188 5133 1242 5180 te
1265 5140 1388 5180 esse
1416 5140 1682 5196 cognosco
1702 5169 1718 5192 ,
1747 5137 1804 5181 ut
1839 5135 2030 5182 custo-
2071 5185 2077 5188 ,

446 5218 628 5274 diendi
656 5227 997 5286 paternorum
1026 5232 1292 5272 canonum
1323 5218 1518 5286 regulis
1548 5217 1769 5274 studere
1808 5235 1895 5274 me
1934 5233 2034 5274 cu-

447 5311 582 5378 pias.
613 5308 729 5376 Quo
766 5307 1032 5363 desiderio
1075 5308 1208 5364 nihil
1247 5309 1454 5379 concipi
1497 5310 1762 5365 salubrius
1802 5319 2026 5380 potest,

444 5416 604 5470 quam
637 5407 696 5452 ut
723 5399 777 5453 in
807 5414 911 5454 una
934 5399 1175 5454 Ecclesia
1198 5440 1213 5464 ,
1255 5400 1341 5455 cui
1392 5409 1604 5469 oportet
1652 5417 1751 5457 nec
1799 5404 2031 5488 macuue

444 5490 642 5561 aliquid
675 5491 873 5555 inesse,
898 5504 996 5544 nec
1026 5505 1206 5560 rugae;
1232 5506 1336 5544 una
1374 5491 1439 5545 sit
1475 5491 1528 5544 in
1560 5494 1806 5547 omnibus
1841 5493 2035 5548 obser-

446 5583 587 5636 vatio
629 5581 945 5648 disciplinm.
977 5579 1073 5634 Cui
1113 5582 1157 5635 si
1196 5581 1393 5651 aliquid
1432 5582 1750 5637 eruditionis
1781 5593 1874 5638 aut
1908 5598 2035 5638 cor-

449 5673 708 5740 reptionis
735 5669 1038 5726 addendum
1064 5680 1168 5738 est,
1202 5672 1501 5728 rectissime
1525 5689 1618 5742 per
1649 5684 1880 5729 vestram
1905 5675 2036 5729 dili-

458 5762 688 5832 gentiam
741 5762 1069 5832 consuletur,
1125 5765 1170 5821 si
1213 5764 1662 5840 quemadmodum
1701 5781 1760 5820 es
1785 5767 2038 5898 dignata;

1965 5933 1990 5951 4⁵

2150 4633 2212 4690 ιν.
2263 4633 2928 4711 Utprwd'iauecclesiastica
2959 4633 3062 4693 non
3099 4640 3413 4711 alienentur,
3448 4640 3550 4694 nisi
3583 4642 3722 4711 apud

2211 4707 2485 4760 concilium
2513 4707 2837 4763 alienationis
2866 4725 3020 4763 causa
3039 4713 3182 4782 prius
3211 4707 3474 4766 doceatur.

2088 4819 2092 4823 <
2140 4797 2513 4872 Dilectissimis
2542 4799 2803 4872 fratribus
2840 4800 3109 4870 episcopis
3135 4802 3425 4872 provinciae
3452 4802 3721 4857 Viennen-
3814 4835 3820 4846 ο

2210 4868 2309 4933 sis,
2340 4869 2729 4940 Lugdunensis,
2761 4868 3121 4927 Narbonensis
3136 4868 3329 4940 prima:
3361 4883 3416 4928 et
3438 4873 3720 4938 secundas,

2206 4949 2260 4994 et
2289 4939 2500 5008 Alpium
2530 4941 2867 4995 Poeninarum
2899 4939 3300 5014 [Penninarum]
3325 4984 3340 5013 ,
3369 4943 3582 5000 Hilarus
3607 4943 3724 5015 epi-

2210 5024 2425 5079 scapus.

2215 5124 2529 5194 Quanquam
2558 5123 2802 5178 notitiam
2825 5123 3129 5180 dilectionis
3174 5136 3368 5182 vestrae
3406 5137 3599 5195 quanta
3636 5125 3724 5180 vel

2143 5213 2321 5284 qualia
2346 5215 2396 5268 in
2430 5214 2763 5271 Narbonensi
2809 5230 2871 5270 ac
2905 5216 3202 5271 Biterrensi
3243 5217 3479 5271 Ecclesia
3523 5217 3723 5271 dudum
3793 5225 3800 5234 ‘

2140 5309 2249 5362 sint
2273 5307 2504 5362 admissa
2531 5323 2636 5362 non
2669 5309 2890 5375 lateant,
2922 5320 2975 5364 et
2999 5313 3427 5380 praesumptionis
3465 5309 3720 5380 improbi-

2141 5410 2226 5454 tas
2255 5401 2320 5456 ad
2354 5416 2452 5456 nos
2475 5416 2642 5471 usque
2671 5403 2992 5473 perveniens
3015 5405 3200 5474 procul
3230 5404 3392 5460 dubio
3416 5403 3726 5473 regionibus

2144 5493 2426 5548 manifesta
2456 5495 2527 5547 sit
2549 5495 3180 5566 Callicanis,apostolica:
3201 5506 3377 5552 tamen
3402 5494 3724 5551 sollicitudi-

2144 5585 2229 5641 nis
2265 5586 2487 5641 interest
2532 5588 2717 5656 culpas
2759 5589 2809 5643 in
2855 5598 3037 5645 nostro
3085 5591 3445 5660 deprehensas
3483 5589 3726 5646 examine

2106 5723 2111 5727 .
2147 5691 2255 5728 non
2288 5686 2500 5743 tacere;
2527 5695 2594 5733 ne
2617 5694 2713 5748 per
2736 5681 3085 5750 incongruum
3107 5683 3375 5738 silentium
3405 5698 3524 5738 eum
3548 5683 3727 5750 iniqua

2149 5770 2431 5836 agentibus
2457 5770 2654 5826 habere
2691 5772 2971 5830 videamur
3007 5776 3360 5837 conniventiae
3400 5776 3723 5849 portionem.
