4080 6350
345 361 412 422 es
1731 356 2063 416 EPISTOLA
2108 361 2240 418 vm.
3555 367 3625 427 go

349 477 485 530 Olim
509 474 669 544 igitur
689 471 900 528 urbium
925 471 1181 542 praesides
1203 469 1577 541 praedictarum
1601 479 1804 525 sancta
1826 486 1939 526 me-
1965 478 2017 535 Λ
2045 474 2192 540 dum,
2224 488 2291 527 ne
2319 487 2492 539 error,
2518 489 2676 544 quem
2703 475 2920 544 juvante
2940 476 3157 533 Christo
3187 477 3415 534 Domino
3439 491 3625 536 nostro

351 567 535 621 marite
564 565 842 620 decessori
867 580 989 620 meo
1015 579 1122 619 non
1149 565 1325 618 minus
1350 577 1509 633 quam
1551 562 1704 618 nobis
1725 603 1742 630 ,
1777 565 1938 618 etiam

351 668 475 712 tunc
505 658 800 712 attulerunt
821 655 1042 719 doloris,
1076 654 1278 710 illicitis
1308 653 1657 724 petitionibus
1690 655 1941 710 audendo

350 750 630 820 prosequi,
662 748 804 817 quod
835 749 923 802 vix
953 747 1092 818 apud
1118 747 1430 817 patientiam
1454 754 1694 802 nostram
1715 747 1828 801 sola
1855 763 1942 802 ne-

351 843 664 899 cessitatum
687 844 860 913 potuit
887 841 1258 909 deploratione
1299 840 1483 898 leniri.
1519 840 1723 906 Quibus
1753 840 1896 895 enim
1920 880 1937 906 ,

352 936 492 990 sicut
522 936 682 989 etiam
712 949 808 988 vos
836 933 1096 1003 probatis,
1132 932 1325 987 factum
1376 942 1588 987 constat
1632 931 1892 1001 exemplis
1920 971 1938 999 ,

351 1037 409 1082 et
439 1044 540 1098 qua
570 1043 677 1082 non
702 1026 1074 1096 objurgatione
1103 1023 1474 1095 dignissimum
1496 1033 1610 1091 est,
1644 1024 1784 1094 quod
1817 1037 1942 1078 san-

349 1131 561 1176 ciorum
588 1120 807 1174 Patrum
837 1119 1095 1183 decretis,
1121 1126 1177 1173 et
1206 1119 1335 1186 ipsis
1376 1126 1636 1189 repugnat
1672 1131 1939 1172 canonum

352 1215 653 1270 institutis?
673 1229 794 1268 cum
824 1213 944 1268 ideo
965 1229 1025 1267 se
1047 1211 1209 1267 frater
1225 1213 1336 1280 jam
1363 1221 1416 1266 et
1445 1212 1796 1281 coepiscopus
1843 1225 1943 1266 no-

357 1317 477 1362 ster
507 1307 730 1362 Hermes
761 1320 791 1359 a
818 1304 1150 1359 Narbonensi
1187 1303 1419 1358 Ecclesia
1446 1302 1671 1358 credidit
1700 1302 1821 1371 jure
1849 1316 1943 1355 su-

350 1398 489 1466 scipi
513 1441 528 1464 ,
562 1397 683 1466 quia
718 1396 930 1464 indigne
958 1409 988 1448 a
1034 1393 1462 1457 Biterrensibus,
1501 1393 1692 1462 quibus
1721 1391 1939 1446 ordina-

353 1503 442 1545 tus
464 1501 569 1555 est,
597 1489 810 1544 dicebat
837 1488 1068 1543 excludi.
1101 1487 1202 1554 Qui
1229 1488 1272 1540 si
1297 1501 1424 1541 vere
1452 1485 1554 1540 hoc
1575 1485 1626 1540 in
1650 1500 1708 1540 se
1739 1484 1937 1539 factum

351 1582 582 1646 doleret,
616 1589 670 1636 et
699 1580 939 1649 legitimo
962 1579 1201 1634 remedio
1231 1577 1518 1632 subvenire
1549 1576 1778 1647 propriae
1806 1575 1943 1630 scis-

352 1680 439 1725 set
466 1671 706 1740 injuriae,
737 1669 1025 1723 vindictam
1058 1667 1230 1738 magis
1256 1667 1442 1722 debuit
1469 1683 1689 1737 sperare
1722 1681 1940 1737 perpes-

351 1764 452 1828 sis,
479 1777 648 1832 quam
671 1762 881 1815 veniam
903 1761 1244 1830 perpetratis.
1259 1760 1499 1830 Denique
1519 1760 1564 1814 si
1588 1776 1728 1815 nunc
1750 1759 1939 1816 saltem

2047 574 2216 635 nup‘er
2243 565 2600 632 abolevimus,
2625 577 2715 621 aut
2743 569 2794 622 in
2824 569 3060 636 similes,
3093 578 3185 623 aut
3221 571 3275 625 in
3316 585 3484 626 novos
3515 586 3619 626 un-

2045 671 2206 726 quam
2235 657 2452 726 prodire
2476 657 2647 726 possit
2667 672 2938 715 excessus.
2961 659 3114 726 Quod
3133 660 3315 731 utique
3340 676 3445 716 non
3469 662 3626 718 aliter

2043 750 2242 820 poterit
2268 751 2582 820 praecaveri,
2615 750 2716 805 nisi
2736 759 2933 806 statuta
2981 753 3412 810 venerandorum
3460 770 3626 811 cano-

2046 857 2173 896 num
2201 843 2254 897 in
2281 843 2538 900 faciendis
2563 843 2936 910 conventibus,
2985 860 3120 915 quos
3165 848 3424 904 hactenus
3451 849 3624 904 omitti

2045 935 2344 990 fecitcerta
2366 938 2682 1003 necessitas,
2716 952 3112 1007 exsequamur:
3156 938 3212 994 in
3263 940 3454 1010 quibus
3500 955 3628 1011 pos-

2044 1029 2168 1093 sint,
2201 1043 2301 1098 pro
2320 1028 2709 1098 emergentium
2741 1028 3064 1084 necessitate
3083 1043 3360 1085 causarum
3386 1073 3402 1099 ,
3433 1028 3499 1086 ad
3535 1046 3628 1086 ec-

2046 1119 2368 1174 clesiasticae
2408 1119 2803 1174 observantiam
2838 1118 3135 1188 disciplinae
3158 1163 3174 1188 ,
3207 1129 3263 1175 et
3304 1134 3424 1190 quae
3473 1135 3629 1176 secus

2045 1210 2185 1266 facta
2219 1211 2438 1278 fuerint,
2467 1213 2688 1282 corrigi,
2717 1221 2771 1268 et
2796 1212 3072 1282 sequenda
3096 1213 3368 1268 constitui.

2113 1304 2177 1358 11.
2210 1305 2313 1359 Per
2335 1318 2504 1359 annos
2525 1304 2704 1375 itaque
2733 1305 2976 1374 singulos
2995 1346 3009 1369 ,
3037 1319 3104 1360 ex
3126 1303 3416 1375 provinciis
3437 1303 3630 1373 quibus

2045 1400 2299 1472 potuerit,
2324 1399 2658 1469 congregari,
2681 1397 2940 1454 habeatur
2961 1397 3270 1467 episcopale
3297 1396 3583 1451 concilium
3611 1414 3626 1450 :

2046 1493 2119 1547 ita
2151 1500 2210 1546 ut
2234 1493 2548 1561 opportunis
2575 1492 2710 1546 locis
2739 1497 2897 1561 atque
2923 1490 3260 1557 temporibus
3283 1531 3299 1556 ,
3333 1488 3626 1545 secundum

2044 1585 2449 1654 diSpositionem
2477 1585 2658 1639 fratris
2681 1592 2735 1639 et
2758 1583 3063 1653 coepiscopi
3088 1583 3260 1637 nostri
3291 1580 3520 1646 Leontii,
3544 1580 3630 1636 cui

2043 1675 2458 1733 sollicitudinem
2513 1675 2567 1730 in
2619 1674 3006 1745 congregandis
3056 1673 3309 1728 fratribus
3361 1673 3628 1742 delegavi-

2044 1786 2186 1836 mus,
2207 1768 2632 1838 metropolitanis
2656 1783 2749 1838 per
2777 1767 2982 1821 litteras
3014 1765 3128 1835 ejus
3150 1763 3460 1832 admonitis,
3489 1764 3633 1819 cele-

350 1855 630 1909 communi
659 1853 898 1907 omnium
931 1854 1146 1907 Domini
1168 1851 1509 1907 sacerdotum
1539 1861 1718 1906 utatur
1741 1853 1939 1919 animo,

2053 1864 2240 1918 bretur
2277 1881 2289 1914 :
2321 1870 2380 1915 ut
2407 1862 2451 1917 si
2480 1861 2606 1932 quid
2633 1875 2854 1930 usquam
2881 1859 2967 1914 vel
2998 1859 3050 1913 in
3073 1858 3386 1914 ordinandis
3421 1858 3630 1928 episco-

352 1948 400 2002 si
428 1949 664 2000 imitetur
688 1947 1017 2014 exemplum,
1055 1945 1102 1999 si
1133 1944 1199 1998 ad
1242 1944 1355 1999 haec
1399 1960 1518 2016 qum
1555 1945 1938 2000 ecclesiastica

351 2041 552 2110 quietis
579 2038 1032 2109 contemplatione
1059 2045 1330 2107 utcunque
1360 2037 1532 2105 sopita
1563 2046 1685 2091 sunt
1711 2078 1726 2102 ,
1769 2037 1952 2101 oculis,

355 2134 536 2189 cordis
567 2132 829 2198 intendat,
857 2139 911 2185 et
939 2146 1037 2200 pro
1058 2132 1221 2186 totius
1249 2130 1506 2186 Ecclesiae
1533 2131 1786 2200 pace,vel
1812 2130 1937 2196 fide,

351 2242 473 2297 quae
506 2236 633 2280 sunt
660 2225 1028 2295 multipliciter
1068 2232 1243 2279 errata
1289 2222 1594 2278 consideret
1639 2241 1652 2276 :
1701 2222 1831 2278 nihil
1858 2231 1941 2278 est

350 2319 598 2388 profecto
621 2317 762 2388 quod
793 2331 899 2372 non
923 2316 1082 2371 etiam
1126 2316 1243 2385 ipse
1285 2315 1678 2386 reprehendat,
1728 2325 1782 2370 et
1819 2330 1943 2371 eru-

353 2413 536 2465 hescat
557 2409 662 2464 sibi
686 2407 848 2463 annui
880 2407 1022 2476 quod
1065 2409 1117 2462 in
1145 2407 1318 2462 altero
1356 2407 1697 2461 laudabiliter
1736 2407 1937 2476 impro-

349 2502 510 2557 barit.
544 2501 756 2556 Scimus
787 2500 954 2564 enim,
1001 2507 1054 2554 et
1078 2498 1283 2567 jamdiu
1329 2497 1398 2552 de
1440 2497 1720 2553 memorati
1763 2488 1941 2553 fratris

349 2595 764 2650 conversatione
792 2593 921 2648 nihil
954 2591 1212 2647 habemus
1248 2591 1564 2661 ambiguum
1591 2630 1606 2657 ,
1641 2605 1762 2645 cum
1791 2599 1942 2646 ante-

347 2699 486 2743 actae
511 2687 634 2742 vita:
660 2686 827 2756 ipsius
849 2700 1086 2750 cursum,
1117 2691 1174 2738 et
1207 2693 1353 2738 retro
1381 2685 1739 2753 antepositum
1770 2682 1943 2754 [omne

347 2777 690 2849 propositum]
752 2786 937 2834 nostro
981 2777 1327 2832 revolventes
1372 2775 1580 2842 animo,
1615 2774 1717 2829 bos
1757 2775 1942 2841 illum,

348 2882 495 2940 quos
520 2871 573 2924 in
602 2883 665 2924 eo
684 2869 979 2939 arguimus,
1011 2867 1304 2922 incurrisse
1325 2867 1522 2937 petius,
1539 2881 1698 2937 quam
1722 2866 1938 2934 fecisse,

350 2962 684 3015 aestimamus
711 2973 991 3015 excessus.
1018 2958 1096 3014 De
1125 2957 1321 3029 quibus
1349 2959 1673 3029 praesidente
1712 2958 1937 3013 fratrum

347 3066 647 3108 numeroso
673 3053 924 3116 concilio,
955 3058 1010 3106 et
1034 3066 1100 3106 ex
1129 3051 1359 3106 diversis
1387 3049 1678 3120 provinciis
1707 3049 1773 3104 ad
1795 3048 1936 3104 diem

346 3148 550 3204 natalis
607 3151 771 3203 nostri
823 3149 880 3203 in
935 3146 1195 3203 honorem
1225 3146 1367 3202 beati
1407 3145 1550 3201 Petri
1579 3145 1809 3214 apostoli
1839 3159 1937 3215 per

345 3241 453 3295 Dei
477 3240 700 3310 gratiam
739 3247 1094 3309 congregato,
1127 3238 1537 3308 praesidentibus
1587 3237 1838 3293 fratribus
1883 3243 1939 3292 et
1964 3228 2010 3293 C

346 3331 689 3402 coepiscopis
713 3332 911 3387 nostris
927 3330 1137 3386 Fausto
1166 3341 1217 3386 et
1247 3331 1514 3398 Auxanio,
1543 3337 1701 3401 atque
1725 3327 1936 3399 agenti-

346 3424 456 3478 bus
484 3423 747 3493 plurimis,
779 3436 899 3493 quaa
925 3423 1164 3492 vigorem
1203 3422 1492 3492 respiciunt
1535 3420 1938 3476 auctoritatem-

347 3530 459 3585 que
493 3514 697 3584 judicii,
727 3514 779 3569 id
806 3530 834 3568 a
867 3515 1021 3569 nobis
1049 3515 1196 3584 pacis
1219 3523 1304 3568 est
1329 3528 1512 3568 amore
1540 3512 1889 3569 constitutum
1919 3551 1937 3577 ,

346 3614 412 3660 ut
437 3605 494 3659 in
525 3605 812 3668 sententia,
843 3620 1000 3675 quam
1028 3604 1130 3659 sub
1149 3603 1466 3660 adversione
1480 3605 1763 3673 utriusque
1791 3603 1940 3672 lega-

344 3695 515 3751 tionis
545 3695 669 3750 inde
693 3695 933 3761 directae,
965 3694 1177 3749 Christo
1207 3695 1433 3749 Domino
1457 3705 1642 3750 nostro
1671 3693 1938 3762 inspiran-

347 3797 428 3851 te,
459 3786 803 3856 protulimus,
835 3801 1009 3856 neque
1045 3787 1251 3842 caritas
1291 3785 1616 3854 evangelicae
1655 3784 1938 3854 indulgen-

346 3880 465 3944 tiae,
491 3894 665 3949 neque
685 3879 991 3949 apostolicae
1016 3880 1164 3948 virga
1185 3879 1416 3934 defuerit
1445 3877 1939 3948 disciplinae.Nam-

346 3988 455 4040 que
480 3975 535 4028 in
563 3982 734 4028 totum
764 3988 862 4029 nec
895 3973 1167 4030 remittere
1189 3987 1286 4028 nos
1307 3972 1435 4028 fecit
1462 3972 1813 4042 indulgentia,
1836 3961 1937 4026 nec

343 4063 566 4120 affectio
591 4079 858 4120 coercere.
1223 4103 1225 4105 .

421 4159 464 4213 l.
497 4158 561 4214 Ei
587 4158 678 4228 qui
708 4172 850 4213 nunc
881 4156 1138 4212 Ecclesia:
1158 4155 1490 4211 Narbonensi
1508 4155 1797 4224 praesidere
1816 4168 1938 4224 per-

341 4252 600 4317 mittitur,
637 4249 1079 4317 _ordinandorum
1129 4249 1538 4318 episcoporum,
1571 4245 1640 4300 ob
1663 4245 1777 4299 haec
1816 4260 1937 4315 quae

342 4359 512 4416 prave
538 4344 680 4399 facta
704 4352 858 4410 sunt,
905 4341 1218 4397 sustulimus
1263 4346 1582 4411 potestatem
1607 4379 1624 4403 ,
1669 4353 1827 4407 quam
1864 4339 1936 4392 ita

341 4441 415 4495 ad
471 4439 694 4494 fratrem
749 4447 804 4492 et
857 4437 1230 4506 coepiscopum
1284 4441 1529 4488 nostrum
1567 4431 1936 4488 Constantium

343 4531 585 4588 Uceticze
616 4530 871 4585 Ecclesiae
892 4528 1218 4594 antistitem,
1261 4526 1382 4596 quia
1425 4538 1540 4579 aevo
1578 4523 1797 4578 honoris
1827 4522 1937 4591 pri-

2048 1955 2152 2025 pis,
2183 1953 2263 2009 vel
2292 1953 2638 2024 presbyteris,
2655 1961 2746 2006 aut
2772 1949 3179 2021 cujuslibetloci
3201 1950 3410 2005 clericis
3427 1949 3626 2004 faciene

2047 2045 2150 2112 dis,
2174 2053 2361 2101 contra
2386 2053 2650 2114 praecepta
2681 2042 2972 2114 apostolica
3003 2041 3274 2111 reperitur
3293 2041 3582 2096 admissum
3609 2080 3626 2106 ,

2047 2147 2138 2193 aut
2167 2139 2220 2193 in
2269 2152 2457 2193 eorum
2493 2134 2902 2192 conversatione
2952 2134 3227 2204 quippiam
3285 2133 3625 2203 reprobatur,

2046 2231 2317 2285 communi
2341 2228 2577 2283 omnium
2609 2227 2926 2281 auctoritate
2973 2234 3264 2281 resecetur.
3304 2225 3360 2280 1η
3400 2239 3461 2280 ea
3490 2241 3622 2294 pra:-

2046 2324 2204 2392 cipue
2225 2321 2538 2376 celebritate
2563 2321 2939 2386 conveniatur,
2970 2334 3089 2390 quae
3120 2319 3442 2389 praesidente
3472 2319 3628 2374 Chri-

2045 2422 2128 2467 sto
2148 2413 2377 2467 Domino
2405 2420 2611 2478 nostro,
2639 2418 2693 2466 et
2711 2409 3017 2465 veneranda
3037 2410 3105 2464 sit
3128 2409 3348 2476 sanctis,
3371 2419 3425 2464 et
3444 2409 3628 2464 formi-

2047 2505 2221 2559 danda
2249 2503 2537 2574 perversis.
2569 2501 2678 2557 Nec
2709 2503 2955 2572 cuiquam
2985 2501 3168 2556 licebit
3199 2515 3228 2555 a
3257 2501 3458 2570 regulis
3503 2515 3631 2555 eva-

2044 2596 2180 2666 gari,
2205 2609 2338 2664 quas
2359 2595 2459 2649 sibi
2485 2594 2632 2664 juxta
2663 2608 2929 2649 canonum
2957 2593 3302 2649 definitiones
3342 2593 3487 2646 unita
3520 2591 3627 2646 fra-

2045 2689 2269 2743 ternitas
2312 2688 2365 2743 in
2413 2700 2694 2742 commune
2746 2686 3048 2756 prteﬂxerit
3090 2701 3108 2745 :
3151 2699 3271 2740 cum
3317 2685 3628 2740 imminente

2042 2781 2328 2851 quotannis
2356 2779 2610 2835 examine
2637 2779 2709 2833 ita
2739 2779 2934 2849 singuli
2956 2786 3106 2834 actus
3136 2792 3264 2833 suos
3285 2776 3537 2845 dirigent,
3568 2784 3626 2832 ut

2043 2871 2129 2927 his
2158 2871 2420 2927 discussio
2455 2869 2642 2940 judicii
2673 2871 2847 2941 optari
2885 2872 3055 2940 magis
3090 2869 3318 2937 debeat,
3361 2884 3520 2939 quam
3552 2867 3624 2923 ti-

2042 2965 2199 3020 meri.
2229 2964 2286 3018 In
2308 2963 2623 3019 dirimendis
2652 2977 2784 3020 sane
2808 2963 3140 3035 gravioribus
3170 2962 3347 3018 causis
3366 3007 3380 3031 ,
3423 2970 3478 3017 et
3503 2975 3624 3030 qum

2041 3055 2149 3112 illic
2180 3070 2286 3110 non
2314 3055 2585 3125 potuerint
2612 3054 2913 3120 terminari,
2966 3053 3278 3123 apostolica:
3323 3052 3465 3109 sedis
3499 3066 3625 3108 sen-

2042 3149 2206 3204 tentia
2234 3147 2568 3202 consulatur:

2113 3239 2201 3294 lll.
2232 3238 2364 3294 Illud
2392 3239 2556 3294 etiam
2575 3253 2680 3294 non
2707 3251 2993 3309 possumus
3023 3236 3319 3306 praeterire,
3350 3233 3492 3306 quod
3507 3233 3622 3291 soi-

2042 3331 2317 3388 licitudine
2342 3331 2681 3400 diligentiore
2709 3331 3004 3386 curandum
3027 3331 3130 3397 sit,
3162 3345 3231 3385 ne
3269 3337 3465 3397 praeter
3501 3343 3618 3383 me-

2043 3423 2488 3492 tropolitanorum
2531 3437 2750 3478 suorum
2796 3422 3003 3478 litteras
3025 3421 3188 3491 aliqui
3217 3420 3283 3475 ad
3330 3419 3621 3490 quamlibet

2041 3515 2369 3586 provinciam
2399 3513 2633 3569 audeant
2671 3513 2938 3584 proficisci
2969 3513 3149 3583 :quod
3195 3511 3354 3567 etiam
3388 3513 3439 3566 in
3471 3511 3619 3568 omni

2040 3624 2241 3679 genere
2256 3607 2419 3665 ofilcii
2446 3608 2713 3664 clericalis
2744 3622 2846 3678 per
2895 3606 3134 3676 singulas
3161 3605 3319 3661 debet
3350 3605 3618 3662 Ecclesias

2041 3701 2320 3756 custodiri.
2344 3699 2547 3766 Quibus
2571 3697 2878 3755 econtrario
2904 3695 3004 3751 hac
3019 3696 3227 3751 ratione
3241 3694 3616 3764 prospicimus,

2043 3803 2100 3847 ut
2125 3793 2173 3847 si
2203 3793 2304 3847 hoc
2332 3793 2620 3861 impetrare
2649 3804 2746 3860 per
2790 3789 3024 3859 aliquam
3065 3803 3171 3843 non
3219 3788 3511 3843 meruerint
3555 3786 3621 3841 sl-

2042 3883 2337 3946 muitatem,
2369 3897 2489 3936 cum
2518 3881 2727 3936 duobus
2753 3879 3180 3948 metropolitanis
3201 3877 3618 3947 provinciarum,

2041 3991 2160 4046 quas
2189 3991 2441 4046 congrua:
2461 3984 2606 4038 sunt,
2629 3974 2960 4030 Arelatensis
2988 3973 3270 4041 episcopus
3292 3980 3482 4027 cuncta
3509 3972 3620 4026 dis-

2041 4068 2270 4133 cutiens,
2301 4081 2397 4134 pro
2425 4080 2602 4119 causa:
2645 4064 2902 4132 qualitate
2927 4062 3259 4117 observanda
3290 4065 3621 4118 constituat:

2042 4172 2142 4214 nec
2188 4159 2242 4211 in
2271 4155 2517 4226 injuriam
2560 4155 2784 4210 alterius
2836 4154 3069 4209 alienum
3121 4154 3375 4209 clericum
3416 4153 3617 4222 suscipi

2042 4255 2237 4319 praeter
2262 4247 2628 4304 testimonium
2657 4245 2862 4316 proprii
2887 4244 3142 4300 antistitis
3194 4243 3487 4300 secundum
3528 4257 3619 4298 ca-

2041 4357 2241 4398 nonum
2269 4347 2465 4396 statuta
2495 4339 2791 4410 praecipiet.
2841 4337 3046 4408 Singuli
3071 4345 3250 4393 autem
3276 4334 3619 4401 fratres,uni-

2040 4434 2286 4504 versique
2315 4440 2637 4501 cognoscant
2657 4430 2951 4500 parendum
2967 4445 3088 4486 esse
3107 4429 3464 4501 praesentibus
3487 4443 3620 4484 con-

2039 4525 2266 4593 stitutis,
2295 4525 2488 4595 quibus
2526 4523 2686 4579 etiam
2727 4524 3078 4580 commonitio
3115 4532 3296 4578 nostra
3336 4523 3620 4578 denuntiat

343 4639 469 4679 mas
493 4637 610 4677 esse
636 4621 852 4686 dicitur,
885 4621 1155 4690 pertinere
1174 4619 1514 4681 censuimus,
1561 4625 1617 4672 ut
1659 4616 1705 4670 si
1745 4629 1935 4682 super—
1958 4608 2014 4670 Ι)
2038 4617 2092 4672 in
2122 4631 2218 4673 eos
2239 4617 2437 4672 Christi
2469 4615 2680 4670 Domini
2702 4617 2871 4671 nostri
2894 4615 3156 4685 judicium
3200 4613 3422 4672 minime
3462 4613 3620 4670 defu-

345 4716 478 4769 stite
536 4714 734 4768 Herme
779 4711 1032 4781 episcopo
1063 4709 1348 4765 defunctus
1395 4708 1593 4774 fuerit,
1626 4708 1775 4764 illum
1824 4707 1938 4763 haec

339 4821 474 4860 cura
506 4805 781 4873 respiciat,
805 4819 964 4872 quem
989 4803 1251 4872 repererit
1290 4801 1610 4871 episcopalis
1657 4800 1791 4856 ordo
1823 4799 1937 4869 pri-

231 4869 241 4885 ;
341 4907 567 4952 matem.
600 4869 797 4952 llerme
823 4869 1002 4950 autem
1033 4869 1286 4964 episcopo
1311 4869 1598 4948 deficiente
1620 4936 1633 4958 ,
1665 4891 1938 4947 faciendo-

340 5006 463 5045 rum
497 5003 616 5044 mos
643 4990 943 5045 antistitum
973 4987 1308 5045 Narbonensi
1329 5003 1452 5042 mox
1472 4987 1727 5042 reddatur
1755 4987 1938 5043 Eccle-

338 5087 458 5149 size,
491 5098 652 5152 quem
685 5097 792 5137 non
819 5082 1030 5148 civitas,
1048 5081 1144 5136 sed
1170 5095 1329 5136 causa
1351 5081 1784 5151 praesumptionis
1805 5081 1938 5136 ami-

341 5176 432 5232 sit.
473 5175 628 5231 Unde
647 5181 843 5230 vestrae
872 5174 1225 5230 fraternitatis
1252 5175 1305 5228 in
1341 5173 1565 5228 Domino
1611 5173 1818 5228 sincera
1857 5173 1938 5228 di-

341 5266 526 5330 lectio,
558 5264 982 5320 sollicitudinem
1013 5264 1298 5335 pastoralis
1318 5278 1462 5319 cum.
1500 5264 1550 5318 in
1576 5264 1687 5320 suis
1722 5263 1939 5322 sedibus

349 5358 536 5422 partita
569 5356 873 5422 nobiscum,
905 5356 1308 5411 commissarum
1338 5355 1440 5410 sibi
1473 5354 1828 5410 Ecclesiarum
1852 5354 1936 5410 di-

344 5445 619 5515 ligentiam
653 5449 937 5518 vigilanter
963 5459 1249 5515 exerceat,
1294 5457 1348 5504 et
1395 5463 1580 5503 eorum
1611 5448 1791 5503 taliter
1814 5463 1932 5520 quae

333 5538 399 5593 in
429 5539 770 5595 Narbonensi
798 5541 1071 5609 provincia
1096 5555 1385 5606 emersere,
1409 5542 1734 5606 meminerit,
1758 5550 1817 5597 ut
1837 5542 1932 5597 de-

337 5641 574 5688 testetur
605 5632 798 5688 factum
825 5634 1003 5702 potius
1035 5647 1192 5704 quam
1224 5640 1398 5688 sumat
1419 5635 1744 5703 exemplum.
1775 5632 1928 5701 Quod

326 5727 412 5780 ita
436 5725 702 5794 deinceps
730 5741 848 5781 esse
875 5725 1300 5792 nolumus,sicut
1327 5726 1592 5792 novimus,
1614 5740 1717 5780 non
1739 5725 1923 5781 fuisse.

333 5820 546 5894 Itaque,
569 5819 769 5888 fratres
793 5819 1081 5888 carissimi,
1106 5819 1423 5878 necessariis
1452 5819 1644 5876 studiis
1671 5828 1752 5876 est
1774 5833 1926 5892 agen-

2041 4719 2242 4775 turum,
2270 4707 2360 4777 qui
2383 4707 2704 4762 declinando
2725 4707 2955 4777 superba
2985 4707 3280 4763 rebellione
3299 4715 3615 4774 conventus,

2041 4800 2394 4858 conscientiae
2414 4814 2526 4855 sua:
2568 4801 2876 4855 testimonio
2901 4799 3246 4857 confutantur
3268 4799 3617 4857 sacerdotalis

2041 4892 2362 4949 innocentia:
2385 4892 2630 4947 fiduciam
2663 4907 2769 4948 non
2801 4891 3020 4949 habere.

2112 4988 2203 5043 lV.
2229 4987 2491 5044 Praeterea
2523 4987 2768 5058 ejusdem
2800 4987 2979 5044 fratris
3026 4989 3237 5045 libellus
3281 4989 3494 5044 oblatus
3535 4997 3616 5046 est

2042 5079 2216 5143 nobis,
2245 5093 2350 5149 quo
2382 5079 2628 5148 perhibet
2652 5079 2936 5150 parochias
2983 5080 3314 5137 Arelatensis
3363 5080 3616 5134 Ecclesia)

2040 5187 2070 5227 a
2103 5171 2499 5242 praedecessore
2527 5187 2623 5228 suo
2650 5173 2850 5228 Hilario
2877 5175 2931 5229 in
2956 5174 3089 5229 alios
3117 5173 3284 5244 (quod
3307 5189 3409 5229 non
3440 5173 3613 5243 licuit)

2039 5264 2210 5321 fuisse
2232 5266 2539 5332 translatas,
2567 5275 2758 5336 petens
2783 5266 2901 5321 illas
2933 5267 3163 5337 pristino
3183 5267 3289 5336 juri
3310 5277 3490 5322 nostra
3521 5281 3614 5319 au-

2038 5358 2287 5413 Ctoritate
2308 5357 2538 5412 restitui.
2570 5357 2675 5414 Sed
2707 5359 3087 5414 moderaminis
3110 5358 3382 5428 apostolici
3414 5373 3616 5413 memo-

2039 5463 2148 5513 res,
2181 5449 2504 5505 fraternitati
2552 5460 2748 5505 vestra:
2785 5451 3059 5521 querelam
3106 5451 3271 5520 ipsius
3310 5451 3614 5505 remisimus

2036 5539 2358 5594 audiendam
2392 5559 2404 5591 :
2438 5549 2497 5595 ut
2532 5541 2582 5595 in
2605 5551 2785 5596 vestro
2823 5551 3089 5596 conventu
3133 5557 3192 5596 ea
3237 5558 3355 5613 quae
3389 5557 3416 5594 a
3459 5540 3614 5596 nobis

2036 5638 2249 5701 sperata
2273 5639 2420 5698 sunt,
2462 5630 2781 5702 allegentur,
2813 5643 2867 5688 et
2889 5648 3007 5704 qua
3044 5633 3420 5690 ecclesiaSticis
3458 5645 3616 5701 regu-

2038 5723 2104 5778 lis
2133 5731 2459 5793 congruunt,
2484 5725 2868 5782 decernantur.
3310 5771 3314 5776 .

2105 5817 2168 5872 γ.
2201 5816 2374 5874 Simul
2396 5819 2557 5878 etiam
2587 5836 2749 5893 super
2774 5821 2877 5878 hoc
2898 5821 3197 5878 universam
3225 5818 3618 5883 fraternitatem
