4080 6350
479 255 549 317 81
1864 249 2094 307 HILARI
2133 250 2340 309 PAP£
3671 249 3746 307 98

482 373 725 428 volumus
752 386 872 430 esse
901 373 1301 439 communitam,
1345 386 1414 426 ne
1444 371 1678 440 prauis,
1723 385 1843 440 quae
1886 384 2059 438 neque
2086 373 2141 431 Α
2165 369 2452 438 quotanis
2487 368 2712 422 concilia
2737 408 2749 432 ,
2779 381 3004 437 quorum
3033 367 3265 424 maxime
3291 367 3345 422 in
3372 369 3535 422 fratre
3563 378 3615 422 et
3651 381 3746 423 co-

483 462 716 531 deserta,
747 481 922 540 neque
947 466 1204 520 damnosa
1225 473 1368 531 simi,
1404 472 1459 518 et
1496 463 1561 516 ad
1603 463 1901 516 Ecclesium
1933 460 2055 530 per-

483 555 673 619 tinent,
703 573 766 611 ex
798 559 989 625 quibus
1011 557 1361 626 plurimorum
1383 555 1671 610 consuevit
1714 553 2055 608 necessitati-

483 647 583 702 bus
604 649 897 714 subveniri,
927 650 1108 718 aliquo
1138 651 1259 716 jure
1289 649 1338 702 in
1369 648 1598 702 alterum
1635 648 2051 713 transferantur,

479 739 580 793 nisi
607 742 750 807 prius
777 741 916 808 apud
955 740 1237 795 concilium
1282 739 1618 794 alienationis
1672 739 1841 808 ipsius
1892 751 2054 791 causa

479 830 753 896 doceatur,
777 843 835 886 ut
866 833 991 902 quid
1017 832 1138 888 fieri
1163 833 1378 898 debeat,
1401 832 1670 887 communi
1700 833 1937 885 monium
1961 832 2056 885 de-

479 922 792 979 liberatione
819 933 1095 980 tractetur.
1124 926 1263 980 Dens
1289 941 1383 981 vos
1415 928 1706 980 incolumes
1750 925 2010 980 custodiat
2036 964 2053 990 ,

478 1013 670 1069 fratres
694 1017 979 1071 carissimi.
1028 1017 1159 1071 Data
1202 1034 1255 1071 ut
1306 1033 1476 1072 nonas
1510 1019 1826 1074 Decembris
1867 1019 2053 1086 (anno

474 1109 602 1163 Chr.
637 1110 739 1163 470
764 1110 827 1176 ¹),
856 1109 962 1164 GL.
988 1109 1054 1163 -P.
1084 1110 1285 1166 Severo
1312 1112 1554 1180 Augusto
1585 1115 1822 1167 consule.

1013 1267 1347 1324 EPISTULA
1387 1269 1477 1324 IX.

865 1393 1046 1432 ll'lLABl
1087 1396 1233 1434 ΡΛΡίΕ
1271 1398 1338 1435 A'D
1379 1397 1671 1439 ιεοιτιυω.

479 1481 555 1538 De
586 1485 833 1563 Mamerto
861 1489 1116 1563 episcopo,
1149 1493 1235 1562 qui
1255 1502 1399 1548 ea'tra
1437 1511 1557 1548 suos
1599 1498 1725 1563 ﬁnes
1773 1498 2052 1553 Deensibus

546 1558 840 1680 episcopatu:
881 1560 1144 1615 ordinarat
1161 1558 1189 1627 ⁷,
1246 1573 1301 1617 ut
1349 1566 1487 1620 illius
1517 1558 1723 1622 causam
1761 1570 1817 1622 in
1859 1571 2056 1640 synodo

547 1644 781 1680 examine
809 1669 822 1680 .

547 1644 822 1682 ραςίιηιυιει.

745 1741 1101 1799 Dilectissimo
1125 1745 1275 1800 fratri
1302 1748 1524 1804 Leontio
1551 1751 1783 1807 Hilarus.

546 1829 784 1896 Qualiter
805 1842 991 1888 contra
1022 1836 1168 1892 sedis
1196 1839 1510 1907 apostolicae
1539 1844 1762 1898 veniens
1794 1849 2054 1902 cons-titu-

479 1931 565 1985 Ia,
617 1923 1006 1980 sacerdotalem
1061 1930 1378 1986 modestiam
1430 1933 1718 1990 Mamertus
1772 1938 2056 2008 cpiscopus

479 2011 797 2068 Viennensis
823 2020 1144 2085 excesserit,
1165 2021 1464 2079 dilectionis
1479 2033 1588 2080 tua:
1610 2027 1889 2084 debuimus
1921 2033 2059 2085 rela-

479 2104 623 2158 tione
651 2118 995 2174 cognoscere,
1016 2119 1080 2162 nt
1101 2112 1318 2168 ausibus
1332 2116 1524 2170 talibus
1546 2128 1810 2174 maturum
1844 2123 2055 2191 ctjuxta

478 2193 962 2252 ecclesiasticarum
995 2201 1238 2256 ordinem
1265 2208 1566 2273 regularum
1597 2225 1892 2279 congruum
1913 2213 2058 2281 judi-

483 2285 621 2338 cium
655 2285 1039 2353 proferremus.
1060 2292 1334 2359 [Quantum
1358 2299 1502 2352 enim
1529 2301 1620 2354 lilii
1653 2305 1844 2368 nostri,
1868 2305 1963 2359 viri
1997 2307 2061 2360 il-

479 2374 682 2444 lustris,
709 2379 945 2446 magistri
979 2386 1499 2445 militum-Gunduici
1525 2405 1774 2448 sermone
1803 2407 1882 2450 est
1923 2398 2062 2452 indi-

479 2478 681 2535 catum,
714 2475 999 2539 praedictus
1027 2479 1312 2546 episcopus
1339 2481 1518 2536 invitis
1545 2483 1858 2549 Deensibus,
1889 2496 1942 2540 et
1971 2490 2063 2557 qui

479 2559 544 2614 ad
573 2563 920 2620 ecclesiarum
943 2571 1398 2639 ejus-numerum,
1442 2589 1604 2645 quem
1656 2577 1701 2629 ei
1757 2581 2064 2645 apostolicae

479 2652 623 2708 sedis
649 2655 922 2723 deputavit
942 2663 1254 2727 auctoritas,
1285 2664 1428 2717 sicut
1457 2666 1508 2718 in
1531 2667 1741 2722 scriniis
1773 2672 1969 2725 nostris
1991 2673 2066 2726 le-

481 2745 678 2813 gimus,
707 2748 926 2804 minime
947 2754 1316 2823 pertinebant,
1355 2756 1536 2811 hostili
1569 2775 1738 2827 more,
1770 2763 2062 2829 utdit-itur,

484 2851 752 2904 occupans
773 2842 1069 2909 civitatem,
1118 2846 1426 2916 episcopum
1455 2865 1774 2907 consecrare
1801 2869 2068 2920 praesum-

485 2930 610 2997 psit.
639 2932 690 2984 In
715 2949 840 3001 quo,
871 2937 1034 2991 frater
1057 2939 1356 3004 carissime,
1390 2943 1433 2995 si
1466 2943 1534 2996 ita
1557 2955 1659 3008 est,
1690 2962 1846 3013 quam
1880 2949 2064 3002 multi-

490 3023 612 3090 plex
645 3025 799 3092 culpa
833 3029 921 3093 sit,
947 3032 1294 3098 pronuntiare
1321 3036 1610 3103 possimus,
1643 3038 1744 3092 nisi
1781 3039 1968 3107 judicii
2011 3051 2068 3095 ut

2159 460 2412 528 episc0po
2441 469 2629 513 nostro
2670 457 2892 514 Leontio
2920 458 3250 514 Arelatensis
3279 459 3532 513 Ecclesia:
3553 473 3741 514 sacer-

2158 551 2282 606 dote
2318 565 2581 606 summam
2623 552 2821 621 placuit
2863 565 2987 607 esse
3013 592 3028 618 ,
3058 551 3436 615 celebrentur;
3475 564 3575 606 nec
3597 551 3743 605 aliud

2159 644 2271 698 fieri
2318 658 2476 713 posse
2512 645 2796 700 credamus
2819 660 2982 714 quam
3011 644 3150 714 quod
3181 660 3277 714 pro
3304 646 3606 699 communis
3637 646 3741 700 Do-

2159 737 2289 790 mini
2320 738 2480 792 domo
2526 750 2704 793 nostra
2743 739 3011 793 ordinatio
3044 737 3198 792 vobis
3238 738 3495 806 placitura
3541 739 3744 792 consti-

2161 830 2257 884 tuit
2287 845 2302 882 :
2329 839 2504 884 tamen
2536 829 2774 898 repetitis
2808 831 2998 885 litteris
3029 829 3216 884 eadem
3245 845 3388 884 nunc
3405 844 3619 898 quoque
3643 831 3743 883 ob-

2164 923 2425 975 servanda
2489 922 2868 987 decernimus;
2921 924 3193 991 praecipue
3243 937 3364 976 cum
3423 921 3739 989 gravissima

2161 1013 2478 1068 Viennensis
2499 1015 2735 1069 civitatis
2765 1015 3050 1082 episcopus
3091 1013 3395 1068 involvatur
3415 1013 3618 1067 offensa
3637 1053 3650 1078 ,
3687 1013 3739 1067 in

2159 1106 2404 1174 injuriam
2421 1107 2603 1160 fratris
2630 1118 2682 1162 et
2703 1107 3003 1176 coepiscopi
3028 1108 3196 1161 nostri
3215 1107 3422 1161 Leontii
3441 1107 3741 1162 Deensiltus

2160 1198 2451 1252 antistitem
2480 1199 2867 1253 consecrando.
2888 1199 2964 1253 De
2986 1201 3138 1267 cujus
3169 1199 3307 1253 facto
3337 1198 3585 1254 vindictas
3607 1214 3742 1252 cou-

2158 1302 2303 1355 gruae
2333 1290 2654 1343 sententiam
2701 1289 3040 1353 differentes,
3074 1290 3317 1343 relationi
3368 1289 3593 1343 fratrum
3622 1304 3740 1358 quae

2163 1379 2376 1431 interim
2405 1379 2612 1432 fuerant
2635 1379 2746 1433 visa
2777 1380 3169 1445 reSpondimus.
3201 1379 3304 1434 Sed
3333 1380 3583 1446 quoniam
3609 1380 3740 1433 tanti

2159 1483 2410 1524 excessus
2442 1470 2698 1540 majorem
2744 1471 2896 1526 nobis
2925 1472 3300 1526 sollicitudinis
3327 1473 3610 1526 materiam
3633 1471 3740 1526 de-

2160 1566 2430 1626 tulerunt,
2459 1563 2569 1616 haec
2591 1563 2656 1616 ad
2680 1563 2982 1618 universam
3007 1565 3282 1619 caritatem
3329 1565 3486 1620 etiam
3514 1579 3612 1634 per
3637 1564 3741 1618 fra-

2161 1664 2298 1710 trem
2319 1665 2375 1710 et
2397 1657 2777 1725 coepiscopum
2809 1666 3047 1710 nostrum
3070 1657 3357 1711 Antonium
3374 1658 3572 1725 scripta
3594 1656 3737 1711 dire-

2087 1751 2137 1812 B
2165 1747 2338 1802 ximus
2364 1792 2376 1812 ,
2412 1748 2605 1817 qui-bus
2636 1748 2905 1803 admonita
2936 1749 3232 1802 communis
3261 1748 3499 1804 omnium
3541 1748 3742 1804 sollici-

2161 1839 2289 1894 tudo
2317 1851 2584 1908 procuret,
2618 1856 2685 1895 ne
2712 1841 2991 1910 quisquam
3023 1841 3248 1897 fratrum
3283 1844 3334 1896 in
3366 1842 3589 1897 alterius
3619 1857 3740 1911 pro-

2163 1941 2416 1999 rupturus
2446 1932 2692 2000 iniuriam
2724 1973 2739 1995 ,
2772 1933 3113 1987 transcendat
3143 1934 3397 1988 terminos
3424 1949 3452 1986 a
3483 1949 3742 1988 veneran-

2159 2022 2244 2078 dis
2284 2023 2530 2079 Patribus
2571 2025 2910 2078 constitutos.
2946 2024 3097 2079 Unde
3135 2027 3322 2080 omnia
3353 2041 3472 2094 quae
3512 2040 3543 2080 a
3586 2026 3743 2080 nobis

2162 2126 2282 2168 sunt
2327 2129 2419 2184 per
2456 2115 2648 2170 fratres
2689 2125 2742 2170 et
2768 2116 3116 2184 coepiscopos
3160 2127 3369 2170 nostros
3408 2116 3658 2171 Faustum
3689 2125 3745 2171 et

2163 2207 2463 2262 Auxanium
2508 2208 2724 2263 definita
2756 2210 3073 2264 roborantes
3101 2252 3116 2273 ,
3160 2209 3599 2278 congregationes
3641 2224 3738 2264 au-

2164 2315 2296 2353 nuas
2319 2340 2334 2363 ,
2359 2300 2639 2355 ordinante
2667 2300 2830 2354 fratre
2858 2310 2911 2354 et
2940 2302 3254 2369 coepiscOpo
3279 2309 3464 2353 nostro
3492 2298 3740 2362 Leontio,

2165 2392 2454 2447 adtnonitis
2486 2392 2912 2459 metropolitanis
2940 2435 2956 2459 ,
2987 2393 3126 2461 quod
3169 2407 3311 2457 saepe
3334 2391 3617 2444 dicendum
3641 2400 3743 2454 est,

2166 2486 2230 2539 iis
2271 2487 2403 2538 locis
2440 2485 2716 2538 celebrare
2750 2484 3041 2552 dignemini
3075 2525 3089 2548 ,
3127 2483 3188 2536 ad
3227 2498 3345 2550 qum
3393 2479 3747 2535 conveniendi

2168 2576 2310 2629 nulla
2355 2577 2424 2628 sit
2443 2577 2695 2644 cuiquam
2727 2576 3137 2630 commeantium
3163 2573 3472 2628 difﬁcultas.
3507 2571 3600 2627 Cui
3629 2572 3748 2625 dili-

2167 2670 2360 2738 gentia:
2391 2669 2549 2723 etiam
2578 2667 2810 2736 provisio
2839 2669 3138 2722 adhibenda
3170 2678 3271 2730 est,
3303 2679 3360 2721 ut
3382 2667 3749 2734 opportunitas

2167 2760 2611 2828 quemadmodum
2661 2761 2928 2824 locorum,
2962 2760 3030 2813 ita
3059 2761 3411 2813 constituatur
3457 2767 3514 2813 et
3543 2767 3748 2825 tempo-

2168 2868 2287 2905 rum
2321 2871 2332 2902 :
2383 2863 2439 2905 ut
2468 2852 2884 2907 inexcusabilior
2908 2850 3154 2920 quisquis
3177 2861 3280 2904 tam
3305 2849 3664 2904 necessarium
3697 2857 3750 2901 et

2170 2946 2386 3001 salubre
2428 2948 2774 3000 constitutum
2828 2941 3474 3011 nostrum‘negligendum
3509 2949 3750 3008 putaret,

2171 3048 2466 3108 appareat,
2493 3040 2686 3095 fratres
2708 3038 2989 3094 carissimi.
3025 3036 3166 3090 l-llins
3189 3044 3366 3088 autem
3390 3033 3752 3090 confirmatio-

490 3112 746 3184 diximus,
779 3126 833 3171 et
861 3120 1160 3178 moderatio
1179 3125 1339 3179 nobis
1363 3137 1541 3192 esset,
1582 3141 1636 3183 et
1673 3130 1806 3186 ordo
1845 3145 2064 3188 servan-
2091 3130 2137 3194 C
2169 3145 2310 3193 nem,
2353 3145 2507 3200 quem
2544 3131 2859 3187 Viennensis
2897 3127 3175 3197 episcopus
3201 3129 3466 3193 alienum,
3491 3134 3545 3180 et
3571 3125 3636 3178 ad
3669 3139 3740 3178 .se

492 3205 612 3258 dus.
640 3210 812 3276 Atque
841 3210 962 3266 ideo
992 3228 1199 3269 memor
1230 3216 1798 3288 sollicitudi-nis,quam
1827 3223 2067 3280 dilectio-

493 3299 546 3352 ni
577 3307 680 3354 tua:
705 3303 815 3355 scis
838 3318 961 3360 esse
987 3309 1353 3376 commissam,
1388 3313 1641 3382 quidquid
1669 3331 1808 3370 nunc
1829 3321 1896 3372 ad
1932 3321 2068 3373 noti-

493 3389 618 3444 tiam
648 3403 882 3449 nostram
911 3396 1064 3453 brevi
1083 3399 1452 3458 insinuatione
1484 3405 1715 3461 delatum
1741 3418 1844 3474 est,
1863 3410 1916 3463 iu
1940 3425 2070 3466 con-

492 3493 650 3550 ventu
677 3487 958 3557 synodali,
988 3490 1076 3558 qui
1115 3494 1410 3549 secundum
1439 3505 1645 3552 statuta
1684 3512 1863 3555 nostra
1911 3505 2068 3559 annis

492 3578 716 3647 singulis
743 3589 794 3636 te
824 3583 922 3637 sibi
947 3587 1278 3653 praesidente
1307 3600 1390 3644 est
1418 3595 1844 3663 congregandos,
1891 3597 2070 3651 discu-

494 3677 606 3727 tere
633 3687 751 3740 quae
782 3684 905 3728 sunt
927 3687 1041 3730 acta
1070 3677 1320 3745 debebis,
1353 3692 1406 3735 et
1449 3698 1476 3736 a
1521 3686 1773 3752 pracdicto
1805 3690 2065 3741 rationem

493 3760 615 3816 facti
647 3763 728 3816 sui
756 3764 1129 3822 subiuniverso
1160 3781 1300 3826 ctetu
1333 3773 1681 3830 fraternitatis
1723 3777 1970 3846 exigere,
2006 3793 2068 3832 ac

493 3853 686 3909 deinde
717 3859 954 3914 omnium
987 3862 1180 3918 litteris
1206 3878 1406 3922 nostras
1443 3870 1691 3925 intimare
1725 3872 1928 3926 notitia:
1963 3891 1973 3925 :
2011 3883 2069 3926 ut

492 3947 630 4013 quod
658 3959 844 4004 sancto
867 3949 1322 4020 Spiritu-dictante
1351 3971 1434 4014 est
1459 3963 1781 4030 faciendum,
1828 3964 1892 4018 ad
1915 3979 2070 4019 com-

492 4039 1046 4106 primendos-cmtatus
1079 4049 1290 4105 illicitos
1317 4054 1650 4108 ordinemus.
1685 4056 1823 4110 Deus
1849 4067 1898 4110 te
1921 4059 2070 4112 inco-

493 4130 692 4185 lumem
721 4135 1008 4200 custodiat,
1024 4138 1185 4194 frater
1214 4144 1512 4196 carissime.
1540 4146 1668 4198 Data
1687 4162 1741 4200 vr
1769 4148 1886 4199 idus
1909 4148 2070 4202 Octo-

495 4221 603 4275 bris
633 4223 802 4291 (anno
829 4224 969 4280 'Chr.
1011 4228 1161 4296 465),
1197 4232 1404 4285 Basilio
1441 4235 1555 4289 viro
1601 4236 1902 4291 clarissimo
1943 4253 2070 4293 cono

491 4316 627 4369 sule.

1059 4413 1392 4472 EPISTOLA
1435 4417 1500 4471 Χ.

493 4532 668 4575 ιιιιΑΙιι
701 4533 847 4576 MM:
889 4535 954 4578 At)
995 4535 1270 4580 EPISCOPOS
1312 4537 1641 4584 ntvsnsa'ntm
1683 4545 2070 4588 rnortscuuuat

907 4626 912 4632 '
1163 4611 1389 4653 OALLlrE.

497 4681 580 4736 Nc
608 4683 874 4759 quicquam
899 4703 1017 4759 suos
1039 4692 1278 4743 terminos
1314 4696 1659 4759 transcendat,
1682 4706 1725 4748 et
1765 4707 1816 4748 ut
1852 4700 2072 4753 concilia

634 4758 903 4823 quotannis
927 4757 1124 4810 Leontii
1145 4761 1368 4831 episcOpi
1391 4781 1548 4832 opera
1572 4757 1926 4822 convocentun.

498 4862 867 4944 Dilectissimis
891 4869 1154 4944 fratribus
1180 4874 1450 4941 episcopis
1473 4877 1763 4944 provinciae
1789 4879 2069 4936 Viennen-

567 4935 1078 5021 b;i|S,.Lllgdll‘l.l.ellsiS,
1109 4935 1486 5021 Narbonensis
1499 4949 1686 5015 prima:
1710 4960 1764 5004 et
1798 4935 2068 5021 secundat,

567 5007 770 5074 Alpium
793 5049 807 5074 ,
844 5009 1050 5065 llilarus
1085 5017 1388 5083 episcopus.

570 5119 679 5173 Etsi
709 5121 1106 5178 meminerimus
1154 5125 1541 5185 fraternitatem
1585 5142 1813 5189 vestram
1845 5151 1913 5194 ea
1945 5152 2071 5208 qua:

497 5218 623 5261 sunt
651 5225 680 5262 a
709 5210 861 5266 nobis
888 5221 1080 5269 statuta
1113 5218 1373 5285 retinere,
1405 5236 1503 5276 nec
1529 5223 1728 5293 aliquid
1760 5241 1823 5280 ex
1855 5227 1938 5281 his
1965 5229 2073 5282 dis-

496 5298 750 5354 simulare
783 5319 901 5371 qua:
929 5307 1236 5374 scripsimus
1267 5328 1278 5360 :
1314 5320 1368 5364 ut
1409 5313 1614 5370 scilicet
1651 5332 1747 5385 pro
1790 5318 2072 5389 disciplina

498 5393 856 5449 ecclesiastica
878 5437 892 5462 ,
920 5408 970 5452 et
996 5414 1089 5467 pro
1116 5402 1292 5457 causis
1322 5420 1452 5472 quas
1482 5406 1622 5462 inter
1653 5410 1865 5466 Domini
1895 5427 2073 5467 sacer-

498 5486 652 5544 dotes
692 5489 889 5544 oboriri
937 5492 1243 5564 plerumque
1285 5513 1392 5552 non
1432 5501 1650 5556 dubium
1682 5514 1762 5560 est
1795 5505 2072 5576 synodalia

2173 3226 2393 3278 minime
2428 3224 2782 3292 pertinentem
2805 3261 2819 3288 ,
2847 3222 3082 3292 graviter
3107 3220 3357 3276 ondinare
3384 3217 3752 3287 praesumpsit,

2175 3319 2355 3371 fratris
2385 3325 2439 3370 et
2466 3315 2773 3385 coepiscopi
2803 3315 2971 3368 nostri
2996 3312 3203 3369 Leontii
3221 3310 3535 3380 reliquimus
3564 3307 3720 3362 volun
3740 3334 3754 3344 -

2173 3409 2300 3473 tati;
2327 3423 2485 3476 quem
2513 3407 2954 3460 conﬁdimusnon
2985 3414 3178 3473 praeter
3210 3402 3591 3456 humanitatem
3627 3412 3753 3466 pen-

2172 3511 2295 3553 sare
2333 3513 2448 3567 quae
2489 3498 2630 3566 jnsta
2661 3505 2800 3552 sunt.
2834 3495 2976 3551 Deus
3008 3510 3102 3549 vos
3131 3495 3426 3550 incolumes
3449 3488 3748 3554 custodiat,

2173 3589 2364 3643 fratres
2395 3589 2676 3641 carissimi.

2727 3715 3058 3771 EPISTULA
3104 3717 3191 3769 XI.

2173 3848 2350 3890 HYLAM
2387 3849 2533 3889 ΡΔΡΕ
2571 3849 2636 3886 ΑΟ
2669 3846 2943 3888 EPISCOPOS
2982 3847 3066 3893 QUI
3113 3849 3174 3884 DE
3222 3847 3456 3884 MAMERTI
3495 3848 3656 3887 CAUSA
3703 3848 3753 3886 ΙΝ

2683 3917 2876 3957 SYNODO
2911 3917 3242 3956 COGNORANT.

2177 4000 2501 4067 Prwceptum
2534 3996 2710 4049 Hilari
2741 4012 2893 4067 papa:
2922 3996 2984 4046 de
3011 3992 3240 4067 Ecclesia
3274 3991 3488 4058 Dcense,
3531 3995 3616 4046 ubi
3647 3995 3751 4064 epi-

2245 4065 2427 4135 scopus
2449 4069 2665 4121 indebite
2682 4083 2712 4116 a
2739 4066 3010 4116 Viennensi
3031 4065 3267 4133 'cpiscoyio
3296 4067 3559 4116 ordinatus
3587 4074 3682 4115 est.

2178 4179 2226 4232 1.
2263 4179 2328 4233 Ut
2369 4195 2454 4244 per
2487 4177 2741 4229 Veramlm
2772 4176 3059 4244 episc0pum
3090 4183 3350 4227 ntoncatur
3391 4172 3666 4226 Mamertus
3701 4180 3757 4227 ut

2246 4251 2308 4301 ab
2340 4247 2746 4301 ordinationibus
2773 4246 3030 4313 indebitis,
3064 4245 3257 4298 ordinis
3279 4246 3360 4297 sui
3389 4256 3437 4298 et
3466 4246 3754 4314 privilegio-

2247 4335 2363 4371 rnm
2387 4318 2638 4389 periculo,
2669 4319 2720 4389 in
2753 4327 3008 4389 posterum
3036 4317 3302 4370 abstineat.

2177 4389 2264 4446 ΙΙ.
2295 4389 2362 4443 Ut
2390 4384 2476 4456 qui
2504 4387 2780 4442 Deenst'bus
2802 4405 2832 4441 a
2861 4387 3113 4441 Mamerto
3139 4396 3455 4440 consecratus
3477 4395 3566 4456 est,
3595 4384 3756 4440 Leon-

2249 4461 2304 4513 tii
2338 4454 2647 4512 Arelatensis
2673 4460 2895 4529 episc0pi
2923 4500 2936 4524 ,
2969 4476 2997 4511 a
3018 4475 3115 4528 quo
3142 4457 3421 4511 consecrari
3453 4454 3644 4518 debuit,
3673 4475 3756 4509 ar-

2254 4531 2400 4585 bitrio
2431 4530 2774 4598 conﬁrmetur.

2180 4648 2547 4705 Dilectissimis
2603 4645 2886 4707 fratribus,
2932 4641 3182 4705 Victuro,
3233 4642 3483 4710 lngenuo,
3540 4639 3755 4701 Ytlatiu,

2250 4718 2498 4774 Eustasio
2521 4760 2535 4781 ,
2588 4717 2810 4770 Fonteio
2833 4757 2847 4777 ,
2892 4713 3135 4766 Viventio
3161 4755 3175 4779 ,
3223 4712 3432 4764 Eulalia
3457 4751 3470 4775 ,
3509 4710 3756 4768 Verano,

2243 4791 2467 4854 Fausto,
2502 4788 2777 4852 Auxanio,
2813 4785 3041 4838 Proculo
3066 4824 3080 4849 ,
3111 4782 3346 4854 Aqsonio
3367 4825 3381 4845 ,
3412 4781 3609 4854 Paulo,
3629 4781 3754 4847 ,Μιε-

2235 4851 2496 4925 -meriali,
2531 4851 2811 4924 leestio,
2845 4855 3123 4925 Proiecto.
3160 4853 3447 4923 Eutropio.
3480 4851 3724 4905 Avitiauo
3747 4891 3760 4912 ,

2252 4931 2408 4998 Urso,
2443 4940 2496 4986 ct
2521 4929 2765 4997 Leontio,
2792 4927 3026 4984 Hilarus.

2245 5040 2505 5098 Sollicitis
2535 5038 2821 5093 admodum
2847 5036 3028 5103 nobis.
3056 5044 3109 5094 et
3148 5051 3212 5091 ex
3239 5033 3320 5088 his
3351 5048 3472 5104 qua:
3518 5030 3759 5101 proxima

2174 5137 2246 5192 ad
2280 5152 2376 5190 uos
2405 5133 2598 5190 relatio
2637 5142 2780 5188 certa
2819 5131 3125 5195 detulerat,
3161 5128 3328 5184 multa
3364 5124 3760 5196 exspectatione

2178 5229 2457 5299 suspensis
2482 5269 2496 5294 ,
2519 5228 2717 5282 littera:
2750 5225 3047 5280 dilectionis
3063 5232 3254 5278 vestrae
3274 5263 3289 5288 ,
3315 5220 3482 5276 fratre
3503 5228 3554 5274 et
3582 5210 3763 5285 coepi-

2179 5337 2344 5392 scopo
2380 5332 2565 5377 nostro
2593 5319 2826 5374 Antonio
2852 5360 2866 5384 ,
2897 5332 3053 5388 quem
3082 5317 3299 5384 dignum
3329 5321 3468 5368 tanta
3495 5309 3764 5377 legatione

2181 5415 2472 5484 probamus
2501 5413 2845 5480 interpretem
2865 5451 2881 5474 ,
2911 5409 3204 5472 deferente,
3231 5412 3355 5461 sunt
3386 5401 3618 5468 tradittc,
3649 5413 3766 5468 qua:

2184 5521 2284 5560 nos
2314 5505 2444 5574 ipsis
2471 5512 2758 5559 contextus
2787 5503 2866 5556 sui
2897 5501 3279 5556 contristavere
3306 5494 3603 5567 principiis.
3637 5489 3766 5546 Nam

575 5627 587 5654 ¹
648 5628 802 5710 Annua
831 5626 1052 5710 A_Cl_t‘t:i‘sti
1099 5633 1202 5688 470
1245 5649 1277 5689 e
1316 5635 1448 5691 vivis
1492 5637 1600 5706 jam
1648 5633 1989 5695 excesserant
2037 5648 2092 5696 et
2141 5638 2354 5710 Hilarus
2404 5652 2537 5708 papa
2576 5647 2630 5693 et
2665 5639 2895 5695 Severus
2943 5636 3250 5704 Augustus,
3294 5630 3384 5702 qui
3431 5626 3618 5684 consul
3676 5622 3770 5680 fuit

496 5707 637 5756 anno
668 5697 866 5755 Christi
895 5699 1019 5756 462.
