4080 6350
278 253 345 312 ιο
1689 245 2018 303 EPlS'l‘OLA
2061 245 2154 302 XI.
2606 222 2614 233 ’
3480 249 3548 304 so

284 370 376 440 qui
398 366 739 436 requiescere
757 361 1168 419 sollicitudinem
1183 367 1441 425 nostram,
1459 367 1514 416 et
1533 374 1779 428 magnam
1800 374 1863 414 ex
1894 365 1945 422 Α
1970 360 2278 431 coepiscopi
2311 361 2478 414 nostri
2497 359 2714 414 Antonii
2746 360 3032 415 insinuatio
3060 362 3318 415 reseravit
3340 402 3353 425 ,
3380 361 3545 418 claret

285 468 438 529 parte
464 455 692 510 relevari
721 454 773 508 in
812 454 896 508 bis
926 467 1045 523 qua:
1072 467 1101 507 a
1145 463 1345 507 sanctae
1376 452 1648 507 memorias
1676 452 1867 507 deces-

288 566 412 608 sore
437 563 562 604 meo
590 547 659 602 de
680 546 967 600 Viennensi
999 546 1253 614 episcopo
1282 544 1496 614 przetlxa
1519 555 1663 609 sunt,
1687 545 1871 599 crede-

288 642 503 706 bamus,
534 636 771 694 evidenti
802 635 1098 690 assertione
1138 634 1486 703 cognovimus
1510 676 1524 698 ,
1550 643 1604 688 et
1631 649 1734 687 non
1755 634 1871 687 sine

290 734 477 789 dolore
527 732 784 786 miramur
807 771 822 796 ,
854 726 1193 781 definitiones
1214 725 1332 780 illas
1364 726 1381 755 ⁸
1414 738 1442 778 a
1468 723 1729 779 Mamerto
1757 724 1873 793 epi-

291 842 455 893 scopo
505 838 647 878 nunc
687 820 928 892 potuisse
957 819 1260 875 transcendi
1289 861 1303 884 ,
1334 832 1431 889 per
1456 832 1588 888 quas
1620 818 1875 873 Ecclesia

295 915 629 988 privilegium
672 912 925 981 probarat
962 911 1199 980 acquiri;
1248 924 1366 964 cum
1404 911 1671 979 praecipue
1700 908 1878 962 fratris

292 1018 349 1063 et
380 1004 681 1074 coepiscopi
709 1002 878 1057 nostri
899 1002 1107 1056 Leontii
1128 1001 1427 1056 moderatio
1454 1000 1678 1055 formam
1702 1000 1878 1053 cnnti-

295 1101 493 1154 nenti-c
544 1097 789 1168 praebere
827 1095 1073 1149 debuerit
1113 1094 1414 1148 ambienti:
1463 1101 1555 1148 aut.
1602 1094 1645 1148 si
1689 1093 1879 1162 spiritu

295 1190 655 1246 muiulationis
689 1187 935 1250 inflatus,
967 1200 1089 1240 eum
1120 1184 1279 1256 (quod
1311 1200 1418 1239 non
1449 1184 1708 1255 oportuit)
1736 1184 1881 1239 arbi-

298 1291 469 1336 tratus
494 1290 581 1335 est
602 1277 1007 1349 negligendum;
1036 1276 1338 1331 decessoris
1360 1276 1439 1330 sui
1468 1276 1656 1331 saltem
1687 1276 1883 1329 instru-

297 1380 418 1425 ctus
444 1368 699 1439 exetupio
720 1410 734 1431 ,
766 1368 915 1421 illius
944 1366 1243 1420 imitaretur
1268 1368 1698 1432 temperantiam,
1732 1364 1885 1433 cujus

301 1462 507 1515 honore
565 1459 935 1528 perlungitur,
982 1471 1083 1511 nec
1133 1455 1574 1525 transgrediendo
1624 1455 1884 1521 violaret,

302 1552 441 1621 quod
471 1549 585 1619 jam
625 1562 767 1603 nunc
792 1590 807 1613 ,
843 1548 941 1601 nisi
973 1547 1245 1616 patientiae
1275 1546 1639 1601 moderamina
1671 1557 1883 1601 tenere-

306 1658 424 1698 mus
451 1683 465 1705 ,
496 1648 681 1710 posset
706 1640 971 1694 amittere.
1006 1638 1103 1693 Cui
1131 1652 1361 1709 unquam
1390 1637 1594 1708 profuit
1620 1654 1772 1694 mens
1802 1654 1888 1694 re-

1973 452 2285 523 prredictum
2328 452 2599 521 privilegia
2648 454 2808 506 certis
2840 454 3089 508 conclusa
3141 456 3381 509 terminis
3415 458 3548 512 velle

1972 546 2201 617 perdere
2229 547 2347 615 plus
2372 545 2621 609 valendo,
2649 546 2735 615 qui
2758 546 2955 600 abusus
2984 545 3160 601 fratris
3190 555 3243 600 et
3268 562 3551 603 consacer-

1974 637 2114 693 dotis
2140 636 2342 692 Leontii
2373 637 2701 691 moderantia
2726 676 2741 698 ,
2776 636 3072 692 Deensibus
3105 649 3291 692 contra
3324 638 3403 693 fas
3431 641 3547 707 epi-

1978 742 2218 798 scopum,
2246 729 2453 783 etiamsi
2481 738 2565 782 est
2591 728 2812 782 meritus
2834 768 2847 789 ,
2877 740 2980 781 non
3004 728 3181 782 timuit
3209 742 3544 783 consecrare.

1977 822 2034 876 lu
2064 836 2169 889 quo
2198 808 2393 873 factum
2442 820 2557 886 ejus
2594 828 2918 873 convenerat
2947 819 3023 871 sic
3051 820 3249 874 resolvi
3274 864 3288 885 ,
3317 827 3376 873 ut
3402 820 3549 886 juxta

1980 928 2165 968 eorum
2196 927 2314 980 qua:
2340 921 2640 979 perpetrata
2671 917 2795 963 sunt
2830 910 3160 977 qualitatem,
3186 925 3292 964 non
3334 912 3448 964 sine
3474 912 3553 978 ja-

1980 1013 2129 1057 cmra
2155 1002 2351 1070 proprii
2384 1000 2605 1061 ordinis,
2638 1000 2797 1054 etiam
2831 1000 2976 1053 illum
3009 1015 3037 1053 a
3070 1001 3387 1055 sacerdotali
3421 1016 3553 1056 cou-

1983 1094 2148 1147 sonio
2184 1092 2491 1146 submoveri
2536 1096 2799 1156 cerneret,
2848 1104 3006 1159 quem
3058 1090 3259 1144 creavit
3302 1092 3554 1157 indebite,

1984 1197 2246 1253 quemque
2268 1182 2634 1251 indignissime
2666 1181 2856 1235 fecisse
2876 1180 3232 1245 convincitur,
3250 1188 3555 1249 correptum

1983 1274 2122 1342 iusta
2152 1274 2349 1327 ultione
2381 1272 2634 1337 sentiret,
2680 1286 2745 1325 ne
2774 1266 3046 1337 concepta:
3087 1271 3321 1325 audaciae
3347 1273 3559 1327 incasti-

1986 1374 2108 1434 gata
2149 1363 2422 1418 temeritas
2458 1363 2686 1417 licentize
2722 1378 2779 1415 sc
2809 1364 3080 1431 peperisse
3122 1371 3330 1432 putaret
3376 1378 3562 1417 exem-

1991 1455 2157 1523 plum.
2193 1453 2389 1508 Verum
2420 1452 2486 1506 ad
2519 1453 2879 1506 Ecclesiarum
2920 1452 3157 1522 quietem
3198 1462 3359 1508 tanta:
3389 1464 3560 1509 trans-

1989 1544 2279 1615 gressionis
2319 1544 2537 1597 vulnera
2566 1578 2581 1608 ,
2614 1557 2877 1597 memores
2908 1544 3219 1610 apostolicae
3250 1544 3525 1614 sapientiae
3544 1574 3563 1610 ,-

1991 1636 2165 1690 curari
2214 1634 2462 1689 volumus
2504 1642 2629 1687 ante
2682 1634 2951 1699 fomentis,
3002 1642 3060 1688 ut
3102 1636 3343 1705 corporis
3394 1637 3601 1690 nostri

304 1733 491 1788 hellis?
522 1743 615 1785 aut
656 1745 815 1801 quem
847 1730 1108 1805 superbit;
1131 1745 1237 1785 non
1265 1729 1538 1785 inclinavit
1564 1732 1760 1786 elatio?
1787 1732 1879 1786 Al-
1914 1735 1965 1795 Β
1989 1729 2287 1782 membrum
2320 1727 2455 1780 forte
2480 1726 2772 1780 sanandum
2811 1727 2864 1779 in
2899 1727 3254 1796 integritatem
3288 1728 3564 1797 pristinam

307 1827 411 1882 tior
440 1834 521 1881 est
540 1824 859 1879 humilitatis
888 1823 1057 1893 gratia
1077 1864 1092 1889 ,
1117 1824 1201 1877 cui
1236 1832 1546 1893 paupertate
1576 1824 1793 1891 spiritus
1820 1825 1887 1879 ad

306 1917 587 1988 praemium
636 1915 914 1984 promissa:
945 1913 1287 1968 beatitudinis
1319 1915 1417 1969 iter
1464 1916 1614 1984 regni
1656 1916 1890 1970 caelestis

306 2009 566 2076 aperitur.
602 2007 709 2062 Nec
740 2004 1160 2074 perfunctorium
1212 2006 1588 2074 praevaricator
1623 2007 1892 2061 existimet

307 2116 428 2156 esse
457 2101 601 2172 quod
647 2100 771 2154 fecit
797 2140 810 2163 ,
834 2100 876 2152 si
908 2097 1146 2156 eruditus
1174 2098 1439 2153 doctrinis
1466 2099 1847 2154 ecclesiasticis
1872 2138 1888 2162 ,

308 2193 435 2265 quid
450 2202 689 2261 met-que
708 2190 1262 2259 mereaturagnoscit:
1286 2205 1412 2244 cum
1436 2191 1572 2245 alter
1598 2191 1889 2244 secundum

310 2284 675 2355 propheticum
703 2298 886 2337 vocem
928 2283 980 2335 in
1013 2282 1187 2335 medio
1216 2282 1496 2337 dominica:
1522 2281 1714 2335 domus
1746 2282 1893 2334 habi-

313 2388 424 2431 tare
475 2374 843 2445 prohibetur;
892 2372 1028 2425 alter
1068 2372 1389 2439 respiciente
1437 2386 1493 2425 se
1534 2371 1643 2425 Deo
1678 2385 1913 2437 semper

307 2471 520 2539 junctus
566 2467 866 2527 asscritur,
889 2465 1044 2531 cujus
1069 2462 1438 2517 consolatione
1469 2462 1725 2515 salvatur.
1762 2461 1891 2514 Pos-

308 2569 429 2615 sent
448 2556 833 2615 venerabilium
857 2564 1094 2608 veterum
1115 2554 1280 2609 multa
1309 2552 1577 2621 replicari,
1601 2568 1717 2623 quc
1743 2552 1894 2620 juxta

310 2652 589 2705 veritatem
606 2647 752 2701 dicta
776 2646 1242 2707 demonstrantur;
1272 2643 1365 2699 sed
1389 2645 1456 2698 ab
1484 2643 1676 2698 cadent
1707 2658 1890 2711 causa,

307 2758 429 2812 quae
480 2756 539 2796 se
583 2749 638 2794 ut
699 2738 1077 2807 loqueremur,
1133 2736 1377 2806 ingessit,
1427 2736 1723 2791 recentiora
1772 2745 1898 2791 sunt

310 2833 557 2901 exempla
602 2830 880 2884 sumenda.
926 2828 1058 2882 Nam
1100 2827 1413 2897 dignitatem
1442 2827 1760 2883 Viennensis
1797 2829 1896 2882 Ec-

309 2925 490 2981 clesia:
504 2922 795 2977 ﬂamertus
809 2921 1093 2989 episcopus
1114 2920 1704 2975 Arelatensisantistitis
1729 2935 1897 2990 quon-

306 3017 434 3069 dam
466 3013 898 3084 transgressione
922 3011 1187 3076 crevisse,
1214 3019 1271 3065 et
1298 3025 1395 3079 pro
1425 3011 1758 3080 corrigendis
1777 3027 1899 3081 quae

1996 1838 2090 1891 per
2110 1822 2319 1877 mitiora
2344 1822 2729 1876 medicamenta
2754 1829 3053 1888 revocetur,
3071 1835 3170 1875 nec
3187 1820 3434 1876 credatur
3472 1838 3564 1877 ne-

1994 1915 2115 1983 gligi
2138 1913 2278 1981 quod
2303 1913 2513 1966 interim
2543 1926 2647 1965 non
2666 1920 2913 1965 monetur
2933 1912 3192 1967 abscindi.
3225 1913 3429 1968 Pravis
3454 1928 3565 1969 me-

1994 2005 2155 2060 dendi
2208 2020 2419 2073 semper
2468 2005 2797 2059 austeritatis
2849 2011 2931 2058 est
2980 2004 3200 2069 lenitas,
3251 2017 3349 2059 nec
3390 2006 3565 2059 omnis

1997 2097 2137 2150 ferro
2176 2095 2352 2149 statim
2396 2096 2549 2164 culpa
2581 2095 2961 2164 compescitur,
3007 2104 3097 2149 aut
3125 2095 3456 2164 inexplorato
3482 2097 3565 2151 vel

1982 2186 2135 2255 quod
2164 2186 2322 2239 lucile
2344 2185 2607 2254 prodesse
2628 2187 2802 2253 possit
2820 2185 3065 2239 oli‘ertur.
3096 2185 3246 2240 Nune
3266 2188 3407 2241 enim
3424 2195 3565 2240 tem-

1990 2278 2141 2345 poris
2168 2278 2560 2346 opportunitas,
2592 2292 2732 2330 nunc
2762 2278 3060 2345 languentis
3083 2278 3392 2343 necessitas,
3426 2293 3566 2331 nunc

1998 2369 2277 2425 medicinae
2308 2369 2472 2438 ipsius
2496 2380 2549 2424 et
2575 2370 2763 2424 modus
2793 2378 2874 2423 est
2896 2370 3216 2439 quaerendus
3236 2379 3291 2425 et
3318 2370 3565 2439 qualitas;

1999 2472 2056 2515 ut
2084 2463 2257 2516 omnis
2295 2477 2390 2531 per
2413 2462 2728 2529 sapientiam
2776 2460 2910 2515 facta
2939 2463 2991 2515 in
3038 2462 3183 2515 vitiis
3217 2462 3567 2531 reprimendis

1998 2553 2299 2608 sollicitudo
2328 2553 2567 2607 curantis
2592 2554 2825 2622 gaudeat
2846 2554 3347 2623 reparationevquod
3378 2554 3569 2620 salvat,

1938 2706 1951 2717 _
2001 2659 2098 2699 nec
2126 2655 2306 2698 careat
2336 2644 2703 2699 moderatione
2732 2643 2871 2713 quod
2901 2656 3133 2699 resecat.
3169 2645 3259 2699 liis
3288 2647 3444 2715 igitur
3484 2661 3570 2701 ve-

2000 2744 2108 2790 stra
2130 2735 2438 2795 fraternitas
2456 2736 2686 2805 graviter
2712 2735 3109 2805 prudenterque
3126 2738 3424 2805 perpensis,
3453 2738 3573 2795 talia

2000 2825 2139 2897 apud
2172 2842 2267 2880 nos
2297 2825 2627 2881 dissimulari
2669 2840 2828 2895 posse
2858 2841 2960 2879 non
2990 2827 3237 2890 :estimet,
3271 2828 3323 2881 in
3349 2843 3573 2897 quorum

2001 2933 2061 2974 se
2091 2920 2322 2982 maxime
2349 2918 2856 2986 contumeliam,qui
2880 2933 2985 2972 non
3016 2918 3285 2974 immerito
3314 2918 3573 2987 pulsatur,

1976 3026 1977 3029 ‘
2003 3012 2196 3067 erexit.
2242 3011 2414 3065 Fratri
2460 3012 2603 3065 enim
2632 3020 2817 3065 nostro
2842 3009 3068 3067 Leontio
3087 3010 3221 3065 nihil
3242 3010 3517 3065 constituti
3546 3026 3575 3067 a

307 3120 595 3179 perperam
628 3104 985 3174 gerebantur,
1030 3102 1321 3157 iaviolabili
1366 3112 1547 3171 postea
1589 3103 1897 3160 definitione
1925 3106 1972 3171 C
2001 3116 2198 3161 sancta:
2221 3105 2493 3160 memoria:
2516 3105 2801 3159 decessore
2818 3118 2939 3160 meo
2956 3104 3091 3172 juris
3118 3105 3289 3173 potuit
3308 3104 3601 3174 abrogari,

311 3197 696 3264 compositum,
730 3209 795 3247 nc
826 3193 961 3247 alter
989 3193 1269 3261 inglorius,
1304 3194 1507 3247 alterin
1538 3204 1705 3249 totum
1730 3196 1897 3251 veteri

310 3292 522 3346 honore
564 3303 662 3357 per
698 3287 880 3340 vitium
930 3287 1273 3354 prtecessoris
1322 3286 1646 3355 reperiretur
1683 3298 1893 3345 exutus.

309 3384 463 3439 Sicut
487 3395 618 3452 ergo
657 3389 711 3433 et
733 3388 924 3433 vestrm
958 3375 1263 3432 dilectionis
1294 3380 1484 3433 relatio
1510 3420 1525 3447 ,
1554 3389 1607 3435 et
1636 3381 1814 3435 fratris
1843 3392 1899 3437 et

387 3540 401 3569 ί
445 3537 753 3599 Mamertus,
786 3534 915 3587 alias
942 3534 1258 3600 Mamercus,
1292 3534 1646 3589 sanctissimm
1674 3536 1805 3589 vitm
1837 3544 1893 3590 et
1922 3522 1925 3523 ν

310 3608 611 3663 beatissimi
639 3605 1149 3659 obitusV’iennensis
1180 3605 1481 3671 episcopus,
1510 3608 1596 3673 qui
1630 3621 1783 3659 usum
1809 3621 1895 3660 sa-

308 3696 463 3733 crum
494 3678 800 3731 litaniarum
828 3674 1119 3743 antiquitus
1161 3676 1359 3730 editum
1384 3715 1397 3736 ,
1425 3675 1720 3743 disciplinae
1747 3678 1895 3731 solu-

310 3751 479 3813 tione,
495 3748 673 3802 cultus
689 3747 1003 3800 remissione
1022 3745 1325 3812 neglectum
1348 3746 1402 3799 in
1430 3745 1621 3800 Galliis
1652 3758 1893 3813 tempore

310 3818 677 3873 Valentiniani
716 3815 859 3872 tertli
893 3818 1251 3882 imperatoris,
1287 3828 1430 3869 anno
1452 3817 1653 3871 Christi
1678 3820 1803 3882 452,
1834 3828 1895 3873 ut

311 3890 501 3944 scribit
528 3888 645 3942 Ado
673 3884 1008 3948 Viennénsis,
1030 3886 1299 3945 restituit,
1335 3884 1614 3956 triduoque
1644 3900 1767 3940 ante
1798 3892 1897 3941 As-

312 3962 630 4014 censionem
672 3973 768 4011 suo
804 3957 1053 4021 exemplo
1090 3966 1143 4010 et
1168 3957 1537 4025 experimento
1589 3958 1894 4021 utilissimo,

314 4045 406 4085 eas
432 4044 557 4098 ποτε
602 4028 901 4096 rogationes
928 4028 1208 4094 appellatae
1240 4035 1394 4090 sunt,
1418 4036 1480 4098 e_t_
1502 4043 1639 4079 nunc
1670 4028 1737 4079 ab
1781 4028 1899 4081 uni-

316 4096 471 4155 versa
511 4098 750 4151 Ecclesia
786 4107 1011 4159 receptae
1036 4139 1049 4159 ,
1082 4098 1391 4151 celebravit.
1443 4096 1548 4148 llas
1577 4114 1605 4149 a
1638 4098 1898 4151 Mamerto

316 4187 423 4226 non
445 4169 678 4237 primum
720 4170 769 4221 in
802 4167 987 4222 Galliis
1021 4168 1181 4220 fuisse
1221 4167 1518 4237 institutas,
1565 4166 1895 4237 sedrtantutn

318 4236 516 4309 magno
546 4255 668 4293 cum
705 4239 913 4291 fervore
955 4238 1021 4291 ad
1066 4249 1400 4291 terraetnotus
1423 4278 1437 4300 ,
1470 4236 1700 4309 incendii
1726 4282 1738 4301 ,
1768 4240 1899 4290 alia-

316 4308 544 4379 rumque
569 4309 799 4363 cladium
833 4309 1061 4379 pericula
1094 4308 1379 4379 avertenda
1410 4308 1749 4373 reformatus,
1779 4319 1899 4375 post

317 4378 588 4444 Adonem,
641 4388 866 4433 testatur
912 4378 1165 4432 Sidonius
1216 4378 1351 4430 libro
1404 4379 1620 4445 quinto,
1670 4379 1897 4445 epistola

2004 3197 2134 3252 nihil
2162 3197 2357 3261 valuit,
2388 3197 2529 3266 quod
2558 3197 2747 3252 honori
2773 3196 2892 3264 ejus
2911 3195 3158 3261 debetur,
3179 3196 3377 3252 auferri
3403 3215 3416 3251 :
3439 3196 3564 3265 quia

2003 3289 2426 3345 Christianorum
2466 3304 2678 3359 quoque
2706 3290 3004 3359 principum
3038 3290 3154 3359 lege
3174 3289 3449 3345 decretum
3473 3298 3577 3355 est,

2008 3392 2061 3436 ut
2084 3379 2337 3453 quidquid
2352 3381 2607 3437 Ecclesiis
2628 3397 2917 3453 earumque
2938 3381 3256 3447 rectoribus,
3288 3396 3383 3453 pro
3403 3384 3579 3452 quiete

1958 3520 1961 3531 ’
2000 3536 2308 3604 pwuitcutite
2349 3531 2697 3601 c'elebramus,
2730 3538 2832 3591 etc.
2874 3537 2941 3590 Et
2969 3538 3110 3591 circa
3152 3536 3307 3590 ﬁnem
3342 3553 3355 3590 :
3390 3536 3580 3593 Nullus

1998 3608 2093 3660 sibi
2140 3607 2203 3659 de
2252 3608 2505 3677 industria
2546 3606 2743 3676 aliquas
2779 3608 3131 3676 occupationes
3176 3608 3397 3675 inquirat
3423 3650 3438 3670 ,
3491 3625 3579 3677 per

1999 3692 2124 3747 quas
2146 3693 2199 3731 se
2220 3678 2282 3730 de
2312 3675 2557 3731 Ecclesiae
2576 3686 2818 3732 comicum
2847 3679 3111 3732 subducet.
3138 3676 3434 3747 Sinedubio
3466 3675 3582 3745 pec-

2001 3747 2690 3819 catorumlsuorumvulnera
2705 3747 2872 3819 diligit
2896 3750 2981 3813 qui
3000 3750 3052 3800 in
3081 3746 3375 3802 istis-tribus
3406 3751 3579 3803 diebus

1992 3816 2307 3891 jejunando,
2339 3819 2609 3891 orandoget
2635 3816 2901 3891 psallendo
2927 3820 3296 3891 medicamenta
3312 3820 3409 3891 sibi
3427 3821 3581 3887 spiri-

2005 3884 2163 3940 tu'alia
2220 3903 2321 3940 non
2362 3889 2595 3955 inquirit.
2636 3884 2882 3941 'Litanias
2926 3892 3054 3941 vero
3105 3898 3156 3940 et
3212 3884 3579 3953 processioncs

2010 3958 2337 4024 temporibus
2376 3958 2545 4010 sancti
2576 3957 2815 4025 Gregorii
2865 3958 3243 4024 'l‘haumaturgi
3287 3968 3340 4011 et
3372 3958 3581 4012 Tertul-

1984 4029 2133 4080 liani
2167 4028 2325 4109 tertio
2347 4027 2543 4109 sarculo
2569 4028 2618 4079 in
2654 4027 2888 4107 Ecclesia
2914 4028 3397 4109 usurpatas‘fuisse,
3436 4038 3579 4109 patet

2004 4113 2069 4152 ex
2101 4096 2321 4164 epistola
2351 4097 2524 4149 Basilii
2554 4098 2881 4165 sexagesima
2913 4098 3065 4151 tertia
3090 4099 3153 4149 ad
3189 4097 3581 4152 NCOCtl‘Sztrlell-

2005 4183 2113 4235 ses,
2138 4176 2187 4221 et
2220 4167 2528 4222 Tertulliani
2561 4166 2697 4222 libro
2725 4168 2958 4221 secundo
2983 4168 3045 4220 ad
3080 4168 3331 4222 Uxorem.
3362 4166 3491 4221 Item
3514 4185 3579 4223 ex

2011 4240 2073 4291 iis
2120 4253 2240 4304 qua}
2279 4237 2386 4291 dixi
2418 4254 2574 4304 supra
2625 4240 2676 4292 in
2719 4241 2857 4292 notis
2900 4238 3119 4292 canonis
3148 4238 3338 4291 det-imi
3371 4241 3580 4305 septimi

2006 4310 2217 4363 concilii
2246 4308 2553 4361 Laodiceni.
2573 4309 2702 4362 Vide
2726 4325 2843 4377 quae
2866 4312 2962 4361 hac
2988 4309 3056 4363 de
3080 4324 3136 4361 re
3164 4309 3367 4378 prolixe
3392 4311 3578 4365 scribit

2008 4380 2265 4439 Barouius
2295 4394 2434 4431 anno
2466 4378 2569 4433 475
2594 4422 2607 4441 ,
2654 4396 2799 4432 num.
2830 4379 2885 4433 ll
2939 4389 2992 4433 et
3021 4380 3384 4447 sequentibus,
3423 4392 3476 4434 et
3532 4386 3582 4434 in

319 4463 509 4522 quarta
539 4450 608 4502 ad
642 4453 841 4522 Aprum
877 4448 1166 4522 lilSXBI'lllS
1203 4466 1215 4501 :
1247 4447 1444 4500 [larum
1469 4450 1788 4522 rogationum
1818 4465 1901 4501 so—
1928 4460 1984 4521 ι)
2007 4450 2148 4522 notis
2174 4448 2535 4522 Martyrologii
2560 4447 2877 4522 25_Aprilis,
2903 4453 3065 4503 vcrho
3098 4449 3345 4522 Litanias.

322 4519 633 4576 lemnitatem
647 4521 843 4587 primus
873 4519 1149 4571 Mamertus
1180 4527 1384 4583 pateret
1416 4519 1643 4586 pontifex
1664 4535 1895 4587 reveren-
1931 4519 1965 4571 ί

324 4593 539 4644 dissimo
564 4584 814 4655 exemplo,
845 4590 1117 4641 utilissimo
1138 4591 1478 4658 experimento
1506 4584 1706 4641 inuexit.
1741 4588 1906 4643 Erant

321 4662 529 4731 quidem
568 4661 708 4731 prius
750 4659 906 4726 (quod
936 4658 1077 4711 salva
1110 4660 1236 4731 ﬁdei
1268 4675 1390 4731 pace
1411 4660 1473 4711 sit
1500 4659 1714 4731 dictum)
1745 4676 1903 4727 raga',

308 4729 1043 4799 eretttesfitrfrequeutesque,
1056 4740 1205 4797 atque
1219 4729 1313 4797 (sic
1329 4729 1540 4796 dixeris)
1563 4730 1908 4783 oscitabundae

308 4801 741 4873 applicandae“,
764 4816 880 4873 quc
897 4815 1095 4873 seraper
1119 4800 1548 4873 interpellantium
1573 4802 1905 4873 prandiorum

323 4869 552 4927 obicibus
578 4870 976 4924 hebetabantur:
997 4871 1063 4921 ad
1083 4887 1228 4936 quas,
1257 4880 1308 4921 ut
1336 4869 1467 4921 nihil
1478 4872 1698 4938 amplius
1712 4873 1902 4935 dicam,

314 4943 486 5012 ﬁgulo
520 4942 715 5011 pariter
754 4949 802 4993 et
831 4940 1232 4993 hortulanonon
1271 4942 1494 5009 oportuit
1524 4943 1807 5012 conrcnire.
1840 4939 1906 4994 In

324 5010 406 5066 his
432 5010 608 5065 autem
626 5053 639 5074 ,
668 5022 794 5080 quas
820 5026 977 5080 supra
1027 5012 1162 5078 {aliis
1189 5026 1416 5064 summus
1450 5010 1689 5063 sacerdos
1717 5019 1762 5063 et
1792 5026 1913 5080 pro‘

326 5084 443 5136 tulit
470 5081 662 5153 pariter
683 5092 727 5135 ct
747 5082 985 5147 contulit,
1009 5084 1300 5153 jejunmur,
1333 5089 1531 5145 oratur,
1558 5082 1798 5150 psallitur
1818 5122 1833 5147 ,
1862 5090 1911 5135 et

368 5163 505 5218 etur,
529 5161 636 5205 etc.

330 5156 981 5291 ﬂagudg‘patetsanctum
1002 5223 1310 5277 Mamertum
1334 5223 1643 5291 episcopum
1676 5235 1778 5274 non
1808 5231 1914 5277 tam

316 5295 630 5349 instituisse
657 5308 817 5361 quam
848 5294 1343 5348 restituissesacras
1375 5294 1698 5361 rogationes,
1718 5308 1917 5361 easque

334 5366 391 5417 in
415 5362 687 5419 meliorem
711 5366 939 5417 formam
959 5364 1258 5417 reduxisse.
1285 5364 1482 5417 Harum
1510 5363 1653 5416 enim
1690 5365 1921 5432 rogatio-

312 5450 463 5490 num
504 5434 874 5489 triduanarum
911 5443 1036 5489 ante
1084 5434 1466 5489 Ascensinnem
1521 5434 1730 5486 Domini
1768 5438 1921 5488 retate-

328 5506 479 5559 brari
506 5506 787 5558 solitarum
820 5514 1033 5557 sanctus
1066 5507 1397 5573 Augustinus
1425 5506 1607 5557 multis
1630 5505 1782 5557 annis
1814 5506 1922 5558 Ma-

324 5588 511 5630 merto
537 5577 778 5628 anterior
806 5576 1048 5628 meminit
1075 5589 1323 5629 sermone
1347 5576 1449 5629 175
1476 5616 1487 5635 .
1523 5575 1589 5628 de
1616 5574 1882 5641 Tempore
1903 5617 1919 5642 ,

327 5651 390 5701 in
419 5645 597 5713 vigilia
633 5648 975 5701 Ascensionis
1008 5663 1020 5697 :
1050 5645 1194 5699 Scire
1225 5645 1481 5709 debemus,
1514 5645 1707 5714 inquit,
1748 5657 1794 5698 et
1837 5646 1921 5699 in-

318 5718 590 5797 telligere,
623 5720 806 5799 fratres
833 5716 1087 5797 carissimi
1106 5756 1120 5787 ,
1150 5718 1268 5788 quia
1301 5717 1409 5794 dies
1438 5717 1848 5787 contpunotionis
1876 5727 1941 5791 et,

2084 4520 2236 4573 llunc
2266 4518 2577 4572 lllamertum
2612 4520 2941 4573 Viennenses
2984 4521 3345 4574 anniversaria
3381 4520 3584 4574 festivi-

2014 4598 2119 4643 tate
2150 4590 2330 4641 colunt
2350 4590 2629 4642 undecimo
2654 4591 2796 4644 Maii.
2827 4591 3010 4654 Qualis
3036 4599 3373 4659 quantusque
3402 4591 3580 4656 fuerit,

2012 4661 2219 4714 Sidonii
2256 4660 2594 4727 Apollinaris,
2618 4660 2851 4727 quicum
2876 4661 3039 4722 novit,
3074 4676 3244 4728 eoque
3276 4662 3585 4715 familiaris-

2010 4732 2144 4785 sime
2187 4743 2315 4782 usus
2348 4729 2462 4790 fuit.
2504 4731 2728 4793 epistola
2780 4730 3057 4785 undecima
3105 4732 3197 4786 lib.
3242 4748 3291 4783 tv
3318 4740 3373 4785 et
3402 4736 3586 4800 'prima

2014 4802 2105 4869 lib.
2130 4817 2196 4853 vn
2224 4800 2421 4853 indicat
2452 4818 2463 4853 :
2496 4800 2739 4855 Alcimus
2781 4804 2963 4855 Avitus
2985 4844 2999 4866 ,
3029 4803 3297 4855 secundus
3323 4815 3437 4869 post
3464 4820 3584 4856 enim

2014 4868 2332 4942 Viennensis
2352 4869 2657 4939 episcopus,
2692 4872 2739 4923 in
2769 4870 2983 4925 humilia
3016 4889 3171 4940 quam
3206 4872 3271 4942 tle
3300 4868 3590 4942 rogationi-

2014 4940 2112 4996 bus
2138 4940 2349 5004 babuit;
2375 4942 2663 5010 Gregorius
2681 4942 3009 4996 Turonensis
3033 4942 3169 4995 Hist.
3188 4940 3401 5008 Franci,
3420 4945 3510 4997 lilt.
3529 4961 3587 5006 ιι,

2016 5026 2135 5078 cap.
2166 5010 2255 5075 54,
2283 5021 2390 5065 etc.
2422 5012 2573 5077 Quod
2604 5014 2781 5076 itaque
2806 5012 3066 5066 adversus
3096 5015 3237 5066 hunc
3268 5015 3583 5068 Momentum

2017 5082 2299 5137 sanctitate
2338 5083 2599 5151 insignem
2655 5083 2865 5136 Hilarus
2916 5083 3146 5151 pontifex
3191 5087 3286 5135 hac
3330 5087 3588 5151 epistula,

2019 5156 2166 5222 quasi
2197 5152 2425 5206 alienam
2451 5153 2879 5223 jttrlsdictlonem
2911 5154 3092 5207 illicite
3126 5157 3425 5219 usurparit,
3457 5156 3593 5208 adeo

2021 5224 2369 5277 vehementer
2398 5225 2715 5290 insurrexit,
2748 5239 2852 5277 non
2880 5233 2963 5277 est
2991 5225 3207 5277 mirum.
3233 5226 3595 5291 Quis‘nesmat

2022 5307 2168 5362 saepe
2189 5294 2433 5348 accidere
2454 5304 2511 5349 ut
2540 5295 2687 5349 falsis
2707 5295 3135 5350 accusationibus
3160 5306 3215 5350 et
3237 5297 3596 5361 subreptioni-

2025 5366 2124 5417 bus
2154 5379 2311 5418 aures
2334 5367 2640 5433 poutitlcum
2670 5366 3067 5434 repleantur,et
3085 5382 3204 5421 cum
3226 5376 3409 5430 putant
3434 5382 3594 5434 agerc

2024 5435 2165 5504 quod
2194 5435 2394 5502 justum
2428 5446 2702 5503 appareat,
2730 5439 3067 5489 innocentem
3091 5438 3381 5506 exagitent.

2096 5506 2245 5572 Quod
2276 5507 2469 5560 accidit
2498 5507 2663 5563 Leoni
2706 5506 2941 5575 pontitlci
2981 5509 3320 5561 sanctissimo
3346 5511 3395 5559 in
3436 5520 3597 5566 causa

2028 5576 2209 5629 Hilarii
2229 5578 2570 5644 Arelatensis,
2590 5578 2677 5648 qui
2699 5578 2921 5645 epistola
2947 5580 3036 5643 89,
3064 5580 3323 5631 acerrime
3346 5578 3600 5629 innoceo.

2022 5658 2135 5701 tem
2165 5648 2499 5715 perstrinxit,
2530 5649 2669 5703 idem
2696 5663 2759 5702 ex
2791 5650 3107 5716 obreptione
3135 5648 3315 5700 Hitaro
3357 5651 3584 5712 pontilic

1953 5744 1977 5792 -Ὅ
2024 5719 2081 5774 in
2108 5733 2267 5774 causa
2298 5718 2539 5777 Mamerti
2566 5720 2828 5777 accidisse
2852 5720 3044 5791 potuit.
3069 5719 3197 5776 Sav.
3230 5716 3429 5775 Brutus.
