4080 6350
491 293 552 348 51
1817 300 2055 357 SIMPLH

2162 302 2190 353 Β
2230 300 2428 355 ΡΑΡΑ.
3689 297 3759 358 Ω

489 410 725 464 omnium
760 412 967 468 Domini
996 416 1333 471 sacerdotum
1352 458 1367 483 ,
1393 427 1551 490 alque
1582 419 1749 490 ipsius
1777 421 2068 476 observan-
2095 423 2146 480 Α
2173 419 2240 474 de
2267 417 2492 488 propriis
2533 418 2847 473 excessibus
2874 419 3179 489 increpare,
3209 419 3402 489 quibus
3434 429 3758 489 pra-ceptum

488 504 558 557 tia
588 504 901 576 disciplinm,
922 509 972 563 in
994 510 1296 564 auferendis
1323 511 1735 567 confusionibus
1758 513 2069 582 apostolica:

485 594 631 649 sedis
659 597 881 652 antistes
911 615 1007 654 suo
1032 603 1433 669 pronuntiasset
1457 604 1724 670 examine,
1751 613 2069 660 veneranter

484 687 683 755 accipi,
715 692 1076 760 tenaciterquc
1105 694 1344 759 servari,
1373 710 1494 750 cum
1521 697 1634 750 suis
1661 697 1906 766 plebibus
1930 697 2067 751 cari-

484 786 566 831 tas
595 790 772 834 vestra
825 794 1208 852 cognosceret:
1259 799 1358 840 nec
1400 802 1630 856 unquam
1682 797 1903 857 possent
1939 803 2068 843 COD-

484 870 610 925 velli
633 888 748 941 quae
767 882 821 927 et
848 876 1164 930 sacerdotali
1189 878 1550 934 ecclesiastica
1579 881 1941 950 praeceptione
1963 881 2070 936 ful-

480 963 720 1018 cirentur
743 976 795 1019 et
831 968 996 1036 regia.
1028 967 1179 1024 Unde
1199 1010 1213 1035 ,
1259 970 1454 1027 fratres
1483 973 1768 1038 carissimi,
1804 989 2067 1044 praesum-

480 1054 715 1121 ptionem
742 1057 1008 1126 praedicti,
1039 1073 1158 1127 quae
1185 1059 1238 1113 in
1267 1060 1447 1117 fratris
1472 1072 1526 1118 et
1553 1065 1858 1134 coepiscopi
1897 1066 2066 1120 nostri

477 1143 684 1199 Leontii
707 1149 973 1215 processit
995 1149 1275 1217 injuriam,
1303 1152 1374 1207 ita
1400 1156 1651 1208 convenit
1698 1155 1950 1224 tolerari,
1981 1157 2068 1210 di-

474 1253 592 1305 gnae
619 1253 760 1292 nunc
791 1239 1002 1294 interim
1028 1243 1245 1298 ultionis
1273 1245 1592 1312 immunem,
1613 1257 1672 1304 ut
1692 1249 1737 1304 si
1768 1258 2067 1320 transgres-

474 1345 564 1382 Sor
617 1331 872 1385 remediis
917 1335 1156 1388 abutitur
1204 1336 1585 1394 satisfactionis
1624 1349 1677 1395 et
1713 1342 1919 1407 veniae,
1965 1357 2068 1398 nec

473 1420 685 1488 culpam
721 1425 1003 1489 praesentis
1035 1440 1290 1481 excessus
1333 1430 1622 1486 curandam
1656 1431 1848 1488 futura;
1875 1433 2066 1489 obser-

471 1513 668 1565 vantiae
695 1514 984 1571 sedulitate
1017 1521 1299 1588 promittit,
1327 1524 1592 1578 redeunte
1617 1525 1976 1594 querimonia,
1999 1541 2068 1581 eo

474 1604 751 1674 privilegia
770 1606 1092 1665 Viennensis
1116 1611 1372 1668 Ecclesiae
1386 1615 1453 1668 ad
1474 1617 1844 1673 Arelatensem
1861 1619 2068 1675 antisti-

473 1703 578 1749 tem
607 1697 1004 1756 transferantur
1026 1704 1300 1772 exemplo,
1326 1721 1432 1774 quo
1454 1707 1754 1777 migravere
1773 1710 2059 1780 principio.

2172 521 2382 566 constat
2411 511 2718 580 frequenter
2749 511 3046 581 ignoscere.
3083 514 3314 568 Necesse
3352 523 3433 568 est
3469 521 3678 581 autem,
3711 512 3757 566 si

2173 603 2383 658 nullum
2399 604 2875 674 correctionisejus
2905 605 3156 661 indicium
3181 609 3568 676 sumpserimus
3590 606 3757 680 (quod

2172 697 2262 751 illa
2290 706 2370 752 cst
2395 698 2730 767 professione
2751 699 3112 766 retinendum,
3145 715 3248 770 qua
3278 701 3641 756 definitionem
3665 685 3755 754 se‘l

2171 787 2253 843 dis
2297 788 2606 857 apostolicae
2637 791 2878 859 periculo
2917 791 3120 846 ordinis
3166 792 3246 846 sui
3287 806 3500 862 semper
3541 806 3757 845 conser-

2171 879 2398 934 vandam
2442 880 2557 934 sine
2588 880 2693 934 ulla
2732 880 2989 948 deinceps
3019 884 3449 952 transgressione
3478 879 3754 952 testetur),

2170 971 2235 1024 ad
2258 971 2629 1026 Arelatensem
2661 972 2954 1028 Ecclesiam
2981 973 3198 1028 easdem
3229 983 3460 1044 quatuor
3489 973 3754 1041 civitates,

2169 1077 2394 1130 quarum
2426 1078 2532 1116 non
2569 1062 2670 1116 fuit
2700 1071 2792 1118 aut
2818 1078 2925 1118 non
2953 1063 3115 1118 fuerit
3140 1064 3431 1120 Mamertus
3469 1063 3758 1134 episCOpus

2170 1154 2509 1209 ordinatione
2536 1165 2844 1222 contentus,
2875 1170 2998 1210 esse
3025 1155 3376 1210 revocandas.
3409 1155 3563 1220 Quod
3594 1161 3756 1208 etiam

2173 1254 2296 1300 tunc
2327 1244 2596 1313 Oportebit
2623 1245 2819 1312 fieri,si
2851 1247 2990 1300 ullus
3011 1262 3244 1317 unquam
3274 1254 3396 1317 post
3424 1261 3571 1312 eum,
3598 1260 3756 1316 quem

2170 1351 2311 1390 nunc
2343 1337 2567 1392 caritate
2594 1338 2945 1408 corripimus,
2971 1347 3026 1394 et
3056 1339 3282 1395 ulterius
3303 1340 3371 1394 ab
3393 1340 3594 1394 illicitis
3621 1355 3756 1394 con-

2170 1427 2382 1482 fidimus
2425 1427 2737 1498 abstinere,
2802 1432 3240 1502 praesumptionis
3293 1432 3452 1502 hujus
3521 1433 3757 1488 imitator

2171 1520 2460 1575 exstiterit.

2240 1611 2303 1665 ll.
2339 1611 2414 1666 De
2445 1611 2545 1666 hoc
2567 1627 2727 1677 sane,
2759 1613 2850 1682 qui
2881 1614 3006 1669 licet
3035 1614 3305 1683 indebite,
3337 1616 3634 1674 Deensibus
3663 1632 3754 1675 co-

2169 1706 2444 1772 gnoscitur
2491 1705 2769 1759 ordinatus
2790 1745 2805 1771 ,
2837 1706 3059 1775 jnstititc
3081 1709 3290 1764 ratione
3315 1710 3624 1764 censuimus
3647 1750 3662 1776 ,
3698 1719 3756 1766 ut

542 1789 583 1841 Ι.
616 1789 767 1846 Unde
797 1802 995 1849 nostra:
1038 1795 1424 1853 moderationis
1461 1814 1656 1856 nomen
1690 1811 1964 1868 tenentes,
1994 1804 2062 1859 ad
2093 1795 2145 1860 B
2172 1797 2529 1852 sacerdotium
2559 1797 2674 1864 ejus
2717 1796 2895 1852 fratris
2935 1808 2990 1854 et
3013 1801 3320 1869 coepiscopi
3352 1803 3522 1856 nostri
3546 1801 3752 1857 Leontii

471 1883 738 1940 Veranium
767 1888 986 1943 fratrem
1019 1892 1466 1961 etcoepiscopum
1489 1905 1732 1950 nostrum
1756 1897 1958 1968 scripta
1983 1898 2064 1954 di-

471 1981 728 2046 reximus,
760 1990 817 2032 ut
865 1982 1176 2050 praedictum
1220 2002 1283 2039 ex
1319 1995 1500 2041 nostra
1543 1989 1881 2058 delegatione
1929 2006 2064 2046 con-

470 2072 690 2136 veniat,
722 2083 985 2142 quatenus
1030 2077 1157 2146 quid
1209 2078 1278 2133 de
1323 2093 1388 2134 eo
1436 2081 1731 2137 retuleritis
1761 2095 2060 2153 agnoscat:

469 2162 588 2230 quia
608 2179 895 2220 onerosum
922 2181 1046 2222 esse
1074 2184 1179 2223 non
1202 2169 1381 2237 debet,
1415 2171 1815 2242 delinquentem
1841 2174 2058 2230 fratrem

2171 1891 2516 1944 confirmetur
2560 1889 2815 1956 arbitrio,
2858 1906 2887 1944 a
2931 1906 3034 1960 quo
3060 1893 3163 1946 rite
3199 1892 3382 1947 debuit
3422 1894 3752 1949 consecrari.

2169 1983 2310 2037 Deus
2336 1995 2430 2036 vos
2456 1981 2754 2046 custodiat,
2784 1982 2978 2036 fratres
3007 1982 3294 2049 carissimi,
3332 1997 3446 2037 aevo
3487 1983 3752 2053 longiore.

2172 2077 2298 2130 Data
2327 2085 2480 2131 sexto
2525 2076 2773 2130 calendas
2807 2076 3021 2131 Martias
3050 2080 3213 2146 (anno
3247 2078 3375 2132 Chr.
3406 2077 3560 2149 464),
3597 2077 3654 2132 Ρ.
3687 2076 3749 2132 C.
3826 2136 3831 2141 _

2173 2173 2351 2226 Basilii
2378 2169 2473 2224 \iri
2501 2167 2785 2223 clarissimi
2807 2169 3060 2224 consulis.

472 2281 3733 2314 _._....__._.___._______________________________________

1413 2371 1924 2446 DECRETA
1977 2367 2372 2446 HILARI
2431 2370 2779 2440 PAPIE.

1074 2566 1449 2626 DECRETUM

468 2665 642 2707 Ιικιλῐιι
671 2668 818 2709 ΡΑΡΑΕ
845 2669 1010 2713 ιυχτΑ
1041 2675 1348 2716 GRATIANUII
1370 2702 1384 2727 ν
1408 2678 1542 2726 QUOD
1571 2679 1623 2719 IN
1653 2680 1925 2722 PRIORIBUS
1955 2681 2056 2722 NON

1133 2748 1384 2788 PONITUB.

532 2817 728 2884 Corpus
753 2819 941 2876 Christi
967 2823 1020 2877 in
1048 2824 1234 2907 similia
1266 2829 1578 2896 portionibus
1600 2831 1794 2902 singuli
1825 2841 1984 2904 toturn

1119 2908 1403 2964 accipiunt.

535 3003 633 3059 Ubi
660 3021 785 3076 pars
805 3016 887 3064 est
912 3011 1181 3080 corporis,
1206 3021 1292 3068 est
1337 3028 1391 3069 et
1435 3023 1626 3072 totum.
1663 3017 1864 3075 Eadem
1917 3020 2058 3075 ratio

464 3098 616 3151 estin
641 3112 868 3169 corpore
899 3101 1133 3173 Domini,
1164 3121 1283 3176 qure
1314 3108 1365 3162 in
1390 3123 1584 3163 manna
1609 3152 1624 3177 ,
1655 3111 1799 3182 quod
1831 3112 1883 3166 in
1931 3111 2052 3181 ejus

463 3190 627 3258 Iigura
651 3196 949 3260 praecessit.
982 3196 1058 3252 De
1091 3213 1196 3267 quo
1222 3201 1418 3255 dicitur
1446 3221 1457 3256 :
1493 3202 1594 3269 Qui
1617 3204 1734 3274 plus
1752 3203 2044 3276 collegerat,

463 3295 561 3333 non
572 3281 1002 3356 Itabuitamplius,
1022 3293 1275 3361 nequequi
1289 3293 1456 3346 minus
1468 3305 1756 3362 parauerat,
1773 3296 1947 3350 habuit
1961 3299 2049 3350 mi-

2083 3063 2131 3129 α

2167 2587 2262 2622 nus
2289 2567 2486 2639 (Exod.
2501 2567 2628 2637 xvi).
2645 2566 2757 2622 Non
2780 2568 2922 2622 enim
2950 2577 3032 2623 est
3053 2569 3322 2639 quantitas
3335 2568 3560 2626 visibilis
3579 2569 3632 2624 in
3651 2569 3751 2625 hoc

2163 2661 2477 2718 aestimanda
2499 2661 2776 2731 mysterio,
2801 2660 2898 2715 sed
2916 2661 3083 2716 virtus
3095 2662 3415 2717 sacramenti
3436 2661 3749 2731 spiritualis.

2625 2753 2833 2809 ALIUD
2862 2753 3235 2810 DECRETUM

2165 2863 2425 2918 causam,
2474 2865 2542 2905 sx
2587 2861 2775 2904 contos
2807 2862 3067 2901 uenoauu
3100 2861 3391 2913 saxosum,
3436 2861 3554 2902 car.
3591 2844 3656 2900 19
3681 2860 3747 2900 ns:

2757 2933 3150 2973 CONTENTIOSIS.

2239 3014 2299 3070 Si
2329 3015 2444 3086 quis
2466 3014 2665 3068 videtur
2685 3011 3029 3066 contentiosa:
3051 3026 3186 3078 esse,
3213 3009 3428 3064 dicente
3453 3007 3713 3078 Apostolo
3729 3048 3747 3075 ,

2162 3128 2253 3167 nos
2281 3111 2434 3166 talem
2463 3109 2879 3164 consuetudinem
2916 3123 3020 3160 non
3042 3105 3279 3158 habemus
3307 3147 3322 3173 ,
3350 3104 3438 3157 sed
3459 3119 3616 3173 neque
3647 3101 3756 3156 Είει

2159 3205 2313 3258 clesia
2347 3203 2436 3257 Dei
2465 3201 2516 3272 (1
2545 3201 2663 3257 Cor.
2689 3201 2748 3270 tt)
2780 3216 2795 3254 :
2825 3200 2870 3255 si
2892 3199 3012 3269 quis
3032 3197 3180 3264 facit,
3211 3203 3446 3261 notetur,
3467 3207 3746 3265 usquequo

2157 3315 2215 3353 se
2235 3300 2468 3366 corrigat
2490 3306 2536 3349 ⁸.

535 3402 560 3427 οι
592 3391 781 3448 Exstat
808 3404 864 3450 et
895 3396 943 3449 in
975 3399 1228 3454 Burchar.
1262 3403 1355 3457 lib.
1391 3419 1443 3469 x,
1479 3421 1595 3474 cap.
1623 3406 1709 3473 55,
1746 3407 1885 3476 apud
1919 3424 2076 3477 quem
2107 3422 2376 3479 postrema
2403 3409 2563 3463 verba
2594 3409 2670 3462 sic
2699 3409 2837 3477 lego,
2872 3423 3126 3478 usquequo
3153 3406 3455 3478 corrigatur.
3486 3402 3675 3456 Mur.

478 3519 3703 3575 Μ

1696 3636 1864 3679 ANNO
1909 3636 2139 3679 υοιιιΝι
2184 3636 2534 3679 CCCCLXVII.

743 3748 2430 4125 SIMPLIgigs
2594 3757 3462 3995 PAPA.

1446 4223 2293 4328 PROLEGOM
2308 4226 2498 4328 EN
2514 4225 2716 4327 ΟΝ
2737 4289 2775 4326 .

1969 4417 2299 4431 ——-——.—.——

1491 4509 1756 4582 νΙΤΑ
1813 4508 2339 4582 SIMPLICII
2393 4510 2734 4584 PAP/E.

1797 4641 1893 4706 (Ex
1930 4641 2056 4692 libro
2090 4640 2402 4703 Pontificali.)

1733 4744 1774 4761 .-

531 4810 607 4880 (a)
637 4808 942 4880 Simplicius
967 4809 1182 4864 natione
1197 4807 1614 4874 Tiburtinus,cx
1640 4817 1791 4882 patre
1817 4809 2056 4877 Castino,
2084 4817 2137 4879 ι)
2168 4809 2262 4864 llic
2287 4807 2557 4864 dedicavit
2585 4805 2856 4860 basilicam
2884 4805 2943 4859 S.
2977 4803 3236 4875 Stephani
3267 4803 3323 4861 in
3353 4804 3523 4862 Caelio
3562 4815 3743 4862 monte

458 4903 532 4975 (b)
557 4903 876 4958 seditannos
903 4900 1205 4973 quindecim
1224 4916 1460 4956 mensem
1484 4918 1647 4958 unum
1679 4902 1793 4958 dies
1820 4913 2049 4973 septem.

529 5019 610 5089 (a)
658 5016 790 5072 Cum
837 5027 955 5086 post
1011 5018 1214 5089 obitum
1267 5017 1428 5089 Hilari
1471 5018 1656 5073 decem
1712 5020 1904 5077 diebus
1951 5035 2042 5076 se-

459 5088 554 5147 des
583 5098 853 5153 vacasset,
907 5103 1046 5142 anno
1076 5088 1270 5143 Christi
1316 5088 1440 5151 467,
1485 5091 1572 5158 (ιυὶ
1599 5101 1681 5144 est
1715 5091 1907 5146 Leonis
1939 5091 2043 5145 im-

463 5164 725 5234 peratoris
790 5159 1076 5234 Orientalis
1107 5159 1164 5234 1]
1198 5199 1210 5220 ,
1265 5159 2044 5234 vigesimomdieSeptembris

462 5229 674 5288 creatus
722 5241 804 5284 est
857 5232 1088 5297 pontifex
1134 5229 1441 5297 Simplicius
1492 5229 1800 5286 Tiburtinus
1841 5234 2043 5288 Castini

463 5305 622 5360 illius.
651 5302 817 5369 Hujus
847 5301 1178 5368 temporibus
1207 5309 1348 5353 totus
1381 5301 1549 5356 ferme
1586 5302 1922 5359 Christianus
1951 5319 2044 5357 or-

465 5377 547 5430 bis
579 5374 676 5427 sub
706 5373 1075 5426 hzcreticorum
1117 5372 1412 5440 principum
1455 5373 1691 5426 dominio
1721 5377 2042 5429 constitutus

467 5448 591 5508 fuit,
635 5443 912 5506 nullusque
956 5444 1164 5509 penitus
1208 5458 1300 5495 rex
1332 5443 1623 5497 catholicus
1655 5445 1808 5498 alicui
1849 5447 2039 5499 saltem

465 5521 666 5586 exiguze
699 5513 983 5586 provincia:
1012 5512 1406 5586 dominabatur.
1431 5513 1656 5586 Etenim
1693 5524 1808 5582 post
1837 5515 2043 5569 Anthe-

467 5582 653 5648 minim,
676 5583 974 5654 Olybrium,
1001 5582 1300 5650 Glycerium
1331 5593 1384 5638 et
1413 5583 1764 5653 Augustulum
1784 5587 2044 5641 Occiden-

466 5661 532 5712 tis
563 5662 909 5726 imperatores
937 5658 1143 5726 occiﬁsos
1183 5656 1266 5708 vel
1299 5655 1581 5726 relegatos,
1630 5657 1870 5712 Odoacer
1902 5657 2041 5710 Eru-

467 5725 651 5783 lorum
673 5742 760 5780 rex
788 5725 1011 5779 Arianus
1040 5725 1185 5792 juxta
1213 5725 1520 5780 vaticinium
1556 5731 1721 5782 sancti
1765 5728 2041 5793 Severini,

467 5801 782 5858 Noricorum
825 5808 878 5854 et
907 5797 1197 5854 vicinarum
1227 5797 1463 5865 gentium
1491 5799 1719 5869 apostoli
1769 5799 2040 5854 miraculis

2162 4905 2214 4958 in
2243 4903 2376 4957 urbe
2405 4901 2596 4965 Roma,
2629 4910 2683 4954 et
2707 4899 2780 4972 (c)
2803 4898 3074 4954 basilicam
3104 4899 3242 4955 beati
3265 4900 3493 4970 apostoli
3517 4901 3744 4956 Andrea

2151 5017 2457 5074 clarissimi.
2495 5016 2700 5070 Italiam
2733 5025 3026 5087 totumque
3072 5015 3412 5072 Occidentale
3459 5019 3738 5087 imperium

2149 5105 2247 5143 suo
2278 5089 2515 5142 dominio
2540 5086 2797 5155 subjecit,
2820 5088 3094 5158 tituloque
3138 5087 3479 5154 imperatoris
3511 5086 3739 5158 purpura

2151 5171 2205 5216 et
2233 5160 2500 5229 regalibus
2534 5157 2860 5212 indumentis
2899 5157 3148 5224 abjectis,
3173 5160 3330 5229 regio
3380 5168 3580 5212 tantum
3612 5157 3733 5213 ’no-

2150 5228 2596 5300 mine’nsurpato,
2629 5228 2882 5300 deinceps
2927 5229 3117 5300 tenuit.
3152 5228 3354 5283 Gallias
3393 5245 3514 5283 cum
3549 5230 3742 5300 Hispa-

2150 5304 2234 5357 nia
2263 5299 2614 5355 ArianiGothi
2642 5299 3004 5353 obtinuerunt.
3034 5299 3186 5354 Dirus
3205 5300 3590 5353 catholicorum
3623 5299 3742 5368 pet-

2151 5382 2363 5428 secutor
2407 5370 2634 5425 Arianus
2679 5379 2733 5422 et
2787 5377 3044 5439 tyrannus
3107 5369 3430 5425 Gensericus
3478 5371 3743 5426 universa:

2151 5445 2345 5498 Africa:
2376 5442 2676 5510 imperavit.
2722 5440 2778 5493 In
2825 5441 3040 5495 Oriente
3087 5450 3206 5509 post
3257 5441 3461 5493 obitum
3522 5441 3737 5507 Leonis,

2151 5515 2296 5568 Zeno
2327 5515 2616 5581 imperator
2657 5510 3022 5582 Eutychianus
3051 5512 3299 5566 simulata
3331 5513 3548 5578 perfidia
3594 5529 3740 5568 acer-

2152 5585 2430 5638 bissimum
2453 5599 2512 5637 se
2537 5582 2792 5637 Ecclesiae
2810 5585 3231 5651 impugnatorem
3254 5585 3500 5651 przebuit.
3526 5583 3741 5641 Petrum

2149 5655 2430 5711 Fullonem
2473 5655 2870 5707 Acmmetarnm
2913 5655 3265 5713 monachum,
3315 5663 3368 5708 et
3401 5655 3739 5711 Timotheum

2154 5725 2400 5780 mlurum
2444 5725 2763 5792 sacrilegum
2811 5723 3184 5777 Alexandrina:
3229 5726 3481 5780 Ecclesiae
3527 5728 3738 5782 invaso-

2153 5813 2290 5861 rem,
2311 5811 2446 5867 quos
2474 5797 2545 5854 ob
2573 5794 2817 5852 haeresim
2849 5803 2904 5848 et
2933 5793 3250 5854 seditionem
3293 5796 3400 5854 Leo
3446 5797 3736 5866 imperator
