4080 6350
264 384 340 442 35

1665 375 2238 436 pnonscousnon.
3493 385 3564 447 δι

276 501 425 570 juxta
450 495 738 553 basilicam
763 492 974 549 Sancta:
1019 489 1218 557 Marias,
1243 497 1298 545 et
1320 489 1476 544 aliam
1506 488 1777 546 basilicam
1809 491 1868 547 S.
1898 493 1950 553 Α
1977 488 2222 560 quiescit.
2247 487 2342 544 Hic
2357 487 2435 558 (ά)
2449 489 2725 544 constituit
2747 489 2810 543 ad
2831 501 3071 549 sanctum
3099 493 3318 553 Petrum
3342 495 3562 568 aposto-

277 587 540 658 Stephani
584 587 740 657 juxta
774 583 1050 639 basilicam
1095 580 1275 637 Sancti
1304 581 1609 648 Laurentii,
1642 590 1697 637 et
1717 583 1876 637 aliam

280 680 560 735 basilicam
588 677 730 730 intra
755 675 941 729 urbem
987 672 1210 727 Romam
1249 672 1398 742 juxta
1428 673 1681 743 palatium
1733 673 1878 729 Lici-

282 773 527 836 nianum,
553 770 723 825 beata:
747 766 1002 837 martyris
1029 765 1284 832 Bibianm,
1314 767 1402 822 ubi
1425 781 1622 836 corpus
1652 765 1766 836 ejus
1795 782 1880 823 re-

285 942 588 1012 justissimo
609 937 809 1010 judicio
829 936 882 992 in
913 937 1158 1012 exsilium
1176 938 1460 1012 relegant,
1479 939 1625 1012 Zeno
1655 941 1878 1011 impera-

287 1008 373 1068 tor
416 1008 620 1081 impius
650 1026 756 1064 non
805 1018 1011 1062 tantum
1038 1008 1104 1062 ab
1134 1008 1323 1081 exsilio
1365 1011 1655 1081 revocavit,
1687 1008 1875 1068 verum

286 1085 452 1140 etiam
482 1077 736 1152 martyrio
754 1080 1104 1152 Asitiocheno,
1129 1077 1876 1152 etTimotheoiAlexandrino,

287 1149 1005 1224 prmsulibus'sanetissimis
1050 1159 1104 1203 et
1153 1149 1438 1224 catholicis
1476 1151 1599 1206 in’de
1648 1149 1868 1222 ejectis,

287 1221 588 1280 inonacbos
617 1221 905 1290 sacrilegos
935 1227 991 1274 et
1032 1227 1304 1288 apostatas
1344 1221 1555 1284 iisdem,
1605 1238 1710 1278 non
1761 1224 1878 1280 sine

287 1310 488 1365 magno
517 1295 676 1365 totius
704 1291 962 1346 Ecclesia:
990 1290 1229 1360 peciculo
1257 1305 1321 1365 ac
1351 1291 1877 1365 dispendio,_subro-

287 1361 457 1438 gavit.
483 1365 565 1420 Ad
593 1364 707 1438 hzec
734 1377 845 1438 non
869 1375 1053 1438 parum
1077 1361 1490 1438 perturbationis
1509 1363 1711 1418 addidit
1740 1369 1876 1421 Aca-

287 1431 362 1492 an
389 1432 962 1502 Constantinopolitani
994 1431 1225 1504 violenta
1261 1433 1504 1498 ambitio,
1531 1450 1634 1504 qua
1654 1446 1876 1491 conatus

287 1516 377 1563 est
406 1507 499 1561 diu
527 1505 887 1561 desideratam
921 1502 1065 1557 sedis
1103 1502 1712 1572 Constantinopolitanae
1743 1521 1878 1573 prae-

288 1579 594 1649 rogativam
623 1590 716 1644 per
757 1575 1132 1649 imperatorem
1170 1588 1200 1626 a
1231 1573 1508 1649 Simplicio
1535 1584 1874 1649 extorquere,

289 1644 452 1720 quam
490 1648 592 1720 sub
637 1644 1144 1720 praedecessoribus
1170 1645 1506 1720 pontificibus
1531 1644 1738 1720 duobus
1776 1648 1882 1720 ali-

289 1713 505 1790 quoties
531 1713 722 1771 frustra
745 1715 1096 1790 expetiverat.
1130 1713 1268 1790 inter
1297 1718 1393 1770 bas
1413 1719 1578 1790 maris
1616 1719 1877 1790 procellas

1981 585 2112 651 lum,
2137 594 2190 640 et
2218 584 2282 638 ad
2330 594 2571 638 sanctum
2606 584 2826 640 Paulum
2858 589 3179 655 apostolum,
3229 601 3281 645 et
3324 593 3390 646 ad
3436 609 3562 648 san-

1981 688 2125 734 ctum
2148 679 2495 733 Laurentium
2525 687 2835 748 martyrem,
2868 679 3232 738 hebdomadas
3253 693 3312 738 ut
3340 686 3563 758 presby-

1983 771 2084 826 teri
2117 780 2396 825 manerent
2420 769 2489 825 ibi
2517 778 2731 840 propter
2773 771 3091 839 pmnitentes
3126 780 3179 827 et
3217 774 3588 844 baptismump

1980 945 2063 1001 bis
2091 965 2108 1028 ξ
2139 947 2254 1002 Hoc
2275 959 2445 1028 autem
2465 951 2518 1002 in
2540 950 2733 1028 templo
2754 949 2862 1007 hac
2891 955 3117 1008 carmina
3153 956 3327 1028 legisse
3362 959 3565 1014 memini

1979 1020 2171 1072 musivo
2195 1036 2347 1089 opere
2387 1021 2638 1092 descripta
2661 1039 2679 1076 :

2055 1205 2182 1261 Ηαξε
2209 1208 2295 1261 tibi
2316 1223 2454 1261 mens
2480 1209 2647 1262 valide
2671 1209 2888 1263 decrevit
2920 1211 3139 1277 praedia,
3163 1210 3382 1269 Christe.

2123 1277 2217 1332 Cui
2247 1287 2456 1332 testator
2485 1295 2604 1346 opes
2632 1281 2810 1333 detulit
2841 1280 2929 1333 ille
2959 1299 3100 1338 suas.

2057 1348 2453 1424 Simpliciusque
2480 1366 2612 1417 papa
2639 1352 2798 1424 sacris
2821 1351 3102 1424 caelestibus
3131 1363 3348 1424 aptans,

2127 1416 2312 1485 Effecit
2341 1416 2451 1473 vere
2488 1416 2706 1474 muneris
2737 1439 2842 1476 esse
2869 1423 2963 1477 tui.

2055 1489 2307 1564 Ne__quod
2336 1491 2604 1564 apostolici
2631 1494 2856 1564 deessent
2885 1493 3065 1547 limina
3094 1496 3236 1552 nobis
3258 1538 3273 1564 ,

2127 1559 2378 1634 Martyris
2411 1562 2629 1634 Andrei:
2653 1563 2860 1618 nomina
2887 1568 3188 1634 composuit.

2060 1629 2232 1705 Utitur
2271 1629 2378 1705 Ῐιᾳξε
2416 1632 2574 1705 hwres
2601 1634 2763 1687 titulis
2792 1629 3009 1688 ecclesia
3034 1638 3218 1705 justis,

2128 1702 2511 1776 Succedensque
2539 1703 2688 1776 domo
2714 1706 2925 1776 mystica
2941 1702 3068 1776 jura
3091 1707 3242 1762 locat.

289 1769 685 1858 iéiiibiuiniiue
710 1769 1046 1858 turbulentas
1069 1769 1877 1858 agitationespbarbaricos‘in;

2053 1770 2205 1858 Plg'bs
2229 1773 2408 1826 devota
2427 1769 2547 1826 'veni
2566 1813 2581 1836 ,
2617 1769 2802 1844 perque
2829 1769 3265 1858 hwc'comntercia
3291 1783 3428 1839 disce
3447 1826 3461 1853 ,

291 1871 381 1919 ter
421 1857 630 1915 furores
658 1866 726 1929 et,
751 1857 1075 1929 Arianorum
1101 1857 1421 1929 procaciam
1475 1873 1595 1912 cum
1633 1861 1876 1929 potentia

287 1935 657 2002 coniunctam,
672 1998 686 2002 _
698 1927 1161 2002 depluratissimis
1174 1927 1320 2002 hisce
1348 1927 1701 2002 temporibus,
1733 1929 1876 1986 Sim-

289 1998 484 2073 plicius
510 1998 784 2073 pontifex,
818 1998 1056 2073 omnium
1104 1998 1531 2073 Christianorum
1575 2001 1874 2073 principum

290 2068 545 2144 praesidio
571 2071 878 2134 destitutus,
925 2068 1113 2144 eadem
1161 2072 1476 2144 auctoritate
1525 2068 1590 2144 et
1620 2068 1878 2144 libertate

285 2138 398 2215 qua
441 2156 660 2215 semper
695 2151 854 2215 antea
873 2138 1335 2215 predecessores,
1359 2142 1413 2215 in
1443 2141 1702 2215 cathedra_
1731 2141 1876 2215 Petri

290 2210 916 2270 consedit.'Ambitionis
947 2210 1188 2280 praesulis
1233 2211 1435 2276 Acacii,
1485 2221 1622 2267 teste
1664 2212 1876 2269 Gelasio

288 2286 518 2350 epistola
560 2283 842 2338 undecima
875 2282 942 2335 ad
967 2282 1251 2350 episcopos
1281 2281 1583 2348 Dardania},
1632 2285 1868 2338 restitit:

343 2357 632 2410 imotheum
674 2353 929 2408 Elurum
959 2353 1052 2406 sed
1074 2352 1442 2408 Alexandrina
1473 2354 1632 2422 ejecit
1663 2374 1674 2405 :
1703 2355 1872 2423 impe-

291 2428 456 2483 ratori
479 2425 684 2481 Zenoni
713 2423 998 2478 concilium
1023 2423 1324 2478 universale
1353 2425 1583 2493 exigenti
1605 2426 1875 2480 contradi-

291 2499 399 2565 xit,
429 2511 668 2567 eumque
689 2504 811 2567 post
826 2494 1033 2567 editam
1063 2495 1184 2548 fidei
1210 2493 1604 2567 confessionem
1648 2497 1702 2551 in
1730 2512 1880 2551 com-

291 2565 604 2624 munionem
636 2565 890 2620 Ecclesia:
929 2567 1152 2634 recepit,
1183 2580 1242 2618 ea
1273 2566 1389 2633 lege
1413 2577 1467 2619 ut
1506 2582 1564 2620 se
1599 2567 1878 2622 catholica:

292 2639 419 2694 fidei
465 2639 810 2693 delensorem
862 2635 1144 2707 praeberet,
1191 2635 1578 2706 Fullonemque
1629 2638 1880 2707 impiissi-

292 2725 438 2764 mum
464 2707 815 2767 Antiochena:
828 2706 969 2762 sedis
991 2707 1326 2762 detentorem
1347 2707 1477 2763 urbe
1495 2717 1549 2762 et
1569 2706 1880 2778 episeopatl

291 2781 537 2850 cjiceret.
570 2779 646 2834 De
691 2778 854 2850 rebus
879 2778 1271 2850 Alesandrinis,
1320 2790 1473 2846 prout
1500 2779 1613 2850 ipse
1659 2795 1754 2850 pro
1781 2796 1880 2836 sua

291 2848 670 2906 universorum
716 2848 1075 2921 sollicitudine
1117 2849 1364 2917 petierat,
1412 2850 1480 2903 ab
1520 2848 1736 2921 :AcaCio
1784 2867 1880 2921 per

292 2923 505 2976 litteras
529 2921 725 2976 certior
755 2919 996 2991 redditur
1026 2937 1057 2991 εί
1085 2923 1355 2991 nimirum,
1390 2919 1531 2991 quod
1564 2919 1880 2978 Timotheus

291 2993 514 3048 Hilarus
537 2989 912 3046 Alexandrina:
940 2989 1192 3062 Ecclesiae
1223 2989 1436 3062 invasor
1464 2991 1566 3045 sibi
1599 2992 1696 3062 ipsi
1737 3008 1881 3046 mor-

293 3073 404 3119 tem
435 3065 625 3117 hausto
664 3075 871 3116 veneno
903 3061 1196 3125 intulisset,
1223 3071 1279 3116 et
1307 3061 1633 3116 Timotheus
1654 3064 1878 3118 catholi-

291 3150 392 3188 cus
423 3137 478 3186 in
509 3135 713 3197 sedem,
757 3131 899 3185 unde
924 3131 1125 3200 ejectus
1158 3133 1349 3197 fuerat,
1401 3134 1680 3187 restitutus
1710 3143 1874 3189 esset.

295 3205 436 3260 Cum
468 3219 530 3258 ex
553 3202 930 3258 Alexandrina;
982 3202 1234 3256 Ecclesia:
1279 3203 1464 3272 legatis
1513 3203 1671 3274 (quos
1699 3204 1880 3259 Timo-

291 3276 460 3329 theus
489 3275 769 3344 episcopus
797 3275 1022 3327 Romam
1051 3275 1271 3326 miserat
1293 3276 1358 3328 ad
1385 3275 1753 3340 postulandam
1782 3291 1878 3331 ve-

291 3348 464 3412 niam,
496 3346 566 3400 ob
605 3345 657 3398 id
685 3344 828 3414 quod
876 3344 1326 3412 Eutychianorum
1351 3345 1539 3401 timore
1568 3347 1880 3413 perterritus

291 3418 612 3473 Dioscorum
640 3416 706 3469 ad
737 3417 905 3470 altare
928 3415 1276 3486 nominasset)
1301 3416 1609 3484 Simplicius
1639 3418 1880 3485 pontifex

290 3488 650 3544 intellexisset
714 3486 930 3541 Petrum
1003 3484 1266 3556 Moggum'
1313 3484 1689 3542 Alexandrina:
1736 3489 1881 3542 sedis

289 3560 565 3630 quondam
606 3559 938 3630 invasorem,
997 3567 1275 3630 postquam
1335 3556 1457 3630 inde
1504 3558 1706 3630 ejectus
1747 3559 1883 3614 fuis-

289 3628 406 3696 set,
468 3632 516 3683 in
571 3628 784 3683 civitate
833 3628 1022 3690 latere,
1076 3628 1254 3697 ibique
1295 3629 1497 3682 multos
1570 3629 1876 3696 seducere,

293 3699 575 3757 mandavit
615 3698 828 3762 Acacio,
882 3708 938 3752 ut
983 3697 1225 3766 ejusdem
1277 3698 1447 3768 Moggi
1496 3699 1879 3768 relegationem

288 3771 434 3842 apud
457 3771 833 3839 imperatorem
857 3781 1068 3842 urgeat;
1092 3769 1311 3842 missum
1338 3769 1404 3823 ad
1427 3785 1484 3824 se
1505 3769 1745 3826 libellum
1767 3786 1883 3841 pte—

290 3840 534 3898 nitentia:
561 3856 746 3894 eorum
775 3842 862 3910 qui
897 3856 923 3891 a
955 3840 1060 3894 tide
1087 3840 1346 3893 catholica
1380 3855 1476 3908 per
1517 3840 1881 3910 Eutychianos

293 3913 569 3983 principes
589 3919 652 3983 et
679 3914 945 3965 antistites
965 3911 1169 3983 seducti
1201 3912 1430 3983 fuerant,
1471 3913 1750 3980 approbat,
1785 3915 1882 3966 iis-

289 3981 400 4055 que
447 3981 835 4036 absolutionem
886 3983 986 4055 ab_
1011 3981 1202 4055 haeresi
1249 3982 1720 4055 soli_apostolica2_
1749 3983 1881 4055 sedi

289 4051 629 4110 reservatam
671 4064 888 4119 paterno
910 4051 1102 4106 alfectu
1145 4052 1428 4119 impendit.
1466 4051 1616 4107 Unde
1636 4053 1762 4120 quid
1786 4053 1886 4106 ali-

292 4127 416 4192 quid
438 4123 680 4190 colligas,
706 4124 804 4176 nisi
820 4123 960 4191 quod
984 4121 1289 4189 Simplicius
1309 4122 1544 4190 pontifex
1556 4138 1674 4176 eam
1697 4123 1882 4177 cathe-

292 4198 448 4250 dram
466 4194 760 4260 occuparit,
788 4207 906 4263 qua:
935 4201 1152 4247 auctore
1183 4193 1294 4246 Deo
1326 4192 1586 4246 altissimo
1606 4207 1764 4260 supra
1794 4195 1886 4247 flr-

293 4282 435 4320 mam
471 4271 672 4332 petram
708 4265 782 4316 ita
807 4272 890 4318 est
917 4263 1196 4326 aedificata,
1230 4272 1287 4316 ut
1310 4263 1567 4316 adversus
1590 4277 1708 4317 eam
1739 4264 1884 4318 nulla

295 4337 574 4390 hominum
624 4333 1023 4401 inferorumque
1065 4335 1298 4400 pmentia
1334 4334 1626 4401 przevalere
1665 4334 1886 4402 possit?

294 4410 436 4471 Quas
465 4405 940 4460 turbasinvasores
967 4404 1194 4457 duarum
1219 4402 1424 4458 sedium
1451 4405 1884 4470 patriarchalium

294 4478 489 4532 Petrus
513 4475 822 4544 Cnapheus,
855 4473 1167 4528 Timotheus
1190 4473 1409 4528 Aﬁlurus
1431 4483 1483 4527 et
1515 4473 1707 4528 Petrus
1730 4474 1882 4541 Mog-

294 4564 395 4614 gns
440 4547 494 4599 in
551 4545 791 4600 Ecclesia
838 4545 1180 4608 concitarint,
1235 4561 1301 4598 ex
1352 4547 1494 4598 notis
1533 4545 1881 4613 epistolarum

298 4616 560 4685 Simplicii
592 4617 814 4687 patebit,
841 4615 987 4670 Zeno
1019 4617 1308 4687 imperator
1338 4630 1440 4683 qua
1474 4616 1681 4687 ratione
1707 4615 1878 4683 impe-

295 4692 436 4742 rium
476 4685 715 4757 adeptus,
769 4697 997 4755 postque
1025 4685 1262 4757 Basilisci
1297 4685 1627 4757 tyrannidem
1663 4690 1882 4757 restitu-

297 4772 398 4823 lus,
433 4755 670 4828 qualisve
696 4758 751 4812 in
799 4758 965 4812 Deum
1008 4766 1064 4810 et
1110 4755 1422 4828 religionem
1479 4755 1638 4810 fuerit
1686 4756 1881 4811 ibidem

293 4826 520 4885 dicetur.
549 4828 894 4884 Memorabile
919 4836 1020 4895 est,
1053 4826 1194 4895 quod
1226 4833 1325 4880 hoc
1351 4835 1592 4894 tempore
1622 4829 1882 4882 accidisse

295 4902 463 4956 refert
491 4901 826 4968 Nicephorus
857 4897 952 4952 lib.
999 4914 1085 4960 xv,
1128 4912 1246 4966 cap.
1277 4897 1364 4962 l2,
1397 4896 1644 4950 nimirum
1677 4897 1886 4968 duobus

294 4972 561 5040 episcopis
596 4967 1049 5031 concertantibus,
1075 4983 1181 5022 uno
1205 4968 1426 5032 Ariano,
1457 4969 1629 5022 altero
1657 4967 1883 5022 catholi-

294 5057 387 5105 co,
424 5043 682 5095 Arianum
710 5056 742 5093 a
785 5040 1052 5094 catholico
1088 5050 1429 5104 provocatum
1481 5053 1602 5093 esse
1628 5040 1692 5092 ad
1733 5040 1887 5093 testi-

297 5115 529 5166 monium
560 5127 656 5180 per
685 5111 898 5181 ignem;
948 5119 1228 5164 recusante
1283 5109 1501 5181 Ariano,
1557 5109 1881 5181 catholicum

298 5199 388 5249 per
419 5179 598 5252 ignem
626 5179 854 5237 illaesum
885 5181 1162 5247 transisse,
1197 5190 1250 5235 et
1295 5194 1360 5235 ex
1392 5180 1514 5249 igne
1560 5179 1886 5248 disputasse.

299 5256 420 5307 ch.
455 5255 654 5308 Bavius.

374 5325 445 5392 (b)
483 5324 656 5380 Annis
696 5322 1000 5393 quindecim
1027 5322 1299 5376 mensibus
1325 5321 1559 5393 quinque
1599 5319 1888 5393 etisdiebus

299 5394 482 5450 decem
508 5392 740 5458 sedisse,
783 5393 992 5447 initium
1017 5393 1354 5462 pontificatus
1378 5402 1432 5447 et
1456 5392 1638 5446 obitus
1662 5392 1889 5460 Simpli-

297 5466 364 5520 cii
394 5467 706 5521 ostendunt.
739 5465 1006 5532 Principio
1048 5464 1190 5518 enim
1238 5465 1439 5518 mensis
1484 5464 1692 5526 Martii,
1745 5475 1887 5517 anno

299 5535 504 5591 Domini
525 5538 638 5592 485
656 5535 965 5590 defunctum
993 5549 1134 5598 esse,
1165 5545 1374 5588 constat
1393 5549 1458 5588 ex
1485 5533 1712 5601 epistola
1743 5534 1890 5588 Feli-

297 5609 371 5661 cis
397 5608 733 5662 successoris
758 5605 1018 5674 ejusdem.
1062 5609 1189 5659 διν.
1222 5605 1418 5659 Βικιυε.
1894 5657 1900 5662 .

368 5679 442 5749 (c)
465 5679 592 5733 time
609 5678 822 5730 basilica
844 5675 898 5749 in
913 5687 1090 5749 monte
1109 5675 1388 5749 Esquilino
1409 5677 1757 5749 olimerecta,
1783 5674 1883 5730 hoc

299 5746 539 5819 tempore
580 5749 791 5817 penitus
829 5746 1000 5800 diruta
1040 5747 1201 5814 jacet.
1241 5747 1392 5815 Apud
1426 5747 1684 5819 Platinam
1719 5762 1880 5800 unum

295 5817 538 5888 ejusdem
582 5831 980 5875 monumentum
1025 5828 1392 5874 conservatum
1424 5828 1596 5873 exstat
1643 5817 1723 5872 his
1756 5833 1877 5872 ver-

2121 1842 2348 1898 Terrena
2372 1860 2524 1898 censu
2555 1842 2954 1916 regna'superna
2979 1850 3104 1916 peti.

1977 2049 2103 2105 llaec
2131 2065 2194 2106 ex
2235 2051 2461 2107 Platina.
2489 2053 2614 2108 Ssv.
2640 2054 2841 2110 Brutus.

2049 2141 2128 2213 (ά)
2139 2140 2430 2220 Constituit
2450 2153 2508 2220 u_t
2529 2155 2744 2220 propter
2762 2146 3119 2220 ingruentem
3135 2150 3386 2218 populum
3418 2168 3568 2220 pre:-

1979 2214 2150 2282 byteri
2175 2228 2274 2290 per
2303 2215 2447 2270 vices
2475 2214 2892 2290 hebdomadales
2924 2219 2975 2290 in
3007 2214 3299 2290 designatis
3328 2214 3574 2278 ecclesiis

1979 2287 2376 2360 przestolentur,
2403 2299 2722 2360 semperque
2752 2287 2815 2341 ad
2837 2287 3208 2343 confessiones
3228 2303 3570 2360 peccatorum

1978 2355 2298 2428 audiendas,
2327 2364 2381 2408 et
2409 2356 2471 2409 ad
2512 2355 2717 2427 reliqua
2745 2370 3080 2414 sacramenta
3116 2355 3571 2428 pro-necessitate

1979 2425 2216 2480 fidelium
2247 2425 2608 2495 dispensanda
2631 2425 2810 2497 'parati
2846 2429 3041 2484 adsint.
3094 2425 3192 2497 Qui
3227 2431 3328 2487 hoc
3379 2449 3572 2491 munus

1979 2497 2330 2574 peragebant,
2364 2497 2492 2551 dicti
2518 2508 2646 2574 sunt
2691 2499 3116 2574 hebdomadarii,
3149 2503 3268 2558 ideo
3307 2506 3449 2574 quod
3480 2507 3569 2560 alii

1979 2567 2098 2621 aliis
2121 2580 2214 2635 per
2240 2568 2385 2622 vices
2412 2569 2782 2623 succederent.
2811 2569 2964 2626 Unde
3009 2567 3346 2629 manifestum
3374 2585 3458 2630 est
3486 2591 3572 2631 sa-

1981 2635 2365 2693 cramentalem
2393 2649 2730 2707 peccatorum
2753 2641 3142 2698 confessionem
3177 2659 3205 2696 a
3233 2642 3449 2700 Christo
3475 2646 3571 2700 Do-

1981 2708 2127 2762 mino
2167 2709 2884 2786 instit_utam,Aanterioribus
2914 2716 3129 2768 saeculis
3159 2717 3428 2786 hucusque
3459 2718 3570 2772 fre-

1981 2787 2286 2854 gnentatam
2299 2778 2485 2854 fuisse.
2501 2780 2650 2854 Quod
2666 2791 2922 2854 novantes
2933 2788 3100 2840 nostri
3121 2778 3376 2854 temporis
3395 2787 3567 2854 aiunt,

1981 2849 2287 2926 Nectarium
2352 2850 2993 2926 Constantinopolitanum
3063 2849 3370 2926 episcopum
3440 2849 3563 2912 cuni

1982 2923 2298 2990 presbytero
2324 2923 2759 2995 poenitentiario,
2794 2927 2975 2994 ejusve
3005 2923 3226 2981 munere
3247 2923 3322 2982 'et
3361 2926 3562 2995 officio,

1984 2992 2427 3064 sacramentalem
2454 3002 2795 3064 peccatorum
2825 2992 3233 3050 confessionem
3262 2992 3562 3064 sustulisse,

1986 3061 2270 3124 ridiculum
2315 3072 2419 3117 est.
2451 3063 2590 3117 Nihil
2643 3065 2786 3117 enim
2839 3065 2905 3118 ad
2955 3067 3359 3122 substantialem
3410 3061 3565 3124 usum

1905 3137 1953 3202 ε
1985 3132 2143 3199 hujus
2170 3133 2494 3205 sacramenti
2531 3134 2808 3202 pertinens
2844 3135 3126 3191 Nectarius
3170 3140 3418 3205 sustulit,
3470 3140 3566 3195 sed

1987 3212 2201 3276 tantum
2223 3203 2304 3276 vel
2354 3205 2602 3269 abstulit,
2631 3205 2714 3259 vel
2735 3206 3057 3276 moderatus
3087 3219 3168 3262 est
3199 3209 3343 3264 illum
3385 3203 3566 3276 ritum,

1983 3273 2329 3349 quo_publica
2357 3285 2576 3349 peccata
2609 3290 2701 3349 per
2733 3275 2969 3349 libellum
3002 3278 3352 3349 confessionis
3398 3273 3569 3349 pugni-1

1983 3345 2809 3418 tentiampresbyterooblaturi
2847 3348 3286 3411 recensebantur,
3318 3345 3476 3418 atq-ue
3500 3352 3568 3405 ab

1983 3415 2175 3488 eodem
2211 3415 2298 3468 illa
2322 3431 2442 3485 qua:
2459 3417 2630 3488 majus
2652 3417 2958 3472 scandalum
2976 3421 3324 3488 generabant,
3353 3415 3567 3488 publice

1982 3487 2364 3551 recitabantur,
2406 3495 2562 3555 prout
2601 3487 2690 3540 ille
2719 3502 2815 3554 pro
2861 3503 2953 3542 sua
2984 3487 3262 3557 prudentia
3308 3487 3568 3545 necessa-

1984 3558 2273 3629 riumcsse
2294 3557 2586 3629 judicabat.
2620 3557 2880 3629 Quoniam
2918 3559 3074 3629 igitur
3103 3561 3259 3628 hujus
3285 3562 3568 3617 occasione

1983 3627 2299 3702 scandalum
2327 3627 2480 3692 illud,
2510 3629 2650 3697 quod
2679 3628 2746 3682 de
2775 3627 3002 3684 diacono
3025 3641 3079 3685 et
3103 3627 3322 3686 muliere
3338 3633 3566 3702 quadam

1983 3697 2224 3770 referunt
2270 3699 2519 3753 Socrates
2572 3708 2624 3753 et
2681 3702 3042 3765 Sozomenus,
3071 3703 3319 3756 obortum
3351 3697 3564 3770 fuerat,

1984 3768 2121 3842 hanc
2165 3771 2608 3842 consuetudinem
2651 3779 2706 3823 et
2759 3770 2919 3825 ritum
2959 3771 3190 3842 publica:
3234 3768 3564 3841 pmnitentiat

1984 3838 2264 3911 Nectarius
2295 3841 2530 3894 sustulit.
2568 3841 2634 3893 Et
2661 3843 2833 3909 quoad
2860 3838 2981 3906 hoc,
3016 3858 3135 3896 eum
3166 3838 3315 3896 multi
3344 3844 3432 3896 alii
3456 3844 3568 3911 cpi.

1984 3911 2132 3981 scopi
2179 3909 2408 3981 fortasse
2447 3911 2636 3964 imitati
2665 3921 2825 3964 sunt:
2858 3914 3098 3981 quamvis
3145 3929 3246 3966 non
3277 3909 3582 3978 defuerint,

1987 3980 2074 4048 qui
2090 3980 2323 4047 graviter
2343 3980 2576 4034 tulerunt
2599 3980 3030 4048 antiquam’illam
3054 3990 3107 4034 et
3136 3986 3412 4035 honestam
3436 3998 3566 4036 con-

1985 4049 2342 4122 suetudinem,
2375 4060 2426 4103 et
2455 4049 2524 4122 ad
2553 4049 2839 4122 frenandos
2861 4059 3167 4122 peccatores
3198 4052 3566 4122 utilissimam,

1985 4119 2294 4187 abrogatam
2324 4133 2463 4172 esse.
2498 4120 2712 4176 Poterat
2732 4120 2875 4176 enim
2916 4119 3016 4174 hac
3046 4123 3096 4174 in
3131 4137 3188 4175 re
3216 4137 3310 4189 pro
3336 4119 3563 4178 diversi;

1987 4198 2096 4245 tate
2126 4191 2362 4243 locorum
2391 4198 2444 4244 et
2471 4198 2768 4256 temporum
2794 4206 2914 4245 esse
2944 4192 3227 4247 diversitas
3246 4192 3568 4260 judiciorum

1988 4262 2190 4330 absque
2215 4274 2422 4316 errore.
2455 4261 2715 4326 Quocirca
2739 4277 2858 4315 cum
2893 4263 3142 4317 Socrates
3169 4263 3306 4316 libro
3337 4265 3523 4332 quinto
3545 4306 3561 4330 ,

1989 4346 2106 4403 cap.
2141 4332 2350 4386 decimo
2381 4346 2544 4403 nono,
2577 4341 2630 4385 et
2658 4333 2985 4388 Sozomenus
3025 4333 3161 4386 libro
3188 4345 3374 4397 sexto,
3399 4336 3571 4403 capite

1989 4401 2200 4456 decimo
2240 4411 2411 4469 sexto,
2445 4402 2705 4468 referunt,
2757 4420 3158 4472 unumquemque
3187 4406 3420 4457 relictum
3463 4401 3570 4460 esse

1991 4473 2203 4525 consilio
2231 4474 2388 4524 animi
2414 4473 2526 4534 sui,
2559 4482 2661 4528 ctc.
2683 4513 2698 4538 ,
2740 4473 2783 4526 si
2813 4474 2938 4527 illud
2970 4474 3220 4528 Socrates
3242 4475 3567 4530 Novatianus

1909 4515 2266 4612 Dhostisque
2292 4515 2643 4611 paenitentiae:
2674 4515 2728 4597 et
2757 4545 3115 4608 Sozomenus,
3146 4554 3280 4599 teste
3310 4515 3570 4613 Gregorio

1990 4613 2126 4666 libro
2155 4623 2331 4680 sexto,
2361 4613 2584 4682 epistola
2616 4615 2738 4678 195,
2765 4615 3072 4683 frequenter
3099 4617 3310 4669 mentiri
3339 4617 3531 4670 solitus
3552 4659 3566 4681 ,

1987 4683 2253 4738 malitiose
2282 4698 2385 4738 non
2408 4684 2750 4749 addiderunt,
2774 4686 3145 4752 exponendum
3174 4696 3256 4741 est
3280 4687 3330 4740 id
3373 4687 3570 4742 factum

1989 4754 2175 4818 fuisse,
2199 4756 2390 4808 nonad
2414 4755 2803 4825 excludendam
2829 4754 3242 4821 cenfessionem,
3275 4756 3369 4810 sed
3400 4758 3572 4825 publi-

1988 4839 2104 4897 cam
2151 4825 2295 4878 illam
2327 4824 2745 4897 satisfactionem
2787 4837 2840 4897 et
2867 4827 3312 4897 consultationem
3347 4824 3566 4897 prestiy-

1991 4896 2088 4948 teri
2139 4895 2556 4963 pmnitentiarii:
2607 4904 2764 4963 atque
2811 4896 2912 4949 hoc
2958 4896 3117 4950 modo
3154 4895 3570 4965 uniuscujusuio

1996 4967 2225 5020 libertati
2280 4965 2520 5020 relictum
2569 4966 2756 5030 fuisse,
2802 4976 2860 5019 ut
2898 4967 3247 5022 confiteretur
3294 4969 3378 5022 cui
3411 4969 3572 5026 vellet

1991 5036 2255 5091 sacerdoti
2275 5036 2702 5105 iurisdictionem
2735 5037 2981 5102 habenti,
3013 5047 3068 5091 et
3085 5037 3236 5106 juxta
3264 5039 3405 5092 illius
3439 5054 3574 5104 pra:-

1993 5107 2250 5179 scriptum
2279 5116 2486 5179 peracta
2521 5108 2827 5179 poenitentia
2864 5107 2930 5179 ad
2960 5122 3110 5179 sacra
3141 5110 3392 5179 mysteria
3419 5124 3573 5179 accc-

1995 5177 2163 5250 deret.
2190 5177 2260 5230 lta
2293 5178 2648 5250 Bellarminus
2675 5178 2769 5232 lib.
2801 5193 2855 5231 Ill
2878 5178 2944 5231 de
2969 5176 3287 5233 Pmtiitentia
3311 5194 3428 5247 cap.
3467 5178 3530 5232 14
3554 5226 3570 5250 ,

1997 5249 2198 5303 Suares
2240 5257 2369 5302 tom.
2402 5249 2491 5313 IV,
2518 5249 2654 5316 disp.
2703 5250 2790 5313 Π,
2819 5259 2952 5302 sect.
3001 5252 3056 5313 Ξ,
3096 5266 3244 5304 num.
3293 5251 3359 5304 30
3407 5258 3462 5302 et
3488 5249 3572 5302 se-

1995 5319 2299 5386 quentibus.
2327 5318 2719 5373 lllustrissimus
2747 5319 3032 5373 car‘dinalis
3066 5318 3325 5374 Baronius
3348 5329 3475 5373 tom.
3509 5318 3526 5372 l
3551 5361 3564 5382 ,

1996 5404 2137 5443 anno
2166 5389 2372 5443 Domini
2413 5391 2502 5454 56,
2535 5398 2700 5444 totam
2739 5390 2874 5442 hanc
2901 5389 3199 5456 historiam,
3232 5395 3378 5459 quasi
3408 5405 3435 5442 a
3467 5390 3570 5459 SQ-

1991 5469 2158 5528 crate,
2184 5461 2501 5524 Novatiano,
2530 5471 2583 5516 et
2611 5461 2915 5516 Sozomeno
2937 5461 3191 5514 mendace
3217 5457 3442 5515 conficta
3477 5457 3570 5528 sit,

1989 5532 2210 5586 omnino
2249 5531 2360 5585 fere
2390 5531 2615 5600 rejicere
2653 5531 2882 5585 videtur.
2919 5531 3068 5599 Quod
3095 5547 3215 5585 cum
3247 5531 3377 5584 citra
3423 5527 3571 5581 dilli-

1989 5603 2215 5680 cultates
2239 5603 2513 5680 graviores
2533 5601 2806 5680 sustineri
2837 5617 2942 5655 non
2976 5603 3368 5680 possit,_plscct
3389 5600 3574 5680 inagis

1989 5673 2039 5726 id
2068 5674 2207 5742 quod
2238 5687 2397 5740 supra
2436 5675 2568 5730 dixi.
2616 5674 2747 5730 Vide
2795 5682 2952 5730 notas
2978 5671 3205 5733 concilii
3262 5672 3574 5726 Laodiceni.

1987 5744 2114 5800 Ssv.
2152 5745 2350 5801 illatus.
