4080 6350
484 385 560 451 35
1846 382 2157 445 εωηιειι
2203 384 2404 449 ΡᾹΡΕ
3700 378 3776 449 36

492 498 573 571 (a)
612 499 883 569 regionem
924 497 1134 559 tertiam
1162 494 1247 573 [de
1281 497 1482 570 regione
1512 493 1700 567 prima]
1723 495 1793 551 ad
1829 502 2075 555 sanctum
2102 498 2157 567 Α
2180 497 2499 563 catholicus,
2527 505 2583 554 et
2604 497 2850 565 Aeacius.
2881 497 3145 567 dicentes,
3166 500 3313 571 quod
3332 498 3573 556 etiamin
3600 509 3775 557 morte

492 591 856 655 Laurentium,
888 592 1157 660 regionem
1190 590 1415 659 primam
1446 588 1512 642 ad
1551 600 1797 642 sanctum
1825 587 2073 657 Paulum,

492 684 765 754 regionem
795 694 995 738 sextam
1034 683 1116 739 vel
1155 684 1435 750 septimam
1466 680 1531 735 ad
1563 690 1804 736 sanctum
1836 679 2074 737 Petrum.

493 773 567 844 (b)
597 776 706 829 Sub
735 774 889 845 hujus
917 775 1225 845 episcopatu
1255 773 1404 831 venit
1442 773 1630 830 relatio
1670 774 1736 829 de
1764 772 1972 827 Graecia
2010 772 2078 828 ab

493 866 689 922 Acacio
729 867 1324 936 Constantinopolitano
1364 867 1641 935 episcopo,
1688 874 1743 921 et
1790 864 2079 919 afﬁrmavit

490 959 704 1014 Petrum
754 958 1133 1015 Alexandrina:
1174 958 1322 1017 urbis
1370 955 1829 1027 Eutychianistam
1862 957 2076 1015 itaet-eti.

490 1064 639 1114 eum,
674 1048 810 1103 facta
856 1049 1111 1117 petitione
1140 1048 1208 1103 ab
1247 1049 1442 1103 Acacio
1488 1048 1763 1117 episcopo,
1802 1046 2080 1116 cbirogra-p

490 1140 595 1209 pho
632 1140 749 1209 ejus
790 1149 1116 1194 constructa.
1168 1139 1367 1193 Eodem
1412 1150 1653 1208 tempore
1691 1139 1789 1193 fuit
1840 1138 2077 1193 Ecclesia

489 1232 683 1303 prima,
727 1242 753 1269 ι
799 1233 899 1291 hoc
934 1240 1037 1299 est,
1069 1232 1211 1288 sedis
1235 1233 1547 1302 apostolica:
1577 1234 1900 1288 exsecutrix.
1929 1232 2078 1287 Tune

490 1324 797 1393 Simplicius
846 1324 1040 1393 pracsul
1089 1324 1190 1378 hoc
1244 1324 1486 1389 audiens,
1543 1323 1817 1378 damnavit
1861 1323 2076 1379 Petrum

490 1415 937 1479 Alexandrinum,
980 1415 1047 1470 de
1093 1431 1195 1486 quo
1234 1415 1458 1469 Aeacius
1512 1414 1921 1471 innumerabilia
1969 1415 2076 1468 cri-

490 1512 630 1564 mina
664 1510 963 1566 aftirmabat
998 1527 1012 1564 :
1045 1509 1117 1564 ita
1150 1519 1348 1574 tamen,
1388 1518 1446 1563 ut
1478 1508 1807 1577 paenitentia:
1832 1521 2075 1564 reserva-

490 1609 572 1656 ret
610 1611 838 1670 tempus.
891 1599 1095 1659 Eodem
1145 1606 1387 1669 tempore
1437 1598 1715 1669 rescripsit
1760 1597 2078 1655 Timotheus

565 1740 589 1767 α
619 1731 751 1785 Cod.
778 1730 932 1799 Luc.,
966 1735 1061 1787 hoc
1090 1741 1162 1787 est
1190 1733 1358 1803 prima
1392 1734 1533 1789 sedes
1560 1734 1850 1804 apostolica
1875 1748 2082 1788 θεείου·
2144 1804 2147 1807 ν

491 1802 611 1855 trix.

2184 589 2391 645 Proteri
2420 589 2670 647 catholici
2725 590 2914 647 Petrus
2959 601 3101 655 esset
3128 593 3447 661 permixtus.
3491 592 3642 647 'l‘unc
3687 608 3778 648 ar-

2184 680 2557 748 chiepiscopus
2604 679 2915 749 Simplicius
2969 682 3336 746 dissimulans,
3388 698 3659 751 nunquam
3686 699 3774 740 re-

2183 770 2646 841 scripsit'Acaeio;
2699 772 2795 829 sed
2842 772 3117 829 damnavit
3160 772 3414 841 Patrum,
3446 785 3776 843 exspectans

2182 872 2391 931 tempus
2436 863 2785 931 paenitentiae.
2836 863 2930 918 Hie
2982 863 3110 919 fecit
3147 865 3199 919 in
3253 865 3483 921 ecclesia
3528 866 3772 923 Romana

2177 956 2441 1024 scyphum
2476 969 2719 1017 aureum,
2750 965 3064 1022 pensantem
3089 954 3257 1010 libras
3282 957 3335 1021 5,
3370 955 3657 1011 cambaros
3685 973 3776 1013 ar-

2182 1053 2403 1114 genteos
2430 1044 2494 1098 ad
2532 1045 2745 1099 beatum
2801 1045 3015 1100 Petrum
3049 1045 3137 1113 16,
3192 1055 3478 1115 pensantes
3530 1047 3775 1118 singulos

2183 1137 2277 1192 lib.
2311 1139 2396 1192 12.
2424 1138 2520 1192 Hic
2540 1138 2665 1193 fecit
2694 1138 3060 1201 ordinationes
3087 1138 3145 1193 in
3172 1139 3306 1196 urbe
3336 1140 3505 1201 Roma
3534 1150 3643 1203 tres
3675 1157 3775 1211 per

2182 1244 2421 1287 mensem
2472 1229 2825 1286 Decembrem
2877 1238 2933 1285 et
2982 1229 3337 1286 Februarium
3365 1271 3380 1297 ,
3427 1232 3774 1302 presbyteros

2182 1320 2562 1391 quinquaginta
2591 1329 2734 1385 octo,
2769 1321 3020 1376 diaconos
3044 1321 3319 1386 undecim,
3354 1322 3635 1399 episcopos
3677 1337 3775 1393 per

2181 1411 2394 1466 diversa
2420 1412 2536 1475 loca
2559 1427 2782 1467 numero
2812 1410 2838 1450 ι)
2874 1413 3086 1485 triginta
3115 1428 3207 1473 sex
3228 1412 3363 1489 [82].
3400 1412 3499 1479 llic
3528 1413 3777 1485 sepultus

2182 1514 2269 1564 est
2296 1489 2349 1558 'm'
2378 1504 2599 1567 basilica
2628 1505 2776 1563 Beati
2810 1505 2955 1567 Petri
3000 1506 3265 1575 apostoli,
3293 1521 3345 1562 \‘l
3367 1519 3538 1563 nonas
3567 1506 3770 1573 Martii,

2184 1602 2241 1652 et
2267 1595 2500 1652 cessavit
2516 1594 2862 1664 episcopatus
2886 1595 3009 1650 dies
3032 1605 3057 1634 ο
3088 1597 3143 1649 6.

2261 1729 2286 1769 δ
2327 1729 2460 1785 Cod.
2488 1730 2645 1795 Luc.,
2676 1745 2893 1785 Lxxvm.

2265 1811 2286 1838 ε
2324 1798 2457 1856 Cod.
2490 1801 2644 1863 Luc.,
2677 1816 2771 1855 vet.

562 1934 639 2005 (a)
670 1936 745 1989 Ex
768 1944 970 2003 septem
993 1937 1301 2007 regionibus
1333 1936 1510 2001 Urbis,
1536 1935 1685 1989 Eruli
1713 1935 1801 2004 qui
1828 1933 2084 2007 Ecclesiae
2116 1937 2164 1998 Β
2193 1931 2359 1996 fulsit,
2391 1932 2731 2007 quantumvis
2764 1930 3121 2007 Occidentalis
3148 1932 3309 2007 orbis,
3330 1931 3557 2007 Romani
3596 1934 3771 2007 im”.

491 2008 765 2061 catholicae
798 2023 901 2060 non
944 2005 1429 2071 com‘municabaut,
1476 2016 1659 2075 utpote
1701 2005 1843 2076 quod
1889 2006 2073 2058 Ariani

490 2088 690 2142 essent,
723 2087 831 2131 tres
857 2079 1206 2145 occupabant.
1236 2077 1388 2133 Unde
1417 2076 1618 2135 factum
1646 2086 1729 2132 est
1758 2076 1899 2145 quod
1934 2076 2079 2131 Sim~

402 2156 412 2165 '
490 2149 680 2217 plicius
709 2147 946 2217 pontifex
987 2157 1213 2218 quatuor
1240 2158 1441 2202 tantum
1472 2148 1779 2215 regionibus
1810 2147 2079 2217 ptenitena

495 2218 695 2289 tiarios,
729 2233 927 2289 eosque
964 2218 1403 2289 lielulomadarios
1435 2218 1779 2289 presbyteros
1808 2218 2069 2289 posuerit.

490 2285 562 2344 ita
588 2283 855 2355 Romanae
877 2288 1127 2343 Ecclesia:
1162 2283 1451 2347 auctoritas
1497 2283 1657 2358 atque
1700 2283 1954 2356 maiestas
1984 2283 2070 2342 ef-

2192 1998 2787 2071 ratores'defecissent,
2843 2002 3233 2071 barbarum
3284 1998 3475 2065 Ariani
3524 2006 3582 2061 in
3628 1998 3776 2071 nam

2192 2074 2548 2147 principatum
2591 2074 2912 2129 obtinerent.
2955 2072 3081 2147 δεῖ.
3113 2074 3313 2147 Btaws.

2236 2144 2337 2213 -(b)
2366 2144 2557 2201 llarum
2580 2158 2759 2203 rerum
2781 2144 3176 2207 enarrationem
3206 2144 3552 2213 prolixiorem
3566 2146 3691 2201 vide
3720 2148 3776 2203 in

2192 2217 2335 2269 notis
2360 2214 2726 2281 epistularum.
2768 2213 2899 2268 Snv.
2932 2213 3131 2270 Brutus.

1349 2548 1891 2627 EPISTOLZE
1934 2543 2515 2621 ’SIMPLICII
2572 2546 2905 2627 ΡΑΡᾸΞ.

1914 2706 2300 2720 α’*

1068 2796 1083 2826 ¹
1128 2794 1456 2855 EPISTOLA
1495 2794 1533 2849 l.

2188 2808 2457 2863 nunquam
2486 2788 2778 2860 I,lectibiles
2808 2795 3246 2857 perpetrarentur
3268 2802 3520 2843 excessus
3545 2806 3560 2843 :
3597 2804 3628 2845 a
3653 2794 3777 2860 qui-

493 2923 733 2969 SIIPLICII
792 2922 936 2963 parm
997 2922 1064 2960 ao
1120 2921 1361 2961 zeuoaau
1420 2905 1654 2978 [rectius
1697 2905 2101 2977 HISPALENSI-ZML

2186 2889 2287 2943 bus
2313 2887 2355 2942 si
2382 2884 2534 2940 nullo
2561 2893 2612 2938 te
2649 2892 2990 2953 paternarum
3017 2882 3321 2953 regularum
3355 2890 3570 2954 poteras
3606 2885 3776 2949 conti-

951 2990 1251 3032 BPALENSEI
1293 2992 1600 3031 EPISCOI‘UM.

501 3087 580 3151 De
607 3092 877 3149 commissa
906 3089 983 3160 illi
1026 3091 1131 3145 uice
1172 3092 1304 3145 sedis
1346 3092 1400 3144 in
1426 3090 1662 3143 omnibus
1706 3088 2081 3160 Hispaniarum

566 3163 827 3218 Ecclesia).
866 3159 1228 3231 Hispalensem
1271 3161 1566 3230 episcOpum
1608 3162 1773 3215 cirum
1813 3159 2080 3231 'optimum

564 3234 697 3290 sedis
727 3231 1018 3300 apostolica’
1048 3230 1292 3285 vicarium
1328 3231 1614 3285 constituit.

709 3341 1065 3399 Dilectissimo
1103 3340 1254 3396 fratri
1293 3342 1494 3398 Zenoni
1532 3343 1859 3414 Simplicius.

567 3454 925 3513 Plurimorum
956 3453 1127 3509 relatu
1160 3456 1521 3523 comperimus
1558 3455 1903 3513 dilectionem
1935 3467 2080 3513 tuam

497 3550 704 3607 fervore
740 3551 970 3623 Spiritus
999 3551 1170 3607 sancti
1193 3552 1263 3606 ita
1295 3562 1346 3607 te
1382 3551 1634 3609 Ecclesiae
1664 3544 2085 3625 gubernatorem

498 3646 749 3714 existere,
784 3657 841 3701 ut
866 3646 1126 3717 naufragii
1146 3646 1493 3714 detrimenta,
1550 3648 1659 3704 Deo
1708 3657 1947 3715 auctore,
1977 3662 2083 3701 non

499 3739 716 3803 sentiat.
746 3738 961 3813 Talilras
988 3738 1187 3794 idcirco
1206 3738 1503 3808 gloriantes
1531 3739 1760 3803 indiciis,
1785 3754 2082 3811 congruum

499 3830 748 3884 duximus
769 3829 962 3885 vicaria
1007 3830 1151 3885 sedis
1177 3842 1372 3885 noStra:
1420 3838 1471 3885 te
1515 3832 1831 3886 auctoritate
1882 3831 2083 3901 fulciri,

498 3921 651 3992 cuius
677 3922 858 3992 vigore
886 3923 1144 3993 munitus,
1175 3922 1484 3993 apostolica:
1512 3923 1864 3981 institutionis
1894 3925 2082 3981 decre-

499 4000 583 4080 ta,
630 4015 714 4070 vel
759 4023 1067 4071 sanctorum
1114 4016 1371 4075 terminos
1428 4016 1644 4071 Patrum
1670 4057 1684 4082 ,
1724 4016 1873 4071 nullo
1916 4017 2084 4072 modo

500 4109 799 4163 transcendi
831 4109 1106 4177 permittas
1134 4128 1147 4162 :
1173 4110 1423 4179 quoniam
1446 4110 1607 4179 digna
1647 4110 1868 4183 honoris
1894 4126 2076 4168 remu-

504 4200 779 4253 neratione
801 4200 1150 4255 cumulandus
1174 4209 1256 4259 est
1284 4216 1380 4269 per
1408 4215 1566 4270 quem
1590 4200 1651 4253 in
1671 4201 1754 4255 his
1774 4201 2085 4270 regionibus

501 4290 709 4357 divinus
734 4303 979 4346 crescere
1010 4290 1242 4346 innotuit
1277 4290 1471 4347 cultus.
1505 4289 1646 4346 Deus
1668 4298 1720 4346 te
1760 4290 2086 4351 incolumem

501 4378 784 4444 custodiat,
816 4377 981 4434 frater
1009 4380 1306 4435 carissime.

1071 4468 1403 4529 EPISTOLA
1440 4470 1482 4525 ll

503 4576 743 4627 ειδιριιωι
792 4578 939 4616 ΡΔΡΕ
980 4578 1047 4616 ΔΙ)
1095 4576 1335 4619 JOANNBI
1376 4578 1734 4618 ’ΒΔἾΕΝΝΔΤΕΙΙ
1780 4578 2086 4621 EPISCOPUII.

504 4652 843 4723 Iieprehendit
870 4651 1126 4706 Joannem
1150 4655 1286 4723 quod
1326 4652 1624 4724 Gregorium
1654 4654 1882 4724 adlzibita
1903 4656 1950 4707 vi
1979 4656 2086 4721 epi-

2189 2995 2317 3036 nere
2345 2986 2635 3053 praecepto,
2655 2975 2845 3030 saltem
2876 2982 3076 3029 sancta:
3104 2976 3376 3035 memoriae
3405 2976 3770 3047 prmdecegso-

2185 3073 2260 3127 ris
2283 3072 2357 3127 tui
2388 3070 2564 3125 fueras
2586 3067 2917 3127 revocandus
2930 3067 3200 3137 exemplo.
3219 3068 3321 3135 Qui
3350 3082 3470 3123 cum
3487 3069 3663 3123 minus
3685 3070 3779 3123 de.

2183 3164 2429 3233 liquisset
2459 3161 2701 3216 faciendo
2728 3159 3096 3231 presbyterum
3142 3160 3391 3225 invitum,
3430 3169 3674 3215 senserat
3698 3171 3775 3214 ta—

2183 3270 2305 3311 men
2331 3255 2548 3325 dignum
2566 3266 2666 3322 pro
2682 3252 2772 3306 tali
2797 3268 2829 3307 υ
2847 3250 3444 3322 surpationejudieium.
3468 3252 3567 3307 Ubi
3584 3252 3681 3311 ista
3698 3253 3777 3308 tli-

2108 3355 2156 3420 ο
2186 3346 2383 3415 dicisti,
2410 3360 2528 3415 qua:
2559 3344 2612 3399 in
2636 3343 2854 3398 fratrem
2881 3353 2935 3397 et
2969 3344 3346 3413 coepiscopum
3369 3354 3613 3399 nostrum
3646 3343 3777 3401 Gre-

2186 3437 2392 3507 gorium
2420 3452 2525 3490 non
2548 3434 2831 3500 electione,
2847 3433 2941 3488 sed
2983 3432 3182 3503 invidia
3222 3436 3544 3503 perpetrasti
3566 3478 3580 3503 ,
3613 3450 3772 3504 quem

2186 3512 2535 3583 inexcusabili
2566 3526 2817 3580 violentia
2844 3526 3081 3596 pertrahi
3112 3526 3177 3579 ad
3211 3535 3261 3579 te
3284 3541 3472 3595 passus
3501 3541 3589 3594 es,
3616 3535 3777 3596 atque

2187 3620 2457 3687 vexari,ut
2483 3620 2530 3675 ei
2548 3620 2805 3675 honorem
2836 3626 3036 3673 tantum
3060 3633 3165 3672 non
3184 3632 3277 3686 per
3298 3618 3462 3673 animi
3477 3618 3779 3687 tranquilli-

2190 3696 2373 3777 tatem,
2392 3713 2483 3767 sed
2513 3727 2608 3780 per
2628 3712 2915 3767 amentiam
2948 3711 3106 3780 (sicut
3129 3711 3419 3766 dicendum
3444 3712 3549 3781 est)
3574 3712 3775 3780 irroga-

2188 3804 2493 3873 res?Net1ue
2510 3803 2650 3857 enim
2668 3802 2788 3855 talia
2812 3801 3111 3871 potuissent
3139 3801 3252 3856 ﬁeri
3285 3802 3513 3857 sanitate
3541 3804 3765 3858 consilii.

2189 3897 2446 3953 Nolumus
2475 3910 2794 3967 exaggerari:
2818 3893 2959 3966 quod
2982 3905 3005 3929 θ’
3034 3894 3253 3966 dignum
3282 3904 3390 3964 est,
3430 3911 3497 3951 ne
3525 3911 3775 3965 cogamur

2185 3990 2429 4059 judicare
2474 3987 2615 4059 quod
2670 3987 2908 4056 dignum.
2963 3985 3091 4041 Nam
3154 3986 3482 4054 privilegium
3536 3996 3775 4040 meretur

2189 4087 2436 4138 amittere
2477 4081 2567 4150 qui
2608 4078 2864 4149 permissa
2912 4076 3013 4130 sibi
3064 4078 3297 4130 abutitur
3342 4085 3619 4144 potestate.
3666 4076 3773 4131 Sed

2192 4190 2296 4231 una
2326 4190 2423 4229 nos
2460 4175 2593 4227 ratio
2643 4171 2769 4225 facit
2813 4162 2930 4224 esse
2973 4168 3252 4225 sententiae
3298 4167 3576 4233 mollioris,
3611 4182 3773 4236 quam

2191 4250 2478 4333 maluimus
2506 4271 2587 4329 te,
2633 4260 2799 4321 fratre
2840 4271 2894 4316 et
2932 4262 3248 4329 coepiscopo
3292 4265 3477 4317 nostro
3523 4257 3774 4327 Proiecto

2194 4357 2491 4418 referente,
2532 4367 2887 4422 cognoscere,
2936 4368 3040 4407 non
3089 4350 3287 4405 nostris
3334 4349 3523 4403 litteris
3556 4358 3774 4419 propter

2192 4447 2537 4519 opprobrium
2565 4446 2858 4521 publicare.
2887 4445 3013 4498 Nam
3045 4441 3385 4509 scandalum,
3412 4440 3563 4510 cujus
3587 4454 3772 4497 auctor

2192 4526 2559 4612 cognosceris,
2610 4539 2677 4595 ita
2728 4537 3017 4597 moderatio
3065 4544 3251 4590 nostra
3292 4536 3654 4604 compescuit,
3711 4544 3762 4593 ut

2196 4634 2361 4687 frater
2403 4641 2458 4687 et
2500 4630 2852 4700 eoepiscopus
2896 4641 3047 4683 meus
3096 4624 3382 4695 Gregorius
3423 4626 3617 4695 (quem
3666 4642 3773 4682 non

568 4718 778 4795 scopum
799 4725 1111 4789 ordinauet;
1139 4718 1231 4795 cui
1265 4734 1319 4776 ut
1375 4718 1713 4778 Mutinensem
1754 4718 2035 4777 Ecclesium
2060 4769 2075 4793 ,
2108 4734 2159 4795 ι)
2186 4734 2494 4795 provectum
2525 4733 2735 4778 constat
2763 4736 2906 4787 esse,
2935 4720 3029 4775 sed
3062 4718 3292 4792 pulsum)
3323 4718 3522 4774 nullam
3556 4735 3768 4773 caustm

572 4793 1006 4875 nullo-transuat
1042 4808 1161 4847 cum
1199 4792 1401 4848 Joanne
1453 4796 1739 4859 habiturus,
1797 4795 2036 4866 gubernet
2063 4839 2078 4866 ,

572 4873 821 4916 m‘arcmtt.

572 4880 821 4934 ρνωσψιι.

505 4976 808 5047 Simplicius
867 4978 1150 5048 episcopus
1204 4976 1395 5035 Joanni
1454 4978 1709 5047 episcopo
1766 4977 2080 5035 Ravennati.

532 5117 539 5121 -
574 5092 627 5144 Si
657 5091 774 5159 quis
805 5097 949 5144 esset
976 5090 1197 5143 intuitus
1237 5089 1617 5145 ecclesiasticm
1646 5089 1963 5160 disciplinac,
1996 5091 2081 5146 vel

502 5184 547 5236 si
582 5180 705 5250 quid
757 5181 895 5248 apud
953 5188 1005 5235 te
1060 5180 1409 5235 sacerdotalis
1460 5179 1735 5241 modernis:
1785 5189 2079 5251 teneretur,

573 5302 601 5330 ⁸
632 5292 765 5347 Cod.
790 5290 941 5356 Luc.,
974 5300 1189 5362 gestum.

482 5421 496 5432 '
577 5409 589 5437 '
624 5408 754 5461 Haec
784 5407 1005 5475 epistola
1044 5422 1290 5476 magnum
1334 5418 1388 5461 et
1429 5408 1889 5475 vigilantissimum
1939 5410 2077 5463 Sim-

504 5479 644 5548 plicii
693 5493 838 5547 papa:
879 5478 1111 5531 studium
1154 5478 1406 5541 ostendit,
1442 5479 1578 5547 quod
1612 5478 1711 5531 sub
1737 5479 1913 5546 gladio
1946 5480 2075 5535 Eru-

506 5552 676 5605 lorum
707 5551 960 5612 existens,
997 5564 1099 5603 non
1126 5549 1525 5615 pra-termiserit
1555 5549 1967 5604 sollicitudinem
1988 5566 2078 5602 ex—

505 5630 773 5683 ternarum
806 5618 1182 5681 Ecclesiarum,
1211 5634 1327 5684 qum
1368 5619 1573 5685 longius
1603 5620 1804 5685 positae,
1838 5622 1936 5673 sub
1966 5617 2077 5672 Go-

507 5690 644 5744 thica
676 5689 930 5744 servitute
969 5690 1267 5758 gemebant.
1319 5689 1720 5743 Observandum
1749 5691 1909 5757 quod,
1942 5690 2079 5744 sicut

508 5764 608 5813 hoc
653 5761 767 5813 loco
810 5758 1076 5814 Zenonem
1110 5759 1472 5826 lliSpaltmsetn
1506 5759 1865 5813 Ecclesiarum
1892 5759 2079 5825 Hispa~

2190 4819 2351 4885 (sicut
2380 4815 2549 4887 petiit)
2578 4825 2752 4871 tecum
2802 4812 3098 4878 habiturus,
3134 4813 3484 4868 Mutinensem
3512 4813 3773 4882 gubernet

2192 4909 2527 4975 Ecclesiam,
2577 4918 2633 4964 et
2685 4907 3095 4962 contubernium
3150 4906 3392 4974 spiritale
3449 4904 3769 4976 [speciale],

2188 5001 2328 5072 quod
2352 5000 2532 5055 sortiri
2559 5016 2662 5053 non
2688 4998 2965 5069 oportebat
2993 4998 3247 5065 invitum,
3279 5012 3386 5050 non
3417 5008 3629 5053 recuset
3660 5014 3771 5050 au;-

2190 5090 2371 5162 plccti.
2405 5090 2502 5145 Cui
2543 5090 2586 5143 si
2631 5089 2757 5160 quid
2800 5088 3000 5156 negotii
3048 5087 3271 5143 forsitan
3316 5089 3626 5159 emerserit,
3668 5105 3768 5142 no-

2190 5192 2360 5239 strum
2386 5180 2415 5221 b
2441 5197 2505 5239 ex
2540 5180 2644 5252 [ab]
2672 5196 2736 5236 eo
2764 5180 2848 5235 vel
2878 5189 3063 5236 contra
3102 5193 3223 5235 eum
3270 5190 3477 5249 petatur
3520 5195 3763 5236 examen.

2257 5293 2283 5332 ι)
2313 5294 2448 5350 Cod.
2475 5293 2630 5358 Luc.,
2659 5294 2720 5346 ab
2754 5309 2830 5346 eo.

2184 5411 2424 5464 nieorum
2448 5409 2704 5463 vicarium
2746 5408 3042 5471 constituit,
3099 5411 3167 5464 ita
3222 5410 3345 5464 alibi
3396 5410 3588 5464 Acacio
3623 5409 3765 5463 Con—

2182 5481 2658 5547 stantinopolitano
2688 5480 2743 5532 in
2759 5479 3123 5533 Orientalibus
3142 5480 3407 5536 “Ecclesiis
3426 5482 3766 5535 moderandis

2182 5550 2326 5605 vices
2355 5566 2479 5605 suas
2503 5549 2846 5618 delegaverit.
2876 5550 3036 5618 quue
3066 5550 3261 5604 factum
3286 5550 3406 5604 ideo
3428 5561 3481 5604 ut
3511 5553 3554 5605 is
3576 5554 3659 5605 cui
3689 5562 3767 5603 to-

2184 5621 2289 5674 tius
2322 5622 2578 5675 Eeclesia:
2606 5636 2734 5674 cura
2762 5636 2791 5673 a
2827 5622 2935 5673 Deo
2961 5622 3245 5674 commissa
3280 5621 3406 5688 fuit,
3443 5623 3583 5676 nulla
3615 5624 3664 5675 iu
3708 5638 3767 5675 re

2184 5692 2363 5744 olticio
2389 5706 2487 5745 suo
2508 5690 2744 5746 defuisse
2770 5690 3059 5746 videretur.
3091 5691 3217 5743 Ser.
3258 5692 3434 5747 BINIUS
3848 5704 3855 5707 '
