4080 6350
535 306 604 366 39
1883 327 2197 388 SlMPLlCll
2264 332 2346 390 ΡΑ
2357 334 2470 391 PE

535 423 715 482 bnisse
741 427 982 484 videatur
1007 417 1287 486 atr'o‘cioris
1316 432 1537 489 insaniae
1562 451 1576 490 :
1609 450 1713 505 quo
1741 425 1925 507 procul
1952 441 2119 499 dubio

534 515 662 572 Cain
697 519 812 590 ipso
841 521 996 592 longe
1030 522 1397 580 detestabilior
1437 527 1778 596 approbatur.
1816 530 1911 586 Ille
1951 534 2120 604 siqui-

530 607 650 664 dem
673 626 701 664 a
732 621 1037 682 perpetrato
1058 616 1224 671 semel
1255 617 1490 673 facinore
1520 619 1806 678 damnatus
1832 626 2114 693 abstinuit,

530 699 616 756 hic
643 703 867 772 proiecit
889 705 958 760 ad
985 707 1219 792 crimina.
1242 708 1444 778 majora
1471 722 1592 782 post
1622 730 1859 784 ptenam.

595 814 701 872 Nec
727 829 793 870 eo
831 823 1014 874 tamen
1049 819 1314 876 scelerum
1350 823 1458 879 ﬁne
1497 837 1814 896 contentus,
1850 830 2114 892 Constan-

523 907 926 977 tinopolitanam
950 909 1170 980 insuper
1197 913 1416 982 urbem,
1443 919 1580 973 recti
1604 933 1822 991 semper
1843 924 2112 995 dogmatis

518 1014 699 1054 amore
747 1000 1058 1071 ﬂagrantem
1091 1004 1186 1073 (ne
1224 1007 1351 1077 quid
1397 1009 1774 1069 intemeratum
1823 1019 2112 1088 populator

519 1094 765 1147 humanae
794 1093 983 1149 salutis
1007 1095 1301 1168 omitteret)
1331 1099 1503 1157 fertur
1526 1104 1782 1162 audacter
1808 1109 2106 1181 ingressus,

514 1191 569 1237 et
597 1198 626 1236 a
657 1199 767 1238 sua:
797 1185 1138 1243 consortibus
1179 1191 1456 1261 pravitatis
1491 1195 1721 1255 libenter
1757 1202 1973 1260 audisse
2003 1205 2107 1263 soli

511 1273 725 1330 Christo
761 1275 992 1332 debitam
1023 1295 1239 1349 vocem,
1277 1298 1380 1354 qua
1427 1287 1586 1356 plane
1623 1304 1732 1346 non
1781 1293 1836 1348 in
1877 1297 2106 1355 nomine

516 1364 727 1421 Domini
761 1368 943 1424 venire
972 1369 1310 1441 benedictus,
1336 1376 1430 1431 sed
1460 1378 1627 1436 divini
1654 1383 1908 1442 culminis
1940 1401 2102 1445 usur-

510 1467 664 1527 pator
712 1461 988 1517 evidenter
1039 1473 1124 1520 est
1176 1476 1504 1526 monstratus
1544 1475 1909 1536 Antichristus
1947 1497 1961 1535 :
2010 1487 2101 1553 qui

505 1565 627 1607 cum
650 1552 811 1608 etiam
843 1569 872 1606 a
901 1557 1281 1616 communione
1305 1562 1570 1619 catholica
1611 1574 1720 1623 tam
1761 1552 2102 1631 laudabiliter

503 1655 647 1701 esset
675 1648 945 1716 exclusus,
981 1665 1076 1720 per
1104 1655 1460 1722 quorumdam
1508 1659 1742 1728 privatas
1771 1663 1981 1735 domos,
2015 1685 2102 1725 re-

500 1737 700 1806 spersis
727 1738 962 1796 humano
985 1745 1249 1812 sanguine
1273 1749 1544 1816 manibus,
1579 1767 1686 1808 non
1715 1753 1898 1811 divina
1929 1760 2100 1815 sacri-

2147 460 2202 519 Α
2299 446 2457 507 Certe
2487 462 2545 507 ut
2582 454 2752 513 facilis
2782 462 2935 518 vobis
2961 465 3265 526 necessaria
3295 487 3402 529 non
3436 476 3578 534 desit
3619 480 3829 542 instrn-

2225 538 2354 603 etio,
2385 544 2694 602 earumdem
2725 555 3049 624 exemplaria
3087 560 3383 620 litterarum
3409 567 3479 622 ad
3515 569 3739 630 fratrem
3766 588 3826 634 et

2222 633 2602 705 coepiscopum
2623 651 2869 699 nostrum
2893 649 3147 705 Acacium
3171 655 3293 710 misi
3321 659 3516 714 vestris
3543 664 3819 735 sensibus,

2221 723 2516 786 offerenda.
2554 730 2682 788 ﬂare
2711 734 2872 805 igitur
2908 741 3080 810 pietas
3110 755 3201 800 tua
3228 749 3273 804 si
3304 765 3592 812 recensere
3628 758 3821 830 digne-

2222 822 2323 880 tur,
2359 819 2439 872 vel
2473 837 2595 890 qua:
2627 825 2794 883 totius
2821 829 3058 889 Orientis
3086 839 3326 910 episcopi
3366 845 3436 901 de
3474 845 3633 918 hujus
3677 819 3818 922 prae.

2216 910 2501 968 dicationis
2547 922 2904 982 consensione
2950 933 3360 1003 rescripserint,
3413 943 3641 1011 aspiciet
3683 963 3815 1015 pro-

2213 1001 2360 1060 fecto
2388 1009 2688 1066 examinata
2725 1013 3031 1087 diligenter,
3068 1001 3137 1078 et
3159 1001 3423 1085 veraciter
3450 1001 3814 1110 promulgata,

2213 1101 2375 1166 atque
2397 1098 2520 1155 ideo
2547 1104 2816 1171 pestiferas
2846 1108 3098 1169 falsitatis
3124 1098 3811 1200 ambagibus—nequaquam

2212 1186 2409 1246 debere
2453 1194 2674 1262 pulsari.
2716 1198 2852 1266 Quia
2892 1217 3079 1261 revera
3120 1223 3239 1279 quae
3285 1186 3359 1269 de
3407 1186 3811 1289 Scripturarum

2209 1280 2358 1337 fonte
2379 1284 2672 1353 purissimo
2692 1292 2905 1351 sincera
2932 1301 3323 1375 perspicuaque
3352 1280 3665 1381 manarunt,
3689 1318 3811 1373 nul-

2207 1371 2274 1427 lis
2313 1374 2507 1446 agitari
2545 1381 2821 1440 nebulosae
2860 1392 3111 1448 versutia:
3153 1371 3407 1466 poterunt
3449 1371 3808 1476 argumentis.

2206 1463 2421 1523 Perstat
2459 1471 2603 1527 enim
2650 1474 2703 1530 in
2752 1463 3172 1542 successoribus.
3199 1489 3315 1545 suis
3357 1490 3474 1551 haec
3510 1463 3569 1553 et
3615 1501 3808 1561 eadem

2205 1559 2516 1626 apostolica;
2545 1578 2735 1622 norma
2764 1568 3050 1645 doctrinae,
3076 1579 3164 1633 cui
3211 1579 3477 1643 Dominus
3516 1592 3684 1649 totius
3711 1610 3809 1652 cu-

2205 1665 2318 1706 ram
2351 1654 2506 1712 ovilis
2547 1659 2809 1732 injunxit,
2847 1668 2933 1722 cui
2971 1683 3034 1725 se
3081 1686 3253 1744 usque
3297 1678 3363 1733 ad
3410 1680 3573 1740 ﬁnem
3615 1693 3805 1750 saeculi

2201 1742 2424 1803 minime
2447 1747 2789 1822 defuturum,
2822 1759 2906 1812 eui
2949 1769 3132 1831 portas
3162 1742 3331 1824 inferi
3358 1786 3630 1846 nunquam
3671 1795 3804 1851 pra:-

2952 1829 2961 1831 -
3673 1829 3786 1851 τ...

496 1829 638 1897 ficia,
687 1832 782 1886 sed
825 1835 1104 1907 sacrilegia
1145 1838 1448 1898 celebrasse
1483 1858 1841 1917 memoratur,
1892 1851 1946 1906 in
1986 1868 2093 1924 quo
2121 1867 2172 1931 Β
2199 1836 2456 1946 “muris
2497 1857 2621 1948 933“:
2660 1850 2940 1948 Pm‘f‘ifmi
2985 1856 3140 1926 cuius
3184 1865 3451 1922 semen‘ia
3494 1885 3614 1940 qua?
3660 1875 3801 1948 Ιὶεεο

492 1924 677 1992 utique
702 1939 810 1980 non
831 1936 914 1982 est
937 1928 1051 1998 ejus
1072 1930 1280 1987 ﬁrmata
1306 1936 1598 2007 susceptio,
1629 1940 1723 1994 sed
1748 1945 2089 2000 consciorum

491 2015 760 2088 divulgata
811 2019 1076 2089 proditio,
1124 2037 1246 2079 cum
1296 2025 1487 2083 eodem
1541 2030 1608 2086 de
1657 2032 1746 2088 illa
1796 2035 2090 2107 iniquitatis

487 2110 643 2179 sede,
680 2112 780 2168 nisi
809 2114 1152 2185 resipiscant,
1187 2121 1497 2179 omnimode
1526 2139 1767 2194 casuros,
1798 2144 1960 2200 quam
1982 2131 2088 2189 sic-

490 2210 550 2256 ut
583 2204 830 2260 diabolus
866 2216 1019 2276 patcr
1040 2209 1176 2280 ejus,
1208 2213 1486 2272 Altissimo
1510 2219 1743 2275 similem
1767 2238 1824 2277 se
1853 2223 2081 2293 faciens,

471 2286 747 2352 "aiternum
800 2299 903 2355 sibi
953 2301 1190 2372 perﬁdus
1243 2315 1563 2367 construere
1616 2329 1727 2368 non
1777 2316 1972 2373 desinit
2013 2321 2083 2376 ad

484 2388 713 2445 ruinam.

555 2480 682 2535 Haec
710 2483 1038 2540 venerabilis
1081 2487 1398 2559 imperator,
1440 2507 1560 2549 cum
1608 2496 1827 2554 horreat
1870 2503 2080 2560 animus

481 2572 569 2626 vel
599 2589 629 2627 a
655 2582 808 2631 tanto
836 2577 1130 2646 gladiatore
1167 2582 1334 2639 fuisse
1366 2593 1596 2658 tentata,
1630 2596 1868 2649 maximo
1899 2605 2076 2654 tamen

479 2662 703 2736 (fateor)
735 2675 955 2737 stupore
998 2670 1264 2744 detincor,
1294 2677 1394 2732 sub
1432 2690 1626 2737 vestrae
1668 2684 1883 2752 pietatis
1921 2703 2078 2759 aspc-

478 2756 651 2811 ctibus
684 2762 920 2826 potuisse
942 2766 1226 2820 committi.
1249 2768 1382 2835 Quis
1409 2772 1553 2828 enim
1580 2773 1828 2833 devotam
1860 2756 2076 2852 semper

479 2850 589 2906 Deo
616 2852 918 2911 clementiae
947 2868 1140 2914 vestra:
1181 2873 1416 2920 mentem
1438 2906 1453 2932 ,
1496 2875 1551 2921 et
1578 2868 1893 2929 orthodoxis
1922 2875 2076 2931 dedi-

475 2951 581 2998 tam
614 2947 832 3016 regulis,
872 2959 962 3004 aut
1009 2951 1254 3022 ignoret,
1296 2965 1387 3012 aut
1429 2959 1701 3030 ambigat?
1744 2967 1941 3035 quippe
1979 2968 2071 3038 qui

474 3049 719 3102 superum
752 3038 1102 3108 dispositione
1142 3047 1520 3117 providentia,
1552 3052 1690 3108 sicut
1717 3069 1812 3124 pro
1844 3057 2071 3115 utilitate

473 3128 682 3194 publica
711 3142 950 3201 augustae
981 3139 1256 3194 memoriae
1283 3142 1537 3198 Marciani
1571 3147 1770 3216 pariter
1792 3159 1845 3205 et
1874 3151 2068 3208 Leonis

2199 1939 2386 1986 rentur
2414 1934 2465 1988 in
2496 1937 2673 2004 terris,
2715 1941 2855 1998 solvi
2898 1953 3126 2006 testatus
3155 1961 3240 2010 est
3267 1971 3373 2014 non
3406 1934 3562 2032 posse
3600 1934 3796 2030 necvin

2196 2023 2336 2078 etelo
2366 2024 2584 2094 (Matth.
2611 2032 2744 2103 xw).

2271 2119 2612 2194 Quapropter
2656 2128 3000 2190 clementiam
3051 2149 3324 2212 vestram,
3371 2151 3456 2204 cui
3503 2168 3623 2212 mea
3673 2159 3796 2220 vice

2191 2216 2513 2284 propensius
2543 2219 2710 2278 frater
2741 2231 2795 2279 et
2823 2229 3175 2302 coepiscopus
3207 2252 3361 2294 meus
3389 2242 3621 2306 Aeacius
3660 2267 3793 2322 sup-

2187 2309 2434 2379 plicabit,
2472 2328 2664 2382 precor
2707 2329 2868 2390 atque
2918 2325 3166 2393 obsecro,
3214 2340 3275 2387 ut
3320 2334 3618 2399 imitatores
3663 2309 3791 2408 facti

2187 2407 2454 2459 tantorum
2487 2417 2540 2461 et
2585 2408 2768 2465 talium
2817 2415 3308 2497 praedecessorum,
3341 2429 3591 2490 nefandae
3641 2452 3788 2507 pra:-

2185 2498 2512 2564 sumptionis
2545 2505 2821 2570 operarios
2867 2511 3135 2570 catholico
3177 2527 3397 2586 pectore
3439 2540 3784 2601 respuentes,

2183 2590 2325 2658 regia
2352 2595 2617 2649 censeatis
2645 2606 2911 2666 potestate
2934 2604 3196 2663 cohiberi.
3218 2611 3461 2685 Quisquis
3481 2590 3626 2676 aliud
3657 2590 3783 2695 (sic:

2184 2690 2242 2734 ut
2285 2683 2531 2750 praedixit
2569 2686 2886 2764 Apostolus)
2915 2705 3256 2769 praeterquam
3294 2683 3434 2775 quod
3468 2683 3778 2785 accepimus,

2178 2777 2428 2832 seminare
2457 2780 2666 2836 molitur
2689 2799 2706 2847 ;
2734 2786 3006 2844 anathema
3034 2795 3099 2847 sit
3123 2794 3144 2864 (
3164 2794 3338 2854 Galat.
3367 2801 3439 2872 ι).
3489 2777 3680 2866 Nullus
3709 2777 3776 2869 ad

2178 2883 2338 2924 aures
2368 2882 2578 2930 vestras
2609 2878 2928 2946 perniciosis
2973 2888 3246 2947 mentibus
3290 2895 3616 2968 subrependi
3662 2906 3773 2975 (Al.

2178 2964 2530 3036 subripiendi)
2581 2971 2845 3039 pandatur
2894 2990 3145 3037 accessus
3185 3002 3198 3037 :
3250 2987 3399 3044 nulla
3442 2964 3765 3057 retractandi

2179 3055 2454 3126 quidpiam
2478 3060 2545 3116 de
2567 3065 2841 3121 veteribus
2866 3073 3174 3131 constitutis
3205 3077 3768 3148 ﬁduciaconcedatur.

2174 3148 2308 3214 Quia
2343 3150 2502 3219 (sicut
2535 3156 2731 3224 saepius
2779 3159 3085 3218 iterandum
3116 3166 3232 3240 est)
3273 3173 3414 3240 quod
3458 3181 3768 3246 apostolicis

2615 3220 2628 3224 _
3127 3220 3229 3240 ___,
3275 3220 3414 3240 τη-
3458 3220 3765 3246 ..,.......,......

472 3220 666 3274 eruditi
696 3223 1002 3292 virtutibus,
1044 3228 1123 3283 sic
1159 3245 1346 3287 eorum
1381 3235 1498 3290 sitis
1539 3239 1699 3292 etiam
1737 3242 1800 3296 ad
1839 3246 2066 3300 catholi-
2093 3260 2139 3324 ο
2173 3243 2421 3300 manibus
2447 3261 2570 3300 Cum
2605 3249 2856 3307 ECClCSia"
2891 3255 3212 3316 universalis
3247 3277 3471 3323 3359113“
3501 3271 3619 3328 πίε
3649 3291 3765 3332 ¹¹¹⁰’

467 3323 584 3363 cam
617 3313 897 3368 veritatem
940 3319 1188 3375 sensibus
1219 3322 1487 3379 instituti:
1520 3343 1619 3383 nec
1663 3332 1909 3402 cuiquam
1952 3351 2069 3391 om-

465 3401 598 3455 nino
639 3403 710 3457 sit
749 3404 1005 3474 dubium,
1040 3410 1292 3478 pietatem
1335 3423 1478 3472 tuam
1523 3420 1733 3476 illorum
1769 3401 1901 3482 esse
1944 3429 2066 3486 ﬁdei

463 3506 768 3565 sequacem,
802 3512 1030 3567 quorum
1073 3517 1134 3558 es
1172 3519 1455 3564 successor
1500 3512 1730 3582 imperii.
1773 3518 1902 3585 Quae
1940 3535 2062 3577 eum

461 3585 529 3640 tle
577 3597 772 3643 vestras
820 3596 1223 3665 tranquillitatis
1271 3601 1453 3656 animo
1498 3615 1645 3660 certa
1687 3609 1756 3663 ab
1809 3613 2060 3669 omnibus

459 3684 742 3736 teneantur
787 3693 842 3738 et
884 3685 1030 3751 ﬁxa,
1064 3690 1206 3746 absit
1253 3702 1310 3746 ut
1361 3700 1693 3767 temporibus
1737 3705 1932 3761 vestris
1976 3708 2057 3762 di-

457 3769 563 3825 vini
589 3773 763 3829 cultus
786 3775 1086 3850 integritas,
1120 3793 1175 3838 et
1208 3786 1507 3858 antiquitus
1537 3794 1789 3851 roborata
1812 3798 1934 3855 ﬁdei
1967 3816 2055 3857 ca-

454 3854 664 3919 tholicae
694 3876 905 3935 putetur
927 3870 1316 3944 interpellanda
1339 3854 1644 3941 sinceritas.

521 3956 808 4029 Respicite,
839 3979 1045 4034 quasso,
1077 3968 1143 4024 ad
1174 3970 1352 4029 divina
1380 3975 1673 4047 beneﬁcia;
1704 3990 1761 4037 et
1789 4001 1910 4056 qua:
1939 3987 2049 4045 sint

449 4049 599 4104 vobis
646 4055 841 4110 collata
899 4063 1246 4130 perpendite;
1297 4078 1458 4137 atque
1503 4081 1560 4126 ut
1611 4075 1729 4131 haec
1785 4049 2044 4150 prospera

446 4140 658 4196 valeant
705 4159 1043 4217 permanere,
1081 4157 1478 4221 propitiandum
1521 4176 1641 4217 esse
1689 4177 1911 4223 censete
1949 4185 2044 4224 au-

443 4238 646 4286 ctorem
670 4235 928 4302 muneris,
955 4255 1059 4294 non
1083 4243 1406 4300 laedendum.
1437 4249 1582 4304 inter
1603 4255 1871 4321 quaslibet
1892 4260 2037 4315 enim

441 4322 821 4391 occupationes
863 4327 1102 4395 publicas
1149 4347 1178 4386 a
1224 4336 1475 4406 religioso
1521 4343 1764 4413 principe
1810 4362 2037 4417 magno-

436 4426 566 4482 pere
603 4417 995 4484 procurandum
1026 4430 1137 4488 est,
1173 4425 1316 4493 quod
1347 4429 1462 4496 ejus
1503 4437 1737 4504 protegit
1764 4439 2034 4511 principa-

433 4511 584 4560 tum:
615 4515 669 4560 ct
710 4510 1042 4577 praeferenda
1073 4521 1281 4574 cunctis
1326 4522 1487 4578 rebus
1527 4536 1612 4582 est
1657 4530 1894 4588 eteiestis
1933 4510 2029 4590 ob-

429 4599 714 4654 servantize
745 4604 1029 4677 rectitude,
1061 4610 1178 4664 sine
1207 4627 1310 4681 qua
1350 4625 1495 4673 recte
1525 4621 1669 4675 nulla
1699 4627 2020 4685 consistunt.
2052 4651 2104 4712 ι)

429 4690 723 4712 ο--....-.-,α.
774 4695 910 4712 Am,--
1049 4699 1060 4712 ι
1251 4705 1262 4712 .
1518 4711 1523 4712 ,

427 4690 729 4760 Suppetunt
769 4695 970 4752 atfatim
1016 4699 1315 4761 clementia:
1359 4715 1463 4763 luce
1505 4711 1572 4780 (si
1624 4714 1676 4768 in
1719 4716 1899 4784 palatii
1938 4717 2020 4776 sui

2175 3335 2284 3389 ruit
2304 3339 2645 3407 evangelistte
2673 3341 2824 3399 falcis
2847 3346 3089 3404 abscindi
3109 3392 3123 3417 ,
3149 3355 3386 3425 vigorem
3416 3375 3628 3421 sumere
3655 3384 3760 3426 nor.

2170 3438 2347 3497 potest
2375 3434 2692 3488 renascendi
2721 3451 2736 3489 :
2769 3452 2867 3493 nec
2902 3439 2957 3494 in
2986 3441 3268 3504 dominicae
3313 3451 3439 3508 vitis
3469 3453 3757 3519 fructivam

2167 3518 2535 3591 (fructiferum)
2559 3525 2699 3580 valet
2737 3528 2916 3586 redire
2944 3538 3294 3620 propaginem
3313 3583 3328 3610 ,
3358 3547 3500 3615 quod
3527 3549 3633 3620 igni
3665 3518 3759 3612 de;

2165 3621 2408 3680 putatum
2437 3625 2646 3672 constat
2673 3627 2901 3678 aeterno.
3115 3618 3127 3630 ⁸

2237 3706 2295 3762 Si
2348 3707 2617 3766 haeresum
2672 3715 2906 3787 denique
2956 3722 3386 3783 machinamenta
3439 3745 3754 3799 cunctarum

2159 3800 2542 3858 ecclesiasticis
2585 3818 2854 3874 prostrata
2905 3814 3138 3873 decretis
3179 3836 3450 3893 nunquam
3503 3830 3752 3902 sinuntur

2155 3897 2552 3964 oppugnatione
2592 3900 2724 3956 elisa
2768 3909 3004 3974 reparari
3037 3915 3372 3971 certamina:
3403 3929 3530 3976 ante
3571 3929 3749 3984 omnia

2153 3994 2335 4042 autem
2387 4005 2604 4059 quasso,
2663 4003 2720 4048 ut
2776 3995 2921 4053 beati
2978 4002 3140 4058 Marci
3189 4011 3533 4076 evangelistze
3590 4018 3749 4075 Sedes

2149 4078 2597 4147 (Alexandrinam
2620 4085 2811 4154 loquor
2832 4089 3155 4165 Ecclesiam)
3173 4112 3203 4151 a
3225 4104 3586 4160 cruentissimi
3609 4125 3746 4178 pra:-

2145 4168 2305 4226 donis
2336 4173 2680 4232 incubatione
2712 4179 2964 4252 liberata,
2997 4189 3262 4247 catholico
3288 4194 3614 4256 reformetur
3644 4219 3742 4260 an-

2145 4262 2329 4327 tistiti,
2365 4264 2774 4342 libertatemque
2809 4290 2960 4331 suam
2992 4281 3194 4348 pariter
3234 4289 3459 4358 recipiat
3489 4304 3543 4348 et
3582 4299 3740 4368 quie-

2143 4358 2272 4408 tem.
2299 4357 2370 4412 At
2399 4373 2526 4414 vero
2558 4361 2751 4434 impius
2783 4371 3082 4441 parricida,
3114 4378 3205 4446 qui
3239 4379 3434 4438 divinis
3458 4388 3616 4444 simul
3657 4403 3737 4449 est

2139 4458 2265 4499 reus
2304 4446 2508 4517 legibus
2536 4463 2592 4508 et
2631 4456 2902 4527 humanis,
2948 4464 3202 4522 reductus
3242 4473 3430 4529 eodem
3471 4492 3577 4547 quo
3610 4482 3734 4552 jure

2135 4535 2311 4594 fuerat
2340 4552 2465 4599 ante
2496 4545 2767 4618 detrusus,
2799 4554 2867 4609 ab
2907 4555 3275 4618 innocentium
3318 4582 3454 4626 nece
3493 4579 3731 4634 retraha~

2134 4639 2220 4687 tur
2243 4635 2574 4706 animarum;
2604 4646 2838 4712 procula
2870 4664 3036 4720 regno
3064 4654 3276 4722 pietatis
3306 4673 3499 4719 vestrae
3532 4667 3728 4727 funesti

2127 4728 2320 4795 capitis
2366 4746 2572 4788 venena
2620 4736 2899 4794 discedant
2934 4759 2946 4794 :
2997 4759 3116 4814 qua:
3143 4751 3396 4818 quoniam
3432 4758 3722 4817 salutiferae

1721 4783 1727 4784 γ
2198 4783 2208 4795 Ι
2407 4783 2572 4788 -κκ-----
2624 4783 2899 4794 --ν-ννιυι-ιπ
2935 4783 2946 4794 ο
2998 4783 3116 4814 ιιι-ιω
3143 4783 3396 4818 ῚιιυΙΙΙαΙυ

424 4783 620 4849 requiri
669 4785 886 4843 mandet.
927 4790 1193 4862 archivis)
1243 4810 1363 4852 cum
1414 4811 1720 4859 nostrorum
1771 4812 2016 4867 coeuntia
2124 4822 2525 4889 praedicationis
2575 4831 2798 4886 auribus
2845 4835 3142 4907 obturatis,
3193 4844 3513 4904 medicantia
3559 4855 3720 4911 verba

424 4872 728 4911 tlnfinn'linno
758 4878 1017 4911 main-nun
1043 4884 1360 4911 ιιιιι-ι---ιειυ--ιΔ
1394 4893 1566 4911 ηλ-⁹⁴λ
1658 4895 1702 4911 "
1945 4904 1954 4911 '

420 4872 729 4930 deﬁnitione
757 4878 1018 4948 majorum
1041 4884 1364 4943 documenta
1387 4893 1627 4960 capiosa.
1656 4895 1841 4968 Neque
1870 4904 2012 4958 cnim

417 4967 798 5025 wnscientiam
848 4983 1082 5031 vestram
1132 4979 1298 5035 latere
1351 4984 1681 5044 credendum
1724 5002 1842 5061 est,
1892 5012 2012 5065 quae

415 5069 510 5123 per
537 5068 756 5114 cunctas
779 5064 1078 5130 provincias
1098 5067 1334 5127 Orientis
1359 5089 1423 5129 ex
1453 5065 1666 5145 imperii
1691 5086 1853 5140 vestri
1883 5101 2008 5144 arce

389 5147 601 5236 ‘dilfusa
645 5161 806 5206 sunt:
842 5154 928 5210 illa
965 5158 1170 5215 scilicet
1210 5177 1328 5231 qua:
1369 5167 1450 5220 vel
1497 5169 1562 5223 ad
1605 5186 1848 5241 augustae
1892 5195 2005 5235 me-

410 5240 594 5295 moria:
621 5241 894 5312 Marciani,
927 5249 1276 5310 nihilominus
1305 5267 1359 5311 et
1392 5257 1608 5333 Leonis,
1643 5240 1726 5319 vel
1755 5268 1820 5322 ad
1847 5270 2003 5327 Chal-

409 5333 722 5390 cedonensis
751 5339 964 5393 concilii
1000 5343 1170 5398 beata:
1204 5350 1594 5408 recordationis
1629 5359 2000 5424 praedecessor

405 5439 556 5480 meus
595 5426 700 5482 Leo
741 5432 982 5486 consulta
1013 5433 1245 5491 direxit:
1277 5443 1469 5509 quibus
1519 5447 1588 5500 ita
1640 5449 1795 5517 plene
1835 5463 1995 5525 atque

402 5517 632 5575 dilucide
659 5533 1051 5581 sacramentum
1083 5527 1367 5587 dominica:
1398 5538 1792 5598 incarnationis
1827 5562 1992 5617 expo-

399 5619 532 5685 suit,
569 5628 629 5672 ut
658 5635 763 5673 non
805 5620 964 5674 modo
1006 5622 1332 5694 catholicus,
1389 5631 1481 5685 sed
1529 5650 1594 5689 uc
1642 5637 1984 5702 Christianus

397 5710 608 5778 quidem
636 5712 807 5767 valeat
834 5716 1147 5783 nuncupari,
1172 5719 1412 5789 quisquis
1442 5723 1551 5780 illic
1573 5738 1629 5784 et
1652 5732 1982 5807 redemptio-

397 5805 477 5858 nis
504 5819 611 5859 sua:
636 5817 824 5861 causas
853 5821 963 5864 non
996 5806 1271 5868 evidenter
1295 5828 1568 5884 agnoscat.

2119 4928 2315 4983 capere
2353 4919 2740 4990 nequiverunt,
2774 4925 2842 4981 ab
2888 4927 3103 4986 humani
3148 4948 3445 4996 conventus
3489 4943 3717 5003 abducta

2119 5007 2377 5076 pernicie,
2407 5010 2462 5064 in
2489 5011 2792 5071 virulentiaa
2828 5033 2940 5074 suae
2982 5037 3218 5094 congrua
3262 5031 3551 5092 solitudine
3586 5053 3718 5094 con-

2117 5100 2393 5157 tabescant
2419 5120 2433 5157 :
2465 5121 2572 5175 quo
2600 5110 2769 5179 magis
2799 5112 2863 5167 Β.
2890 5112 3036 5170 Petri
3065 5123 3293 5188 apostoli
3325 5142 3479 5197 voce,
3512 5133 3713 5200 qualis-

2109 5204 2320 5260 cunque
2357 5195 2502 5251 sedis
2548 5198 2666 5266 ejus
2724 5202 2997 5273 minister,
3042 5210 3312 5281 obtestor,
3357 5227 3415 5271 ut
3461 5219 3707 5280 inimicos

2105 5284 2337 5353 antiquae
2366 5286 2492 5342 ﬁdei
2517 5305 2624 5344 non
2651 5291 2797 5350 sinas
2825 5297 3044 5367 impune
3068 5306 3334 5374 grassari,
3365 5310 3454 5379 qui
3488 5324 3699 5374 vestros

2103 5377 2301 5443 optatis
2332 5377 2533 5435 habere
2559 5384 2863 5455 subjectos;
2891 5400 2947 5445 ut
2973 5407 3114 5448 verae
3135 5377 3488 5457 confessionis
3515 5420 3700 5476 pacem

2105 5480 2327 5526 cunctas
2355 5472 2567 5531 Domini
2597 5494 2815 5536 servare
2845 5483 3150 5546 decernatis
3181 5492 3476 5567 Ecclesias,
3499 5503 3588 5572 qui
3618 5520 3701 5562 or-

2100 5561 2221 5616 hem
2265 5568 2432 5622 vestri
2473 5568 2689 5639 imperii
2733 5573 3056 5637 desideratis
3103 5593 3290 5643 tenere
3335 5605 3609 5664 pacatum;
3643 5610 3699 5656 et

2097 5653 2309 5710 unicam
2336 5673 2487 5726 spem
2517 5663 2726 5731 salutis,
2754 5682 2874 5735 qua:
2909 5686 3078 5740 genus
3109 5675 3387 5738 hominum
3419 5684 3486 5739 ad
3530 5703 3690 5757 regna
3759 5681 3804 5720 ⁸

2092 5748 2332 5804 ccelestia
2355 5754 2626 5824 vitamque
2648 5758 2892 5827 perducit
2913 5774 3172 5824 aeternam
3191 5810 3206 5836 ,
3234 5774 3376 5829 nulla
3406 5781 3684 5847 patiamini

2090 5850 2240 5907 parte
2274 5843 2491 5915 violari,
2523 5849 2612 5919 qui
2643 5850 2911 5922 placatum
2955 5859 3124 5916 Deum
3159 5865 3238 5920 vel
3291 5843 3457 5939 regno
3497 5883 3680 5933 vestro
