4080 6350
319 373 384 429 it!
1752 374 2079 435 EPISTULA
2124 378 2207 432 Vl.

3509 390 3579 444 ω

320 484 535 555 cupitis,
594 486 679 540 vel
724 484 900 541 saluti.
966 485 1096 539 Data
1151 495 1344 556 quarto
1392 486 1511 543 idus
1560 489 1574 518 ¹
1628 487 1982 552 JanttariasA
2080 489 2211 544 Nota
2252 503 2481 561 namque
2521 500 2575 546 et
2617 494 2865 549 omnibus
2904 495 3012 551 illic
3055 498 3403 566 potestatibus
3428 476 3576 556 cele-

320 580 339 650 (
352 593 494 633 anno
536 574 671 634 Chr.
713 577 878 647 476),
921 574 1175 635 Basilisco
1213 581 1449 649 Augusto
1476 579 1718 652 [Armato
1742 580 1899 652 coam]

318 669 565 726 consule.

871 803 891 832 ¹
934 800 1265 856 EPISTULA
1305 801 1364 855 ν.

698 906 939 946 SIIIPLICII
976 907 1123 946 PAPE
1162 908 1228 946 AD
1268 907 1515 946 ACACIUM.

314 986 507 1042 Scribit
549 987 767 1048 Acucio,
799 994 851 1038 ut
892 985 1030 1037 omni
1072 994 1255 1037 conatu
1291 984 1501 1036 obsistat
1534 980 1796 1039 Timotheo
1841 1002 1902 1038 ne

389 1054 664 1110 concilium
702 1051 1014 1119 universale,
1062 1054 1196 1123 quod
1237 1053 1324 1107 ille
1365 1054 1502 1124 apud
1542 1052 1900 1124 imperatorem

388 1129 591 1198 agebat,
625 1125 887 1178 habeatur.

408 1233 718 1308 Simplicius
745 1248 878 1306 papa
908 1232 1107 1308 Acacio
1136 1235 1393 1306 episcopo
1421 1236 1809 1292 Constantino-

989 1306 1149 1374 polita
1158 1320 1246 1359 no.

382 1396 654 1463 Quantum
684 1394 1118 1466 presbyterorum
1161 1401 1218 1450 et
1256 1406 1321 1450 ex
1365 1394 1596 1451 diversis
1625 1404 1896 1453 monaste-

312 1474 409 1544 riis
429 1488 662 1543 Domino
682 1482 1033 1542 servientium
1056 1482 1441 1541 monachorum
1464 1486 1727 1543 relatione
1752 1496 1899 1558 pate-

306 1582 505 1633 factum
532 1586 639 1643 est,
673 1576 943 1633 Ecclesias
967 1572 1177 1631 Domini
1208 1588 1398 1631 rursus
1424 1576 1671 1632 diabolus
1700 1577 1897 1648 inquit»

312 1680 419 1735 tat;
452 1669 525 1724 ita
553 1678 615 1725 ut
639 1668 858 1724 excluso
879 1666 1241 1724 Alexandrino
1262 1668 1563 1737 sacerdote,
1590 1669 1894 1736 haereticus,

308 1766 472 1832 atque
515 1762 585 1816 ab
612 1761 960 1816 universitate
991 1761 1310 1826 damnatus,
1342 1759 1589 1815 eumdem
1625 1761 1797 1815 locum
1828 1759 1897 1816 de

2006 582 2151 636 brata
2171 622 2184 649 ,
2217 596 2335 652 qua:
2365 589 2563 637 sanctas
2600 586 2869 641 memoria
2900 586 3263 656 prmdecessor
3291 605 3441 647 meus
3470 591 3576 649 Leo

2000 672 2067 727 ad
2088 672 2530 729 consultationem
2558 686 2795 745 augusta:
2823 677 3206 734 recordationis
3229 679 3423 736 Leonis
3442 683 3577 738 scri-

2004 764 2198 833 pserit,
2240 772 2296 819 et
2332 778 2489 833 quam
2518 775 2835 822 venerauter
2873 776 3088 837 accepta
3130 770 3271 836 sint,
3314 787 3575 842 recogno-

2000 863 2154 910 scant
2184 868 2199 909 :
2234 865 2488 925 appareat
2527 856 2606 911 sic
2646 857 2665 928 (
2679 867 2735 913 ut
2775 859 3131 930 confidimus)
3178 862 3294 932 eius
3340 862 3577 920 imitator

2004 944 2161 1010 fidei,
2193 945 2377 1014 cujus,
2409 946 2730 1016 propitiante
2768 949 2905 1015 Deo,
2938 949 3149 1020 dignior
3186 962 3270 1007 est
3295 966 3575 1011 successor

2002 1031 2211 1101 imperii
2235 1049 2250 1091 :
2282 1034 2489 1104 sibique
2509 1035 2765 1103 scriptum
2793 1038 3051 1103 aestimet,
3083 1040 3336 1110 quidquid
3364 1050 3489 1099 ante
3514 1058 3577 1099 se

2004 1124 2329 1193 principibus
2353 1125 2438 1193 pia
2457 1125 2814 1181 esttraditum
2843 1127 3093 1184 lectione.
3122 1130 3217 1185 Illa
3238 1141 3321 1187 est
3346 1149 3576 1205 namque

2001 1215 2339 1282 pereunitas,
2373 1216 2627 1288 regnique
2661 1232 2756 1287 per
2782 1220 2975 1275 seriem
3022 1222 3361 1291 propaganda
3390 1235 3576 1293 poste-

1998 1303 2149 1368 ritas,
2178 1304 2225 1359 si
2248 1305 2297 1360 in
2326 1319 2637 1362 successore
2656 1309 2945 1377 reperitur,
2968 1311 3107 1381 quod
3126 1326 3155 1366 a
3178 1311 3576 1382 praedecessore

1999 1390 2296 1448 descendit.
2661 1408 2665 1412 ’

2069 1478 2265 1538 Hortor
2302 1496 2461 1563 ergo,
2490 1482 2654 1541 frater
2680 1486 2989 1555 carissime,
3021 1492 3078 1544 ut
3111 1490 3286 1547 modis
3327 1494 3575 1552 omnibus

1999 1576 2254 1632 facienda:
2291 1578 2483 1649 synodi
2530 1594 2904 1649 perversorttm
2947 1578 3223 1641 conatibus
3259 1588 3573 1657 resistatur;

1996 1682 2114 1737 quae
2154 1684 2258 1724 non
2286 1669 2420 1726 alias
2460 1684 2673 1741 semper
2704 1672 2900 1729 indicta
2933 1687 3047 1742 est,
3084 1677 3183 1733 nisi
3212 1690 3335 1735 eum
3374 1678 3574 1752 aliquid

1997 1758 2049 1813 in
2079 1761 2259 1828 pravis
2285 1758 2533 1817 sensibus
2562 1777 2757 1819 novum
2776 1807 2792 1834 ,
2826 1772 2919 1821 aut
2947 1765 2998 1821 in
3029 1769 3327 1827 assertione
3354 1772 3575 1843 dogma-

306 1866 415 1919 quu
446 1852 632 1922 pulsus
666 1850 844 1906 fuerat
883 1862 1179 1919 occupasse
1220 1849 1458 1914 dicatur;
1501 1849 1739 1918 insuper,
1771 1851 1893 1921 qui-
1927 1859 1974 1921 Β
1999 1859 2107 1905 tum
2131 1852 2354 1908 emersit
2373 1853 2678 1924 ambiguum
2704 1872 2718 1909 :
2742 1864 2799 1911 ut
2818 1855 2873 1911 in
2889 1871 3173 1916 commune
3196 1865 3573 1933 tractantibus,

307 1940 533 1997 busdam
566 1941 901 2006 faventibus,
938 1940 1457 2008 Constantinopolim
1497 1954 1685 1995 ausum
1727 1940 1894 1998 fuisse

306 2031 658 2098 contendere,
687 2037 745 2085 ut
772 2030 960 2084 civitas
980 2028 1405 2085 Christianorum
1430 2029 1727 2101 principum
1750 2032 1891 2087 circa

306 2123 430 2181 fidei
477 2122 758 2180 catholica!
797 2122 1074 2178 veritatem
1121 2122 1406 2177 devotione
1451 2123 1796 2193 praecellens,
1837 2132 1895 2180 et

307 2216 612 2273 Christiana
664 2216 818 2287 plebs
865 2214 918 2269 in
966 2212 1279 2271 defensione
1330 2210 1605 2283 religionis
1660 2223 1889 2282 attenta,

308 2312 683 2366 ltzercticorum
713 2309 972 2378 pravitate
992 2348 1006 2372 ,
1053 2321 1171 2377 quae
1194 2306 1301 2376 jam
1343 2304 1516 2361 fuerat
1545 2311 1745 2375 sopita,
1776 2316 1890 2360 tur-

308 2403 480 2456 betur.
510 2401 618 2456 Sed
648 2398 1015 2454 misericordia
1043 2396 1153 2463 Dei,
1186 2396 1338 2466 cujus
1360 2405 1642 2461 estcausa,
1666 2411 1770 2451 non
1798 2396 1893 2451 de-

310 2494 431 2558 fuit,
463 2502 520 2546 ut
546 2492 885 2557 Timotheus,
918 2491 1003 2560 qui
1035 2489 1102 2543 ab
1132 2485 1422 2543 universali
1453 2486 1689 2542 Ecclesia
1713 2501 1893 2543 sacer-

309 2585 580 2638 dotalibus
607 2582 890 2638 sententi's
927 2587 980 2634 et
1015 2578 1383 2649 imperialibus
1416 2578 1723 2633 cons'itutis
1748 2578 1892 2648 justo

307 2674 481 2729 fuerat
503 2681 817 2742 segregatus
845 2669 951 2742 [ΔΙ.
974 2670 1094 2741 jure
1120 2677 1194 2723 est
1224 2667 1581 2740 segregatus],
1611 2668 1676 2723 ad
1709 2668 1893 2724 Eccle-

306 2764 437 2817 siam
462 2772 566 2817 tua:
588 2760 910 2830 dilectionis,
933 2759 1017 2815 vel
1040 2758 1105 2814 ad
1134 2758 1371 2813 fidelium
1395 2757 1675 2813 domorum
1706 2759 1889 2814 limina

305 2850 412 2908 noit
450 2854 855 2923 permitteretur
887 2850 1163 2905 accedere.
1198 2848 1366 2915 Quem
1395 2859 1693 2905 conventus
1724 2863 1889 2904 novos

307 2954 406 3013 pro
448 2959 511 2999 se
546 2943 833 2999 didicimus
869 2940 1216 3005 comminari,
1248 2939 1443 2995 resolvi
1494 2940 1889 2995 existimantem

306 3034 447 3103 quod
478 3031 549 3088 de
568 3045 628 3089 se
651 3032 971 3087 universalis
995 3030 1234 3087 decrevit
1261 3029 1571 3085 auctoritas.
1599 3029 1749 3085 Unde
1768 3030 1891 3100 quia

305 3132 507 3181 sancta:
533 3126 809 3180 memoria
837 3123 1294 3193 praedecessorum
1321 3131 1627 3178 nostrorum
1650 3132 1889 3178 exstante

1993 1941 2038 1997 si
2069 1957 2186 2013 quae
2226 1952 2369 2001 esset
2404 1945 2735 2017 obscuritas,
2777 1949 3129 2007 sacerdotalis
3170 1952 3573 2015 deliberationis

1994 2033 2319 2092 illuminaret
2347 2038 2666 2105 auctoritas;
2695 2039 2834 2097 sicut
2864 2042 3092 2109 primum
3118 2038 3253 2114 Arii,
3284 2060 3348 2103 ac
3374 2046 3573 2106 deinde

1994 2125 2256 2192 Nestorii,
2297 2134 2627 2197 postremum
2656 2130 2897 2187 Dioscori
2925 2139 3084 2201 atque
3119 2134 3431 2205 Eutychetis
3456 2138 3571 2194 fieri

1993 2216 2167 2285 coegit
2201 2216 2465 2286 impietas.
2506 2218 2569 2274 Et
2616 2219 2789 2289 (quod
2827 2221 3193 2279 misericordia
3232 2226 3430 2283 Christi
3474 2228 3571 2286 Del

1993 2305 2163 2359 nostri
2191 2305 2476 2362 salvatoris
2504 2318 2713 2364 avertat
2731 2309 2771 2380 ι)
2800 2309 3152 2369 intimandum
3182 2323 3266 2371 est
3292 2316 3571 2374 abomina-

1992 2395 2099 2452 bile
2126 2408 2247 2454 esse
2273 2407 2460 2454 contra
2486 2401 2778 2457 sententias
2804 2404 2965 2460 totius
2987 2406 3134 2461 orbis
3158 2406 3370 2464 Domini
3391 2424 3572 2467 sacer.

1991 2487 2174 2543 dotum
2207 2498 2261 2545 et
2289 2490 2586 2562 principum
2624 2493 2900 2564 utriusque
2941 2506 3246 2565 rectorum,
3288 2500 3571 2557 damnatos

1991 2593 2114 2635 reos
2149 2582 2461 2650 restituere,
2508 2585 2691 2641 rezluci
2730 2587 2977 2655 exsules,
3020 2591 3285 2661 relegatos
3315 2593 3368 2649 in
3410 2609 3573 2652 causa

1990 2671 2207 2727 nefaria:
2236 2674 2620 2744 conjurationis
2644 2675 2869 2733 absolvi.
2896 2677 3080 2749 Itaque
3106 2681 3271 2753 (quod
3308 2697 3454 2755 saepe
3482 2701 3569 2741 re.

1990 2763 2276 2833 petendum
2321 2763 2441 2835 est)
2492 2765 2606 2821 base
2652 2769 2830 2822 omnia
2876 2769 3311 2828 clementissimis
3354 2774 3571 2832 auribus

1966 2852 2303 2923 suppliciter
2333 2853 2598 2910 intimato.
2629 2854 2818 2911 Veniet
2841 2860 3023 2927 procul
3050 2860 3212 2916 dubio
3234 2862 3375 2917 Deus
3396 2864 3450 2920 in
3476 2866 3571 2919 ad.

1985 2939 2240 3009 jutorium
2270 2952 2503 2998 vestrum
2526 2984 2541 3014 ,
2574 2944 2625 3000 in
2655 2945 2809 3015 cujus
2837 2962 2999 3003 manu
3025 2964 3120 3005 cor
3148 2952 3289 3021 regis
3324 2967 3445 3011 esse
3484 2971 3570 3011 re-

1990 3030 2164 3088 tinens
2186 3035 2536 3089 constitutum
2566 3037 2847 3105 potestatis
2876 3052 2986 3094 sua:
3012 3041 3215 3097 nesciat
3239 3041 3348 3115 [AL
3378 3046 3569 3120 nescit]

1988 3122 2201 3177 aliunde
2229 3124 2571 3197 principium.
2602 3128 2733 3185 Data
2762 3130 2949 3199 quinto
2975 3130 3092 3187 idus
3116 3133 3353 3193 Januarii
3386 3129 3491 3210 {Al}
3516 3156 3569 3196 Vl

305 3216 583 3284 doctrina,
609 3224 797 3271 contra
824 3227 981 3284 quam
1020 3212 1171 3268 nefas
1205 3222 1287 3268 est
1314 3210 1615 3282 disputare,
1647 3214 1887 3283 quisquis
1913 3214 1960 3278 C
1990 3212 2093 3268 cal.
2123 3210 2479 3287 Februarias].

306 3318 453 3363 recte
482 3320 675 3378 sapere
698 3306 927 3372 videtur,
962 3306 1119 3360 novis
1140 3304 1526 3360 assertionibus
1554 3318 1658 3359 non
1689 3306 1890 3375 indiget

306 3398 542 3462 edoceri,
572 3398 665 3453 sed
699 3397 855 3466 plana
886 3404 1046 3467 atque
1074 3395 1308 3463 perfecta
1337 3403 1458 3449 sunt
1489 3394 1665 3449 omnia
1696 3394 1890 3464 quibus

307 3499 487 3559 potest
517 3489 601 3545 vel
627 3489 882 3558 deceptus
907 3488 976 3542 ab
1004 3486 1274 3541 berelicis
1296 3485 1522 3551 erudiri,
1550 3485 1631 3539 vel
1656 3486 1707 3539 in
1733 3491 1887 3541 vinea

306 3582 516 3638 Domini
557 3581 875 3651 plantandus
906 3580 1144 3645 institui,
1189 3578 1470 3648 implorata
1517 3578 1621 3634 fide
1650 3578 1887 3633 clemeno

305 3672 496 3728 lssimi
539 3670 795 3741 principis
822 3684 1005 3725 vocem
1049 3668 1304 3751 facienda:
1344 3669 1532 3741 synodi
1563 3668 1646 3724 fac
1676 3670 1885 3739 respui,

307 3777 408 3820 nec
436 3767 508 3818 sit
540 3762 681 3833 apud
713 3776 869 3816 aures
898 3762 1241 3831 imperatoris
1266 3760 1553 3816 Christiani
1582 3761 1728 3832 pigra
1767 3776 1891 3833 sug-

304 3853 505 3922 gestio;
549 3854 673 3921 quia
709 3852 852 3906 salus
888 3851 1004 3920 ejus
1040 3858 1095 3907 et
1133 3852 1280 3920 regni
1321 3850 1489 3921 ipsius
1523 3849 1765 3907 Christus
1807 3862 1892 3909 est

305 3944 587 3999 fortitudo.

382 4034 530 4105 Ergo
558 4044 679 4090 cum
718 4034 986 4105 prmdiclis
1028 4033 1358 4104 presbyter's
1396 4047 1456 4086 ac
1486 4032 1760 4087 monachis
1789 4046 1889 4102 0p-

306 4134 542 4193 rortune
572 4122 755 4194 pietati
786 4124 902 4193 ejus
928 4131 1110 4179 nostro
1136 4136 1347 4194 quoque
1376 4123 1591 4178 nomine
1619 4124 1889 4194 supplies,

304 4227 360 4272 et
408 4218 731 4288 legationem
788 4217 924 4271 banc
979 4229 1077 4285 pro
1124 4216 1276 4271 nobis
1321 4228 1533 4286 quoque
1593 4216 1891 4271 elementa:

306 4309 500 4376 ipsius,
532 4322 601 4363 ne
621 4306 749 4378 quid
779 4307 1097 4377 subrepatnr
1123 4306 1229 4379 [AL
1255 4305 1608 4377 subripiatur],
1638 4306 1845 4361 insinua
1873 4324 1887 4361 :

302 4399 547 4452 omnium
579 4399 779 4466 pariter
811 4399 1054 4467 precibus
1085 4401 1399 4462 instruatur,
1433 4414 1499 4453 ne
1530 4414 1624 4468 per
1663 4413 1889 4468 occupa-

304 4489 486 4551 tiones
512 4488 753 4559 publicas
791 4488 953 4559 quieti
980 4488 1360 4545 ecclesiasticae
1395 4488 1604 4559 aliquas
1641 4490 1890 4547 inimicus

2520 3347 2541 3381 ³
2579 3347 2913 3408 EPISTULA
2957 3352 3039 3409 Vl.

2367 3451 2613 3493 SilPLlCll
2651 3454 2799 3494 ΡΔΡΞ
2838 3454 2907 3496 ΑΒ
2945 3454 3188 3500 ΔαΑϐΙυΙ.

1990 3546 2323 3620 Commendat
2362 3549 2606 3603 Acacium
2635 3552 2773 3620 quod
2804 3546 3064 3607 Timotheo
3093 3550 3285 3611 ἉΕΙιιιο
3313 3559 3456 3613 nulla
3487 3576 3568 3613 ee-

2059 3618 2213 3696 clesia
2238 3618 2675 3691 Constantinopoli
2704 3623 3309 3696 potaeritjltortaturque
3335 3632 3566 3683 eumdem

2059 3696 2113 3741 ut
2159 3690 2514 3759 imperatorem
2559 3702 2759 3745 moneat
2801 3709 2863 3748 ne
2903 3690 3329 3753 Chalcedonensis
3366 3703 3571 3756 conclii

2058 3758 2252 3812 statuta
2274 3758 2455 3813 violari
2484 3762 2766 3829 permittat.

1989 3870 2292 3938 Simplicius
2317 3872 2603 3943 episcopus
2630 3873 2827 3996 Apuleio
2847 3874 3097 3944 episcopo
3122 3874 3571 3950 Constantinopo‘

2709 3960 2722 3996 t
2751 3958 2874 3996 ano.

2709 3952 2874 3997 itano.

2058 4030 2191 4084 Cum
2222 4030 2315 4085 ﬁlii
2360 4032 2526 4086 nostri
2563 4032 2785 4086 illustris
2823 4033 2905 4088 vir
2944 4033 3164 4089 Latinus
3219 4036 3471 4105 patricius
3513 4047 3570 4093 et

1990 4120 2299 4191 spectabilis
2326 4121 2593 4177 bladusius
2623 4136 2725 4193 pro
2751 4123 3017 4193 legatione
3045 4124 3257 4195 publica
3288 4127 3568 4184 mitteren-
3636 4106 3657 4130 ⁸

1994 4220 2102 4278 tur,
2132 4212 2401 4283 negligere
2444 4227 2549 4269 non
2582 4213 2855 4284 potuimus
2910 4216 3051 4285 quod
3084 4219 3228 4274 omni
3272 4219 3569 4279 intentione

1991 4318 2259 4360 curamus.
2297 4304 2548 4361 Proxime
2594 4320 2825 4375 namque
2865 4320 2986 4362 cum
3033 4309 3466 4380 presbyterorum
3513 4326 3569 4371 et

1991 4394 2376 4451 monachorum
2415 4395 2485 4451 de
2525 4396 2809 4452 Timotheo
2844 4398 2971 4452 olim
3018 4400 3085 4451 ab
3125 4401 3412 4458 universali
3465 4404 3568 4460 Ec-

1993 4487 2153 4542 clesia
2182 4494 2430 4555 separato
2453 4486 2668 4555 querela
2691 4488 2943 4550 venisset,
2978 4496 3083 4542 tam
3113 4488 3568 4549 Christianissimo

303 4579 560 4635 moliatur
582 4580 839 4636 insidias:
864 4580 1154 4651 integritati
1170 4596 1279 4637 sum
1299 4580 1714 4637 Alexandrinam
1736 4582 1887 4637 reddi
1915 4579 1970 4640 D
1994 4577 2217 4649 principi
2255 4590 2414 4646 quam
2458 4575 2731 4631 dilectioni
2771 4586 2874 4631 tuae
2913 4577 3253 4646 scripsimus,
3298 4590 3355 4636 ut
3393 4583 3568 4640 modis

302 4676 530 4739 praestet
569 4668 896 4734 Ecclesiam,
938 4679 990 4723 et
1032 4670 1173 4724 beati
1202 4669 1360 4725 Marci
1392 4669 1729 4739 evangelista:
1760 4671 1885 4727 sede

301 4765 518 4817 hostem
549 4758 975 4831 parricidamque
1010 4762 1303 4830 propellat;
1341 4770 1401 4818 et
1436 4762 1667 4832 qualiter
1693 4761 1882 4818 catho-

301 4856 424 4910 lica
457 4854 578 4908 fidei
620 4862 865 4909 tenea'ur
900 4854 1214 4925 integritas,
1253 4855 1307 4909 in
1348 4854 1708 4923 penetralibus
1746 4854 1884 4910 aulas

301 4962 418 5001 sua:
446 4946 730 5015 dignanter
755 4945 990 5015 inquirat
1015 4962 1028 4998 :
1061 4960 1181 5015 qua:
1217 4960 1283 5000 ne
1311 4945 1484 5014 aliqua
1513 4944 1735 5001 forsitan
1760 4946 1884 5001 lidei

301 5037 620 5089 amatorum
672 5033 856 5089 fraude
901 5034 1177 5100 vitientur,
1227 5034 1353 5090 licet
1394 5035 1447 5088 in
1492 5034 1735 5090 ecclesiae
1779 5042 1885 5089 tua!

301 5123 515 5194 possint
540 5122 752 5177 scriniis
783 5124 1032 5191 inveniri,
1062 5132 1241 5178 tamen
1267 5123 1588 5193 exemplaria
1620 5124 1882 5192 misimus,

301 5228 423 5283 qua
447 5213 633 5284 pietati
663 5214 827 5282 ipsius
855 5213 1181 5283 prmparabis
1209 5214 1318 5286 [ΑΙ.
1343 5214 1656 5285 properabis]
1680 5214 1882 5272 oll‘erri.

376 5352 393 5380 ‘
430 5349 731 5417 legentium
758 5365 772 5400 :
797 5362 853 5403 tv
879 5363 1040 5401 nonas
1060 5347 1211 5413 lum,
1245 5348 1381 5417 sicut
1402 5349 1522 5403 etin
1544 5348 1789 5417 sequenti
1812 5367 1823 5402 :
1847 5365 1877 5403 ν

294 5412 421 5473 i’dus
450 5412 604 5485 him,
637 5429 691 5472 et
714 5420 767 5472 in
785 5418 1009 5488 septima
1036 5436 1048 5469 :
1084 5433 1139 5471 ιιι
1170 5412 1222 5488 id
1246 5416 1398 5482 lum,
1430 5427 1486 5473 ut
1511 5412 1878 5488 suspicabatur

300 5484 1130 5588 Ιξιζιιπέξειυὶῗξιρόιὶξᾞβωωξξιεὶξ
1145 5487 1453 5588 Dardanium
1484 5489 1551 5588 de
1662 5488 1879 5558 Simpli-

300 5562 385 5613 cio
416 5560 543 5625 agit.
574 5558 704 5610 Vide
732 5557 946 5627 l’agium
970 5556 1033 5610 ad
1064 5573 1151 5610 an.
1175 5556 1275 5611 Cb.
1300 5557 1423 5621 476,
1450 5576 1502 5611 ll.
1530 5560 1617 5612 14.
1783 5556 1791 5558 ’

372 5632 392 5659 ²
430 5634 553 5682 Haec
593 5635 678 5679 est
713 5627 801 5680 illa
838 5627 1057 5694 epistola
1106 5627 1170 5680 ad
1209 5631 1454 5682 Acacium
1495 5630 1688 5695 scripta
1719 5643 1877 5695 quam

286 5698 540 5766 mentite:
574 5704 845 5764 patentem
871 5707 925 5750 et
965 5697 1199 5766 nondum
1227 5697 1555 5765 obsignatam
1587 5713 1706 5751 cum
1746 5713 1880 5766 prte-

301 5762 532 5822 cedente
558 5762 785 5832 epistola
817 5767 959 5818 misit
981 5767 1042 5818 ad
1068 5762 1439 5836 imperatorem
1470 5769 1556 5821 illo
1588 5768 1688 5823 fine
1719 5762 1770 5822 et
1795 5782 1882 5821 ar-

588 5863 856 5921 Ριτιιοι.
922 5860 1134 5919 LVIII.

1986 4666 2235 4723 omnibus
2258 4667 2472 4723 resistat
2495 4681 2563 4722 ne
2582 4665 2709 4737 quid
2733 4666 3103 4722 brereticorum
3125 4679 3311 4725 contra
3337 4670 3565 4728 Chalce-

1987 4759 2231 4815 donenso
2258 4758 2544 4813 concilium
2586 4758 2835 4813 moliatur
2878 4758 3099 4813 audacia
3120 4800 3137 4826 ,
3168 4762 3344 4815 irater
3389 4762 3562 4818 caris-

1990 4852 2155 4916 sime;
2185 4859 2242 4906 et
2272 4848 2574 4905 dilectionis
2600 4857 2704 4903 tute
2732 4848 2999 4912 laudando
3019 4850 3398 4917 constantiam,
3427 4855 3563 4909 mut-

1992 4948 2103 4996 tum
2134 4940 2323 5004 nobis,
2353 4939 2461 4993 imo
2493 4934 2593 5008 ipsi
2628 4938 2853 4993 Domino
2877 4939 3088 5008 placere
3123 4943 3562 5011 memoravimus,

1990 5031 2130 5101 quod
2156 5030 2466 5086 damnatum
2494 5029 2764 5085 hominem
2794 5043 2899 5085 non
2924 5030 3098 5085 solum
3119 5030 3261 5097 fidei,
3284 5034 3377 5089 sed
3399 5036 3561 5092 etiam

1992 5120 2263 5192 parricidii
2307 5133 2496 5189 causa,
2543 5121 2739 5176 nullam
2775 5120 3238 5192 Constantindpoli
3280 5124 3561 5182 ecclesiam

1992 5214 2217 5270 introire
2239 5213 2569 5284 permiseris.
2592 5212 2744 5279 Quod
2768 5226 2911 5267 nunc
2932 5214 3125 5268 iterum
3147 5228 3559 5274 commonemus

1984 5356 2238 5419 gumento
2264 5360 2370 5419 quo
2394 5360 2553 5419 supra
2583 5344 2716 5419 disi.
2740 5344 2867 5399 Ssv.
2897 5343 3074 5419 Bittius

2052 5419 2072 5449 ³
2113 5417 2259 5471 Hatic
2283 5414 2568 5485 epistolam
2599 5414 2837 5485 aliasque
2866 5414 3151 5485 nonnullas
3192 5414 3437 5484 ejusdem
3472 5433 3562 5472 ar-

1981 5488 2255 5555 gumenti,
2285 5484 2571 5540 occasione
2609 5484 2834 5553 publicae
2880 5484 3160 5553 legationis
3192 5500 3366 5607 lgnam
3418 5488 3562 5542 misit

1981 5558 2222 5607 Odoacar
2250 5556 2317 5607 ad
2354 5554 2655 5607 Zenonem.
2689 5556 2885 5607 Acacio
2926 5553 3159 5607 scribsit.
3242 5570 3270 5607 ι
3307 5555 3561 5607 Vaticano

1981 5553 2222 5612 Odoacer
2250 5556 2317 5610 ad
2354 5554 2655 5618 Zenonem,
2689 5556 2885 5609 Acacio
2926 5553 3159 5618 scripsit.
3192 5553 3270 5609 Es
3307 5555 3561 5611 Vaticano

1981 5628 2163 5682 codice
2186 5634 2483 5691 acceptam,
2508 5626 2841 5696 primumque
2862 5632 3006 5696 tomo
3032 5623 3049 5681 l
3072 5623 3423 5696 Epistolarum
3454 5626 3561 5680 llo-

1985 5712 2261 5752 manorum
2284 5691 2593 5764 pontificum
2616 5691 2891 5761 excusem,
2926 5695 3029 5750 huc
3052 5691 3416 5749 transtulimus
3438 5710 3560 5752 cum

1984 5766 2343 5837 sequentibus.
2377 5768 2502 5822 Ssv.
2537 5765 2733 5820 Bmws.
3406 5766 3417 5775 '
