4080 6350
540 372 605 427 ιδ
1884 369 2083 425 Slel‘L

2190 370 2198 425 ι
2238 370 2438 427 PAR!)
3721 378 3793 433 ιι

538 496 591 540 ut
618 498 737 538 cum
766 481 830 537 ad
859 482 1194 536 dilectionem
1228 486 1369 535 tuatn
1403 478 1589 535 cadent
1622 479 1815 550 scr'pta
1849 496 2108 551 pervene-
2134 488 2188 548 Α
2216 480 2534 537 necessitate
2567 478 2822 550 dirigere,
2859 480 2960 536 nisi
3004 481 3068 537 ad
3116 495 3328 538 omnem
3373 481 3793 552 plenitudinem,

537 579 672 639 rint,
714 576 821 629 imo
860 584 913 629 et
935 587 1019 628 am
1049 573 1221 627 donec
1261 572 1508 637 veniant,
1550 570 1689 639 apud
1719 572 2110 627 Christianissi-

535 686 677 723 tuum
712 667 1003 736 principem
1038 663 1202 720 etiam
1245 675 1427 717 nostro
1471 662 1684 716 nomine
1714 678 1875 733 agere
1903 665 2109 734 suppli-

533 771 669 813 ιῑιιθι·
698 766 857 826 atque
888 756 1162 810 insinuare
1188 768 1293 808 non
1323 752 1569 822 desinas,
1599 763 1657 807 ut
1694 769 1815 824 quae
1865 754 2026 808 toties
2056 762 2111 808 et

534 851 668 903 bene
695 858 890 902 statuta
928 853 1085 913 sunt,
1130 844 1273 899 nulla
1309 843 1623 912 obreptione
1650 845 1914 899 violentur
1941 861 1955 898 :
1986 845 2109 914 quia

533 943 680 1010 ιθεηί
732 939 847 1009 eius
889 948 1093 993 eertum
1142 945 1196 991 et
1244 937 1515 1005 singulare
1558 946 1638 991 est
1683 936 2105 1005 firmamentum,

532 1048 659 1087 vero
689 1043 847 1102 atque
874 1039 1074 1084 aeterno
1104 1029 1211 1099 regi
1240 1040 1683 1099 congregatarum
1711 1027 1765 1083 in
1794 1044 1955 1086 causa
1988 1028 2107 1083 fidei

528 1124 711 1175 divino
752 1121 943 1191 spiritu
984 1120 1323 1174 sacerdotum
1363 1117 1591 1174 illaesum
1630 1133 1952 1176 conservare
1980 1133 2110 1175 corr-

529 1215 730 1270 cilium.

1065 1341 1397 1403 EPISTOLA
1438 1341 1550 1401 Vll.

528 1475 772 1518 SIIPUCII
821 1475 970 1514 ΡΑΡΕ
1017 1474 1084 1513 ΔΙ)
1130 1473 1492 1513 νκιειιῐτειιος
1542 1472 1609 1512 Ετ
1648 1471 2104 1513 Αιιαιυιιηυιιιτλε

980 1542 1652 1598 ῦοκδτλμτιμοιδοιιτηοε.

1941 1594 1953 1603 ι.

527 1646 841 1703 Clericonsm
866 1661 925 1698 ac
952 1642 1316 1697 monachorum
1345 1639 1785 1707 Constantinopoli
1813 1639 2104 1707 degrntium

598 1717 716 1777 ﬁdei
756 1715 1090 1768 constantiam
1134 1712 1481 1777 commendat,
1519 1727 1633 1763 cum
1670 1707 1992 1763 Timotheum
2035 1707 2104 1760 ad

594 1788 998 1840 communionem
1042 1799 1143 1837 non
1187 1784 1514 1845 admiserint;
1560 1781 1836 1849 illumque,
1881 1788 1936 1831 ut
1970 1792 2104 1846 stupe

595 1859 918 1922 damnatum,
951 1854 1167 1907 ostendit
1194 1869 1293 1905 non
1320 1851 1653 1905 audiendum.

526 1971 832 2043 Simplicius
873 1970 1154 2046 epis_c0pus
1201 1967 1530 2046 presbyteris
1570 1962 2102 2046 etdarehimantlrizis

792 2038 933 2112 apud
964 2038 1484 2107 Constantinopolim
1508 2038 1833 2091 constitutis.

594 2133 698 2188 Per
727 2132 890 2186 lilium
923 2139 1162 2185 nostrum
1191 2125 1511 2182 laudabilem
1541 2124 1713 2180 virum
1744 2122 1949 2193 Epipha
1993 2122 2097 2175 ium

520 2224 719 2279 litteris
744 2234 935 2277 vestra:
976 2218 1280 2275 dlectionis
1317 2217 1490 2292 serius
1531 2229 1687 2285 quam
1726 2213 1969 2269 voluistis
2011 2227 2099 2266 ac-

520 2318 711 2383 ceiitis,
743 2328 935 2382 magno
955 2325 1138 2365 sumus
1166 2310 1350 2365 dolore
1377 2308 1639 2379 permoti,
1667 2306 1809 2376 quod
1832 2306 1937 2361 illic
1961 2305 2095 2359 intra

520 2405 814 2460 Ecclesium
840 2405 929 2458 Dei
954 2402 1323 2457 scandalorum
1348 2400 1579 2455 recidiva
1602 2410 1891 2453 nascuntur
1911 2398 2095 2452 incen-

521 2501 627 2569 dia,
645 2500 732 2553 ubi
746 2497 906 2551 totius
920 2495 934 2567 [
946 2496 1027 2548 Al.
1042 2492 1206 2563 toties]
1221 2493 1536 2548 auct0ritate
1549 2489 1851 2559 θροειυιίει
1866 2490 2028 2555 sudis,
2044 2499 2097 2543 ct

516 2592 783 2648 sententia
810 2586 1001 2656 synodi
1033 2583 1346 2640 universalis
1372 2582 1631 2638 exstincta
1657 2588 1800 2636 sunt.
1826 2580 1921 2633 Cui
1948 2593 2097 2632 nam-

517 2697 622 2753 que
654 2682 707 2735 in
738 2688 851 2735 toto
882 2690 1145 2732 terrarum
1176 2674 1307 2729 orbe
1335 2687 1456 2728 cum
1486 2670 1838 2742 perversitate
1872 2668 2093 2737 dogma-

518 2786 630 2828 tum
673 2770 1022 2827 nefandorum
1066 2765 1330 2831 Nestorii,
1361 2765 1701 2836 Eutychetis.
1750 2759 2094 2829 Diuscorique

514 2865 814 2930 damnatio;
848 2862 935 2919 cui
972 2859 1238 2916 Timothei
1278 2872 1468 2914 rursus
1504 2855 1874 2913 Alexandrina:
1916 2848 2095 2910 Eccl‘e-

514 2959 608 3011 site
636 2953 936 3025 porvasoris
960 2968 1063 3007 non
1090 2958 1174 3007 est
1200 2959 1326 3004 nota
1354 2949 1616 3018 dejectio?
1642 2948 1816 3002 Testis
1839 2958 1916 3002 est
1944 2955 2094 2999 antc-

515 3047 627 3101 rius
674 3044 1031 3114 Ephesinutn,
1083 3041 1235 3096 testis
1281 3050 1364 3094 est
1421 3054 1610 3094 recens
1654 3037 2090 3094 Chalceduttense

514 3138 823 3203 concilium,
847 3135 988 3205 quod
1019 3132 1258 3204 quisquis
1283 3130 1552 3187 desiderat
1580 3136 1880 3199 retractari,
1912 3134 1962 3188 in
1995 3147 2088 3185 uu-

2216 586 2322 629 non
2347 572 2457 641 jam
2488 571 2857 636 defendendas,
2886 588 3005 643 quas
3031 574 3218 629 solidat
3245 574 3407 646 [forte
3434 574 3619 646 solide]
3651 576 3792 645 iacta

2214 671 2332 727 est,
2370 661 2530 728 fidei,
2562 661 2656 716 sed
2684 662 3005 730 repellendis
3032 663 3298 719 hmreticis
3334 675 3495 735 atque
3524 665 3795 722 damnatis

2214 753 2301 807 illa
2329 753 2669 819 sufficerent,
2698 768 2821 823 qua:
2850 754 3011 810 etiam
3042 756 3107 810 ad
3138 768 3335 812 sanctae
3364 759 3636 813 memoria:
3664 757 3794 813 Fla-

2210 845 2424 898 vianum
2448 884 2463 912 ,
2511 853 2672 913 atque
2710 844 2775 897 ad
2818 854 3055 900 sanctam
3097 844 3586 902 Chalcedonensem
3627 862 3794 919 syno-

2212 936 2369 1002 dum,
2401 935 2483 991 vel
2531 937 2596 991 ad
2643 945 2883 1006 angustze
2926 936 3318 992 recordationis
3361 936 3685 993 Marcianum
3727 954 3793 994 ac

2211 1025 2449 1081 Leonem
2472 1066 2487 1091 ,
2517 1026 2685 1080 beata:
2714 1024 2989 1080 ntemorite
3016 1016 3411 1081 antecessorem
3452 1041 3629 1082 meum
3655 1028 3793 1085 scri-

2213 1116 2383 1185 psi~se
2408 1115 2673 1184 retinetis,
2704 1126 2863 1187 atque
2884 1116 3047 1172 totius
3072 1114 3305 1172 Orientis
3325 1117 3560 1188 episcopi
3590 1119 3791 1175 reseri-

2210 1207 2316 1277 ptis
2342 1208 2407 1261 ad
2437 1207 2731 1277 principem
2762 1217 2887 1262 tunc
2917 1208 3151 1263 Leonem
3188 1208 3419 1279 propriis
3446 1209 3788 1267 intimarunt.

2210 1299 2362 1354 Unde
2387 1298 2672 1356 insolubile
2694 1314 2813 1355 esse
2841 1314 2945 1355 non
2986 1300 3205 1355 dubium
3235 1309 3348 1367 est,
3379 1300 3519 1371 quod
3547 1302 3633 1358 vel
3663 1311 3792 1359 ante

2208 1388 2568 1445 decreverunt
2598 1390 2649 1444 in
2674 1405 2837 1445 unum
2863 1391 3244 1447 convenientes
3271 1399 3349 1445 tot
3370 1391 3581 1447 Domini
3609 1405 3791 1449 sacer-

2207 1480 2382 1549 dotes,
2414 1482 2497 1537 vel
2525 1483 2665 1553 quod
2688 1482 2879 1553 singuli
2910 1498 3008 1553 per
3034 1496 3160 1538 suas
3186 1482 3456 1540 Ecclesiae
3484 1484 3787 1555 constituti,

2206 1571 2392 1626 eadem
2414 1571 2757 1626 nihilominus
2782 1572 3097 1637 sentientes,
3128 1572 3359 1629 diversis
3383 1573 3511 1643 quid
3538 1574 3785 1641 vocibus,

2206 1661 2297 1715 sed
2325 1677 2427 1716 una
2457 1670 2639 1717 mente
2667 1664 2945 1727 dixerunt,
2977 1661 3295 1719 damnantes
3321 1677 3509 1719 eorum
3538 1679 3784 1720 exsecra-

2206 1751 2391 1809 biliutn
2415 1762 2661 1809 auctores
2690 1754 2888 1824 pariter
2913 1762 2965 1808 et
2987 1768 3261 1825 sequaces.
3284 1754 3621 1825 Quapropter
3642 1757 3782 1819 inter

2131 1854 2178 1913 Β
2205 1851 2283 1897 tot
2315 1843 2533 1909 formas,
2560 1859 2679 1914 qua:
2701 1854 2898 1899 erecta:
2928 1852 3072 1911 sunt,
3104 1844 3447 1914 praedicandi,
3471 1860 3577 1901 non
3604 1860 3780 1902 asserv

2208 1935 2351 1990 tione
2378 1949 2536 2001 nova,
2562 1935 2657 1990 sed
2688 1935 2987 1990 constantia
3011 1936 3284 1991 nitendum
3312 1946 3414 1991 est.
3442 1937 3561 1992 lam
3590 1938 3780 2008 proba-
3871 2010 3881 2019 _

2206 2034 2315 2079 tum
2346 2034 2458 2091 est,
2484 2026 2612 2095 quid
2648 2027 2897 2097 (Domino
2926 2040 3021 2082 vos
3044 2026 3299 2097 iuvante)
3344 2027 3673 2098 profecerittt
3712 2030 3784 2085 la-

2202 2100 2363 2172 liores
2395 2118 2581 2183 vestri,
2607 2116 2718 2172 Deo
2760 2117 2984 2187 placitus
3029 2116 3235 2172 fructus
3278 2118 3546 2185 ostendit,
3569 2119 3781 2190 quando

2201 2208 2318 2277 ejus
2348 2208 2562 2263 domum
2600 2209 2751 2264 vobis
2780 2209 3163 2265 obsistentibus
3190 2195 3384 2266 latroni
3416 2212 3638 2268 introire
3675 2228 3781 2269 non

2201 2300 2253 2355 Ιιι
2272 2301 2344 2355 υἰι
2365 2342 2379 2366 ,
2410 2302 2499 2372 qui
2530 2300 2802 2357 nonnullis
2830 2302 3238 2358 occurrentibus
3262 2303 3397 2372 sibi,
3431 2303 3659 2359 latentes
3688 2305 3779 2359 ad-

2203 2392 2305 2447 l.uc
2338 2392 2560 2447 forsitan
2598 2394 2679 2447 sui
2727 2394 2928 2463 similes
2961 2393 3282 2463 publicavit,
3328 2409 3433 2449 non
3481 2396 3624 2450 enim
3662 2395 3776 2464 jun-

2196 2493 2393 2553 guntur
2424 2485 2559 2538 bona
2591 2484 2867 2552 p-‘SSlﬂllS,
2900 2494 3044 2539 recta
3077 2487 3379 2554 perversis;
3419 2501 3519 2541 nec
3560 2503 3737 2556 posstt
3764 2498 3780 2541 t

2197 2570 2450 2624 salutaria
2476 2572 2619 2626 coire
2648 2587 2767 2626 cum
2793 2574 2966 2626 noxiis
2988 2589 3005 2627 :
3030 2575 3151 2644 quia
3178 2576 3281 2630 luci
3308 2579 3614 2630 communio
3637 2580 3779 2631 nulla

2195 2676 2317 2715 cum
2351 2663 2624 2728 tenebris,
2670 2676 2769 2718 nec
2813 2663 3011 2719 infideli
3043 2666 3218 2735 portio
3264 2682 3386 2721 cum
3434 2668 3596 2722 tideli.
3628 2668 3780 2724 Unde

2194 2752 2496 2807 necessario
2542 2754 2911 2809 damnatorum
2955 2757 3351 2812 comitabuntur
3395 2759 3628 2825 exitum,
3671 2765 3761 2831 qui

2195 2839 2375 2894 talium
2406 2839 2653 2910 delegere
2680 2844 3043 2909 consortium;
3095 2846 3193 2901 nisi
3243 2848 3379 2904 forte
3415 2850 3776 2918 resipiscentiv

2193 2929 2292 2985 bus
2321 2932 2512 2986 animis
2534 2973 2546 2994 ,
2581 2942 2633 2987 et
2663 2933 2893 2988 maxime
2940 2935 3029 3004 qui
3076 2951 3247 3005 nuper
3273 2938 3476 3007 decepti
3508 2954 3626 2995 sunt
3650 2982 3665 3007 ,
3697 2942 3775 2998 vi.

2191 3023 2381 3079 dentes
2421 3025 2473 3079 in
2509 3040 2630 3094 quae
2667 3027 2887 3095 abrupta
2930 3036 3056 3082 sunt
3098 3029 3280 3095 ducti,
3328 3032 3393 3085 ad
3419 3032 3768 3101 splendorem

2191 3130 2330 3171 verte
2356 3116 2477 3170 lidei
2501 3116 2740 3171 discussa
2766 3119 3042 3173 conferant
3062 3135 3119 3174 se
3141 3121 3283 3175 nube
3308 3124 3593 3179 mendacii.
3616 3125 3769 3193 Quod

514 3244 665 3283 mero
696 3226 930 3281 ﬁdelium
972 3224 1281 3294 pronuntiat
1324 3237 1383 3277 se
1413 3238 1518 3276 non
1551 3224 1767 3290 haberi;
1800 3239 1917 3279 cum
1952 3240 2083 3294 pra:-

2190 3206 2499 3276 apostolieze
2546 3206 2685 3262 sedis
2725 3208 2921 3277 pietate
2952 3218 3009 3263 ut
3053 3212 3336 3280 provenire
3394 3214 3561 3282 possit
3611 3228 3767 3284 op'a-

511 3322 777 3374 dictorum
830 3318 951 3373 talis
1002 3316 1246 3386 impietas
1301 3316 1609 3374 auctoribus
1657 3325 1711 3371 et
1761 3316 2089 3387 principibus

510 3411 845 3475 Christianis,
880 3426 983 3465 non
1008 3411 1178 3465 solum
1209 3408 1275 3464 ab
1303 3409 1556 3465 Ecclesiae
1576 3422 1819 3477 corpore,
1849 3424 2031 3463 verum
2055 3423 2085 3462 a

510 3512 653 3556 coeut
683 3503 922 3556 omnium
952 3500 1154 3556 exsiliis
1182 3510 1456 3570 segregata
1481 3498 1706 3553 diversis
1726 3540 1741 3565 ,
1776 3497 1938 3552 unita:
1963 3513 2087 3553 sen-

512 3594 691 3647 tentite
719 3592 1060 3647 damnatione
1089 3606 1342 3661 percussa
1368 3600 1469 3647 est.
1501 3592 1576 3646 De
1601 3607 1825 3661 quorum
1849 3589 1975 3645 nihil
2004 3600 2088 3647 est

509 3697 651 3737 nunc
680 3695 865 3736 errore
893 3680 1207 3747 dicendum;
1238 3682 1356 3751 quia
1400 3690 1520 3750 post
1550 3680 1887 3735 traditionem
1911 3692 2083 3736 tanto-

508 3788 627 3827 rum
663 3773 867 3827 Domini
909 3772 1279 3838 sacerdottnn,
1306 3771 1397 3841 qui
1427 3773 1582 3841 longe
1607 3782 1731 3826 ante
1760 3786 1859 3826 nos
1890 3772 1940 3826 itt
1969 3774 2084 3826 uni-

506 3876 659 3917 versa
704 3861 886 3916 muttdi
938 3872 1089 3931 parte
1130 3860 1227 3917 bas
1259 3871 1468 3931 quoque
1507 3860 1740 3916 hmrescs
1774 3862 2079 3927 evicerunt,

507 3952 678 4008 beata:
708 3951 1092 4008 recordationis
1133 3951 1494 4022 praedecessor
1537 3963 1718 4006 noster
1765 3951 1872 4005 Leo
1900 3944 2083 4006 multi-

503 4042 627 4113 plici
657 4056 906 4099 sermone
943 4041 1201 4098 doctrina
1220 4085 1235 4109 ,
1267 4040 1392 4111 quid
1421 4040 1701 4095 catholicae
1727 4040 1969 4096 veritatis
1996 4055 2081 4097 se-

499 4144 701 4199 quatur
754 4133 1065 4199 integritas,
1117 4132 1243 4201 quid
1290 4132 1606 4196 detestetur,
1667 4134 1910 4186 asseruit.
1967 4133 2078 4186 llac

503 4206 804 4275 eruditione
850 4221 1095 4289 fundata,
1147 4238 1252 4275 non
1296 4223 1639 4291 contentione
1683 4235 1815 4289 opus
1859 4232 1971 4288 est,
2021 4233 2078 4275 ut

501 4311 674 4365 adhuc
702 4320 950 4380 tanquam
979 4311 1045 4365 de
1083 4310 1257 4363 dubiis
1288 4310 1579 4378 jndicetur.
1612 4307 1718 4365 Sed
1760 4311 1899 4363 sicut
1940 4310 2075 4363 dile-

499 4403 731 4457 cti'oncm
752 4408 984 4455 vestram
1015 4399 1307 4469 gaudemus
1338 4399 1545 4465 facere,
1575 4399 1741 4455 lirmis
1766 4408 1953 4456 contra
1982 4400 2077 4454 de-

495 4496 666 4565 j"ctos
696 4502 841 4548 state
870 4492 1107 4563 vestigiis
1140 4508 1153 4545 :
1186 4507 1284 4547 nec
1321 4504 1418 4545 vos
1456 4492 1796 4547 adversarius
1843 4500 2072 4557 terrtat,

494 4595 589 4636 aut
615 4583 817 4638 tardam
842 4583 1041 4653 putetis
1069 4582 1298 4651 desuper
1324 4582 1508 4638 venire
1538 4581 1835 4637 victoriam.
1868 4582 2072 4639 Cadere

498 4676 684 4730 did-icit
710 4674 799 4744 qui
822 4675 1066 4730 resultat.
1090 4674 1334 4731 Breviter
1364 4674 1479 4731 hinc
1506 4675 1572 4731 ad
1604 4671 2068 4748 consultationem,

494 4768 603 4821 imo
624 4766 783 4821 etiam
813 4764 1232 4821 consolationem
1260 4772 1455 4820 vestras
1492 4765 1806 4836 scripsimus
1829 4766 2071 4833 caritati,

414 4851 426 4882 ‘
470 4852 473 4855 “
505 4858 733 4912 :olcntes
761 4857 998 4927 aliquos,
1029 4854 1478 4928 quemadmodum
1510 4856 1735 4929 cupitis,
1771 4872 1869 4929 pro
1894 4874 2071 4915 causa:

499 5043 510 5073 .
613 5011 744 5066 Cum
765 5010 910 5065 Zeno
939 5010 1231 5079 imperator
1259 5012 1694 5069 molestissimum
1728 5014 2065 5072 Timotheum

492 5085 560 5134 ab
598 5083 788 5152 exsilio
818 5096 924 5150 quo
974 5085 1122 5135 illum
1184 5082 1292 5135 Leo
1350 5085 1643 5151 imperator
1696 5087 2070 5152 mulctaverat,

495 5150 811 5225 posthabitis
844 5156 1078 5225 omnium
1125 5150 1534 5225 catholicorum,
1569 5155 1733 5220 votis,
1766 5150 2068 5225 spretisque

491 5220 814 5274 SnncllSSlllll
844 5222 1110 5287 pontilicis
1132 5220 1323 5276 Leonis
1346 5224 1446 5289 piis
1476 5220 1953 5284 admonitionibus.
1980 5220 2068 5280 re-

492 5298 755 5355 vocasset,
806 5300 859 5342 et
898 5300 1079 5345 contra
1128 5293 1299 5360 ipsum
1347 5293 1616 5347 Christum
1673 5295 1958 5349 Dimittum
2012 5296 2064 5351 in

490 5360 674 5431 urbem
708 5359 1106 5431 introduxisset,
1136 5359 1329 5415 accidit
1353 5363 1498 5425 justo
1524 5364 1614 5415 Dei
1640 5363 1865 5431 judicio,
1884 5374 1942 5419 nt
1963 5366 2063 5418 Ba-

491 5430 700 5495 siliscus
726 5430 989 5497 flagellum
1024 5431 1115 5483 Dei
1144 5441 1198 5484 et
1227 5433 1370 5498 virga
1398 5432 1594 5487 furoris
1628 5430 1837 5488 Domini
1867 5435 1933 5487 ad
1960 5435 2062 5489 Zeo

491 5516 683 5554 nonem
711 5500 1057 5572 puniendum,
1085 5502 1363 5572 imperium
1392 5503 1667 5564 invaserit.
1693 5517 1865 5572 eoque
1893 5506 1943 5557 in
1967 5521 2059 5559 ex-

490 5572 691 5635 silium,
731 5568 870 5623 unde
916 5570 1302 5624 exsecrandum
1348 5572 1653 5626 ltmreticum
1693 5568 2053 5638 revocaverat,

490 5643 689 5707 fugato,
737 5639 862 5692 illud
914 5654 1054 5691 anno
1099 5654 1206 5694 uno
1253 5651 1309 5694 et
1353 5655 1441 5694 sex
1487 5643 1758 5696 mensibus
1802 5645 2050 5698 tennerit.

488 5710 689 5775 Quibus
726 5708 984 5770 evolutis,
1035 5708 1179 5762 Zeno
1229 5724 1322 5777 per
1372 5711 1670 5777 ltnjttsmodi
1718 5714 2051 5768 vexationem

483 5780 728 5833 tit-tntiltil
768 5781 957 5832 melior
996 5777 1250 5849 redditus,
1299 5784 1547 5851 precibus
1591 5793 1641 5837 et
1673 5784 2052 5838 intercessione

2191 3310 2331 3364 mus,
2360 3296 2481 3367 quia
2509 3298 2671 3352 vitam
2700 3299 2750 3351 in
2784 3298 2995 3353 Domini
3019 3300 3340 3356 voluntatem
3372 3306 3768 3374 cognoscimus,

2190 3388 2255 3441 ad
2285 3388 2787 3444 clntstianissitnum
2828 3403 3040 3459 quoque
3084 3392 3378 3460 principem
3400 3432 3415 3456 ,
3447 3394 3530 3448 \el
3559 3378 3625 3448 ad
3659 3395 3768 3449 fra-

2189 3488 2322 3535 trem
2348 3490 2401 3535 et
2424 3480 2795 3550 coepiscopum
2828 3490 3070 3535 nostrum
3117 3484 3368 3538 Acacium
3407 3488 3768 3555 competentia

2185 3570 2342 3625 simul
2371 3572 2565 3640 scripta
2589 3571 2903 3637 direximus,
2929 3571 3081 3641 cuius
3102 3575 3461 3629 accusandum
3491 3578 3767 3632 silentium

2188 3675 2291 3714 non
2324 3670 2601 3729 putamus,
2635 3660 2756 3727 quia
2799 3661 3032 3717 scientes
3071 3662 3227 3717 fidem
3278 3664 3638 3735 probatissimi
3680 3683 3767 3721 sa-

2183 3750 2448 3817 cet‘dOtis,
2482 3761 2686 3806 certum
2722 3736 2965 3805 tenemus
3002 3766 3157 3806 suum
3210 3770 3320 3809 non
3362 3771 3481 3811 esse
3512 3758 3652 3827 quod
3685 3769 3764 3811 ta-

2184 3840 2311 3895 cuit.
2341 3838 2412 3896 Ut
2442 3849 2620 3893 autem
2653 3840 2858 3906 plenius
2889 3840 3108 3897 dilectio
3139 3853 3317 3899 vestra
3348 3857 3637 3916 cognoscat
3667 3863 3763 3899 uo-

2182 3941 2410 3988 etrarum
2429 3973 2442 3993 ,
2463 3946 2603 4001 quas
2632 3930 2697 3984 ad
2726 3930 3242 3988 Christianissimum
3275 3938 3567 4006 principem
3611 3938 3760 3992 misi-

2183 4037 2333 4089 mus,
2383 4023 2576 4077 seriem
2633 4022 2962 4091 littcrarum,
3023 4025 3380 4094 exemplaria,
3432 4026 3761 4083 internuntio

2180 4128 2339 4182 quem
2394 4112 2614 4167 misistis
2667 4112 2952 4181 redeunte,
3004 4114 3315 4171 direximus.
3358 4118 3487 4170 Data
3531 4133 3586 4171 ιιι
3632 4118 3757 4173 idus

2179 4201 2439 4268 Januarii,
2475 4200 2696 4257 consule
2722 4203 3103 4273 suprascripto.

2707 4335 3039 4392 EPISTOLA
3070 4337 3084 4367 ‘
3119 4335 3227 4389 Vill

2432 4438 2678 4481 ειιιρωειι
2718 4443 2784 4481 ΑΙ)
2825 4444 3066 4483 ZENONEI
3106 4443 3501 4485 ΠῚΡΕΗΛΪΟΒΕΙ.

2179 4515 2483 4590 Gratulatur
2515 4516 2565 4590 ei
2603 4518 2666 4570 de
2703 4529 3001 4588 recuperato
3044 4521 3287 4587 imperio,
3330 4520 3660 4590 hortaturque
3705 4532 3759 4578 ut

2246 4586 2650 4658 Alexandrinum
2672 4586 2971 4658 episcopum
3001 4586 3244 4642 sedisua:
3268 4592 3518 4655 restituat,
3553 4586 3598 4643 et
3631 4591 3759 4645 Leo-

2244 4658 2346 4725 nis,
2381 4667 2427 4711 ιε
2455 4656 2884 4711 Chalcedonensis
2911 4660 3111 4712 concilii
3134 4661 3335 4714 decreta
3362 4662 3551 4715 servari
3578 4662 3755 4733 faciat.

2388 4770 2695 4840 Simplicius
2722 4771 3008 4842 episcopus
3044 4772 3247 4828 Zenoni
3278 4774 3540 4843 Augusto.

2247 4862 2391 4918 Inter
2417 4874 2581 4931 opera
2614 4861 2810 4917 divina:
2845 4862 3230 4932 providentiae,
3260 4879 3380 4934 qut!
3422 4865 3506 4936 pia
3536 4881 3753 4935 semper

2173 5026 2374 5090 sanctae
2401 5017 2811 5090 protomartyris
2835 5017 3072 5080 Theclze,
3098 5018 3235 5073 devu
3256 5027 3309 5073 to
3332 5029 3560 5090 tyranno
3586 5021 3649 5075 ad
3674 5021 3750 5076 fa-

2175 5102 2295 5160 sces
2323 5087 2415 5160 itu;
2436 5088 2536 5143 erii
2579 5087 2757 5160 rediit,
2805 5101 3108 5160 scriptaque
3142 5090 3319 5160 statim
3349 5087 3414 5144 ad
3445 5092 3750 5160 pontiﬁcem

2173 5157 2509 5229 Simplicium
2534 5159 2782 5229 epistola,
2811 5157 3126 5229 orthodoxa:
3170 5159 3290 5213 tidei
3318 5157 3595 5215 catholicae
3624 5177 3749 5229 pro-

2172 5227 2459 5282 fessionem
2489 5228 2884 5298 integerritnam
2933 5228 3118 5282 edidit.
3155 5229 3325 5298 Quam
3356 5244 3477 5283 cum
3510 5227 3748 5298 ponitfex

2171 5312 2364 5365 magno
2389 5312 2510 5351 cum
2558 5297 2753 5365 gaudio
2783 5298 3102 5366 accepisset,
3152 5297 3290 5352 hanc
3332 5298 3406 5352 illi
3459 5297 3751 5367 gratulato-

2172 5368 2305 5421 riam
2335 5367 2613 5437 epistolam
2645 5367 2894 5431 reddidit,
2936 5382 3047 5437 qua
3084 5368 3153 5423 de
3180 5378 3497 5436 recuperato
3529 5384 3622 5435 per
3651 5369 3747 5426 Dei

2164 5438 2386 5559 gratiam
2420 5438 2646 5505 imperio
2685 5438 2736 5491 ei
2776 5436 3201 5506 congratulatur.
3228 5448 3281 5491 et
3309 5446 3386 5499 ut,
3420 5447 3602 5494 amoto
3628 5442 3748 5495 vio-

2187 5516 2310 5559 cnto
2332 5508 2577 5559 invasere
2600 5506 2902 5559 Timotheo.
2939 5520 3124 5559 vetum
3154 5507 3531 5559 Alexandrinm
3560 5512 3747 5559 Eccle-

2187 5516 2310 5562 cnto
2332 5508 2577 5561 invasere
2600 5506 2902 5572 Timotheo,
2939 5520 3124 5561 vetum
3154 5507 3531 5563 Alexandrinae
3560 5512 3747 5565 Eccle-

2165 5579 2256 5629 sia:
2285 5578 2578 5631 antistitem
2610 5577 2946 5629 exsulantem
2979 5578 3092 5631 sedi
3130 5593 3240 5631 sua:
3271 5581 3535 5645 restituat,
3565 5582 3745 5635 horta-

2163 5655 2264 5699 tur.
2300 5647 2517 5700 Invasor
2543 5647 2708 5707 scdis,
2742 5647 2955 5715 cognito
2987 5648 3101 5699 zelo
3132 5649 3369 5713 imperat:
3394 5651 3487 5713 ris,
3518 5665 3618 5702 non
3651 5665 3746 5705 cx-

2159 5717 2775 5788 speClanssententiain
2819 5715 3037 5788 judicis,
3096 5721 3285 5787 optarit
3350 5719 3446 5771 tibi
3497 5730 3741 5785 mortem,

2159 5784 2327 5853 inquit
2358 5786 2635 5839 Liberatus
2665 5784 2779 5854 ca'pi
2808 5801 2838 5840 e
2872 5786 3079 5839 decimo
3106 5784 3283 5851 sexto,
3325 5798 3372 5840 et
3403 5789 3540 5841 istud
3568 5784 3743 5858 perac-4
