4080 6350
279 316 348 372 45
1626 303 1858 362 EPISTU

1999 303 2106 357 VIII
3457 302 3528 360 46

282 435 334 480 et
355 425 498 494 justa
524 426 686 484 sunt,
715 417 912 473 nostris
950 430 1160 488 quoque
1199 413 1531 486 temporibus
1558 415 1731 484 eloqui
1767 429 1859 484 po-
1882 419 1937 480 Α
1964 427 2076 466 ram
2102 412 2258 482 longe
2287 413 2492 482 potiora
2519 430 2677 485 quam
2703 415 2860 486 cupio
2895 433 2905 468 :
2935 417 3029 474 sed
3060 419 3161 474 mei
3182 429 3385 475 memor
3411 418 3530 474 olli-

285 513 478 572 teotias
501 511 715 566 Domini
746 512 830 564 vix
860 509 1112 578 quaelibet
1142 509 1371 563 humana
1401 509 1578 577 lingua
1606 509 1855 564 sufﬁciet.

283 607 412 674 Quis
455 603 656 659 etenim
704 601 880 655 valeat
924 603 1007 654 vel
1049 601 1368 669 cogitatione
1411 602 1723 668 complecti,
1758 601 1857 655 vel

282 714 410 752 voce
441 696 782 764 depromere,
812 692 953 760 quod
981 694 1032 744 in
1062 693 1176 760 ipso
1203 692 1476 761 utriusque
1506 693 1580 746 rei
1613 692 1859 746 laboran-

284 791 349 844 tis
375 788 608 842 articulo
634 795 690 842 et
713 785 851 840 votis
896 783 1119 853 publicis
1148 784 1416 853 religionis
1445 793 1642 838 sancta:
1686 783 1861 838 ieJdi-

282 881 359 934 dit
381 894 481 932 vos
513 875 713 948 quieti,
751 875 852 930 nisi
885 873 1025 944 quod
1075 875 1202 928 tanti
1242 875 1670 928 consideratione
1699 875 1860 928 mira-

281 972 384 1028 culi
414 968 758 1026 clamandum
781 976 864 1021 est
893 981 1016 1021 cum
1047 967 1304 1036 propheta
1333 982 1344 1019 :
1380 965 1508 1020 Haec
1537 976 1606 1020 est
1647 968 1859 1020 mutatio

282 1064 506 1116 dextera
534 1059 718 1112 excelsi
751 1056 922 1126 (Psal.
953 1055 1163 1126 um),
1193 1072 1312 1126 qum
1337 1056 1632 1111 exaltantes
1663 1068 1860 1112 semet-

283 1154 429 1220 ipsos
460 1157 708 1218 potenter
733 1146 996 1211 humiliot,
1031 1155 1083 1200 et
1114 1145 1455 1201 Itumiliantes
1485 1161 1543 1201 se
1565 1149 1860 1205 clementer

282 1242 527 1298 exaltat?
568 1239 624 1295 In
668 1241 856 1309 quibus
893 1239 1052 1292 etiam
1088 1238 1132 1292 si
1167 1238 1578 1305 dispensationis
1615 1254 1860 1306 supernae

283 1336 528 1406 sagacius
557 1346 808 1387 mensura
848 1330 1090 1394 libretur,
1132 1329 1371 1399 profecto
1401 1329 1673 1385 evidenter
1701 1346 1862 1400 appa-

284 1437 398 1495 ret,
442 1425 569 1480 ideo
597 1423 921 1494 perﬁdorum
968 1421 1248 1490 irrepsisse
1293 1420 1614 1490 perniciem,
1644 1430 1702 1476 ut
1732 1422 1862 1478 ﬁdes

281 1517 583 1573 clementiae
643 1524 748 1568 tua:
807 1512 969 1567 etiam
1031 1511 1170 1565 inter
1233 1509 1456 1565 adversa
1512 1510 1859 1579 probaretur;

287 1617 597 1678 quantoque
641 1604 811 1672 magis
854 1601 1016 1656 rebus
1059 1601 1232 1669 urgeri
1277 1599 1584 1654 crederetur
1621 1599 1859 1670 infestis,

282 1709 424 1753 tanto
460 1698 656 1752 clarius
681 1704 854 1748 vestra
882 1692 1290 1762 magnanimitas
1318 1689 1622 1746 immineret
1657 1708 1672 1744 :
1704 1701 1864 1760 atque

1961 506 2050 573 eli,
2085 507 2136 560 in
2162 505 2298 561 hanc
2328 517 2528 576 partem
2558 508 2892 564 clementiam
2921 520 3062 565 tuam
3092 509 3212 566 ideo
3241 511 3528 581 prolixiora

1961 594 2146 650 hortor
2192 597 2447 665 alloquio,
2500 597 2620 670 quia
2663 600 2870 667 imperii
2900 600 2972 654 tui
3021 599 3221 669 pariter
3251 611 3306 656 et
3342 603 3533 660 salutis

1959 686 2172 750 aﬂ'ectu,
2198 687 2304 742 illis
2347 697 2396 742 te
2432 688 2605 742 causis
2637 688 2898 744 inhmrere
2927 705 3138 760 semper
3163 689 3379 761 eioplo,
3409 694 3530 762 qui-

1959 777 2057 832 bus
2095 778 2226 833 solis
2256 787 2309 832 et
2328 779 2616 847 praesentis
2647 781 2793 849 regni
2825 781 3085 836 stabilitas
3111 783 3407 838 custoditur
3431 826 3445 847 ,
3478 797 3531 837 ct

1962 869 2144 922 mterni
2169 870 2335 937 gloria
2369 879 2725 938 comparatur.
2762 869 2913 924 Unde
2952 881 3075 928 ante
3105 874 3285 931 omnia
3316 889 3524 943 precor,

1962 966 2018 1010 ut
2061 959 2472 1013 Alexandrinam
2523 961 2816 1015 Ecclesiam
2876 977 2981 1016 non
3023 963 3195 1018 minus
3245 979 3275 1017 a
3323 965 3530 1020 funesto

1961 1063 2119 1118 quam
2165 1049 2232 1102 ab
2264 1049 2514 1106 hacrelico
2545 1066 2828 1120 pervasere
2856 1051 3154 1107 clementia:
3194 1063 3386 1108 vestras
3424 1055 3531 1109 dis-

1965 1143 2318 1212 positionibus
2350 1145 2624 1200 llberatam
2647 1189 2662 1214 ,
2693 1146 2960 1202 catholico
2999 1162 3061 1202 ac
3103 1144 3337 1218 legitimo
3377 1151 3530 1204 resti—

1962 1232 2036 1285 tui
2066 1233 2330 1288 censeatis
2358 1235 2615 1299 antistiti;
2658 1237 2842 1306 eisque
2882 1236 3043 1291 etiam
3072 1252 3206 1307 quos
3233 1239 3532 1294 temeritate

1962 1322 2224 1378 diabolica
2251 1325 2478 1381 diversis
2517 1325 2758 1380 ecclesiis
2779 1325 3057 1381 Ordinasse
3085 1326 3394 1396 perhibetur
3421 1328 3535 1396 eje-

1961 1415 2082 1478 ctis,
2116 1427 2275 1470 recta:
2303 1415 2423 1470 ﬁdei
2449 1416 2725 1486 subrogari
2751 1418 3087 1472 constituatis
3121 1418 3402 1487 episcopos
3431 1435 3447 1474 :
3478 1429 3534 1473 ut

1962 1507 2099 1560 sicut
2130 1506 2511 1576 rempublicam
2541 1517 2772 1561 vestram
2800 1523 2829 1561 a
2859 1509 3137 1580 tyrannica
3167 1507 3534 1564 dominatione

1966 1599 2258 1666 purgastis,
2292 1599 2362 1651 ita
2387 1598 2582 1668 ubique
2614 1599 2908 1654 Ecclesiam
2940 1601 3032 1655 Dei
3063 1600 3132 1654 ab
3160 1599 3534 1657 haereticorum

1965 1688 2259 1742 latrociniis
2315 1699 2472 1758 atque
2517 1689 2776 1760 contagiis
2828 1693 3065 1755 exuatis;
3113 1706 3214 1746 nec
3264 1692 3316 1746 id
3359 1691 3535 1761 potius

282 1791 348 1843 ob
399 1790 502 1843 hoc
551 1783 974 1841 mansuetudinis
1034 1792 1222 1838 vestra)
1266 1781 1334 1837 de
1375 1771 1856 1851 ConstantinOpoli-
1890 1781 1940 1842 Β
1967 1778 2260 1848 prmvalere
2308 1779 2599 1848 patiamini,
2642 1779 2782 1849 quod
2829 1780 3078 1850 iniquitas
3126 1788 3448 1850 temporum,
3479 1790 3536 1836 et

284 1887 405 1930 tana
432 1876 567 1931 urbe
588 1875 899 1946 provenisse
921 1873 1234 1936 discessum,
1260 1881 1316 1924 ut
1338 1872 1699 1926 universorum
1721 1873 1860 1928 desi-

281 1968 444 2023 deriis
472 1965 732 2036 expetiti,
778 1964 942 2034 gloria
983 1962 1182 2030 majore
1213 1961 1493 2028 rediretis;
1543 1971 1599 2016 ut
1627 1977 1688 2018 ex
1730 1978 1860 2022 con-

282 2058 562 2114 trariorum
587 2055 860 2125 periculis,
884 2054 1025 2123 quod
1064 2053 1117 2106 in
1149 2053 1299 2107 vobis
1327 2061 1471 2108 esset
1498 2054 1703 2107 cunctis
1731 2054 1858 2110 utile

283 2155 612 2204 nosceretur.
649 2145 912 2199 Davidica:
953 2142 1202 2197 nimirum
1243 2141 1386 2196 illius
1419 2141 1631 2200 virtutis
1668 2157 1858 2197 event-

282 2242 386 2308 plo,
427 2254 532 2308 qua
558 2237 816 2308 singulari
849 2235 1099 2306 patientia
1129 2233 1327 2288 cedens
1355 2234 1626 2302 paululum
1667 2234 1859 2296 furori-

284 2331 376 2384 bus
409 2329 714 2398 parricidae,
745 2327 1000 2382 continuo
1027 2325 1303 2380 victoriam
1344 2324 1656 2394 populorum
1690 2325 1861 2394 preci—

283 2424 375 2475 bus
406 2421 722 2488 imploratos
755 2417 1126 2486 praestantiore
1157 2416 1367 2485 laSIigio
1395 2425 1479 2471 est
1525 2431 1773 2471 reversus
1806 2419 1858 2472 in

284 2528 523 2582 regnum.
574 2510 782 2564 Ltetare
825 2509 1002 2576 igitur,
1043 2507 1362 2562 Venerabilis
1410 2508 1720 2576 imperator,
1766 2523 1858 2562 eos

285 2603 442 2657 fuisse
474 2613 594 2655 tuos
617 2600 803 2654 hostes
831 2600 920 2669 qui
943 2598 1265 2653 exstiterunt
1295 2598 1597 2652 Divinitatis
1625 2598 1856 2666 inimici;

285 2703 436 2761 atque
484 2692 657 2760 gaude
686 2704 804 2744 cum
851 2689 1092 2744 Ecclesia
1135 2688 1427 2756 laborasse,
1481 2698 1534 2743 et
1573 2704 1691 2744 cum
1736 2691 1856 2745 ﬁdei

285 2783 560 2836 catholiem
583 2782 826 2836 libertate
854 2780 1136 2852 imperium
1166 2780 1491 2845 restitutum,
1523 2788 1683 2849 atque
1723 2792 1776 2834 ut
1808 2782 1858 2835 in

287 2874 531 2928 omnibus
556 2872 755 2928 doceas
791 2885 1004 2925 causam
1036 2869 1130 2924 tibi
1158 2883 1277 2924 cum
1309 2870 1419 2924 Deo
1457 2884 1579 2925 esse
1615 2886 1859 2926 commu-

287 2979 424 3029 nem,
459 2966 615 3031 cujus
643 2977 744 3030 Ope
771 2962 998 3015 viriliter
1029 2960 1196 3016 fretus
1223 2961 1445 3022 insiste;
1493 2971 1546 3014 ut
1576 2976 1671 3029 per
1698 2978 1856 3030 quem

286 3059 525 3125 puhlicos
549 3057 891 3110 incubatores
915 3054 1144 3123 subegit,
1170 3053 1423 3109 Ecclesia:
1444 3067 1651 3122 quoque
1677 3054 1860 3125 depel-

1961 1884 2055 1926 eos
2085 1885 2216 1940 quos
2239 1887 2344 1925 non
2373 1871 2544 1926 solum
2579 1883 2758 1927 vestro
2789 1872 3032 1941 imperio,
3076 1873 3169 1928 sed
3199 1882 3254 1928 et
3283 1873 3336 1928 in
3364 1873 3534 1928 Deum

1959 1976 2172 2032 quoque
2211 1963 2422 2018 rebelliv
2462 1963 2680 2033 spiritus
2724 1964 3042 2029 concitavit;
3084 1981 3242 2036 quam
3273 1966 3413 2035 quod
3455 1974 3534 2019 tot

1962 2055 2202 2124 tantique
2243 2056 2540 2126 pontiﬁces,
2592 2068 2646 2111 et
2688 2072 2808 2110 cum
2851 2057 3080 2128 egregiis
3115 2058 3534 2127 orthodosisque

1963 2144 2302 2212 pontiﬁcibus
2339 2147 2654 2200 universalis
2700 2147 2952 2202 Ecclesia:
2981 2148 3214 2203 decrevit
3257 2163 3532 2203 assensus.

1959 2233 2407 2292 Chalcedonensis
2432 2236 2621 2306 synodi
2659 2237 2970 2302 constituta,
3001 2239 3082 2292 vel
3120 2253 3185 2294 ea
3211 2254 3330 2309 quae
3361 2239 3534 2294 beata:

1960 2324 2233 2379 memoriae
2275 2325 2638 2395 praedecessor
2683 2343 2833 2382 meus
2875 2327 2982 2383 Leo
3025 2331 3315 2399 apostolica
3349 2329 3534 2386 erudi-

1962 2415 2104 2470 tione
2147 2415 2443 2483 perdocuit,
2503 2418 2816 2474 intemerata
2874 2420 3053 2488 vigere
3097 2420 3362 2489 iubeatis;
3412 2423 3533 2489 quia

1960 2521 2058 2561 nec
2082 2506 2190 2561 ullo
2221 2509 2379 2562 modo
2410 2518 2606 2564 retract
2628 2511 2686 2565 iri
2718 2520 2892 2580 potest
2921 2512 3061 2582 quod
3093 2513 3308 2570 illorum
3341 2513 3535 2568 deﬁni-

1959 2599 2103 2652 tione
2143 2598 2372 2666 sopitum
2409 2610 2514 2666 est,
2555 2617 2653 2657 nec
2682 2602 2945 2657 ullatenus
2979 2605 3144 2674 recipi
3191 2604 3384 2660 totiens
3429 2620 3535 2659 uno

1961 2688 2196 2757 undique
2238 2704 2332 2743 ore
2368 2689 2670 2746 damnatus.
2707 2693 2823 2761 Ipsa
2867 2704 2949 2748 est
2996 2695 3212 2765 quippe,
3262 2697 3396 2751 sicut
3429 2713 3534 2751 ex-

1960 2779 2096 2847 perti
2143 2780 2293 2843 estis,
2347 2781 2613 2834 catholica
2659 2781 2809 2850 ﬁdes,
2859 2800 2977 2854 qua:
3020 2796 3266 2855 potentes
3303 2787 3369 2842 de
3406 2788 3535 2843 sedo

1961 2867 2086 2922 larsa
2118 2869 2388 2938 deposuit,
2415 2881 2468 2926 ct
2502 2872 2815 2928 exaltandos
2855 2873 3082 2935 humiles
3119 2876 3380 2931 custodita
3419 2893 3535 2932 ser-

1961 2960 2123 3013 vavit.
2159 2961 2339 3026 Quale
2382 2963 2513 3017 satis
2550 2965 2810 3032 agendum
2855 2975 2936 3021 cst
2977 2967 3157 3037 pietati
3206 2977 3330 3034 tum,
3362 2979 3416 3023 ut
3447 2975 3533 3039 qui

1963 3048 2120 3118 hujus
2148 3050 2240 3105 tibi
2267 3061 2453 3106 auctor
2481 3061 2562 3108 est
2586 3052 2731 3120 doni,
2770 3055 2841 3109 sit
2869 3053 2986 3124 ipse
3011 3056 3169 3110 etiam
3197 3069 3536 3127 propagator.

288 3157 353 3206 lat
385 3162 664 3223 tyrannos.
698 3149 845 3204 Sicut
875 3149 1018 3201 enim
1054 3146 1221 3214 pietas
1254 3154 1430 3199 vestra
1466 3147 1653 3200 merito
1679 3156 1855 3202 recte-
1885 3148 1931 3210 C
1962 3140 2090 3194 Data
2123 3151 2314 3196 octavo
2359 3143 2450 3214 [aL
2483 3143 2720 3215 septimo]
2773 3145 2892 3202 idus
2931 3145 3179 3202 Octobris
3209 3150 3370 3219 (anno
3405 3149 3532 3206 Chr.

289 3259 384 3310 que
413 3241 651 3305 conﬁdit,
691 3240 782 3294 illo
813 3254 907 3294 nos
940 3247 1180 3305 tempore
1220 3237 1348 3290 nihil
1380 3236 1520 3290 aliud
1564 3237 1730 3292 Deum
1764 3256 1862 3294 no-

289 3346 448 3388 sti-uni
477 3331 792 3400 suppliciter
819 3330 1152 3398 implorasse,
1185 3343 1342 3396 quam
1373 3337 1430 3381 ut
1452 3327 1605 3382 nobis
1634 3327 1859 3384 Romani

288 3424 492 3491 imperii
540 3423 795 3493 prajsulcs
835 3421 1020 3490 quales
1069 3435 1205 3473 nunc
1238 3419 1524 3488 loquimur,
1566 3420 1857 3476 redderen-

288 3527 400 3579 tur;
441 3515 516 3568 ita
561 3513 856 3582 exspectari
901 3511 1101 3577 cernis,
1147 3519 1205 3565 ut
1254 3509 1558 3578 hujusmodi
1612 3526 1707 3566 vos
1741 3527 1861 3570 esse

289 3612 524 3677 ipsorum
581 3617 792 3662 actuum
848 3606 1108 3676 qualitate
1167 3607 1497 3662 monstretis.
1557 3606 1857 3674 ltespicite,

290 3717 488 3768 quaso,
539 3708 779 3769 augusta:
835 3697 1106 3752 memoriae
1160 3697 1412 3753 Marciani
1459 3708 1618 3768 atque
1666 3698 1862 3754 Leonis

290 3794 427 3844 otnni
474 3790 676 3843 mundo
724 3789 1064 3856 conspicuam
1113 3788 1372 3843 catholica
1409 3789 1693 3844 devotione
1733 3804 1862 3844 con-

292 3883 533 3936 stantiam
559 3898 574 3944 ;
597 3890 649 3934 et
677 3880 876 3934 salubri
910 3879 1340 3934 consideratione
1371 3881 1703 3948 perpendite,
1735 3895 1857 3934 cum

293 3976 341 4025 in
371 3973 562 4026 eodem
589 3971 708 4025 loco
735 3979 881 4024 stare
901 3970 1240 4039 nequiverint
1268 3969 1358 4038 qni
1388 3970 1454 4023 ah
1489 3984 1672 4023 eorum
1705 3970 1863 4024 recti-

296 4064 471 4118 tudine
495 4061 801 4125 deviarunt,
837 4074 1200 4114 successorem
1241 4059 1401 4126 regia:
1429 4058 1705 4126 potestatis
1730 4057 1863 4128 lcgi-

295 4157 499 4216 timum,
526 4167 589 4210 ac
615 4151 872 4206 divinitus
906 4150 1214 4205 attributum
1245 4165 1367 4204 eum
1393 4148 1507 4204 fore
1536 4148 1652 4204 sine
1676 4149 1859 4220 dubio,

297 4251 376 4314 qui
406 4248 621 4300 illorum
653 4244 773 4298 ﬁdei
809 4243 1103 4312 perstiterit
1141 4242 1396 4296 imitator.
1430 4241 1622 4306 Debes,
1663 4242 1862 4312 glorio-

296 4326 498 4390 tissime
520 4344 576 4390 et
601 4333 1014 4390 clementissime
1045 4333 1118 4387 ﬁli
1151 4334 1457 4402 imperator,
1487 4342 1724 4401 augustae
1751 4349 1861 4387 me-

297 4429 473 4484 moria:
503 4435 768 4482 tantorum
789 4424 1022 4478 virorum
1050 4423 1339 4492 taliumque
1360 4422 1736 4490 reverentiam,
1768 4424 1862 4479 de-

1962 3232 2090 3303 477)
2121 3244 2240 3303 post
2270 3234 2601 3291 consulatum
2633 3236 2872 3293 Basilisci
2903 3246 2956 3293 et
2990 3238 3216 3296 Armati.

2580 3369 2906 3428 EPISTOLA

2318 3501 2490 3541 ACACII
2519 3503 2585 3540 AD
2619 3494 2913 3542 SIMPLICIUI
2944 3505 3111 3544 ΡΑΡΛΙ
3132 3501 3179 3545 ⁸ο

1965 3595 2287 3666 Simplicium
2327 3599 2390 3652 de
2428 3599 2792 3652 Alexandrina:
2818 3597 3065 3655 Ecclesia:
3104 3613 3239 3656 statu
3276 3604 3535 3660 certiorem

2036 3667 2181 3738 ficit,
2213 3670 2434 3722 scribens
2479 3669 2538 3721 ob
2576 3669 2828 3722 Timothei
2857 3669 3079 3724 hteretici
3129 3683 3360 3738 mortem,
3393 3671 3539 3730 Patr!

2033 3735 2217 3814 Magg}:
2240 3739 2468 3814 eiusdem
2521 3738 2762 3814 Ecclesia
2810 3741 3173 3814 pertutjatoris
3205 3735 3402 3814 fugam,
3445 3763 3539 3812 pa-

2033 3822 2147 3886 cem.
2173 3806 2417 3861 Ecclesia:
2442 3809 2693 3862 redditam
2717 3825 2844 3874 esse,
2872 3825 2932 3863 ac
2964 3806 3284 3866 Timotheum
3300 3806 3408 3868 sua}
3429 3806 3540 3870 sedi

2034 3885 2336 3930 restitutum.

1965 3986 2192 4040 Domino
2223 3988 2542 4066 beatissimo
2574 3990 2934 4066 sancto__patri
2975 3991 3376 4066 archiepiscopo
3417 3994 3534 4066 [pa-

2206 4057 2443 4112 triarcha:
2463 4057 2719 4129 episcopo]
2750 4059 3024 4128 Simplicio
3049 4063 3292 4117 Aeacius.

2036 4147 2462 4203 Soll'citudinein
2510 4149 2747 4203 omnium
2800 4149 3193 4220 Eeclosiarum,
3242 4154 3532 4210 secundum

1963 4239 2278 4308 Apostolum
2311 4238 2396 4310 (11
2431 4239 2550 4296 Cor.
2583 4242 2682 4312 XI),
2715 4241 3178 4311 circumferentes,
3215 4261 3312 4301 nos
3339 4247 3537 4305 indesi-

1965 4340 2153 4386 nenter
2185 4330 2493 4395 hortamini,
2521 4329 2764 4401 quamvis
2793 4343 2983 4403 sponte
3013 4335 3292 4406 vigilantes
3317 4352 3379 4392 ac
3399 4354 3535 4408 pra:-

1966 4432 2242 4476 currentes
2277 4440 2289 4474 :
2320 4423 2415 4478 sed
2444 4437 2538 4476 vos
2558 4422 2794 4478 divinum
2825 4424 2995 4480 zelum
3026 4427 3183 4481 solito
3212 4428 3404 4501 [divino
3424 4429 3535 4484 solo

296 4522 386 4576 hes
411 4522 556 4574 vices
590 4516 902 4572 muneribus
932 4515 1047 4569 Dei.
1086 4514 1178 4568 Ille
1210 4523 1263 4570 te
1305 4515 1370 4568 ad
1404 4514 1626 4570 istorum
1655 4514 1864 4571 reduxit
1891 4524 1942 4584 ι)
1967 4513 2231 4584 sollicitos]
2273 4513 2677 4579 demonstratis,
2707 4526 2902 4572 statum
2937 4517 3310 4574 Alexandrina:
3349 4521 3536 4577 Eccle-

297 4612 612 4681 imperium:
644 4619 697 4663 tu
747 4607 855 4661 Deo
883 4605 998 4660 istis
1044 4606 1271 4660 similem
1316 4605 1482 4660 redde
1526 4605 1856 4660 famulatum.

297 4705 356 4757 Et
384 4703 503 4772 quia
537 4701 652 4755 haec
679 4699 834 4753 beato
866 4696 1121 4765 Apostolo
1156 4694 1381 4750 docente
1409 4710 1507 4750 nos
1544 4695 1703 4750 Petro
1741 4710 1858 4752 mea

298 4810 460 4862 nuper
492 4788 792 4844 humilitate
831 4785 1175 4856 praedicante,
1218 4785 1445 4840 rel'utata
1473 4793 1617 4850 sunt,
1649 4800 1677 4838 a
1707 4800 1863 4840 casu-

298 4886 384 4948 ris,
420 4884 532 4935 Deo
562 4879 786 4941 lautore,
819 4875 1097 4945 proﬁciant
1139 4876 1192 4929 in
1225 4875 1374 4943 regni
1416 4875 1682 4930 soliditate
1709 4892 1859 4930 man-

297 4977 450 5029 snris.
483 4972 738 5042 Equidem
781 4968 973 5022 litteris
1002 4983 1132 5036 quas
1162 4976 1340 5022 vestra
1379 4967 1658 5021 clementia
1697 4966 1859 5022 desti-

297 5068 461 5131 navit,
522 5065 709 5133 pignus
764 5063 1078 5117 immensum
1127 5061 1446 5117 venerandae
1499 5061 1858 5132 religiositatis

270 5129 662 5223 accipiens-et
691 5153 889 5222 ingenti
918 5152 1268 5221 gratulatione
1296 5152 1524 5220 respiro,
1558 5160 1610 5206 et
1639 5153 1858 5207 omnino

300 5259 396 5296 non
424 5243 638 5312 ambigo
663 5252 894 5295 mentem
927 5251 1153 5296 vestram
1184 5240 1235 5294 in
1270 5241 1428 5295 rebus
1458 5240 1654 5296 divinis
1677 5255 1858 5311 gestu-

365 5407 388 5434 ι
422 5399 474 5450 In
507 5397 630 5451 coll.
665 5393 932 5448 vetustiss.
961 5392 1281 5459 Frisingensi
1319 5407 1477 5456 5:86.,
1514 5401 1569 5445 ut
1603 5392 1726 5446 alibi
1754 5408 1850 5447 an-

299 5469 502 5527 notavi,
564 5481 686 5524 vui,
739 5465 850 5516 haec
907 5464 1131 5534 cpistola
1178 5465 1245 5534 ita
1275 5464 1604 5534 enuntiatur
1637 5463 1844 5534 :lpcip.

299 5537 578 5605 exemplum
607 5535 828 5604 cpistola:
851 5549 994 5600 quem
1021 5532 1140 5602 (siC)
1173 5532 1304 5583 misit
1331 5531 1548 5584 Aeacius
1569 5535 1635 5582 ad
1663 5531 1851 5585 sanctae

300 5662 524 5701 veratr'cr
551 5664 722 5700 omns.
754 5649 814 5698 ab
844 5646 1064 5696 humana
1093 5645 1193 5695 vim
1236 5643 1416 5695 hausto
1446 5655 1632 5696 ιδἐηεηο
1662 5645 1860 5697 solutus

300 5734 388 5775 est.
415 5721 486 5772 Ita
511 5723 560 5772 in
591 5719 932 5784 semetipsum
953 5715 1096 5782 justo
1127 5714 1216 5768 Dei
1244 5713 1444 5781 judicio
1474 5713 1665 5768 vindex
1694 5716 1860 5769 scele-

1965 4602 2060 4658 sizc
2091 4604 2289 4659 certius
2331 4606 2695 4674 requirentes;
2730 4616 2786 4660 ut
2830 4622 2925 4676 pro
2968 4610 3201 4676 paternis
3242 4613 3534 4667 canonibus

1966 4693 2269 4761 suscipiatis
2315 4694 2576 4761 laborem,
2622 4695 2861 4766 piissimo
2898 4699 3160 4754 stillantes
3202 4701 3398 4758 sudore
3437 4719 3534 4772 pro

1968 4784 2068 4848 his,
2101 4786 2240 4840 sicut
2265 4800 2476 4854 semper
2505 4796 2589 4841 est
2626 4788 2999 4857 approbatum.
3033 4790 3140 4845 Sed
3169 4791 3408 4847 Christus
3432 4795 3535 4848 Do-

1968 4876 2144 4931 minus
2167 4887 2366 4944 noster,
2395 4879 2482 4946 qui
2514 4878 2857 4947 diligentibus
2883 4895 2942 4934 se
2972 4881 3023 4934 in
3061 4882 3256 4936 bonum
3278 4900 3535 4954 coopera-

1967 4978 2051 5024 tur
2087 4971 2263 5041 (Rom.
2314 4973 2446 5041 vtu),
2493 4974 2690 5032 nostris
2728 4976 3134 5046 cogitationibus
3185 4981 3442 5044 insidens,
3480 4993 3547 5037 et.

1965 5075 2126 5115 unam
2153 5063 2301 5117 nobis
2336 5065 2384 5116 in
2413 5063 2494 5118 his
2523 5076 2754 5121 mentem
2784 5078 2938 5134 atque
2967 5070 3209 5126 eamdem
3238 5087 3331 5141 pro
3360 5074 3528 5143 gloria

1965 5169 2058 5208 sua
2089 5170 2208 5210 esse
2234 5170 2584 5226 cognoscens,
2611 5175 2824 5214 omnem
2850 5162 3124 5217 victoriam
3147 5164 3260 5234 ipse
3286 5165 3530 5235 perfecit,

1965 5254 2242 5300 consortes
2275 5261 2372 5301 nos
2399 5262 2518 5302 cum
2552 5249 2989 5320 tranquillissimo
3023 5255 3262 5325 principe
3297 5255 3529 5321 faciens,

1957 5399 2211 5451 mentm-ia:
2240 5399 2562 5479 Simplicium
2590 5420 2780 5479 papam
2807 5405 3049 5479 Romam:
3076 5412 3232 5479 urbis,
3265 5413 3348 5465 ubi
3379 5415 3526 5467 dumo

1958 5478 2136 5520 natum
2171 5471 2340 5522 retulit
2369 5470 3031 5531 Petrum'Alexwtdrinum.

1969 5661 2084 5698 rum
2107 5659 2322 5698 suorum
2356 5646 2662 5714 insurrexit,
2695 5648 2778 5700 cui
2808 5650 3151 5717 imperatores
3180 5650 3266 5717 qui
3299 5665 3532 5717 prteces-

1968 5723 2152 5769 seiunt
2177 5718 2354 5784 inique
2388 5717 2672 5772 admodum
2706 5716 3034 5785 ignoverunt.
3064 5716 3187 5772 Ssv.
3225 5716 3426 5780 Bittius.
