4080 6350
496 380 564 435 ἆἹ
1838 366 2069 422 ειδιῐδιυ

2187 363 2387 422 ΡΑΡΛΕ
3669 360 3744 415 48

495 496 552 545 et
591 482 925 547 Timotheum
954 480 1167 551 quidem
1203 476 1563 543 decessorem,
1613 474 1906 545 spirantem
1938 490 2064 547 pro-
2092 483 2140 541 Α
2172 475 2269 541 dit,
2315 489 2433 545 qua:
2484 487 2581 529 nos
2608 472 2803 529 liberos
2853 484 2950 544 pro
2994 469 3204 541 populis
3245 467 3561 525 Christianis
3601 470 3743 539 apud

494 577 680 647 cellas,
714 586 769 632 et
793 572 1209 631 ecclesiasticam
1244 569 1683 639 tranquillitatem
1716 567 1877 639 (sicut
1902 582 2063 640 appa-

492 668 622 739 ruit)
661 666 1087 728 conturbantem,
1129 663 1250 716 vitm
1278 661 1531 715 subduxit
1569 660 1835 728 humanae,
1882 661 2065 715 dicens

492 763 539 815 ei
565 776 580 813 :
605 759 737 813 Tace
762 767 808 811 et
830 756 1110 810 obmutesce
1127 753 1321 823 (Marc.
1354 752 1451 822 tv).
1483 753 1696 807 Petrum
1721 767 1952 822 quoque,
1975 752 2066 827 qui

492 851 560 904 ab
590 845 912 902 Alexandria
944 857 1094 897 more
1127 842 1375 897 similiter
1404 840 1632 917 [similis]
1662 840 1908 909 procellm
1946 855 2067 894 sur-

494 946 728 1004 rexerat,
753 934 1056 1001 dissipavit,
1097 942 1258 1000 atque
1288 931 1338 984 in
1369 941 1621 985 teternam
1654 931 1826 1000 fugam
1857 931 2066 999 (sancto

492 1029 693 1098 Spiritu
725 1026 908 1093 ilante)
937 1023 1224 1085 convertit.
1263 1038 1427 1077 unum
1471 1032 1526 1078 et
1558 1024 1727 1094 ipsum
1767 1023 1833 1078 de
1866 1024 1947 1078 his
1975 1023 2064 1092 qui

491 1123 616 1174 olim
659 1119 869 1173 fuerant
890 1116 1145 1170 damnati.
1180 1114 1325 1169 Sicut
1350 1114 1493 1169 enim
1526 1115 1578 1169 in
1606 1115 1804 1170 nostris
1833 1115 2065 1170 archivis

493 1206 767 1281 [conciliis]
802 1209 1073 1259 inventum
1104 1212 1207 1272 est,
1253 1202 1403 1258 etde
1450 1203 1646 1258 vestris
1684 1204 1894 1258 scriniis
1921 1204 2065 1275 [stre-

492 1298 658 1373 nue],
707 1298 753 1352 si
803 1295 1092 1367 dignamini
1136 1294 1430 1363 requirere,
1487 1293 1729 1363 poteritis
1776 1309 2067 1364 agnoscere

492 1405 611 1458 quae
641 1390 695 1444 in
735 1396 978 1457 tempore
1026 1384 1093 1440 de
1144 1385 1331 1440 eodem
1374 1384 1679 1450 subsecuta,
1727 1383 1796 1439 ab
1834 1384 2067 1439 Alexan-

494 1480 650 1539 drino
690 1478 939 1549 episcopo
988 1475 1211 1529 Romam
1256 1474 1322 1528 ad
1371 1473 1689 1528 alterutrum
1732 1474 1839 1527 sint
1879 1474 2063 1528 relata.

493 1570 593 1637 Qui
621 1569 810 1625 Petrus
839 1567 1011 1623 noctis
1042 1564 1276 1620 existens
1317 1563 1477 1627 illius,
1510 1571 1565 1619 et
1601 1578 1818 1634 operum
1845 1564 1947 1618 diei
1978 1563 2066 1618 lu-

496 1662 731 1717 centium
755 1663 961 1716 alienus
981 1672 1266 1729 apparens,
1292 1658 1511 1713 omnino
1536 1658 1782 1713 tenebras
1811 1658 1875 1711 ad
1906 1658 2067 1712 latro-

495 1754 693 1807 ciuium
750 1749 1112 1823 peragendum
1166 1763 1460 1821 congruas,
1515 1763 1697 1802 earum
1751 1757 2068 1817 cooperator

496 1842 775 1898 inveniens
798 1840 971 1895 modia
1001 1848 1182 1904 nocte,
1211 1836 1388 1891 adhuc
1403 1836 1619 1906 iacente
1640 1836 1897 1891 cadavere
1925 1837 2069 1891 illius
2097 1853 2145 1914 Β

495 1934 580 2003 qui
610 1940 862 2001 paternos
890 1942 1125 1983 canones
1150 1927 1510 1992 subverterat,
1556 1926 1845 2000 insepulta,
1882 1927 2069 1982 subre-

497 2024 600 2093 psit
630 2024 679 2078 in
721 2022 900 2078 sedem
933 2020 1205 2092 [surripuit
1240 2015 1452 2089 sedem],
1477 2016 1612 2073 sicut
1641 2016 1757 2091 ipse
1782 2017 2069 2071 arbitratus

494 2125 602 2179 est,
642 2128 752 2168 uno
781 2122 835 2168 et
864 2111 981 2167 solo
1024 2117 1308 2182 praesente,
1360 2118 1415 2164 et
1443 2123 1509 2164 eo
1552 2108 1639 2176 qui
1670 2122 1891 2163 consors
1929 2107 2070 2162 illius

503 2205 783 2261 insistebat
803 2203 1045 2269 insaniae,
1073 2201 1145 2257 ita
1175 2210 1230 2255 ut
1259 2209 1478 2271 propter
1507 2199 1607 2255 hoc
1630 2199 1922 2269 majoribus
1944 2212 2069 2268 sup-

496 2298 668 2369 pliciis
692 2296 1017 2352 subderetur
1047 2311 1060 2347 :
1090 2309 1191 2349 nec
1221 2292 1361 2362 quod
1401 2292 1648 2363 sperabat
1680 2291 1929 2347 cil'ectum
1961 2298 2064 2346 est.

496 2389 601 2445 Sed
632 2389 721 2443 ille
741 2387 951 2457 quidem
976 2384 1043 2439 de
1073 2399 1132 2439 se
1161 2400 1227 2439 ex
1258 2392 1407 2453 parte
1437 2382 1517 2437 vei
1553 2382 1772 2437 minima
1799 2382 2065 2452 judicans,

497 2492 755 2549 nuSquam
786 2475 997 2547 penitus
1019 2472 1239 2528 omnino
1278 2473 1595 2541 comparuit.
1633 2472 1947 2526 Timotheus
1977 2486 2067 2524 au-

497 2590 601 2628 tem
626 2583 965 2643 paternorum
988 2583 1248 2624 canonum
1280 2576 1481 2634 custos,
1512 2568 1601 2637 qui
1630 2566 1897 2621 Davidicte
1918 2582 2067 2618 man-

496 2663 789 2717 suetudinis
812 2659 1058 2729 excmplo
1096 2658 1365 2722 subditur,
1394 2664 1447 2711 et
1481 2671 1652 2725 usque
1690 2655 1742 2709 in
1791 2656 1947 2709 finem
1978 2668 2067 2727 pa-

509 2755 665 2819 tiens,
708 2760 866 2821 atque
898 2748 1145 2819 potestati
1174 2747 1405 2818 propria:
1446 2746 1725 2801 restitutus
1754 2760 1784 2799 a
1833 2745 2067 2812 Christo,

496 2845 725 2917 propria:
750 2842 894 2899 sedis
926 2844 1128 2897 honore
1160 2840 1409 2895 lmtatur:
1443 2847 1497 2893 et
1534 2838 1891 2909 spiritualium
1934 2837 2071 2890 illio-

497 2953 613 2991 rum
648 2949 809 2990 voces
848 2932 1138 3003 accipiens,
1185 2931 1409 3002 gratiam
1460 2929 1751 2984 curationis
1795 2938 2071 2997 exspectat

499 3025 847 3097 milliipiiCaiO
874 3024 928 3080 in
949 3038 1007 3079 se
1030 3023 1234 3079 honore
1263 3038 1291 3077 a
1314 3019 1527 3077 Christo
1554 3019 1792 3091 principe
1817 3018 2069 3075 sacerdo-

496 3128 607 3173 tum
640 3135 652 3172 :
688 3124 908 3187 prepter
933 3130 1091 3185 quem
1137 3124 1189 3169 et
1220 3113 1519 3169 t‘ierantias
1559 3127 1811 3167 coronam
1860 3113 2070 3168 sibimet

2167 565 2610 636 omnipotentiam
2660 564 2935 619 caelestem
2974 569 3191 632 praestat
3219 560 3560 630 interpretes.
3590 560 3745 614 Sient

2167 677 2295 732 ergo
2334 662 2387 715 in
2418 657 2592 713 reditu
2625 655 2806 711 fratris
2837 666 2890 710 et
2920 651 3223 723 coepiscopi
3270 652 3443 706 nostri
3470 652 3743 706 Timothei

2167 752 2521 823 gratulamur,
2544 746 2633 802 ita
2656 763 2777 802 eum
2803 754 3180 801 commOnente
3219 742 3504 798 dilectione
3534 752 3622 797 tua
3649 760 3745 797 cu-

2168 844 2340 911 pimus
2391 836 2914 909 irreprehensibiiem
2964 833 3189 906 reperiri
3228 851 3238 886 :
3273 834 3397 903 quia
3447 832 3745 887 meministi

2169 931 2291 997 hoc,
2323 945 2442 984 eum
2485 928 2794 999 jamdudum
2838 926 3006 981 fidelis
3045 926 3287 994 prresnlis
3334 939 3438 979 non
3486 924 3749 979 habuisse

2167 1020 2545 1085 constantiam,
2576 1018 2788 1091 quando
2817 1018 2886 1084 ei,
2925 1025 2983 1072 ul
3012 1017 3243 1072 damnati
3278 1015 3514 1071 Dioscuri
3546 1030 3747 1068 nomen

2168 1115 2309 1169 inter
2353 1112 2538 1167 altaria
2578 1111 2917 1177 recitaretur,
2962 1116 3229 1163 extortum
3266 1116 3369 1162 est.
3412 1107 3541 1160 Data
3581 1106 3750 1159 tertio

2168 1206 2287 1261 idus
2341 1204 2514 1260 Martii
2565 1203 2721 1275 (anno
2765 1200 2887 1256 Chr.
2934 1201 3087 1270 478),
3135 1201 3232 1255 illo
3274 1199 3390 1254 viro
3439 1197 3751 1254 clarissimo

2167 1298 2404 1353 consule.

2727 1385 3056 1442 EPISTOLA
3088 1385 3132 1440 Χ
3145 1422 3162 1440 .

2336 1494 2577 1535 διινιιειι
2605 1493 2753 1533 PAF!
2792 1494 2858 1532 AD
2898 1491 3139 1531 ZENONEI
3174 1489 3567 1531 IIPERATOREI.

2168 1587 2375 1645 Gratias
2405 1592 2509 1659 agit
2556 1586 2877 1641 Timotheum
2907 1586 3277 1659 Alegandrinwr
3306 1584 3546 1659 Ecclesiee
3586 1586 3740 1659 resti-

2242 1654 2683 1723 tutumfeumque
2725 1666 2870 1727 rogat
2899 1666 2953 1709 ut
2992 1656 3195 1709 Petrum
3234 1656 3459 1727 ejusdem
3495 1654 3748 1710 Ecclesia?

2240 1727 2636 1798 perturbatam»
2666 1726 2853 1798 expelli
2866 1728 3068 1798 jubeat.

2379 1840 2685 1910 Simplicius
2710 1841 2994 1909 episcopus
3023 1837 3225 1893 Zenoni
3256 1838 3515 1907 Augusto.

2242 1935 2344 1990 Per
2373 1934 2589 1989 Petrum
2616 1934 2787 1987 virum
2825 1930 3171 2001 spectabilem
3210 1929 3460 1985 comitem
3492 1926 3746 1983 Placidia:

2168 2024 2518 2080 nobilissima:
2566 2022 2779 2078 femina:
2830 2020 2960 2076 olim
3013 2017 3317 2074 divinorum
3381 2017 3747 2072 exsultatione

2170 2132 2473 2185 munerum,
2498 2113 2833 2186 triumphalis
2865 2114 2916 2167 in
2950 2112 3180 2167 Domino
3208 2110 3360 2183 regni
3388 2108 3548 2165 vestri
3572 2107 3747 2179 gloria

2167 2206 2438 2275 dilatatur,
2489 2214 2612 2261 cum
2658 2202 2979 2261 universalis
3025 2202 3279 2257 Ecclesia:
3318 2200 3510 2271 gaudio
3539 2199 3748 2255 medio-

2168 2299 2371 2355 critatis
2395 2314 2526 2353 mea:
2556 2297 2765 2351 litteras
2795 2295 3055 2351 obtulisse
3077 2291 3446 2357 meminerim;
3477 2305 3577 2346 nec
3606 2291 3751 2345 inter

2170 2389 2448 2444 universos
2497 2388 2775 2442 catholica:
2824 2384 2945 2440 ῦόιί
2979 2383 3287 2439 sacerdotes
3326 2396 3487 2451 opera
3532 2381 3745 2435 Domini

2170 2480 2335 2534 nostri
2363 2479 2445 2533 vel
2492 2478 2638 2532 solus
2678 2476 2826 2546 potui
2853 2485 3054 2539 tacere,
3099 2472 3184 2529 vel
3222 2471 3425 2542 primus
3457 2487 3470 2523 :
3510 2470 3631 2540 quia
3658 2485 3747 2524 se-

2169 2568 2402 2623 cundum
2431 2568 2647 2623 beatum
2678 2566 2898 2620 Paulum
2926 2563 3223 2636 apostolum
3248 2560 3337 2633 (11
3358 2560 3478 2616 Cor.
3502 2562 3621 2629 xu),
3645 2561 3747 2615 Ec-

2171 2661 2453 2716 eiesiarum
2484 2659 2719 2713 omnium
2747 2672 2930 2713 curam
2978 2657 3271 2724 sustinens,
3313 2655 3444 2710 mihi
3472 2668 3741 2709 summam

2169 2752 2347 2822 gaudii
2374 2750 2439 2805 de
2464 2750 2668 2805 reddita
2693 2764 2789 2820 pro
2818 2748 3104 2804 clemeitia
3138 2756 3313 2802 vestra
3341 2760 3523 2800 earum
3564 2743 3746 2815 quieto

2172 2840 2477 2911 specialiter
2522 2838 2807 2906 vindicavi,
2858 2839 2999 2909 quod
3048 2852 3145 2893 vos
3185 2836 3486 2891 Divinitatis
3523 2834 3748 2901 auxilio,

2154 2933 2392 3000 .dejectis
2446 2932 2717 3003 religionis
2768 2941 2822 2984 et
2861 2929 3008 2999 regni
3067 2928 3330 2997 hostibus,
3389 2926 3747 2981 meruerimus

2173 3022 2369 3077 habere
2422 3022 2672 3085 victores,
2726 3028 2781 3075 et
2836 3020 2889 3074 in
2947 3033 3054 3073 uno
3109 3016 3407 3087 eodemque
3457 3024 3745 3085 proventu,

2174 3115 2391 3171 Christo
2420 3116 2471 3170 in
2509 3114 2660 3169 nobis
2692 3113 2889 3184 ubique
2920 3111 3185 3178 vincente,
3225 3117 3279 3165 et
3307 3108 3484 3162 cultus
3515 3120 3655 3161 vera:
3685 3106 3748 3160 fi-

494 3211 763 3284 religavit.
821 3208 1094 3264 Atentius
1140 3207 1300 3277 igitur
1341 3213 1458 3261 oret
1498 3215 1675 3261 vestra
1725 3204 1991 3260 beatitudo
2019 3213 2073 3260 et
2100 3210 2147 3275 C
2174 3208 2280 3272 dei,
2321 3216 2376 3263 et
2407 3215 2577 3261 status
2606 3214 2688 3261 est
2717 3214 2992 3275 reparatus
3018 3201 3267 3272 imperii:
3299 3198 3439 3268 quod
3463 3205 3751 3267 utrumque

496 3315 594 3370 pro
629 3298 1086 3355 Christianissimo
1134 3295 1479 3366 imperatore,
1530 3305 1583 3351 et
1622 3310 1720 3365 pro
1763 3295 2067 3363 nobisipsis.

498 3392 637 3447 Nihil
667 3391 808 3445 enim
838 3386 1255 3459 praetermittitur
1284 3402 1469 3445 eorum
1498 3400 1617 3455 quae
1658 3384 1724 3439 ad
1774 3385 2068 3440 custodiam

498 3482 875 3538 ecclesiastica:
922 3478 1213 3555 reSpiciunt
1248 3476 1566 3549 disciplinae.
1608 3476 1924 3535 Universam
1966 3476 2073 3529 fra-

494 3572 803 3628 ternitatem
835 3584 953 3640 qua:
993 3568 1266 3627 vobiscum
1318 3576 1400 3621 est
1433 3569 1485 3621 in
1514 3566 1753 3629 Christo,
1806 3575 1858 3622 et
1890 3580 1988 3634 ego
2018 3573 2071 3618 et

498 3664 586 3734 qui
627 3675 834 3723 mecum
879 3666 1024 3726 sunt,
1065 3657 1381 3717 salutamus.
1419 3656 1481 3709 Et
1513 3657 1625 3713 alia
1657 3672 1831 3711 nianu.
1882 3654 1938 3713 lu
1970 3654 2073 3709 Do-

500 3753 642 3811 min
677 3749 1030 3817 conservaris,
1083 3749 1420 3809 Sanctissimc
1465 3756 1520 3809 ct
1562 3748 1871 3808 beatissimo
1918 3756 2072 3815 pater

499 3844 612 3915 [ora
632 3858 727 3913 pro
750 3840 913 3905 nobis,
942 3838 1226 3907 iustissime
1246 3834 1434 3907 pater].

1067 3968 1400 4025 EPISTULA
1433 3968 1497 4024 lx
1509 4010 1523 4023 .

882 4077 1123 4122 ειδιιιιριοιι
1150 4076 1295 4121 ΡΑΡΛΕ
1332 4078 1402 4121 Δί)
1432 4075 1678 4121 ΑοΑοιωι.

494 4156 801 4215 Gratulatur
826 4155 1499 4225 Tiniatheumdlexaudriw
1531 4157 1821 4225 episcOpum
1856 4156 2071 4211 catholi-

742 4240 857 4275 cum
904 4240 1009 4276 sua:
1041 4222 1282 4276 Ecclesia:
1311 4224 1471 4293 fuisse
1506 4222 1818 4279 restitutum.

500 4314 805 4387 Simplicius
849 4314 1133 4389 episcOpus
1162 4313 1358 4434 Aclai‘io
1402 4313 1656 4387 episcopo
1685 4313 2069 4369 Constantino-

1164 4397 1230 4434 no
1257 4400 1267 4433 i
1297 4396 1419 4434 ano.

1164 4396 1419 4449 poutano.

565 4476 734 4542 Quam
765 4475 835 4528 sit
875 4472 1061 4527 efﬁcax
1107 4470 1520 4541 supplicantium
1567 4470 1793 4524 Domino
1822 4485 2071 4540 perseve-

2175 3297 2295 3351 ideo
2331 3294 2501 3350 fuerat
2532 3295 2765 3365 (diabolo
2794 3309 2853 3349 se
2888 3293 2954 3348 ad
2988 3303 3194 3364 tempus
3224 3288 3602 3359 interserente)
3630 3296 3743 3342 tur-

2173 3386 2376 3452 batum,
2409 3393 2465 3439 ut
2502 3384 2812 3438 alterutrius
2850 3381 3173 3438 adversariis
3218 3379 3512 3449 dissipatis,
3543 3392 3748 3448 prteco-

2175 3477 2489 3531 nia'lierent
2533 3475 2735 3544 majora
2788 3474 3085 3539 vincentis;
3122 3472 3262 3527 unde
3312 3479 3417 3525 tam
3474 3470 3749 3541 praeclara:

2174 3566 2400 3621 fructum
2429 3567 2636 3620 virtutis
2678 3566 2902 3635 adeptus
2925 3578 3046 3620 eum
3076 3564 3257 3618 laetitia
3298 3561 3613 3617 universalis
3646 3560 3749 3615 Ec-

2173 3658 2350 3712 clesiae
2374 3672 2515 3712 nunc
2534 3671 2744 3726 quoque
2768 3657 2884 3711 sine
2903 3656 3206 3711 cessatione
3236 3655 3403 3720 facio;
3439 3663 3616 3729 tacere
3638 3669 3745 3707 non

2175 3761 2391 3817 possum
2433 3748 2631 3815 gratias
2674 3747 2792 3801 sine
2820 3746 2984 3801 dubio
3024 3759 3288 3816 perennes
3334 3746 3472 3813 quod
3513 3743 3751 3814 antique

2174 3848 2421 3907 veraeque
2447 3836 2565 3892 ildei
2596 3834 2649 3890 in
2681 3836 2845 3891 fratre
2881 3844 2935 3892 et
2963 3835 3282 3904 coepiscopo
3312 3848 3432 3889 meo
3461 3834 3748 3888 Timotheo

2174 3927 2590 3984 Alexandrinam
2638 3927 2931 3984 Ecclesiam
2971 3926 3311 3990 reddidistis,
3351 3925 3504 3995 cujus
3546 3926 3613 3979 ad
3661 3940 3751 3979 me

2174 4036 2345 4091 nuper
2386 4021 2579 4077 littera:
2615 4031 3001 4085 commeantes,
3031 4019 3252 4088 eapulsa
3286 4019 3604 4088 profanitate
3640 4018 3747 4072 Eu-

2174 4112 2404 4182 tychetis
2449 4122 2612 4182 atque
2657 4112 2897 4167 Dioscori
2933 4110 3327 4175 damnatarum,
3378 4110 3444 4163 ad
3484 4108 3748 4179 regendos

2173 4200 2504 4254 orthodoxos
2550 4200 2689 4254 beati
2725 4200 2869 4254 Petri
2898 4207 2955 4255 et
2998 4198 3336 4269 evangelista:
3367 4198 3530 4253 Marci
3558 4197 3749 4253 sedem

2178 4289 2341 4358 (quod
2384 4299 2510 4343 ante
2538 4299 2865 4358 compertum
2902 4291 3008 4359 est)
3033 4304 3093 4345 se
3120 4290 3387 4359 recepisse
3415 4304 3747 4344 commemo-

2174 4381 2344 4446 ravit;
2370 4381 2596 4436 incitans
2619 4397 2717 4437 nos
2743 4383 3005 4449 volentes,
3036 4393 3093 4437 ut
3128 4382 3243 4437 haec
3273 4383 3385 4451 ipsa
3417 4383 3628 4451 pietatis
3654 4398 3747 4437 ve-

2174 4472 2299 4526 stris
2340 4472 2587 4527 sensibus
2631 4472 2976 4529 referremus.
3020 4474 3089 4529 Ut
3118 4488 3249 4541 ergo
3276 4472 3633 4541 tranquillitas
3662 4487 3747 4528 ve

500 4565 665 4619 rantia
699 4565 1061 4628 sacerdotum,
1110 4571 1165 4617 et
1209 4576 1366 4630 quam
1402 4561 1637 4630 jucunde
1669 4563 1963 4632 gratuletur
1988 4563 2068 4616 af-
2094 4564 2149 4627 Ι)
2172 4566 2267 4619 stri
2300 4575 2552 4633 perpetua
2583 4574 2635 4619 et
2666 4564 2771 4618 lixa
2801 4566 2871 4620 sit
2892 4565 3060 4637 regni,
3092 4565 3328 4635 quietem
3351 4579 3508 4633 quam
3540 4567 3746 4619 cunctis

497 4655 658 4717 i‘eetu,
685 4655 919 4708 studium
950 4652 1090 4722 quod
1122 4651 1423 4707 defensioni
1472 4651 1593 4706 fidei
1625 4652 1848 4706 sinceris
1877 4655 2071 4709 menti-

498 4746 599 4798 bus
654 4744 954 4809 exhibetur,
1000 4742 1190 4798 litteris
1234 4752 1340 4796 tua:
1386 4740 1690 4797 dilectionis
1741 4746 2066 4813 agnoscitur,

495 4836 709 4905 quando
738 4851 804 4904 po
838 4845 856 4889 t
885 4843 1028 4888 tanta
1070 4833 1386 4901 certamina,
1419 4833 1613 4903 quibus
1647 4834 1741 4889 Dei
1767 4836 2071 4891 misericor-

503 4929 582 4983 dia
612 4928 664 4980 in
693 4941 853 4981 causa
886 4927 1116 4996 propriae
1148 4924 1424 4995 religionis
1449 4926 1674 4981 famulos
1701 4936 1755 4981 et
1795 4928 2069 4983 ministros

489 5021 607 5070 tun
646 5018 979 5072 constituens
1031 5018 1305 5086 potestati,
1346 5017 1752 5087 probatissimos
1799 5020 1900 5075 sibi
1942 5020 2069 5075 fecit

494 5123 615 5163 esse
647 5109 897 5172 victores.
926 5109 1189 5179 siquidem
1219 5110 1584 5165 Alexandrina
1618 5112 1855 5167 Ecclesia
1887 5113 2068 5168 divino

497 5199 709 5254 tandem
735 5200 939 5270 judicio
968 5202 1215 5267 liberata,
1253 5202 1305 5255 in
1338 5202 1665 5257 consortium
1703 5206 2066 5261 communium

497 5306 594 5346 nos
623 5290 889 5346 aduocans
916 5293 1253 5360 gaudiorum,
1278 5309 1399 5347 eum
1429 5294 1516 5363 qui
1545 5294 1612 5348 ab
1637 5296 1891 5351 ha-retico
1922 5297 2068 5365 fuga-

495 5390 582 5434 tus
607 5381 796 5444 fuerat,
822 5382 886 5433 ad
918 5382 1034 5451 ejus
1056 5382 1235 5437 sedem
1262 5383 1482 5439 rediisse
1503 5386 1736 5441 testaris.
1769 5386 1920 5445 Unde
1950 5387 2066 5447 aui—

499 5476 599 5527 mis
630 5475 1013 5527 exsultantibus
1058 5476 1121 5527 ad
1166 5474 1478 5531 universalis
1524 5475 1779 5535 Ecclesia:
1806 5479 2063 5549 quietem.

497 5564 710 5620 Christo
748 5566 853 5619 (leo
904 5575 1086 5618 nostro
1137 5581 1231 5635 pro
1268 5567 1439 5620 salute
1493 5567 1719 5635 primum
1770 5569 2065 5624 fidelissimi

498 5656 755 5727 principis
783 5657 1167 5725 supplicamus,
1211 5657 1294 5715 cui
1336 5670 1433 5724 pro
1472 5657 1776 5725 devotione,
1808 5675 1909 5729 qua
1938 5676 2067 5715 cun-

496 5758 612 5798 ctos
642 5747 909 5802 antevenit
944 5746 1278 5813 sacerdotes,
1314 5745 1484 5815 pietas
1517 5746 1630 5802 hrec
1658 5749 1833 5804 divina
1874 5765 2068 5806 conce-

2173 4658 2225 4712 in
2267 4666 2562 4711 memorata
2606 4656 2850 4713 Ecclesia
2897 4656 3243 4727 praestitistis,
3284 4656 3525 4727 pervigili
3567 4668 3748 4727 prote-

2171 4750 2347 4804 ctione
2389 4750 2650 4804 custodite
2684 4768 2695 4803 :
2728 4759 2780 4805 et
2828 4750 2968 4819 quod
3004 4750 3224 4819 iuvante
3266 4763 3363 4803 vos
3393 4748 3620 4802 Doniino
3650 4764 3749 4817 pro

2172 4843 2531 4897 innocentium
2566 4842 2764 4897 fecistis
2809 4844 2982 4898 salute
3028 4843 3354 4908 animarum,
3408 4841 3747 4910 religiosiore

2170 4935 2347 4990 studio
2394 4944 2450 4989 et
2494 4935 2767 5003 diligentia
2815 4935 3099 4989 attentiore
3136 4934 3400 5004 protegite
3432 4950 3446 4986 :
3477 4934 3598 5000 quia
3638 4949 3745 4986 non

2176 5024 2400 5079 minoris
2438 5034 2520 5080 est
2574 5026 2755 5095 gloria:
2800 5024 2941 5093 quod
2978 5022 3284 5078 condideris
3336 5034 3553 5077 servare
3586 5035 3745 5089 quam

2174 5115 2469 5171 concedere
2499 5113 2791 5186 [condere];
2832 5126 2887 5171 et
2916 5118 3163 5172 omnibus
3187 5126 3268 5172 est
3296 5116 3596 5186 probatum,
3630 5123 3746 5165 tan-

2177 5212 2285 5258 tum
2321 5204 2469 5259 vobis
2514 5205 2675 5259 divini
2710 5207 2903 5262 favoris
2934 5207 3261 5275 impensum,
3300 5217 3556 5275 quantum
3589 5202 3745 5256 Chri-

2175 5296 2361 5348 stiana:
2383 5294 2625 5363 religioni
2652 5310 2682 5348 a
2712 5306 2888 5350 vestra
2923 5297 3119 5366 pietate
3144 5304 3228 5351 est
3256 5294 3486 5350 sedulita
3514 5292 3559 5346 is
3586 5291 3744 5346 exhi-

2173 5386 2363 5442 bitnm.
2395 5386 2455 5440 Et
2480 5387 2723 5455 quamvis
2755 5388 2806 5442 in
2833 5388 2979 5443 omni
3005 5396 3156 5455 parte
3183 5386 3331 5456 regni
3357 5385 3442 5440 sui
3472 5382 3745 5454 profutura

2168 5476 2347 5530 divina
2386 5476 2551 5532 cultui
2578 5478 2904 5544 providentia
2937 5489 3111 5533 vestra
3144 5493 3251 5531 non
3290 5476 3570 5531 desisteret
3601 5490 3683 5528 cui
3702 5474 3745 5527 is

2172 5570 2395 5635 publicis
2442 5570 2877 5639 tranquillitatem
2928 5570 3181 5625 Ecclesiae
3228 5568 3507 5637 prmferre,
3556 5580 3745 5635 precor

2172 5668 2345 5715 Lamen
2390 5668 2446 5713 ut
2498 5660 2638 5728 quod
2692 5677 2786 5729 pnr
2828 5675 2924 5715 nos
2963 5661 3105 5715 serio
3148 5660 3408 5729 postulat,
3453 5658 3560 5711 imo
3600 5654 3743 5723 quod

2172 5753 2271 5819 ipsi
2317 5754 2596 5821 specialius
2653 5754 3035 5819 suppiieunus,
3087 5755 3301 5808 l‘etrum
3364 5748 3747 5807 Alexandrinas
