4080 6350
487 361 554 418 ει
1827 354 2079 412 SIMPLIC

2182 353 2378 409 PAPIE
3681 349 3750 402 δί

486 472 827 526 saltationem
882 468 934 524 lu
977 477 1150 524 vestra
1199 465 1479 522 clementia
1537 466 1832 520 Romanum
1883 476 2060 522 servat
2090 465 2281 536 Agnis
2319 465 2576 534 iubentur
2614 465 2789 534 perire
2836 465 3108 535 suppliciis
3159 482 3172 516 :

491 561 794 631 imperium.
828 562 954 616 Data
999 577 1030 614 x
1072 559 1320 614 calendas
1366 557 1680 614 Novembris
1727 559 1896 628 (anno
1935 560 2063 611 Chr.

492 651 644 722 H8),
678 653 793 706 viro
822 650 1120 705 clarissimo
1147 647 1392 703 consule.

1003 784 1017 813 ¹
1062 782 1389 836 EPISTULA
1430 781 1564 835 λιιι.

869 889 1112 930 ειιιιιιιῦιι
1152 891 1294 928 ΡΛΡᾸΞ
1334 891 1400 928 ΑΙ)
1441 888 1685 928 ΑϐΛΩΙυὶΙ.

765 991 962 1048 Eadem
1000 1006 1116 1061 quae
1166 991 1220 1043 in
1258 988 1512 1059 superiori
1558 985 1796 1057 epistola.

487 1101 794 1173 Simplicius
832 1102 1136 1172 episcopus,
1172 1101 1366 1173 Acacio
1394 1115 1440 1166 et
1463 1099 1648 1168 iseopo
1691 1097 2070 1154 Constantino-

1156 1171 1409 1240 politano.

563 1284 818 1338 Proxime
846 1282 1060 1352 quidem
1091 1279 1361 1335 dilectioni
1390 1288 1512 1344 tuae,
1538 1277 1841 1347 petentibus
1869 1275 1952 1332 bis
1980 1278 2070 1347 qui

486 1375 552 1428 ad
585 1389 680 1428 nos
707 1388 736 1426 a
768 1373 932 1428 fratre
973 1381 1027 1428 et
1068 1372 1386 1439 coepiscopo
1417 1379 1602 1426 nostro
1629 1368 1913 1424 Timotheo
1947 1367 2074 1422 Ale-

489 1463 768 1518 xandrinae
796 1463 1048 1517 Ecclesiae
1069 1460 1308 1517 antistite
1330 1459 1517 1514 directi
1541 1459 1770 1524 fuerant,
1789 1471 2073 1513 commune

488 1553 746 1618 gaudium
779 1552 972 1607 litteris
1003 1551 1251 1616 iudicavi,
1287 1559 1342 1606 et
1369 1550 1436 1606 dc
1480 1549 1654 1603 fructu
1682 1547 1908 1617 piissimi
1945 1561 2075 1616 ope-

492 1644 588 1709 ris,
622 1643 760 1713 quod
805 1643 1103 1698 catholicus
1151 1649 1461 1696 memorata:
1511 1639 1768 1694 Ecclesia:
1819 1635 2074 1693 sacerdos

486 1742 576 1790 est
603 1734 902 1801 restitutus,
945 1735 1149 1803 pariter
1176 1748 1273 1788 nos
1303 1731 1534 1802 gaudere
1563 1730 1856 1785 memoravi
1882 1745 1895 1781 :
1931 1728 2071 1799 quod

3226 467 3277 518 in
3327 478 3430 534 quo
3478 474 3532 517 et
3576 466 3743 533 quieti

2174 556 2425 611 Ecclesiae
2448 565 2503 610 et
2532 566 2710 612 vestro
2738 556 3029 611 consulctis
3059 556 3304 624 imperio,
3329 556 3450 626 quia
3481 554 3747 608 vindica'a

2174 645 2267 700 Dei
2293 647 2618 700 contumelia
2649 647 2955 701 ulciscentis
2995 655 3076 700 est
3105 646 3297 715 gratia,
3330 657 3383 699 et
3430 646 3750 698 conciliatur

2174 738 2254 790 his
2286 737 2448 791 divini
2480 737 2677 793 favoris
2699 738 2977 802 auxilium,
3005 752 3230 805 quorum
3256 751 3383 791 cura
3411 737 3750 806 sacrilegium

2172 841 2277 880 non
2311 827 2588 896 reliquerit
2617 828 2957 896 impunitum.
2987 828 3090 884 Sed
3124 839 3182 882 ut
3213 829 3398 896 loquar
3428 827 3750 882 ﬁducialiter

2172 920 2394 989 principi
2423 919 2749 988 Christiano,
2776 921 2820 976 si
2850 922 3240 989 praeteritarum
3270 919 3567 973 litterarum
3613 934 3749 988 quas
3821 924 3828 934 ‘

2171 1014 2237 1068 de
2259 1014 2402 1070 Petri
2428 1015 2759 1084 aliorumque
2787 1015 3004 1070 nomine
3031 1014 3339 1083 iamdudum
3361 1013 3427 1066 ad
3455 1011 3674 1066 fratrem
3701 1021 3754 1065 et

2171 1104 2544 1174 coepiscopum
2573 1121 2749 1161 meum
2773 1105 3024 1160 Acacium
3052 1104 3330 1173 scripsisse
3361 1103 3600 1169 memini,
3621 1103 3754 1156 ordo

2173 1207 2468 1262 teneretur,
2497 1198 2565 1252 ad
2611 1199 2710 1253 hoc
2754 1214 2859 1254 non
2889 1198 3061 1266 potuit
3097 1196 3406 1266 pervenire;
3451 1196 3590 1266 quod
3633 1195 3754 1264 jure

2173 1305 2317 1344 nunc
2343 1289 2536 1343 meruit
2561 1288 2853 1344 vindicare.
2884 1287 3257 1342 Mandaveram
3276 1301 3502 1355 namque
3529 1293 3586 1339 ut
3617 1285 3754 1338 facta

2173 1383 2514 1452 suggestione
2545 1383 2727 1452 pietati
2757 1393 2973 1448 vestrae,
3020 1382 3326 1452 praedictus,
3379 1391 3435 1435 ut
3477 1388 3532 1436 et
3573 1380 3755 1434 caeteri

2174 1471 2264 1540 qui
2299 1487 2394 1540 per
2431 1474 2766 1528 occasionem
2799 1472 3087 1543 tyrannica:
3129 1470 3509 1526 dominationis
3539 1470 3754 1524 invase—

2175 1569 2294 1613 rant
2344 1560 2612 1617 Ecclesias
2643 1563 2760 1628 Dei,
2811 1571 2961 1616 extra
3005 1571 3172 1616 metas
3219 1559 3381 1615 vestri
3421 1560 3758 1630 pellerentur

2177 1647 2408 1717 imperii,
2441 1665 2507 1705 ne
2537 1651 2807 1721 pestiferis
2837 1652 3084 1706 sensibus
3135 1652 3431 1720 quibusque
3459 1651 3758 1720 simplicio-

2179 1741 2327 1795 ribus
2357 1758 2450 1797 ore
2495 1744 2759 1814 sacrilego
2786 1743 2932 1799 virus
2965 1745 3326 1811 infunderent,
3359 1754 3414 1800 et
3441 1746 3621 1800 verbis
3652 1746 3756 1800 im-

491 1842 632 1880 nunc
658 1840 871 1894 quoque
896 1825 1196 1911 significare
1214 1823 1644 1893 .properavimus,
1670 1829 1730 1874 ut
1754 1833 2072 1889 agnosceres

2182 1835 2279 1903 piis
2306 1844 2490 1890 contra
2540 1835 2695 1890 fidem
2741 1835 3096 1890 orthodoxam
3127 1837 3525 1892 innocentiores
3552 1836 3760 1890 animas

489 1920 684 1990 gaudia
713 1920 986 1975 silentium
1011 1934 1114 1973 non
1139 1932 1342 1971 amare.
1368 1915 1521 1972 U'bde
1542 1928 1754 1983 semper
1775 1913 2073 1976 exsultans,

491 2023 544 2066 et
571 2012 872 2068 orationum
902 2013 1259 2068 communium
1281 2010 1501 2080 cupiens
1534 2019 1652 2064 vota
1684 2008 1898 2072 sociari,
1951 2007 2074 2060 hor-

495 2115 595 2170 tor,
633 2107 797 2161 frater
841 2107 1135 2169 carissime,
1167 2115 1223 2159 ut
1274 2105 1432 2161 rebus
1462 2120 1557 2174 per
1595 2103 2074 2159 clementissimum

493 2205 548 2251 et
573 2194 1090 2251 Christianissimum
1139 2195 1431 2265 principem
1483 2195 1590 2249 Deo
1619 2203 1834 2248 auctore
1860 2207 2078 2260 compo-

492 2293 630 2352 sitis.
671 2291 959 2359 diligentim
987 2289 1290 2346 sollicitudo
1319 2304 1424 2342 non
1456 2288 1595 2342 desit
1624 2303 1637 2340 :
1665 2286 1760 2342 sed
1788 2288 1979 2342 Petrus
2009 2288 2076 2343 ab

493 2383 733 2439 indebito
754 2384 854 2438 sibi
883 2382 1088 2440 honore
1113 2381 1374 2450 deiectus,
1400 2380 1451 2433 in
1476 2379 1830 2434 Alexandrina
1858 2380 2077 2447 regione

494 2488 599 2528 non
626 2474 832 2528 sinatur
864 2473 1127 2533 habitare.
1160 2472 1252 2527 sed
1297 2470 1479 2540 procul
1510 2479 1659 2524 extra
1693 2468 1948 2524 terminos
1978 2485 2074 2538 pa-

496 2568 645 2631 triae,
693 2563 828 2618 sicut
877 2564 1040 2618 etiam
1080 2577 1178 2616 nos
1224 2562 1599 2630 poposcimus,
1649 2559 1915 2627 frequenti
1955 2575 2074 2613 eum

416 2695 421 2700 .
493 2654 730 2724 postules
759 2653 1099 2723 suggestione
1128 2652 1383 2722 relegari;
1425 2666 1493 2705 ne
1531 2666 1667 2720 quos
1707 2650 2074 2718 imperitorum

496 2746 774 2816 pravitatis
821 2762 934 2801 suae
975 2745 1323 2814 persuasione
1379 2744 1620 2807 seducat,
1651 2751 1704 2797 et
1733 2757 1760 2795 a
1801 2742 2076 2798 catholica:

497 2842 709 2894 tramite
738 2839 976 2894 veritatis
1008 2847 1234 2893 avertat.
1262 2837 1526 2908 Quidquid
1556 2845 1732 2890 autem
1768 2836 1835 2891 de
1867 2836 2077 2905 religio-

495 2932 711 2988 sissimo
744 2928 1053 2999 impetrabis
1083 2929 1329 2998 imperio,
1360 2943 1485 2982 cura
1534 2937 1636 2982 tuc
1682 2927 1981 2982 dilectionis
2010 2927 2075 2981 ad

498 3037 670 3096 param
719 3022 962 3076 notitiam
1010 3021 1167 3076 faciat
1195 3019 1496 3090 pervenire,
1529 3028 1583 3073 et
1631 3034 1727 3072 nos
1758 3027 1968 3074 actuum
2008 3018 2072 3072 ad

497 3111 794 3167 custodiam
843 3113 1166 3182 evangelica:
1228 3111 1488 3165 doctrina:
1553 3110 1935 3179 pertinentium
1984 3108 2077 3163 det

2180 1930 2518 1995 sauciarent;
2569 1929 2708 1999 quod
2755 1939 2862 1984 tum
2893 1938 3136 1999 apparet,
3181 1945 3299 1985 cum
3332 1929 3511 1985 minus
3539 1930 3636 1984 ista
3661 1945 3759 1984 cu-

2178 2029 2380 2085 rantur,
2411 2031 2464 2075 et
2486 2020 2621 2076 levia
2651 2035 2770 2074 esse
2796 2019 3111 2084 creduntur;
3141 2029 3316 2074 actum
3338 2028 3442 2084 est,
3471 2027 3528 2073 ut
3549 2019 3760 2088 (quem-

2177 2112 2461 2167 admodum
2513 2109 2826 2182 perhibetis)
2871 2112 3012 2164 inter
3044 2110 3254 2174 altaria,
3287 2125 3392 2162 non
3431 2109 3538 2177 jam
3601 2108 3756 2177 plebs

2180 2207 2613 2274 persuasionibus
2641 2221 2854 2270 eorum,
2897 2204 2987 2258 sed
3027 2203 3128 2272 ipsi
3167 2219 3380 2273 quoque
3419 2202 3674 2268 praesules
3703 2213 3759 2258 et

2180 2299 2561 2367 praedicatores
2593 2297 2711 2351 fidei
2754 2297 2992 2366 perirent
3022 2295 3247 2349 funcsris
3286 2295 3476 2364 gladiis
3501 2294 3758 2348 sacerdo-

2179 2399 2280 2445 tes.
2319 2391 2466 2446 Unde
2493 2390 2537 2445 si
2568 2406 2685 2458 quae
2716 2390 2834 2442 aliae
2866 2387 3105 2456 reliquiae
3135 2387 3234 2440 sub
3273 2395 3451 2440 vestro
3475 2385 3758 2454 reperiun-

2181 2489 2266 2534 tur
2288 2481 2530 2546 imperio,
2566 2492 2656 2533 eas
2686 2477 2769 2533 vel
2800 2493 2938 2532 nunc
2970 2478 3019 2532 in
3053 2477 3349 2532 exteriores
3381 2487 3550 2531 terras
3579 2476 3760 2546 iubete

2179 2573 2428 2642 propelli,
2459 2587 2524 2625 ne
2553 2586 2655 2640 qua
2686 2569 2939 2638 deinceps
2963 2569 3013 2622 in
3036 2583 3100 2623 eo
3124 2569 3192 2621 sit
3214 2567 3504 2621 necessitas
3525 2576 3577 2621 ct
3598 2582 3759 2621 causa

2179 2661 2457 2732 supplicii;
2489 2661 2609 2729 q‘uia
2643 2659 2834 2712 melius
2877 2668 2955 2713 est
2992 2657 3191 2710 aditum
3228 2657 3558 2710 oh~truxisse
3596 2671 3757 2726 quam

2180 2767 2388 2823 paenam
2415 2751 2655 2820 exegisse
2684 2750 2898 2817 peccati.
2945 2749 3006 2802 Et
3044 2747 3290 2817 quoniam
3320 2746 3608 2800 seditiones
3639 2745 3750 2800 An-

2179 2844 2454 2899 tiochenas
2499 2839 2901 2909 religiosissimo
2932 2836 3201 2907 proposito
3230 2833 3491 2890 sealandas
3526 2849 3629 2888 non
3658 2835 3755 2888 ali-

2177 2944 2258 2990 ter
2286 2931 2661 2994 existimastis,
2695 2929 2796 2983 nisi
2832 2939 3023 2996 praater
3063 2926 3423 2997 praeiudicium
3462 2924 3753 2980 venerandi

2179 3028 2318 3082 illius
2344 3025 2554 3080 concilii
2585 3022 2782 3078 Nicanni
2825 3021 2963 3090 apud
3009 3019 3524 3086 ConstantinOpolim
3566 3017 3754 3072 iisdem

2183 3117 2490 3188 petentibus
2515 3113 2853 3169 ordinaretur
2881 3109 3276 3179 antistes,quod
3302 3109 3353 3162 in
3382 3109 3498 3176 ejus
3525 3117 3756 3162 tantum-

498 3218 620 3258 esse
658 3213 953 3266 consortes.
1005 3204 1136 3256 Data
1168 3218 1250 3257 xvr
1280 3198 1531 3257 calendas
1569 3201 1882 3256 Novembris
1910 3199 2074 3272 (anno
2101 3186 2146 3252 C
2181 3186 2340 3264 ἡιοάο
2371 3221 2594 3277 persona
2627 3205 2703 3258 sic
2750 3202 3084 3257 memorasiis
3140 3210 3494 3267 assumptum,
3529 3208 3583 3252 υι
3611 3199 3758 3252 dei..-

497 3295 625 3350 (1hr.
654 3295 804 3367 ηε),
835 3295 931 3350 lilo
953 3296 1068 3350 viro
1098 3295 1396 3350 clarissimo
1422 3295 1661 3350 consule.

1034 3400 1361 3462 EPISTULA
1400 3407 1539 3462 XIV.

663 3513 906 3553 SISIPIJCII
945 3513 1090 3552 PAPE
1131 3515 1196 3552 AD
1237 3513 1478 3552 ΖΕΝΟΝΕΙ
1522 3513 1912 3552 ικρειιλτοιιεκ.

502 3589 700 3644 Laudat
725 3589 1040 3657 imperatoris
1079 3589 1470 3642 sollicitudinem
1499 3591 1551 3643 in
1590 3589 1668 3643 his
1695 3588 1963 3654 puniendis
1992 3588 2077 3657 qui

571 3659 850 3713 Antiochia:
873 3661 922 3712 in
949 3661 1301 3728 episcoporum
1324 3659 1485 3712 ca‘dcs
1508 3661 1940 3726 conspirauerunt.
1973 3658 2078 3710 Do-

571 3731 637 3782 ιρι
664 3746 780 3782 suas
813 3730 882 3782 ad
913 3730 1152 3782 Acacium
1195 3730 1391 3784 litteras
1435 3729 1744 3782 exsecutioni
1792 3746 1891 3780 non
1924 3729 2078 3794 fuisse

570 3800 862 3864 mandatas,
889 3808 935 3851 et
971 3799 1294 3852 Antiocheam
1325 3798 1568 3852 Ecclesiae
1593 3799 1832 3852 antistitis
1873 3799 2079 3851 electio-

573 3887 711 3933 nem,
743 3869 945 3922 Nicrrni
975 3870 1176 3923 concilii
1214 3885 1314 3922 non
1345 3870 1603 3923 observato
1627 3871 1858 3933 decreto,
1890 3873 2078 3938 factum

570 3942 838 4010 approbat.

710 4032 1012 4098 Simplicius
1041 4031 1344 4102 episcopus,
1377 4032 1574 4090 Zenoni
1599 4032 1861 4103 Augusto.

580 4125 650 4179 De
686 4125 922 4181 Ecclesia
951 4125 1282 4181 Antiochcna
1322 4127 1656 4181 venerandos
1696 4127 1822 4180 mihi
1869 4141 2081 4193 semper

506 4230 700 4268 vestrae
746 4216 961 4284 pietatis
999 4217 1180 4284 apices
1221 4217 1436 4285 gavisus
1477 4217 1680 4284 accepi,
1711 4218 1902 4284 quibus
1931 4218 2080 4286 iugc-

507 4305 620 4357 nito
651 4303 800 4357 vobis
831 4303 1006 4357 studio
1046 4305 1321 4358 catholicae
1351 4305 1617 4372 religionis
1663 4316 1783 4372 post
1813 4305 2082 4359 defensio-

509 4411 629 4449 nem
664 4393 804 4460 fidei,
826 4409 943 4463 qua:
971 4408 1067 4446 v-s
1105 4403 1282 4448 servat
1309 4411 1370 4450 ac
1394 4395 1649 4458 custodit,
1679 4395 1966 4461 impietatis
1990 4411 2084 4451 au-

508 4487 712 4539 daciam
740 4496 795 4540 et
824 4484 1058 4539 facinora
1088 4486 1226 4553 apud
1254 4485 1589 4539 Antiochiam
1619 4494 1914 4552 perpetrata
1940 4501 2082 4539 coer-

2179 3317 2304 3372 ceps
2327 3299 2618 3357 secundum
2649 3295 2988 3350 definitiones
3019 3293 3232 3346 Patrum
3260 3291 3516 3346 Orientali
3544 3290 3750 3361 synodo

2177 3396 2376 3450 creatio
2404 3391 2718 3448 Antiocheni
2769 3387 3034 3458 pontiﬁcis
3073 3395 3399 3449 reservetur,
3433 3399 3532 3437 nec
3575 3383 3757 3438 haberi

2179 3488 2298 3542 loco
2327 3485 2486 3540 vultis
2518 3483 2751 3553 injuriae,
2789 3480 2929 3553 quod
2966 3479 3316 3535 dissensionis
3356 3481 3524 3549 gratia
3559 3479 3757 3532 factum

2177 3588 2262 3634 est
2313 3573 2638 3631 auferendae.
2680 3572 2851 3628 Tenet
2889 3573 3026 3626 hanc
3067 3572 3278 3640 pietatis
3322 3579 3516 3625 vestrae
3564 3570 3756 3625 beatus

2180 3667 2368 3724 Petrus
2396 3665 2668 3736 apostolus
2697 3661 3061 3732 sponsionem,
3081 3669 3137 3715 et
3166 3660 3604 3716 Christianissimi
3629 3659 3757 3712 fide-

2179 3757 2474 3827 lissimique
2511 3754 2764 3825 principis
2808 3763 3042 3806 mentem
3087 3750 3140 3804 in
3181 3751 3296 3804 haec
3337 3748 3495 3804 verba
3523 3749 3756 3816 jurassn

2180 3851 2319 3922 quod
2352 3848 2572 3919 posthac
2603 3847 2655 3900 in
2688 3843 3019 3900 Antiocbeua
3058 3843 3192 3897 urhc
3239 3843 3403 3896 veteri
3449 3857 3599 3897 more
3643 3857 3760 3895 ser-

2182 3952 2301 3998 vato
2327 3957 2355 3996 a
2383 3935 2920 4009 comprovincialibus
2947 3936 3057 3991 suis
3080 3933 3344 4004 episcopis
3370 3932 3667 3999 ordinetur,
3693 3948 3760 3986 ne

2181 4035 2321 4106 quod
2349 4048 2490 4089 nunc
2520 4031 2684 4087 frater
2714 4040 2768 4086 ct
2791 4029 3142 4100 coepiscopus
3175 4041 3324 4080 meus
3353 4024 3576 4081 Aeacius
3607 4026 3758 4079 vobis

2182 4135 2266 4183 est
2290 4124 2594 4196 iubentibus
2617 4129 2922 4182 exsecutus,
2958 4120 3009 4172 in
3052 4132 3203 4172 usum
3235 4118 3558 4185 posteritatis
3583 4117 3762 4170 veniat

2183 4227 2236 4270 et
2275 4223 2472 4269 statuta
2501 4214 2749 4274 Patrum,
2794 4225 2912 4279 qua:
2942 4208 3208 4278 praecipue
3245 4205 3532 4274 praestastis
3571 4205 3758 4268 illaesa,

2185 4303 2497 4359 confundat.
2528 4301 2681 4356 Unde
2718 4315 2834 4369 quae
2862 4316 2890 4352 a
2931 4299 3080 4354 vobis
3122 4312 3307 4350 amore
3345 4297 3540 4366 quietis
3578 4307 3762 4351 sancte

2186 4407 2240 4452 et
2271 4397 2519 4466 religiose
2550 4402 2674 4447 sunt
2700 4394 2962 4455 ordinata,
2998 4407 3136 4460 reprt
3161 4391 3287 4444 bare
3321 4406 3424 4444 non
3456 4404 3758 4459 possumus.

2187 4503 2255 4543 ne
2297 4497 2464 4540 status
2495 4485 2842 4540 Antiochenae
2881 4484 3138 4538 Ecclesia:
3171 4483 3269 4536 sub
3315 4493 3493 4536 nostra
3544 4482 3760 4534 dubita-

509 4578 610 4629 cita
640 4576 970 4645 reperimus.
1033 4575 1371 4630 Exsultantes
1426 4576 1575 4630 vobis
1625 4577 1799 4629 inesse
1849 4579 2080 4630 animum
2112 4555 2162 4614 Ῑ)
2190 4583 2330 4636 tione
2361 4579 2599 4634 videatur
2628 4578 2924 4648 ambiguus.
2954 4577 3217 4645 praecipue
3244 4590 3362 4630 cum
3389 4575 3432 4629 is
3457 4574 3545 4643 qui
3574 4575 3760 4643 legitur

512 4667 801 4721 fidelissimi
829 4667 1124 4722 sacerdotis
1164 4675 1217 4721 et
1264 4667 1538 4733 principis,
1583 4677 1635 4717 nt
1668 4667 1959 4735 imperialis
1985 4685 2080 4721 au-

512 4779 525 4804 σ
547 4761 732 4810 toritas
762 4767 816 4811 et
838 4757 1021 4824 juncta
1067 4757 1382 4811 Christiana:
1410 4756 1678 4811 devotioni
1707 4758 2085 4826 acoeptahilior

516 4849 626 4902 Deo
672 4847 840 4912 fleret,
886 4857 940 4903 et
980 4857 1264 4917 appareret
1309 4849 1605 4916 integritas,
1654 4864 1772 4901 cum
1815 4848 1863 4900 hi
1913 4852 2084 4916 quiin

514 4939 882 5007 episcoporum
915 4952 1074 4994 neces
1119 4937 1374 5006 sacrilega
1422 4936 1568 4992 caede
1599 4937 1792 4993 versati
1823 4947 1967 5004 sunt,
1999 4939 2082 4993 di—

590 5074 606 5104 ί
646 5072 958 5127 Timotheus
1016 5073 1403 5127 Alexandrinus
1455 5073 1737 5140 cpiscopus
1786 5073 1836 5125 in
1903 5075 2083 5127 sedem

519 5143 794 5196 restitutus
832 5151 941 5196 tres
979 5142 1138 5196 hosce
1169 5145 1386 5210 legatos,
1415 5142 1599 5196 l~aiam
1632 5144 1963 5210 episcopum,
1991 5144 2085 5197 Ni-

518 5215 626 5284 lum
659 5211 1026 5284 prcsbyterum
1059 5223 1112 5267 et
1145 5213 1449 5284 Martyrium
1490 5212 1795 5284 diaconum,
1833 5229 1898 5267 ex
1942 5230 2089 5268 more

520 5283 737 5349 antiquo
767 5281 830 5351 ad
862 5281 1156 5335 Romanum
1195 5281 1495 5351 pontiﬁcem
1543 5281 1840 5350 ablegavit,
1877 5285 2086 5337 veniam

517 5367 713 5420 rogans
747 5350 930 5411 delicti
973 5353 1053 5405 sui
1097 5350 1237 5406 illius
1263 5368 1387 5419 quo,
1420 5351 1605 5417 gladiis
1636 5352 2088 5422 Eutychianorum

515 5429 756 5487 coactus,
793 5431 974 5474 contra
1012 5422 1415 5476 constitutiones
1459 5422 1649 5476 Leonis
1695 5438 1864 5490 papae,
1897 5439 2089 5476 nomen

515 5491 757 5562 Dioscuri
788 5491 928 5558 apud
952 5491 1116 5544 altare
1143 5493 1402 5546 recitavit.
1435 5491 1495 5545 Et
1520 5507 1818 5562 quanquam
1844 5494 1892 5547 id
1923 5494 2092 5547 moui-

522 5573 608 5615 tus
640 5560 873 5627 iecisset,
907 5576 1010 5614 non
1061 5562 1173 5615 leve
1219 5572 1394 5616 tamen
1442 5562 1647 5614 facinus
1681 5560 1816 5615 illud
1859 5565 1910 5616 in
1947 5574 2092 5618 tanto

524 5632 771 5698 pontifice
795 5630 960 5684 videri
993 5640 1216 5699 poterat.
1253 5634 1472 5698 Insuper
1493 5631 1680 5685 eadem
1711 5632 1974 5700 legatione
2001 5649 2095 5688 no-

521 5713 629 5755 tun.
665 5701 786 5755 fecit
816 5701 1028 5755 Petrum
1061 5701 1301 5768 Moggum
1351 5701 1721 5755 Alexandrini:
1762 5702 1906 5756 sedis
1948 5706 2091 5756 inva-

520 5785 720 5838 sorcm,
753 5772 840 5842 qui
865 5772 1035 5842 ing-am
1067 5783 1308 5841 captasse
1339 5770 1633 5833 videbatur,
1660 5773 1710 5823 in
1742 5772 1953 5826 civitate
1983 5775 2096 5828 lati-

2188 4672 2484 4734 ordinatus,
2519 4669 2822 4724 testimonio
2859 4669 3158 4722 clementiae
3189 4675 3400 4727 vestrae,
3429 4673 3484 4718 et
3521 4673 3663 4718 tanta
3693 4667 3764 4718 sit

2191 4759 2566 4830 praedicatione
2595 4760 2872 4821 subnixus,
2910 4766 2966 4810 ut
3005 4757 3055 4809 in
3088 4771 3151 4810 eo
3195 4765 3389 4825 praeter
3419 4755 3608 4808 borum
3641 4755 3763 4806 vul-

2193 4867 2376 4907 nerum
2416 4850 2650 4906 dolorem
2698 4850 2868 4918 posito
2917 4850 3178 4916 possimus
3243 4856 3296 4901 et
3344 4846 3598 4901 Ecclesiae
3644 4863 3764 4916 quae

2193 4942 2338 4996 illum
2372 4939 2586 5004 meruit,
2614 4939 2850 5009 gloriari.
2893 4938 3016 4992 llaec
3064 4952 3225 5005 repen
3259 4936 3301 4989 is
3343 4936 3680 4990 sermonibus
3711 4945 3765 4990 et

2193 5084 2327 5136 tare,
2362 5084 2415 5128 et
2456 5086 2665 5129 secreto
2709 5091 2822 5128 rem
2859 5088 3034 5141 agere,
3065 5072 3408 5127 seducentem
3442 5075 3659 5136 multos,
3710 5081 3764 5127 et

2192 5145 2398 5198 cladem
2444 5145 2584 5198 illius
2617 5145 2866 5199 Ecclesiae
2903 5144 3135 5211 graviter
3175 5157 3497 5210 procurare:
3523 5143 3764 5210 adeoque

2193 5216 2551 5269 necessarium
2585 5213 2751 5268 videri
2783 5224 2836 5266 ut
2861 5215 2924 5266 ad
2961 5215 3072 5265 haec
3103 5214 3335 5277 pericula
3367 5213 3617 5274 tollenda,
3652 5214 3765 5264 Inn-

2195 5287 2310 5355 gius
2341 5287 2390 5338 in
2419 5283 3011 5355 exsiliumpelleretur.
3051 5283 3151 5355 liis
3180 5283 3412 5355 acceptis
3447 5284 3632 5336 scribit
3665 5285 3766 5334 im-

2196 5352 2425 5478 rcratori
2457 5362 2508 5406 et
2535 5354 2728 5408 Acacio
2753 5354 3006 5420 episcopo
3044 5352 3349 5419 Simplicius
3384 5368 3538 5420 papa,
3581 5363 3767 5420 petens

2218 5440 2299 5478 ioc
2327 5424 2512 5478 sedulo
2555 5425 2730 5477 curari
2781 5433 2838 5476 ut
2883 5424 3270 5478 quamprimum
3322 5423 3481 5476 homo
3509 5424 3767 5477 scelestus

2218 5440 2299 5478 ioc
2327 5424 2512 5478 sedulo
2555 5425 2730 5477 curari
2781 5433 2838 5476 ut
2883 5424 3270 5490 quamprimum
3322 5423 3481 5476 homo
3509 5424 3769 5477 scelestus

2199 5495 2405 5563 longius
2435 5493 2486 5548 in
2514 5494 2762 5563 exsilium
2789 5492 3104 5547 detrudatur
3132 5511 3142 5544 :
3170 5491 3290 5545 ideo
3314 5493 3362 5546 iu
3394 5493 3600 5560 primis,
3626 5495 3767 5561 quod

2197 5562 2503 5632 episcopum
2533 5562 2867 5617 Alexandriae
2899 5571 3095 5630 ageret,
3130 5578 3285 5630 quem
3321 5563 3545 5616 necdum
3583 5565 3767 5616 diaco-

2200 5650 2324 5687 num
2391 5633 2689 5686 ordinatum
2756 5647 2874 5686 esse
2935 5640 3225 5686 constaret.
3289 5633 3419 5686 Vide
3483 5633 3766 5686 Baronium

2200 5719 2338 5757 anno
2360 5702 2482 5767 478,
2517 5719 2661 5757 num.
2686 5704 2719 5757 9
2749 5713 2803 5758 et
2829 5702 3191 5772 sequentibus.
3226 5701 3353 5757 Ssv.
3388 5705 3585 5757 BINIUS.
