4080 6350
287 317 354 370 .53
1674 303 2003 362 EPISTULA
2046 301 2155 357 XV.
3469 301 3536 356 δι

289 426 656 482 venerationis
683 424 863 478 officio
888 420 1212 492 respondere
1237 420 1445 482 curavi,
1469 429 1521 472 ut
1555 427 1726 473 tantis
1753 419 1864 471 hau
1896 422 1941 480 Λ
1973 417 2164 496 etionis
2202 430 2306 469 non
2339 415 2750 468 ii-iatimialtilem
2779 416 3145 484 cog..oscimirs
3171 415 3329 469 fuisse
3362 399 3534 466 nm}.-

290 519 575 572 reticorum
607 513 823 569 fraudes
847 521 901 565 et
943 510 1177 566 facinora
1213 509 1406 563 divinis
1442 517 1494 561 et
1522 507 1866 562 satcularibus

291 607 498 676 legibus
538 603 924 675 persequenda,
963 617 1082 671 qua:
1117 599 1314 670 saepius
1339 600 1570 670 probatis
1611 613 1730 654 esse
1762 608 1863 652 tant

293 701 473 761 noxia,
507 697 575 752 de
601 697 858 751 memoria
881 702 934 749 et
961 694 1368 748 conversatione
1396 693 1667 745 hominum
1685 691 1869 759 jubea-

293 794 364 844 tis
388 787 610 854 auferri,
635 800 860 856 quorum
885 783 1169 853 impietatis
1194 782 1357 848 nulla,
1383 791 1635 850 quantum
1660 781 1866 845 videtis,

298 889 476 950 potest
517 877 835 931 auctoritate
863 874 1150 944 compesci.
1188 874 1316 925 Data
1353 888 1382 925 x
1421 871 1668 927 calendas
1705 870 1871 923 .lulias

296 972 472 1039 (anno
505 968 635 1022 Chr.
678 967 816 1035 479)
861 973 981 1035 post.
1023 962 1360 1019 consulatum
1404 961 1500 1015 Illo
1543 961 1639 1014 \‘iri
1681 959 1867 1016 claris-

299 1061 449 1115 simi.
1075 1114 1083 1122 _

814 1169 837 1198 ἰ
864 1165 1195 1223 EPISTOLA
1227 1163 1342 1221 XV.

695 1273 938 1314 διανιιειι
972 1272 1117 1311 ΡΔΡΒ
1146 1273 1212 1311 Δί)
1241 1271 1489 1312 ACACIUI.

695 1349 892 1403 Eadem
921 1364 1034 1417 qua
1061 1357 1107 1401 et
1141 1348 1192 1400 in
1217 1348 1487 1416 superiori.

336 1441 652 1514 Simplicius
669 1441 949 1512 episcopus
977 1439 1173 1562 Aclafio
1194 1438 1445 1508 episcopo
1461 1433 1848 1491 "Constantino-

440 1554 443 1558 .
975 1525 1042 1562 no
1069 1527 1080 1560 ι
1109 1524 1232 1562 ano.

440 1554 443 1558 .
975 1524 1232 1578 pontano.

377 1600 790 1659 Clementissimi
822 1599 1078 1670 principis
1100 1598 1535 1667 litteris,tumque
1563 1595 1882 1658 dilectionis,

302 1696 372 1752 de
394 1695 654 1762 sacrilega
688 1701 740 1746 et
768 1691 1122 1745 funestissima
1163 1689 1329 1752 caede,
1370 1703 1486 1757 qua:
1515 1685 1654 1755 apud
1695 1685 1882 1739 Antio-

305 1789 482 1842 chiam
506 1785 640 1839 facta
669 1791 771 1846 est,
795 1781 1061 1837 sauciatus
1085 1787 1139 1834 et
1163 1779 1380 1833 nimium
1403 1777 1620 1831 aﬂ‘ectus
1638 1790 1867 1830 marore

305 1877 634 1947 respondeo,
675 1883 942 1938 astruens,
973 1871 1020 1925 si
1058 1885 1175 1940 quae
1199 1869 1507 1940 jamdudum
1537 1869 1604 1924 de
1639 1867 1798 1922 Petro
1831 1876 1883 1920 et

303 1967 426 2023 aliis
451 1963 800 2033 complicibus
827 1976 1009 2017 eorum
1032 1961 1371 2031 scripseram,
1397 1970 1450 2015 et
1474 1969 1530 2013 ut
1560 1959 1736 2028 pietati
1767 1957 1885 2025 ejus

307 2077 429 2116 cum
451 2060 682 2123 caeteris,
714 2057 803 2125 qui
828 2055 1067 2120 aderant,
1102 2054 1350 2108 fratribus
1379 2066 1665 2123 suggerere
1696 2051 1882 2119 pastu-

306 2152 504 2215 laram,
530 2158 586 2203 ut
615 2156 909 2218 optaVcrat,
944 2148 1239 2200 ordinatqu
1271 2145 1478 2208 fuisset,
1511 2143 1883 2198 haereticorum

311 2243 591 2311 temeritas
618 2242 682 2292 ad
723 2247 926 2292 tantum
967 2237 1170 2291 facinus
1207 2251 1312 2290 non
1342 2235 1581 2298 veniret;
1630 2250 1696 2287 ne
1728 2232 1888 2302 [forte

310 2330 426 2402 nec]
456 2331 653 2396 aliqui-l
688 2326 1019 2383 necessitatis
1049 2327 1323 2389 existeret,
1355 2334 1413 2379 ut
1449 2324 1724 2378 nonaliter
1758 2337 1890 2389 pra:-

312 2422 467 2476 dictre
509 2417 884 2472 subveniretur
922 2415 1193 2481 Ecclesiae,
1226 2415 1326 2470 nisi
1357 2424 1413 2468 ut
1445 2413 1640 2482 aliquid
1680 2411 1746 2466 de
1772 2412 1890 2480 jure

311 2512 429 2578 ejus
461 2510 668 2563 curatio
691 2508 802 2575 ipsa
828 2505 1111 2560 minueret.
1137 2503 1391 2572 Quamvis
1425 2503 1566 2557 enim
1606 2502 1893 2570 profecerit

312 2601 381 2656 ad
411 2601 665 2670 quietem,
698 2597 838 2666 quod
868 2595 1312 2652 Christianissimi
1358 2595 1490 2664 prin:
1511 2594 1610 2651 inis
1634 2591 1890 2661 jussione,

317 2693 404 2747 vel
427 2694 543 2746 sine
575 2689 885 2759 prmjudicio
909 2703 1170 2743 canonum
1201 2705 1226 2739 a
1252 2697 1338 2741 tua
1356 2687 1576 2741 caritate
1602 2685 1760 2740 fuerit
1785 2685 1892 2738 An-

316 2787 595 2839 tiochenus
631 2781 914 2850 episcopus
945 2779 1263 2834 ordinatus:
1300 2787 1474 2831 tamen
1517 2790 1619 2829 non
1657 2783 1740 2829 est
1776 2775 1893 2828 sine

320 2875 516 2928 invidia
559 2873 778 2939 factum,
821 2869 972 2939 cujus
1017 2868 1309 2924 cavendum
1341 2866 1592 2936 deinceps
1619 2864 1776 2920 etiam
1807 2864 1896 2918 ille

321 2976 572 3029 test.tur,
612 2966 700 3031 qui
746 2960 1016 3030 praecepit,
1049 2959 1376 3030 exemplum.
1429 2958 1483 3012 In
1534 2973 1638 3029 quo
1687 2957 1896 3026 pietatis

319 3057 440 3125 ejus
493 3054 691 3122 gratias
747 3052 961 3121 dignum
1012 3061 1222 3104 estnos
1275 3049 1791 3118 reltrrezquoniam
1825 3047 1896 3101 ita

319 3145 505 3215 gloria:
531 3158 642 3197 suae
674 3141 976 3196 moderatus
1023 3148 1104 3194 est
1136 3147 1475 3208 potestatem,
1503 3147 1562 3192 ut
1589 3137 1896 3192 fidelissima

321 3238 614 3292 devotione
662 3235 876 3289 Patrum
919 3231 1112 3300 regulis
1153 3230 1466 3285 submittere
1504 3246 1622 3298 quae
1662 3229 1896 3298 juberet,

325 3345 426 3383 nec
465 3329 513 3381 in
547 3327 918 3380 auctrritatem
966 3323 1129 3390 recipi
1163 3321 1303 3392 quod
1345 3321 1586 3391 sequenti
1628 3320 1904 3374 constituit

321 3430 481 3474 :rtate
507 3416 813 3488 prohiberi;
855 3425 910 3469 ut
937 3413 1139 3469 scilicet
1171 3415 1222 3466 in
1253 3412 1352 3466 hac
1383 3412 1749 3467 tantummodo
1783 3427 1903 3480 per-

323 3523 478 3572 sona,
509 3521 667 3577 quam
689 3506 838 3574 jussu
869 3504 982 3573 ejus
1027 3511 1079 3558 et
1103 3502 1280 3556 studio
1305 3503 1499 3572 quietis
1532 3500 1906 3556 Antiochensi-

324 3603 446 3667 bus,
472 3613 578 3654 non
607 3607 697 3653 tua
718 3597 1083 3666 usurpatione,
1103 3595 1390 3650 antistitem
1405 3595 1748 3661 consecrasti,
1766 3593 1906 3664 quod

330 3691 532 3746 factum
575 3700 664 3744 est
712 3687 1049 3755 necessitate,
1080 3683 1369 3740 sufﬁceret.
1394 3684 1462 3738 in
1487 3699 1590 3753 quo
1632 3692 1736 3738 tute
1772 3683 1907 3739 dile-

400 3829 415 3858 ¹
452 3830 682 3880 Auctore
709 3832 764 3880 et
792 3823 1077 3895 impulsore
1105 3825 1261 3881 Petro
1285 3825 1558 3895 Cnapheo,
1588 3841 1742 3894 quem
1756 3827 1898 3882 lem

329 3898 626 3965 imperator
662 3897 729 3949 ab
777 3896 890 3963 ipsi)
921 3896 1114 3950 throno
1143 3895 1432 3964 deiectum,
1466 3897 1516 3951 in
1561 3897 1898 3951 Antiochena

331 3968 570 4021 Ecclesia
604 3965 764 4019 nimis
787 3967 1081 4020 incon~ulte
1099 3966 1290 4035 degere
1316 3967 1621 4033 verSnrique
1640 3965 1902 4034 permisit,

331 4036 650 4106 Eutychiani
681 4034 874 4106 ibidem
895 4050 1055 4088 novas
1085 4034 1415 4106 turbationcs
1442 4045 1796 4098 cruentasque
1819 4051 1903 4089 sc-

331 4108 563 4160 ditiones
602 4105 834 4159 vicissim
866 4108 1217 4158 concitarunt.
1264 4105 1392 4158 Nam
1421 4119 1541 4158 cum
1583 4105 1904 4172 Stephanus,

333 4176 666 4230 nrthodoxus
691 4177 990 4243 episcopus,
1022 4192 1124 4228 una
1151 4191 1270 4229 cum
1297 4176 1406 4229 suis
1435 4177 1484 4228 in
1515 4189 1700 4242 magna
1740 4175 1910 4229 eccle-

335 4252 413 4300 s'a
443 4260 648 4299 sacram
672 4246 912 4312 synaxim
936 4246 1242 4298 soletnuiter
1271 4245 1582 4305 celebraret,
1609 4243 1746 4298 Petri
1778 4244 1913 4296 Cna-

337 4317 460 4384 phei
491 4315 728 4367 omnium
753 4314 1022 4368 hominum
1043 4314 1380 4384 perditissimi
1398 4316 1608 4368 soboles
1630 4313 1913 4384 Eutyehia-

337 4383 420 4446 iii,
445 4387 692 4438 confecto
720 4384 954 4452 agmine,
981 4386 1179 4438 exertis
1199 4383 1386 4454 gladiis
1411 4384 1645 4438 furentes
1666 4383 1910 4452 ingressi,

341 4460 400 4509 in
432 4455 522 4510 Dei
555 4455 857 4508 sacerdotes
879 4455 1180 4516 sazvientes,
1228 4455 1442 4508 eosdem
1490 4455 1780 4508 szevissime
1804 4465 1911 4507 tru-

1974 507 2132 559 latuni
2164 521 2178 558 2
2205 505 2323 573 quia
2359 503 2712 559 Eccleslarum
2749 506 2866 574 jura
2901 507 3208 574 respiciens,
3239 506 3329 559 diu
3355 516 3402 559 te
3431 521 3537 557 non

1975 597 2236 649 itumer'to
2276 595 2615 662 sit~pcndisse
2657 580 2897 660 testaris,
2937 611 3000 650 ne
3030 596 3290 650 videreris
3335 597 3538 650 ambire

1972 687 2111 756 quod
2143 695 2288 739 tanto
2312 685 2555 754 principi,
2587 694 2642 740 et
2672 687 2722 738 in
2749 696 2850 739 tam
2870 687 3013 756 gravi
3031 703 3184 742 causa
3211 703 3312 741 non
3334 699 3564 754 poteras'

1973 778 2257 844 abnegare.
2292 779 2651 844 Quapmpter.
2675 775 2838 830 frater
2859 778 3150 843 carissime,
3180 777 3540 836 institutorum

1975 878 2231 932 veterum,
2264 884 2382 936 qua:
2408 868 2458 920 in
2491 876 2542 922 te
2571 877 2693 922 sunt
2730 868 2974 937 probata,
3008 885 3110 924 non
3142 871 3440 934 immemor.
3472 873 3544 925 si-

1975 970 2064 1014 cut
2093 959 2298 1014 veniale
2321 959 2564 1028 judicare
2604 975 2712 1012 non
2743 960 2986 1026 pervides
3025 961 3162 1026 quod
3203 961 3298 1017 tibi
3337 975 3541 1016 certum

1976 1060 2058 1104 est
2099 1047 2438 1118 imperatum,
2477 1051 2546 1102 ita
2577 1049 2690 1119 ipse
2725 1049 2856 1102 dans
2901 1050 3153 1103 hmtonem
3191 1053 3444 1120 patrihus,
3475 1055 3548 1104 la-

1979 1139 2104 1192 bora
2137 1154 2200 1192 ne
2229 1139 2520 1193 necessitas
2551 1137 2620 1192 sit
2665 1139 2770 1192 ulla
2801 1137 3024 1192 faciendi
3053 1141 3192 1208 quod
3225 1145 3375 1209 optas
3409 1159 3546 1195 nunc

1979 1230 2338 1285 satisfactone
2369 1229 2596 1298 purgari.

2263 1338 2693 1395 OBSEIWATIO
2718 1341 2776 1395 P.
2799 1339 3068 1396 ANTONII
3093 1341 3270 1395 PAGI.

2259 1433 2339 1485 Ad
2366 1448 2452 1484 an.
2477 1432 2664 1486 Christi
2690 1432 2816 1498 479,
2843 1449 2984 1487 num.
3007 1433 3042 1485 2
3070 1443 3114 1486 et
3137 1449 3269 1502 seqq.

2059 1521 2149 1576 lla:
2194 1520 2311 1576 dure
2362 1523 2600 1591 proxime
2649 1523 2818 1578 allata:
2859 1524 3095 1589 epistola:
3125 1523 3351 1577 Baronio
3383 1523 3552 1577 omni-

1987 1592 2190 1658 bu~que
2219 1606 2437 1646 suasere
2471 1593 2795 1661 Stephanum
2830 1595 3095 1648 seniorem
3116 1594 3420 1662 episcopum
3447 1598 3553 1646 An-

1990 1662 2317 1724 tiocheuum,
2348 1677 2487 1715 anno
2517 1662 2732 1725 479,.ab
2763 1664 3036 1718 lucreticis-
3058 1662 3393 1717 interfectum
3421 1662 3554 1717 fuis-

1995 1747 2074 1796 se,
2121 1740 2175 1784 et
2227 1731 2278 1784 in
2310 1732 2426 1799 ejus
2471 1731 2641 1785 locum
2675 1733 3009 1800 imperatoris
3051 1735 3201 1800 jussu
3227 1734 3554 1801 Stephanum

1874 1815 1889 1842 ν
1923 1793 1967 1853 Β
1993 1793 2256 1870 juniorem
2287 1793 2840 1868 Constantinopolim)
2877 1793 3068 1857 Acacio
3094 1793 3416 1856 ordinatum.
3451 1793 3555 1855 Ve-

1988 1888 2102 1926 rum
2128 1872 2358 1941 vulgaris
2387 1872 2499 1926 haec
2517 1873 2700 1941 opinio
2732 1872 2860 1925 f’alsa
2889 1884 2988 1936 est,
3014 1882 3066 1925 et
3093 1872 3142 1924 in
3165 1873 3310 1926 subst
3329 1872 3568 1939 riptione-

1991 1944 2182 2010 priurs
2219 1940 2457 2009 epistola:
2503 1940 2760 2007 Simplicii
2805 1956 2957 2008 papae
2983 1942 3047 1995 ad
3097 1943 3365 1996 ﬁctionem
3414 1943 3558 2006 loco,-

1988 2020 2099 2079 post
2129 2011 2448 2081 consulatum
2469 2011 2545 2081 illi
2588 2011 2646 2081 γ,
2672 2011 2730 2064 C.
2755 2012 3031 2080 legendum
3062 2023 3160 2076 εει,
3193 2023 3303 2081 post
3324 2014 3559 2064 consula-

1987 2092 2096 2134 tum
2131 2079 2329 2150 Placidi
2366 2079 2429 2132 V.
2463 2080 2547 2144 (1.,
2595 2079 2820 2149 ideoque
2856 2097 2917 2135 ea
2966 2084 3115 2150 epist:
3141 2079 3200 2136 la'
3243 2082 3375 2150 data,
3419 2096 3558 2133 anno

1989 2151 2115 2217 £82,
2141 2165 2258 2204 cum
2288 2149 2550 2204 Piacidius
2583 2166 2671 2203 an.
2704 2151 2797 2204 481
2829 2153 3158 2206 consulatum
3184 2149 3424 2216 gesserit.
3461 2150 3560 2204 lle-

1992 2222 2130 2274 tritis
2173 2223 2314 2273 enim
2364 2221 2627 2287 prioribus
2659 2222 2886 2273 nominis
2940 2220 3136 2274 Placidi
3170 2221 3358 2273 litteris
3409 2220 3558 2274 facile

1991 2290 2090 2342 fuit
2139 2289 2356 2342 librario
2407 2304 2608 2346 errare.
2656 2300 2708 2342 et
2762 2291 2876 2343 loco
2910 2287 3106 2342 Placidi
3143 2291 3319 2356 legere
3346 2288 3469 2350 Illi;
3496 2305 3560 2342 ei

1992 2359 2159 2426 magis
2172 2373 2275 2425 quo
2290 2359 2526 2426 epistola:
2550 2360 2684 2412 lict
2714 2360 2776 2412 13
2795 2376 2910 2427 qua:
2935 2376 3048 2412 eam
3083 2363 3402 2426 prn'ceilunt,
3424 2360 3560 2410 datae

1993 2439 2116 2481 sunt
2154 2427 2253 2480 Illo
2287 2429 2347 2482 γ.
2376 2428 2416 2482 C
2457 2430 2679 2488 consule,
2713 2445 2956 2483 anno-sc.
2981 2430 3104 2483 475.
3138 2430 3227 2482 Ιιιε
3257 2428 3376 2481 dure
3405 2427 3562 2494 igitur

1993 2499 2232 2565 epistola
2263 2497 2540 2563 Simplicii,
2587 2498 2638 2551 in
2689 2499 2880 2567 quibus
2919 2500 3117 2552 mentio
3147 2501 3213 2552 de
3260 2498 3561 2567 cmtleepi-

1993 2569 2140 2635 scopi
2185 2568 2524 2632 Autiocheni,
2562 2569 2677 2634 ejus
2706 2566 2921 2622 nomine
2952 2583 3260 2636 suppresso,
3295 2566 3562 2633 pertinent

1995 2638 2062 2690 ad
2097 2653 2184 2690 an.
2227 2636 2353 2701 $82,
2401 2652 2582 2702 ea-que
2615 2654 2718 2692 non
2746 2638 2812 2692 de
2840 2637 3104 2704 Stephano
3135 2637 3347 2702 seniori,
3378 2638 3468 2690 sed
3496 2640 3564 2690 de

1996 2706 2265 2772 Stephano
2283 2706 2478 2774 juniori
2503 2707 2878 2776 intell’gendae.
2912 2708 3006 2771 llic
3032 2709 3172 2761 enim
3203 2708 3271 2760 ab
3293 2707 3561 2760 hmretiris

1999 2776 2326 2837 interfectus,
2361 2790 2412 2830 et
2442 2789 2626 2832 neuter
2654 2778 2720 2830 ab
2762 2778 2953 2832 Acacio
2981 2779 3273 2838 ordinatus,
3323 2777 3413 2828 St‘d
3467 2777 3563 2827 Ca-

1998 2846 2198 2908 lendio,
2229 2847 2314 2914 qui
2339 2846 2823 2915 Stepliinojuniori
2857 2850 3133 2912 successit,
3168 2857 3223 2898 ut
3251 2847 3315 2898 ad
3348 2862 3434 2899 an.
3461 2845 3566 2899 483

2000 2915 2332 2970 moostrabo.
2361 2917 2511 2980 Quod
2546 2932 2672 2970 vero
2699 2932 2763 2970 ex
2795 2917 3022 2970 Baronio
3043 2918 3116 2968 ait
3147 2915 3320 2970 Biniu-
3348 2930 3484 2969 novo
3515 2925 3566 2968 et

2002 2985 2257 3039 inusitato
2285 2986 2532 3053 exemplo
2561 2988 2869 3055 episcopum
2896 2987 3280 3040 Antiochenum
3308 2983 3362 3037 Ci
3388 2993 3566 3055 nstzin-

2004 3056 2224 3123 linopoli
2245 3057 2542 3108 ordinatum
2565 3054 2960 3120 fui~se,icort'uit
2975 3071 3040 3109 ex
3061 3058 3125 3108 iis
3143 3071 3258 3120 quae
3276 3055 3340 3107 ad
3358 3071 3446 3106 au.
3467 3054 3568 3108 ιω

1925 3147 1970 3210 c
2002 3124 2369 3210 diximus."lbi
2402 3128 2540 3206 enim
2570 3127 2897 3210 ostendi-mus
2943 3125 3226 3210 niaximum
3255 3140 3340 3191 ep.
3376 3125 3566 3210 Antio-

2003 3197 2232 3250 chenum
2261 3197 2437 3249 Cotist.
2462 3214 2494 3248 ιι
2523 3198 2714 3266 int-poli
2733 3199 2800 3251 ab
2831 3197 3079 3252 Anatolio
3100 3207 3486 3266 consecratum.
3515 3195 3568 3247 In

2010 3266 2219 3332 Evagrii
2273 3267 2447 3320 verbis
2491 3281 2519 3318 a
2573 3265 2723 3321 Uine
2777 3277 2895 3336 post
2926 3267 3207 3319 Baroninm
3241 3265 3422 3318 relatis
3455 3267 3566 3336 illa,

2005 3352 2162 3407 quam
2208 3337 2423 3407 triennio
2463 3354 2511 3388 tit
2545 3337 2680 3390 hunc
2706 3335 2860 3407 usque
2886 3353 3071 3407 annum
3102 3337 3280 3407 mittit,
3318 3350 3488 3407 neque
3520 3335 3570 3407 in

2007 3404 2242 3460 editione
2280 3404 2785 3473 Christophorsoni,
2823 3422 2993 3472 neque
3021 3406 3072 3460 in
3112 3405 3345 3458 editione
3381 3404 3570 3458 Valesii

2010 3477 2275 3548 leguntur.
2300 3478 2376 3548 lia
2415 3479 2782 3548 igiturrerrore
2812 3475 3132 3548 typographi
3162 3475 3370 3548 Beronii
3412 3474 3572 3527 verba

2011 3546 2079 3599 ab
2119 3546 2328 3613 Evagrii
2361 3544 2505 3600 textu
2536 3547 2754 3601 diverso
2777 3544 3089 3600 charactere
3113 3561 3218 3598 non
3239 3544 3568 3611 distinguen-

2013 3617 2097 3686 tis.
2148 3615 2219 3668 ita
2247 3615 2407 3670 edita.
2443 3615 2697 3686 Evagrius
2737 3617 2878 3670 enim
2905 3615 3238 3686 durationem
3279 3615 3423 3668 sedis
3451 3613 3574 3686 Ste-

2013 3685 2174 3755 phani
2201 3700 2306 3741 non
2337 3684 2618 3752 memorat,
2650 3697 2704 3741 et
2733 3696 2906 3741 tamen
2938 3685 3024 3740 hic
3054 3685 3256 3749 Binius,
3285 3686 3478 3754 aliique
3504 3684 3574 3737 lo-

2002 3828 2069 3883 de
2143 3827 2380 3883 antistite
2442 3825 2724 3896 deligendo
2785 3826 3081 3882 Antiochia;
3138 3825 3348 3896 comitia
3414 3825 3576 3896 habe-

2002 3907 2205 3953 remur.
2245 3897 2456 3951 Electus
2491 3895 2575 3952 est
2620 3896 3072 3966 Constantinopoli
3132 3895 3433 3966 Stephanus
3492 3895 3576 3962 ju-

2008 3968 2146 4021 nior.
2173 3966 2275 4022 Sed
2299 3982 2418 4020 cum
2442 3966 2494 4020 id
2523 3976 2716 4033 printer
2752 3965 3373 4036 regulas'erclesiasticas
3403 3975 3460 4036 et
3485 3979 3578 4036 an-

2007 4037 2206 4105 tiquam
2236 4036 2581 4090 Antiochense
2615 4032 2863 4089 Ecclesia:
2895 4035 3329 4105 consuetudineiu
3354 4032 3575 4105 accidis-

2009 4102 2121 4172 set,
2149 4115 2329 4174 utpote
2359 4119 2477 4173 qua:
2503 4119 2606 4156 non
2633 4105 2734 4158 nisi
2783 4106 2834 4158 in
2885 4104 3112 4159 concilio
3142 4102 3377 4156 omnium
3410 4102 3576 4174 Syria}

2014 4173 2381 4244 episcoporum
2410 4174 2800 4229 Antiochenum
2829 4175 3412 4244 episcopumordiuare
3437 4173 3576 4244 sule-

2016 4243 2115 4314 ret,
2153 4243 2294 4299 leno
2339 4244 2625 4313 imperator
2675 4246 2877 4299 litteras
2915 4245 2978 4296 ad
3014 4243 3311 4312 poiiziliccui
3346 4243 3575 4308 scripsit,

2016 4316 2208 4383 quibus
2238 4332 2297 4369 ea
2341 4331 2456 4383 qua:
2486 4323 2633 4381 gesta
2664 4324 2819 4369 erant
2848 4331 2876 4368 a
2908 4314 3144 4367 Romano
3178 4315 3424 4380 pontiﬁce
3466 4323 3576 4366 rata

2019 4386 2368 4439 haberentur.
2395 4383 2631 4439 Pontilex
2681 4384 2950 4453 respondit
2984 4399 3041 4437 se
3072 4384 3258 4436 factum
3289 4383 3578 4435 ordinatio—

2019 4471 2140 4509 nem
2174 4456 2397 4508 libenter
2425 4467 2591 4508 ratam
2623 4454 2943 4517 habiturum,
2970 4454 3128 4506 modo
3160 4457 3456 4506 excuti-lum
3483 4453 3581 4503 hoc.

338 4527 614 4586 cidarunt,
641 4523 1138 4596 sanctissimunique
1170 4525 1338 4596 ipsum
1365 4525 1655 4596 antistitem
1690 4525 1914 4596 Stepha-
1943 4539 1990 4596 D
2017 4524 2490 4596 extraordinarium
2528 4527 2754 4590 posteris
2790 4525 2917 4578 nihil
2938 4523 3241 4596 pra-judicii
3274 4523 3476 4583 afferat,
3505 4522 3583 4574 id-

343 4611 500 4657 nuni,
532 4596 583 4646 in
606 4609 763 4662 quem
789 4594 1120 4659 ratissimnm
1149 4594 1350 4660 majore
1373 4595 1496 4646 odio
1517 4595 1833 4655 mstuahanl,
1861 4603 1915 4646 et

309 4705 322 4726 ,
343 4667 424 4718 ira
449 4665 648 4718 inci-nsi
673 4665 1028 4730 corripiebant
1053 4663 1118 4715 ad
1142 4679 1345 4728 necem,
1379 4679 1543 4730 usque
1572 4664 1918 4716 atrocissimis

345 4746 368 4788 ι
409 4735 629 4787 rmentis
675 4731 1036 4786 confecerunt.
1071 4733 1143 4785 De
1185 4749 1286 4801 quo
1315 4750 1376 4786 ex
1435 4734 1636 4786 Joanne
1684 4731 1917 4786 lthetore

345 4819 568 4857 suorum
607 4811 904 4871 temporum
937 4803 1337 4871 accuratissimp
1373 4806 1628 4867 scriptore
1660 4803 1917 4863 Evacrius

347 4875 444 4927 lib.
497 4889 575 4935 Ill,
607 4869 733 4940 cap:
759 4872 843 4937 10,
883 4870 997 4925 hate
1030 4873 1212 4925 scribit
1245 4890 1257 4923 :
1290 4869 1442 4924 Petro
1475 4871 1714 4924 Ecclesia:
1742 4873 1920 4924 Antio-

347 4944 526 4995 clmra:
552 4943 836 5003 exturbato,
864 4941 1153 5010 Stephanus
1174 4943 1310 4995 illius
1331 4943 1497 4993 sedem
1520 4944 1921 5010 capessit,quam

349 5014 568 5066 triennio
615 5012 667 5064 in
713 5012 846 5062 Itum:
875 5007 1029 5077 usque
1055 5027 1242 5062 annum
1290 5014 1464 5063 tenuit.
1501 5007 1674 5075 um,
1723 5007 1921 5076 subdit,

351 5082 658 5135 Antiocheni
700 5082 910 5152 calamis
939 5083 1006 5132 ad
1035 5082 1414 5152 similitudinem
1457 5081 1722 5134 hastarum
1755 5097 1920 5152 prma-

351 5153 504 5215 τιθεὶς,
536 5152 609 5203 uti
641 5151 810 5202 sciibit
841 5148 1064 5204 Joannes
1099 5148 1303 5214 Rhetor,
1337 5153 1680 5213 confecerunt.
1717 5148 1924 5219 Corpus

353 5223 597 5288 ejusdem
649 5222 703 5272 in
753 5221 1002 5273 Orontem
1033 5235 1240 5272 amnem
1295 5220 1586 5287 projectum
1618 5220 1798 5284 fuisse,
1857 5235 1923 5273 ex

357 5292 548 5344 eodem
590 5289 794 5343 JOanne
824 5289 1006 5342 scribit
1049 5289 1376 5355 Nicephorus
1421 5290 1510 5342 lib.
1544 5305 1628 5353 xv,
1680 5305 1799 5356 cap.
1834 5290 1919 5344 18.

356 5361 645 5427 Postquam
695 5373 822 5411 vero
869 5358 1009 5412 Zeno
1041 5360 1346 5426 imperator,
1371 5359 1546 5412 missis
1586 5359 1920 5412 Antiochiam

320 5431 623 5490 ,rnilztilius
670 5429 954 5491 ultoribus,
991 5429 1055 5481 de
1109 5428 1376 5493 sacrilegis
1409 5429 1686 5481 liomicidis
1714 5429 1922 5483 debitas

356 5514 547 5568 pinnas
606 5500 950 5564 sumpsisset,
999 5498 1152 5564 jussit
1187 5507 1253 5568 ut
1303 5499 1662 5568 Antiochenus
1718 5498 1924 5551 futurus

357 5567 647 5634 iapix-opus
668 5568 1122 5632 Constan'inopoli
1149 5567 1471 5635 eligeretur;
1506 5567 1662 5636 idque
1700 5569 1818 5621 ideo
1867 5577 1926 5620 ut

361 5642 476 5702 paci
533 5650 586 5689 et
616 5638 781 5705 quieti
813 5637 927 5704 ejus
974 5637 1200 5690 civitatis
1239 5639 1607 5706 proSpiceret:
1642 5638 1926 5692 timebatur

360 5711 504 5762 citini
535 5709 768 5762 ohdnta
800 5709 1011 5760 cicatrix
1046 5708 1095 5760 in
1143 5707 1288 5760 ulcus
1314 5707 1542 5761 vicis:im
1579 5719 1848 5777 rruptnra,
1883 5709 1924 5758 si

2019 4611 2120 4663 que
2144 4594 2752 4662 imperatorjuramento
2779 4595 3068 4662 promittat.
3091 4593 3162 4646 Ita
3194 4605 3398 4644 novoet
3430 4606 3580 4657 pror-

2020 4679 2110 4717 sus
2140 4664 2376 4717 inaudito
2403 4663 2646 4732 exemplo
2667 4667 2907 4732 contigit,
2947 4673 3003 4716 ut
3024 4665 3108 4729 qui
3141 4679 3168 4715 a
3203 4663 3363 4714 totius
3411 4663 3579 4732 Syria-

2019 4735 2286 4802 episcOpis
2300 4734 2531 4787 ordinari
2553 4734 2748 4787 soleret
2765 4735 2982 4787 antistes
2997 4734 3380 4794 Antiochenus,
3396 4739 3584 4798 agente

2021 4803 2369 4869 imperatore,
2424 4815 2474 4856 et
2525 4813 2694 4857 ratum
2739 4806 2963 4856 habente
3021 4805 3268 4870 pontifice
3315 4804 3586 4865 ltuinano,

2023 4874 2323 4941 Stephanus
2342 4873 2521 4941 junior
2548 4875 2613 4924 ab
2645 4874 2837 4926 Acacio
2863 4872 3447 4938 Consmntinopolitano
3466 4870 3579 4936 epi—

2023 4957 2187 5010 scopo
2214 4944 2484 4996 ordinatus
2512 4942 2687 4997 fuerit.
2719 4943 2924 4997 Accidit
2955 4943 3113 4996 etiam
3149 4946 3244 4995 hac
3275 4944 3594 4998 occasione,

2025 5013 2164 5081 quod
2192 5012 2328 5066 sicut
2363 5014 2532 5066 latens
2563 5011 2752 5065 humor
2777 5014 3110 5076 malus,.cum
3145 5027 3174 5064 a
3207 5026 3386 5066 natura
3421 5010 3472 5062 in
3495 5026 3586 5062 cu-

2029 5092 2133 5135 tem
2166 5083 2560 5152 transmittitur,
2588 5082 2689 5135 levi
2714 5081 3096 5152 confricatione
3118 5081 3350 5147 prnritus
3377 5082 3587 5152 morda-

2026 5152 2138 5205 cior
2182 5149 2472 5216 excitatur;
2518 5152 2586 5203 ita
2642 5152 2797 5218 plane
2834 5151 3052 5205 ambitio
3085 5152 3340 5216 primatus
3375 5167 3490 5218 qum
3535 5149 3587 5201 in

2029 5222 2223 5276 Acacio
2254 5221 2509 5276 hactenus
2532 5221 2701 5289 latuit,
2727 5223 2826 5275 hoc
2851 5222 2986 5274 l‘acto
3014 5222 3177 5289 magis
3208 5222 3477 5287 magisque
3512 5220 3590 5272 in-

2029 5305 2209 5354 censa,
2241 5291 2530 5360 appetitum
2558 5291 2811 5357 primatus
2836 5291 2909 5344 illi
2939 5290 3392 5344 vehementiorem
3425 5292 3591 5360 iugesf

2025 5361 2113 5423 sit,
2139 5359 2301 5430 usque
2331 5363 2462 5413 adeo
2495 5372 2550 5414 ut
2583 5361 2754 5420 fatuis,
2780 5377 2869 5413 seu
2910 5362 3081 5426 potius
3120 5360 3395 5426 exjilende
3425 5359 3589 5430 rabiei

2026 5445 2203 5491 causa,
2221 5429 2419 5484 'custod
2447 5439 2494 5484 ta
2527 5446 2785 5483 canonum
2811 5431 3038 5483 claustra
3063 5429 3284 5498 l'llpClll,
3311 5439 3364 5482 i-t
3387 5429 3590 5481 vincula

2025 5500 2298 5553 catholiim
2319 5499 2701 5552 communionis
2732 5499 2966 5567 fregerit.
2995 5508 3044 5552 et
3074 5514 3128 5551 se
3164 5512 3392 5566 suosque
3425 5507 3591 5567 pisto-

2026 5583 2112 5622 ros
2138 5569 2430 5635 prmeipites
2455 5569 2678 5630 dederit,
2709 5581 2764 5622 ut
2798 5566 2926 5623 infra
2960 5584 3055 5622 suo
3081 5569 3194 5622 loco
3225 5570 3394 5620 ἀίω-ιη
3439 5583 3483 5620 s.
3517 5566 3591 5620 Vi~

2027 5641 2092 5692 de
2118 5641 2396 5693 Uaroniuni
2422 5657 2556 5693 anno
2583 5641 2702 5704 £79,
2739 5654 2882 5693 num.
2923 5639 3020 5695 let
3041 5638 3092 5691 ‘3.
3125 5640 3248 5692 διν.
3278 5637 3470 5689 Βικιυι.
