4080 6350
486 348 557 409 85
1845 353 2151 412 SlMPLlCll
2193 354 2274 410 PA
2285 352 2393 412 ΗΕ
3665 363 3733 419 50

486 483 607 549 cum
629 468 784 549 illum.
812 468 1069 549 integrum
1084 466 1311 549 Evagrio
1339 465 1634 549 ascribunt,
1666 467 1807 549 quod
1831 484 2053 549 tnpnen-
2079 473 2131 531 Α
2223 467 2474 523 Joannem
2504 470 2844 549 conﬁrmare:
2874 471 3075 549 demum
3101 484 3339 549 precatur
3361 484 3416 531 ul
3454 476 3731 549 imperato-

486 538 614 593 dum
660 539 810 602 duxi,
859 554 927 594 ne
959 538 1009 591 in
1056 544 1328 605 posterum
1364 537 1512 590 loctts
1557 538 1647 591 ille
1669 538 1846 593 fucum
1873 537 2052 594 faciat.

488 608 655 680 (Lees.
680 605 1347 680 Pasitlmstisn-Fhristi
1377 607 1504 680 58,2-
1536 622 1677 680 ωιτη·
1715 609 1751 680 5
1798 617 1852 680 sl
1903 623 2052 680 εβίιίιτ

489 675 577 732 ubi
596 675 853 748 'plura'de
883 675 1237 748 hisSimplicii
1255 676 1513 748 epistolis,
1540 676 1605 748 tle
1632 678 1779 748 caede
1800 675 2056 748 Stephani

487 764 592 801 non
609 745 865 813 senioris,
886 746 980 801 sed
1005 746 1270 816 junioris;
1302 756 1356 800 ct
1384 745 1453 799 de
1483 746 1597 800 solo
1632 745 1958 801 Calendioue
1987 746 2057 800 ah

486 818 683 872 Acaeiu
706 815 1168 884 Constantinorroli
1190 816 1488 884 ordinato.)

535 833 683 872 caete
706 831 1168 884 uoustanttnOpOIt
1190 831 1456 869 ordinato.

982 950 996 980 '
1039 946 1372 1005 EPISTOLA
1419 946 1558 1011 XVI.

875 1053 1122 1094 οιιιῐιιιῦιι
1144 1054 1289 1094 DARE
1319 1056 1386 1093 AD
1413 1053 1647 1095 εωιυειι.

482 1152 807 1213 Calendiam’s
838 1150 1138 1211 Antioclteai
1165 1151 1390 1221 episcopi
1419 1149 1713 1211 electionem
1760 1149 2053 1218 conﬁrmat.

498 1258 826 1337 Simplicius
861 1262 1151 1333 episcopus
1190 1261 1383 1337 Acacio
1418 1261 1671 1333 episcopo
1712 1261 2021 1319 Constanti-

674 1394 677 1397 η
900 1332 911 1333 “
1100 1332 1430 1402 nopolitano.

551 1425 871 1483 Antioclteni
901 1424 1175 1490 exordium
1206 1425 1501 1487 sacerdotis
1527 1440 1629 1496 qua
1658 1425 1865 1485 ratione
1900 1424 2059 1481 fuerit

480 1522 655 1587 serius
678 1520 991 1586 indicatum,
1022 1518 1265 1595 quamvis
1295 1518 1515 1581 minime
1545 1534 1642 1575 nos
1673 1518 1841 1583 latere
1869 1528 2058 1589 potue-

483 1613 571 1681 rit,
607 1619 786 1671 tamen
814 1618 869 1671 et
894 1608 1005 1679 ipse
1035 1608 1118 1671 vel
1147 1608 1385 1679 synodus
1411 1608 1575 1679 ipsius
1603 1610 1871 1667 indicavit.
1902 1609 2057 1677 Quod

479 1702 621 1757 sicut
666 1715 774 1755 non
827 1700 1130 1769 optavimus
1178 1699 1314 1765 fieri,
1365 1699 1436 1754 ita
1485 1699 1666 1756 faciles
1698 1698 2054 1775 exeusationi,

2227 555 2333 593 rem
2378 549 2601 605 moueat,
2640 557 2703 594 ne
2730 541 2966 595 Ita'rett'co
2981 546 3097 614 jam
3125 544 3367 599 damnato
3391 541 3561 616 facere
3593 549 3732 604 velit.

2157 650 2463 729 Simplicius
2497 652 2782 723 episcopus
2822 651 3016 775 Aqago
3062 657 3317 726 episcopo
3356 658 3736 716 Constantino-

2813 736 2917 775 θοι
2982 740 3070 775 no.

2813 733 3070 792 petitam.

2229 810 2482 865 Miramur
2506 811 2709 881 pariter
2731 819 2784 866 et
2804 812 3072 877 dolemus,
3106 814 3175 868 ita
3203 815 3254 868 in
3283 824 3387 870 tum
3429 816 3736 873 dilectionis

2154 898 2335 955 animo
2354 899 2742 957 dissimulatum
2772 902 3014 959 lacerare
3044 904 3289 977 [latitare]
3315 920 3498 962 curam
3537 910 3738 964 carita-

2157 988 2225 1044 tis
2249 996 2306 1045 et
2333 989 2455 1045 iidei
2473 1030 2489 1054 ,
2519 1002 2575 1045 ut
2601 1005 2725 1046 cum
2749 991 3223 1049 christianissimus
3249 995 3539 1065 imperator
3558 1000 3734 1067 pieta-

2158 1078 2229 1135 tis
2250 1088 2307 1134 et
2331 1081 2608 1152 religionis
2638 1084 2892 1139 instinctu
2920 1083 3117 1140 alandi
3149 1098 3324 1152 me,et
3352 1089 3419 1144 de
3438 1092 3617 1146 causis
3649 1108 3737 1148 ec-

2156 1168 2471 1225 clesiasticis
2518 1172 2858 1239 consulendi,
2901 1174 3086 1231 ﬁdeles
3120 1185 3280 1245 atque
3313 1180 3541 1235 solertes
3571 1182 3739 1237 inter-

2157 1260 2371 1315 nuntios
2407 1261 2721 1329 destinaret.
2747 1267 2862 1333 ipse
2894 1274 2950 1323 et
2975 1266 3201 1322 alternae
3223 1268 3410 1337 gratiae
3432 1280 3486 1324 et
3514 1272 3739 1341 vigilan-

2157 1349 2244 1404 tia:
2288 1351 2568 1419 pastoralis
2610 1352 2828 1416 oblitus.
2860 1368 2960 1409 nec
2984 1354 3185 1425 alloqui
3218 1371 3317 1412 nos
3350 1358 3604 1424 volueris,
3636 1377 3739 1416 nec

2156 1442 2223 1498 de
2245 1441 2329 1501 his
2355 1458 2473 1512 qua!
2497 1444 2567 1503 ad
2596 1444 2877 1503 catholicas
2903 1448 3148 1504 veritatis
3167 1450 3469 1511 custodiant
3501 1452 3740 1521 pertine—

2156 1533 2283 1590 bant
2329 1535 2553 1592 duxeris
2593 1538 2937 1595 instruendos
2967 1555 2982 1593 :
3022 1549 3183 1611 atque
3211 1541 3352 1611 ideo,
3384 1544 3546 1598 frater
3572 1547 3743 1605 caris—

2156 1626 2310 1695 sime,
2344 1642 2463 1697 quae
2490 1642 2597 1683 non
2621 1628 2889 1685 immerito
2918 1632 3094 1686 cernis
3116 1632 3284 1689 libera
3319 1634 3598 1692 aifactione
3626 1639 3743 1692 cul-

2158 1716 2294 1785 pari,
2324 1718 2530 1786 potiore
2548 1717 2823 1788 diligentia
2848 1722 3491 1795 repensando,cognosee
3517 1728 3745 1801 proinde

480 1806 637 1862 quam
666 1790 956 1851 necessitas
972 1789 1117 1863 iecit,
1147 1790 1448 1847 exstitimus
1472 1807 1485 1855 :
1510 1792 1631 1871 quia
1654 1790 1793 1871 quod
1816 1790 2050 1849 volunta-

2158 1807 2457 1877 delegatum
2494 1809 2587 1864 tibi
2628 1825 2824 1865 munus
2864 1789 3201 1882 impendens,
3240 1789 3430 1871 sensus
3464 1789 3585 1873 tuos
3615 1834 3745 1888 pru.

482 1883 619 1949 rium
650 1896 756 1939 non
788 1890 871 1945 est
909 1881 1087 1941 vocari
1118 1896 1225 1943 non
1259 1890 1436 1953 potest
1484 1881 1535 1945 in
1579 1895 1805 1947 reatum.
1841 1883 1905 1943 Et
1935 1882 2057 1943 ideo

483 1990 579 2043 per
594 1975 810 2032 fratrem
830 1983 878 2028 et
910 1974 1284 2044 coepiscopum
1311 1982 1549 2029 nostrum
1583 1975 1943 2042 Anastasium,
1970 1973 2061 2044 qui

483 2083 545 2122 ex
568 2066 821 2147 praedicta
849 2065 1068 2136 regione
1093 2065 1328 2121 directus
1363 2075 1464 2132 est,
1498 2066 1688 2129 ilttcrls
1714 2081 1926 2143 quoque
1958 2076 2061 2128 tua:

484 2157 786 2223 dilationis
815 2158 1069 2231 acceptis,
1098 2157 1289 2223 alterni
1340 2156 1762 2221 vicissitudinem
1793 2154 2061 2219 sermonis

483 2262 587 2309 ture
624 2250 954 2307 reddidimus
999 2248 1266 2315 eharitati,
1298 2246 1602 2303 necessario
1640 2246 1817 2302 fratris
1850 2260 1901 2302 et
1945 2263 2064 2303 coe-

484 2343 687 2413 piseOpi
708 2343 875 2399 nostri
894 2340 1231 2397 Caiendionis
1257 2340 1614 2401 sacerdotium
1635 2339 2061 2409 gremloaposto-

482 2436 599 2499 licet
625 2435 769 2499 sedis
804 2434 1061 2509 amplexi,
1091 2433 1145 2489 in
1186 2433 1515 2490 consortium
1543 2441 1783 2489 nosuum
1815 2446 1910 2504 per
1934 2446 2061 2502 graq

484 2534 613 2593 tiam
638 2529 833 2585 Christi
859 2527 954 2583 Dei
974 2510 1147 2583 nostri
1172 2535 1336 2581 tanta:
1358 2525 1504 2579 urbis
1535 2526 1829 2578 antistitem
1850 2524 2061 2593 collegii

483 2623 678 2676 unione
699 2631 1061 2681 numeramus.
1086 2613 1340 2675 Miramur
1354 2625 1529 2669 autem
1554 2615 1680 2670 nihil
1706 2629 1802 2670 nos
1827 2614 1895 2671 de
1920 2624 2060 2670 statu

484 2711 833 2775 Antiocheam
866 2710 1120 2769 Ecclesiae
1150 2719 1200 2765 te
1247 2711 1547 2772 instruente
1587 2708 1862 2775 didicisse,
1902 2723 2061 2778 quem

482 2818 624 2861 nunc
650 2804 723 2861 ita
753 2801 957 2861 habere
980 2816 1041 2858 se
1069 2801 1453 2871 comperimus,
1486 2809 1545 2857 ut
1576 2799 1803 2870 improbi
1836 2815 1934 2869 per
1962 2814 2058 2856 oc-

481 2895 751 2950 casionem
797 2892 973 2955 obitus
1003 2894 1024 2931 '
1052 2901 1253 2948 sancta:
1290 2892 1563 2947 memoria:
1599 2890 1864 2946 Timmhei
1907 2905 2059 2946 eam-

479 2987 608 3051 dem
661 2986 952 3054 Ecclesiam
1011 2994 1273 3049 conentur
1320 2985 1519 3049 habere
1568 2985 1853 3055 captivam.
1906 2983 2061 3049 Unde

482 3077 746 3149 agendum
769 3086 850 3139 est
873 3077 1151 3139 dilectioni
1178 3085 1284 3137 tute
1313 3091 1438 3141 cum
1467 3076 1890 3132 clementissimo
1911 3076 2060 3155 prim

2164 1898 2351 1954 denter
2369 1900 2578 1967 attolle,
2618 1910 2671 1957 et
2698 1916 2795 1971 pro
2825 1904 3038 1959 tuendis
3068 1905 3521 1964 Chalcedonensis
3552 1910 3742 1980 synodi

2162 1994 2465 2049 constitutis
2504 1994 2853 2052 vehementer
2878 1997 3115 2067 invigila,
3146 2013 3214 2054 ne
3245 2015 3337 2067 per
3361 2001 3741 2072 negligentiam

2110 2146 2111 2149 η
2161 2085 2528 2157 desidiamque
2573 2098 2809 2143 nostram
2856 2089 3178 2159 subrepatur
3235 2093 3485 2161 gregibus
3532 2093 3745 2155 Domini

2162 2177 2358 2234 iethale
2385 2178 2721 2248 dispendium
2745 2179 2852 2251 [ΑΙ.
2874 2178 3251 2252 suspendium].
3279 2181 3457 2250 Nuper
3481 2184 3550 2237 ab
3572 2183 3741 2254 Egy-

2164 2267 2269 2335 ptia
2299 2267 2528 2338 synodo,
2560 2284 2677 2335 qure
2702 2278 2753 2322 ct
2788 2285 3009 2323 numero
3037 2270 3282 2338 plurima,
3314 2282 3367 2327 et
3400 2272 3519 2328 fidei
3555 2275 3743 2327 catho-

2164 2358 2279 2414 lica:
2313 2370 2454 2415 esset
2500 2361 2879 2415 communione
2906 2362 3140 2431 suffulta,
3164 2376 3322 2433 atque
3360 2367 3427 2418 ab
3456 2367 3569 2435 ipso
3598 2369 3745 2426 omni

2162 2451 2547 2520 propemodum
2578 2451 2726 2507 clero
2748 2452 3125 2507 Alexandrinae
3156 2453 3299 2508 sedis
3325 2455 3390 2508 ad
3414 2471 3510 2509 nos
3533 2472 3601 2510 ex
3627 2473 3743 2510 mo-

2162 2556 2219 2597 re
2248 2542 2437 2597 relatio
2477 2543 2637 2599 missa
2671 2541 2943 2613 patefecit,
2968 2552 3169 2598 sancta:
3214 2546 3487 2602 memoriae
3518 2548 3741 2603 fratrem

2162 2632 2447 2698 quemdam
2480 2632 2781 2706 [quondam]
2806 2641 2860 2688 ct
2881 2632 3254 2703 coepiscopum
3285 2645 3523 2691 nostrum
3546 2638 3749 2693 obiisse

2160 2721 2526 2787 Timotheum,
2576 2723 2737 2792 inque
2774 2722 2891 2790 ejus
2927 2722 3094 2777 vicem
3127 2737 3362 2779 consona
3388 2725 3621 2780 fidelium
3649 2742 3741 2781 vo-

2163 2813 2373 2868 luntate
2389 2812 2672 2878 Joannem,
2696 2814 2780 2867 cui
2802 2813 2869 2868 ad
2887 2815 3245 2869 sacerdotium
3268 2825 3518 2872 constare
3546 2817 3739 2872 crede-

2166 2916 2353 2961 rentur
2393 2906 2593 2969 omnia,
2625 2905 2990 2976 subrogatum,
3025 2916 3084 2959 ut
3126 2906 3256 2960 nihil
3287 2907 3509 2961 omnino
3539 2918 3747 2963 restare

2163 2996 2465 3061 videbatur,
2497 2996 2667 3051 nisiut
2696 2995 2807 3051 Deo
2840 3006 3024 3051 nostro
3046 2997 3242 3066 gratias
3271 2998 3553 3068 agentibus
3588 2999 3744 3054 nobis

2162 3095 2321 3156 atque
2351 3086 2729 3165 gaudentibus,
2761 3094 2820 3140 ut
2842 3086 2960 3141 sine
2988 3087 3236 3156 strepitu,
3278 3099 3417 3156 quoa
3448 3087 3743 3144 catholicus

479 3169 616 3245 cipe,
650 3185 717 3224 ne
744 3168 1076 3224 convellatur
1094 3167 1195 3224 sub
1224 3168 1340 3237 ejus
1383 3165 1632 3237 imperio,
1673 3167 1813 3237 quod
1846 3167 2050 3238 tyranni

2164 3177 2215 3231 in
2238 3177 2471 3233 defuncti
2495 3177 2853 3232 ministerium
2881 3178 3231 3233 successisset
3260 3177 3504 3244 antistes,
3527 3189 3744 3249 aposto-

482 3260 813 3335 temporihus
850 3261 1024 3335 potuit
1058 3259 1312 3323 obtineri.
1356 3260 1485 3321 Data
1525 3258 1700 3319 idibus
1728 3259 1853 3317 Julii
1882 3259 2055 3331 [anno

477 3354 608 3413 Chr.
636 3352 787 3425 483].
826 3352 1095 3413 Severino
1120 3351 1239 3417 viro
1267 3352 1567 3413 clarissimo
1597 3352 1839 3410 consule.

979 3490 1001 3525 ⁸
1031 3487 1360 3553 EPISTULA
1390 3488 1557 3553 XV"-

862 3597 1107 3639 SIIPLICII
1144 3598 1293 3638 ΡΑΡΒ
1323 3598 1391 3637 ΑΒ
1428 3595 1663 3637 εωωει.

475 3675 812 3747 Conqueritur
830 3692 933 3730 una
955 3691 1071 3737 eum
1103 3674 1425 3745 imperatoris
1455 3674 1640 3747 Litteris
1665 3675 1728 3747 ait
1759 3691 1815 3731 eo
1848 3674 2057 3747 flittet'as

546 3744 647 3800 non
666 3748 940 3812 accepisse,
972 3757 1019 3800 et
1053 3744 1426 3815 imperatorem,
1453 3744 1662 3815 Petrum
1684 3744 1974 3799 Itrrreticum
2000 3745 2054 3798 in

547 3817 878 3879 Alexandria
906 3814 1201 3889 episwptmt
1223 3824 1407 3889 petere,
1426 3815 1548 3875 dum
1572 3814 1680 3885 ipse
1699 3826 1909 3887 paratus
1930 3825 2054 3873 esset

539 3955 560 3990 ι
591 3955 747 4027 Anno
770 3953 1141 4027 Redemptoris
1166 3952 1489 4027 nostrilss,
1517 3953 1619 4008 sub
1641 3953 1921 4027 consulatu
1949 3952 2049 4009 Se-

472 4024 661 4101 verini.
692 4023 993 4101 Stephanus
1018 4024 1199 4101 iunior
1228 4023 1906 4101 Antiocltcnusepiscopus
1936 4032 2046 4079 ter-

470 4099 544 4152 tio
569 4111 708 4152 anno
731 4094 873 4151 sedis
896 4093 1094 4149 sume:
1131 4094 1229 4149 hac
1261 4093 1364 4148 vita
1396 4095 1642 4164 migravit
1668 4093 1681 4146 ξ
1711 4093 2047 4164 collectoque

469 4166 664 4223 ibidem
694 4166 899 4236 synodo
921 4164 1213 4236 vicinorum
1243 4167 1639 4236 episcoporum,
1665 4164 1866 4220 electus
1888 4176 1970 4236 est
1994 4166 2047 4225 in

468 4238 583 4305 ejus
606 4234 781 4291 locum
806 4234 1094 4290 Calendion
1122 4236 1427 4305 episcopus,
1452 4234 1564 4303 qui,
1587 4244 1646 4287 ut
1666 4242 1890 4305 testatur
1917 4235 2047 4305 Eva-

468 4302 615 4375 grius
652 4305 748 4360 lih.
780 4305 1066 4375 tureapite
1103 4303 1190 4375 ιρ,
1221 4302 1409 4375 omnes
1436 4302 1494 4357 se
1541 4302 2047 4375 convenientes__inj

468 4370 622 4429 duxit
647 4384 703 4427 ut
728 4382 838 4427 tum
863 4370 1117 4427 heretico
1130 4371 1434 4434 Timotheo,
1460 4380 1570 4425 tum
1592 4372 1783 4424 litteris
1802 4370 2045 4426 Basilisci

467 4445 758 4514 generatim
772 4443 835 4496 ad
862 4458 1047 4514 omnes
1070 4441 1607 4514 scriptis,a_na_t_hema
1627 4441 1897 4514 dicereut:
1930 4440 2045 4514 qui.

468 4510 573 4587 que
594 4514 825 4587 Zenonis
857 4512 1140 4587 permissu,
1164 4512 1355 4587 magni
1400 4512 1544 4587 illius
1569 4510 1836 4587 Eustatliii
1865 4510 2044 4564 Antio-

468 4580 627 4640 cheni
654 4580 913 4655 episcopi,
936 4582 1004 4655 de
1027 4596 1132 4655 quo
1164 4581 1215 4655 in
1247 4580 1607 4655 notisNicazni
1627 4580 1836 4655 coiicilii
1869 4595 2040 4655 supra

468 4632 2042 4729 ggisis‘;sg;s}aiqissanasumessent.“sane
2071 4632 2120 4691 ι)

468 4721 525 4778 ἱιῖ
542 4721 1466 4778 scdeAntioeltenaconﬁrmandum
1492 4735 1609 4775 esse
1642 4722 1861 4774 missum
1889 4721 2033 4774 Ana-

466 4796 690 4849 stasium
736 4807 1049 4863 epscopum,
1074 4807 1303 4861 eumque
1330 4789 1677 4863 Calendionis
1722 4790 2040 4863 electircn-

466 4860 822 4920 tirmationem
850 4860 917 4935 ab
930 4860 1227 4935 apostolica
1249 4861 1376 4935 sede
1404 4862 1719 4935 impetrasse
1736 4860 2041 4935 Simplicius

486 4950 601 5004 rapa
630 4935 822 4989 Acaeio
844 4930 1743 5004 Constantinopolitanorenuntiat.
1761 4930 1898 5004 Quid
1922 4940 2040 5004 post

486 4952 601 5004 rapa
630 4952 822 4989 A03010
844 4952 1434 5003 bonswnunopuutano
1456 4952 1743 4987 renuntiat.
1761 4952 1898 5001 umu
1922 4952 2040 5001 μηδι

468 4952 585 5059 lucc
607 5003 868 5059 Aeacius?
899 5001 1274 5057 Calendionem
1308 5000 1543 5055 criminis
1574 5001 1716 5055 laesa:
1744 5001 2041 5069 maiestatis

466 5090 639 5140 reum,
668 5076 910 5142 ad]:ch
941 5072 1254 5143 episcopatu
1280 5071 1552 5143 indignum
1580 5086 1698 5143 esse
1725 5071 2036 5138 denuntiat;

468 5155 577 5198 tum
604 5144 744 5215 quod
769 5141 1004 5215 factiosis
1035 5142 1371 5213 quibusdam,
1401 5141 1457 5195 ut
1488 5142 1563 5215 ait
1594 5141 1872 5215 Evagrius,
1911 5156 2040 5196 con-

464 5227 543 5269 tra
599 5212 866 5270 Zenonem
919 5212 1258 5276 adhzesisset;
1290 5220 1399 5267 tum
1443 5213 1603 5266 etiam
1650 5212 1790 5280 quod
1843 5227 2041 5273 nomen

464 5283 707 5353 ejusdem
750 5284 989 5353 Zenonis
1025 5297 1057 5337 e
1110 5282 1374 5352 diptychis
1403 5282 1744 5353 Aahsmlissct.
1792 5281 2040 5353 Gelasius

465 5351 625 5422 epist.
669 5356 727 5409 li
763 5355 828 5407 ad
859 5351 1179 5408 Dardanos.’
1205 5353 1279 5415 ita
1326 5351 1415 5420 qui
1445 5352 1824 5422 confessorem
1850 5352 2039 5409 Eusta-

467 5425 634 5478 Ihium
652 5425 705 5487 in
733 5425 951 5481 nomine
970 5424 1291 5478 covifessoris
1310 5422 1532 5489 recepit,
1553 5421 1866 5477 suuinendo
1888 5424 2038 5475 exsi-

466 5495 593 5548 lium
626 5495 979 5550 confeSsionis
1007 5494 1229 5565 gloriam
1258 5500 1339 5546 est
1368 5502 1715 5565 consecutus.
1742 5490 1870 5565 Post
1892 5508 2038 5565 anto—

466 5576 571 5619 tum
600 5566 983 5627 Calendionem,
1013 5561 1211 5619 'subdit
1265 5564 1519 5631 Evagrius
1546 5577 1663 5631 eap.
1700 5561 1764 5615 16
1794 5562 2035 5630 prmdicli

466 5638 608 5700 libri,
638 5635 821 5690 Petrus
842 5633 997 5686 Fullo
1020 5644 1345 5703 cognomento
1369 5632 1657 5699 Cuaplteus,
1686 5633 1771 5701 qui
1799 5644 1914 5686 ante
1941 5632 2037 5685 Ca-

466 5708 755 5760 lendionem
780 5716 824 5758 et
850 5704 1168 5774 Stephanum
1190 5708 1451 5772 episcopus
1474 5704 1567 5771 fuit
1598 5703 1895 5774 Antiochiet,
1930 5718 2035 5770 per-

463 5792 636 5843 peram
681 5780 847 5831 sedem
896 5773 1243 5845 recuperauit:
1272 5790 1439 5842 caquc
1488 5790 1581 5843 per
1613 5774 1713 5826 vim
1754 5783 1806 5827 et
1850 5773 2031 5825 dultttu

2164 3270 2279 3325 licae
2305 3284 2520 3340 quoque
2561 3269 2947 3324 molerationis
2972 3283 3193 3323 assensu
3222 3269 3453 3324 votivam
3504 3282 3744 3329 sumeret

2164 3360 2467 3416 firmitatem
2495 3378 2507 3413 :
2532 3374 2651 3416 cum
2674 3374 2801 3415 ecce
2824 3359 3116 3415 secundum
3139 3361 3583 3417 consuetudinem
3610 3364 3741 3417 mihi

2160 3452 2284 3531 talia
2311 3453 2615 3522 disponenti
2649 3451 3069 3522 tranquillissimi
3102 3448 3355 3521 principis
3385 3454 3583 3522 scripta
3612 3464 3745 3531 sunt
3832 3482 3837 3487 ο

2159 3526 2388 3608 reddita,
2417 3543 2611 3612 quibus
2641 3551 2997 3597 memoratum
3030 3550 3280 3611 tanquam
3306 3534 3526 3610 periurii
3563 3528 3745 3613 reum,

2156 3633 2297 3703 quod
2330 3632 2648 3688 fraternitati
2673 3646 2886 3702 quoque
2909 3642 3012 3686 tua:
3035 3646 3140 3685 non
3166 3645 3285 3686 esse
3301 3631 3569 3687 diceretur
3585 3632 3741 3688 inco-

2156 3724 2391 3794 gnitum,
2433 3723 2736 3779 sacerdotio
2777 3722 3083 3793 perhiberet
3123 3722 3420 3793 indignum.
3457 3724 3608 3779 Illico
3654 3740 3742 3779 re-

2157 3816 2295 3875 traxi
2322 3817 2534 3889 pedem,
2567 3823 2621 3875 et
2650 3828 2825 3873 meam
2848 3814 3094 3877 revocavi
3125 3829 3286 3889 super
3315 3816 3432 3885 ejus
3455 3815 3746 3889 conﬁrma-

2156 3954 2390 4010 vicissim
2427 3961 2685 4022 occupata
2708 3993 2726 4019 ,
2756 3952 3269 4022 Theopaschitarum
3310 3951 3565 4013 hmresim
3594 3968 3747 4023 stupe

2155 4025 2464 4083 damnatam
2495 4026 2667 4091 palam
2710 4040 2816 4078 nun
2862 4034 3067 4081 tantum
3100 4025 3475 4093 promulgavit,
3498 4024 3596 4083 sed
3633 4027 3737 4091 ipsi

2153 4094 2315 4150 etiam
2337 4097 2687 4151 sanctissimae
2710 4094 2968 4165 Trinitati
2987 4093 3044 4149 in
3078 4095 3292 4165 trisagio
3310 4095 3506 4165 hymno
3522 4108 3743 4155 crucem

2154 4167 2427 4233 ascripsit.
2462 4165 2626 4219 verbo
2661 4174 2715 4219 et
2750 4179 2913 4231 opere
2940 4163 3165 4226 docens,
3213 4163 3319 4218 non
3345 4163 3504 4218 unam
3530 4172 3739 4221 tantum

2156 4248 2464 4302 personam,
2514 4233 2607 4287 sed
2646 4242 2807 4289 totam
2836 4246 3233 4289 sacrosanctam
3264 4234 3578 4291 Trinitatem
3614 4247 3740 4299 pas-

2156 4301 2268 4356 sam
2301 4319 2445 4359 esse.
2463 4301 2614 4359 Unde
2630 4318 2787 4369 quam
2810 4302 3155 4360 vehementer
3178 4304 3465 4359 Orientalis
3496 4303 3735 4361 Ecclesia

2154 4372 2362 4429 turbata
2411 4372 2569 4427 fuerit
2612 4372 2749 4429 infra
2793 4372 3028 4433 dicetur.
3072 4374 3205 4432 Vide
3253 4375 3541 4435 Baronium
3591 4389 3736 4431 anno

2150 4438 2278 4507 482,
2306 4458 2451 4497 ιιιιιιι.
2485 4442 2609 4507 2,5.
2638 4444 2762 4497 Sev.
2798 4443 3000 4501 Brutus.

2224 4513 2242 4542 '
2286 4510 2601 4567 Timotheus
2650 4512 3049 4567 Alexandrinus
3102 4514 3383 4581 episcopus
3436 4513 3740 4569 catholicus

2145 4593 2287 4636 anno
2308 4582 2414 4637 492
2433 4582 2573 4636 diem
2604 4582 2753 4646 obiit,
2777 4597 2898 4637 cum
2922 4583 3149 4638 sedisset
3165 4598 3332 4638 annos
3346 4584 3439 4639 25.
3455 4584 3736 4641 Liberatus

2145 4665 2265 4721 cap.
2308 4652 2394 4710 16.
2439 4653 2521 4707 Ab
2560 4653 2826 4723 episcopis
2854 4652 3069 4723 [Σειριί
3115 4654 3166 4706 in
3203 4668 3387 4723 unum?
3414 4655 3734 4711 coeuntibus

2146 4723 2415 4777 communi
2451 4737 2716 4777 consensu
2742 4722 2979 4777 Joannes
3008 4725 3169 4776 homo
3200 4722 3539 4781 orthodoxus
3571 4724 3623 4777 in
3657 4724 3735 4778 ιο.

2146 4792 2558 4873 cum_ejt_tsdem
2580 4793 2906 4873 subrogatus
2928 4791 3049 4873 fuit1
3083 4793 3353 4873 Missaest
3382 4794 3734 4873 legationum

2146 4861 2427 4919 electionis
2471 4861 2933 4917 confirmationem
2966 4871 3192 4930 peteret.
3230 4862 3397 4930 llujus
3444 4862 3734 4931 legationis

2146 4932 2315 4991 relatu
2337 4948 2459 4988 cum
2486 4940 2681 4989 statum
2710 4933 3060 4989 Antiochensi
3085 4932 3341 4987 Ecclesia:
3370 4933 3604 5000 pontifex
3635 4948 3731 4987 co-i

2146 5003 2439 5070 gnovisset,
2462 5016 2691 5071 eumque
2719 5004 2945 5056 Aeacius
2977 5000 3205 5059 subdole
3228 5012 3281 5057 et
3303 5004 3571 5061 malitiose
3599 5003 3731 5057 sub-

2148 5072 2410 5139 ticuisset,
2450 5081 2765 5139 sequentem
2810 5071 2884 5127 illi
2913 5072 3200 5136 epistolam
3242 5073 3309 5129 i7
3357 5073 3596 5141 scripsit.
3628 5088 3729 5140 qua

2146 5156 2266 5201 eum
2302 5160 2404 5195 non
2434 5142 2701 5197 immerito
2724 5141 2995 5210 redarguit
3015 5142 3157 5211 quod
3177 5141 3244 5197 de
3270 5143 3429 5199 rebus
3453 5143 3582 5196 tanti
3617 5158 3733 5196 mo-

2148 5214 2311 5266 menti
2345 5212 2472 5267 nihil
2502 5212 2829 5279 scripsissel,
2881 5227 3005 5269 cum
3036 5227 3102 5269 ex
3133 5212 3338 5267 credito
3385 5212 3487 5271 sibi
3518 5212 3680 5265 viCuri
3703 5234 3732 5261 ιτ

2147 5283 2477 5406 graisfec'turae
2524 5282 2668 5343 sedis
2711 5283 3023 5351 apostolicae
3049 5282 3231 5341 cilicio
3272 5281 3408 5338 illud
3435 5284 3610 5339 facere
3639 5282 3733 5336 de-

2186 5368 2237 5406 ut
2271 5367 2329 5406 se
2357 5391 2373 5406 .

2186 5362 2373 5408 uisset.

2217 5422 2237 5451 ³
2264 5425 2378 5502 Qua
2408 5422 2688 5502 occasione
2720 5420 3090 5502 cpistola
3128 5422 3326 5491 scripta
3361 5422 3446 5502 sit
3467 5420 3576 5476 dixi
3637 5436 3730 5474 su-

2147 5506 2238 5557 pra
2284 5492 2336 5546 in
2382 5493 2521 5551 notis
2550 5493 2791 5561 cpistola:
2820 5492 3044 5549 decima:
3082 5504 3249 5546 sextze
3302 5492 3481 5546 verbis
3536 5501 3731 5546 sancta!

2146 5564 2399 5632 memoria:
2438 5562 2709 5621 Timothei.
2753 5564 3109 5632 Subrogatum
3154 5562 3208 5619 in
3248 5563 3423 5616 locum
3454 5561 3723 5617 Timothei

2144 5630 2404 5685 Joannem
2442 5633 2587 5687 Zeno
2615 5634 2909 5701 imperator
2936 5630 3174 5699 impulsu
3209 5634 3385 5685 Acacii
3418 5637 3724 5701 episcopum

2143 5702 2344 5753 amovit
2364 5742 2376 5763 .
2404 5704 2560 5771 eique
2586 5702 2870 5757 nefandum
2909 5702 3053 5755 illum
3094 5703 3304 5757 Petrum
3335 5702 3571 5769 Moggum
3603 5711 3728 5753 autc

2144 5771 2407 5837 dejectum
2462 5774 2772 5827 lizcrcticum
2817 5773 3133 5839 substituit,
3179 5788 3245 5827 eo
3284 5782 3542 5840 praetextu
3580 5772 3721 5838 quod
