4080 6350
288 351 351 412 57
1570 362 1575 365 ’
1642 345 2001 413 ,EPISTOLA
2042 348 2205 407 XVII.
3511 355 3577 408 δῖ

296 470 438 523 tione
480 465 833 536 sententiam,
880 478 949 519 ne
990 461 1114 534 quid
1170 470 1359 519 contra
1406 470 1611 522 tantum
1678 479 1741 521 ac
1787 465 1894 521 tale
1920 469 1968 527 A
1999 466 2224 522 subinde
2254 482 2372 537 quae
2397 475 2669 537 gerantur,
2696 485 2886 541 qurere
2908 470 3137 541 gerenda
3164 472 3290 539 sint,
3314 476 3579 531 veraciter
3652 526 3655 529 η

299 557 671 615 testimonium
701 569 1040 629 praepropere
1056 552 1247 611 fecisse
1268 553 1562 627 iudicarer.
1605 554 1715 614 Sed
1747 554 1877 613 illud

298 666 385 706 me
428 663 536 704 non
572 646 922 703 mediocriter
960 646 1085 703 fecit
1122 646 1406 703 attonitum
1432 688 1448 719 ,
1498 647 1641 718 quod
1692 647 1882 704 iisdem

301 742 501 797 litteris
539 741 652 795 suis
697 739 940 803 Petrum,
970 739 1059 808 qui
1078 739 1454 799 hazreticorum
1482 739 1661 795 socius
1679 738 1881 797 dudum

294 832 571 888 exstitisse
634 831 893 903 probetur
949 839 1004 887 et
1066 832 1353 905 princeps,
1404 832 1548 902 quod
1605 833 1885 891 conscien-

295 926 421 979 tiam
464 924 770 979 dilectionis
815 931 921 977 tute
948 924 1291 981 meminimus
1330 938 1436 979 non
1469 925 1659 993 latere,
1690 926 1890 981 instru-

293 1016 612 1087 etiouesque
685 1014 829 1086 ipsas
892 1014 1085 1087 quibus
1135 1013 1292 1073 fuerit
1340 1015 1682 1085 confutatus,
1730 1030 1889 1073 nosse

294 1106 649 1179 conﬁdimus,
688 1121 958 1181 quemque
998 1107 1161 1161 etiam
1198 1106 1420 1165 dubium
1462 1123 1570 1167 non
1606 1110 1676 1165 sit
1715 1108 1891 1167 adhuc

294 1207 451 1253 extra
509 1197 944 1257 communionem
996 1196 1191 1253 durare
1237 1197 1593 1267 catholicam,
1642 1212 1892 1270 smpeque

297 1305 398 1353 nos
446 1290 516 1346 de
555 1289 746 1347 eodem
793 1304 859 1349 ex
902 1289 990 1345 illa
1037 1288 1168 1347 urbe
1207 1289 1457 1359 pellendo
1501 1290 1783 1363 scripsisse
1824 1291 1894 1348 sit

295 1393 530 1450 certum,
555 1384 621 1439 ad
650 1384 884 1454 praelata:
911 1381 1172 1444 Ecclesia:
1197 1384 1441 1454 regimen
1469 1383 1742 1442 existimet
1771 1400 1894 1455 pro-

293 1477 650 1535 vehendum:
682 1490 912 1547 cumque
941 1475 1222 1547 promittat
1260 1485 1427 1536 rectas
1466 1476 1588 1533 ﬁdei
1626 1476 1889 1535 deﬁnitio-

299 1572 461 1627 nibus
484 1569 775 1630 convenire
803 1610 818 1637 ,
849 1583 877 1622 a
906 1569 1058 1637 cujus
1087 1570 1268 1639 utique
1297 1567 1459 1641 (sicut
1485 1569 1731 1639 superius
1760 1568 1893 1639 dixi)

292 1659 570 1719 consortio
594 1670 701 1716 tam
728 1658 874 1731 degit
894 1667 1205 1726 extrancus,
1234 1672 1393 1731 quam
1420 1656 1489 1715 ah
1515 1657 1633 1728 ejus
1653 1672 1895 1715 commn-

295 1753 463 1809 nione
491 1751 757 1809 discretus
786 1764 863 1809 es:
886 1792 903 1819 ,
934 1748 1001 1807 ad
1033 1764 1193 1820 quam
1220 1749 1263 1807 si
1295 1763 1437 1807 nunc
1456 1749 1640 1832 redire
1672 1759 1893 1807 comen-

294 1844 369 1898 dit
398 1885 415 1907 ,
446 1844 549 1905 nisi
577 1859 676 1916 per
705 1841 1126 1901 satisfactionem
1165 1840 1481 1898 Christianis
1515 1841 1713 1912 regulis
1737 1856 1882 1899 com-
1916 1842 1959 1902 Β

296 1945 566 2011 petentem
608 1950 714 1991 non
751 1943 926 2004 potest
970 1933 1225 2001 introire,
1265 1946 1331 1989 ac
1366 1932 1589 2003 perinde
1630 1931 1887 2005 [proinde]

292 2041 402 2085 non
452 2026 522 2085 ad
568 2025 834 2095 fastigium
880 2023 1230 2083 sacerdotalis
1277 2022 1551 2093 dignitatis
1588 2023 1885 2088 accedere;

291 2118 389 2173 sed
419 2115 646 2175 medela:
665 2157 682 2183 ,
713 2131 835 2188 qua:
872 2123 991 2186 post
1022 2113 1411 2189 paenitudinem
1439 2115 1738 2187 pratstanda
1765 2126 1849 2172 est
1869 2156 1885 2183 ,

291 2221 692 2277 consequenter
713 2205 885 2278 aptari
907 2205 1102 2263 animae
1128 2219 1243 2265 suae
1268 2206 1489 2276 cupiens
1515 2206 1888 2267 reconciliatus

289 2301 549 2355 auxilium
574 2342 589 2363 .
618 2314 727 2359 non
756 2299 976 2369 gradum
1005 2299 1201 2357 summi
1229 2296 1448 2357 honoris
1474 2298 1729 2356 adectans
1748 2340 1765 2361 .
1794 2300 1887 2370 qui

288 2392 379 2448 diu
408 2392 747 2451 convincitur
770 2391 935 2448 fuisse
963 2405 1253 2460 pervcrsus
1277 2432 1293 2455 ,
1320 2406 1388 2451 ne
1417 2406 1511 2460 per
1534 2391 1768 2459 speciem
1802 2406 1888 2447 re-

290 2483 525 2541 meantis
552 2496 655 2537 non
688 2481 986 2539 remedium
1012 2482 1241 2537 sinceras
1272 2479 1593 2537 salvationis
1624 2481 1881 2551 inquirat,

291 2576 387 2631 sed
436 2576 743 2633 facultatem
776 2572 1131 2649 propaganda:
1166 2572 1444 2643 pravitatis
1479 2572 1739 2631 inveniat.
1769 2572 1886 2640 Quo

285 2666 433 2721 facto
470 2681 575 2725 non
623 2666 768 2725 hunc
802 2664 977 2736 magis
1011 2666 1079 2719 ab
1116 2678 1303 2723 errore
1328 2662 1695 2729 detrahimus,
1723 2677 1883 2732 qualn

286 2758 585 2830 perniciem
619 2758 866 2817 ﬁdelibus
896 2757 1232 2829 irrogamus,
1266 2770 1439 2829 eoque
1468 2756 1628 2812 modo
1655 2754 1884 2817 Chaleeo

285 2852 550 2909 donensis
586 2850 779 2925 synodi
817 2858 1016 2909 statuta
1045 2849 1342 2913 violantes,
1373 2848 1578 2905 aditum
1614 2863 1755 2905 saeva
1786 2864 1885 2907 co-

286 2945 567 3015 pulatione
610 2943 895 3017 grassandi
950 2941 1005 2999 in
1062 2941 1361 2999 Ecclesiatu
1407 2940 1551 3011 lupis
1600 2942 1887 3010 rapacibus

284 3035 579 3111 aperimus.
616 3034 854 3109 Denique
884 3033 953 3089 ab
976 3032 1181 3090 eisdem
1208 3032 1361 3102 ipsis,
1387 3045 1509 3092 cum
1539 3031 1730 3101 quibus
1757 3032 1884 3092 olim

283 3144 313 3183 a
348 3125 617 3186 catholica
648 3124 1056 3197 participatione
1081 3123 1290 3183 divisus
1322 3131 1436 3190 est,
1464 3124 1707 3193 pontifex
1744 3122 1887 3181 dici-

282 3227 371 3275 tur
400 3218 662 3290 postulari
707 3235 722 3272 :

279 3319 495 3366 rectam
534 3310 691 3370 ﬁdem
722 3310 881 3376 velle,
912 3309 1007 3367 sed
1043 3310 1096 3367 in
1137 3309 1373 3379 primulo
1414 3309 1635 3380 proprio
1659 3307 1877 3365 nefandi

279 3402 554 3474 dogmatis
591 3419 836 3475 quaerere
873 3412 1231 3474 potestatem;
1269 3418 1441 3474 neque
1481 3404 1619 3462 inter
1652 3402 1799 3473 ipsos
1829 3410 1888 3457 ct

280 3496 552 3553 veraciter
595 3496 893 3555 sentientes
930 3510 1035 3566 pax
1072 3495 1198 3553 inde
1232 3496 1404 3565 possit
1444 3495 1581 3555 ﬁndo
1610 3494 1883 3566 generari,

281 3588 431 3647 unde
454 3588 833 3647 hereticartun
852 3589 1115 3648 mentium
1133 3588 1331 3647 crescit
1354 3586 1561 3644 funesta
1583 3586 1880 3653 damnatio,

280 3688 339 3739 et
360 3679 754 3737 catholicorum
794 3680 1035 3740 succedit
1063 3678 1373 3739 miseranda
1401 3678 1705 3748 captivitas.
1741 3678 1887 3733 Tau-

281 3774 352 3829 tis
391 3773 561 3843 igitur
596 3771 750 3829 malis
779 3782 939 3843 atque
977 3772 1231 3843 periculis
1264 3787 1364 3841 pro
1389 3773 1673 3829 sacerdotii
1705 3772 1883 3842 quali-

283 3874 422 3931 tate,
451 3874 509 3921 et
535 3865 813 3927 catholicas
844 3865 1242 3935 praedicationis
1268 3864 1485 3931 intuitu,
1510 3872 1573 3918 ut
1597 3879 1699 3932 qua
1725 3871 1884 3934 potest

280 3958 495 4015 ratiOne
534 3956 809 4028 sapienter
842 3957 1111 4025 obsistas,
1155 3956 1403 4013 maximis
1444 3956 1680 4025 undique
1717 3956 1885 4010 rebus

279 4050 599 4119 astringoris
652 4066 665 4101 :
730 4063 831 4109 nec
870 4048 1143 4108 dileztioni
1191 4057 1297 4105 tua:
1327 4048 1409 4103 las
1450 4056 1533 4101 est
1571 4046 1622 4101 id
1666 4045 1883 4114 segnius

278 4143 519 4212 operari,
546 4139 690 4209 quod
734 4139 800 4198 ad
841 4141 1037 4197 animm
1065 4149 1169 4198 tute
1201 4154 1443 4205 causam,
1475 4137 1697 4192 honoris
1736 4136 1874 4191 testi-

282 4232 644 4298 mationisque
666 4240 973 4300 respectum
992 4247 1101 4288 non
1117 4231 1331 4286 dubitas
1359 4231 1648 4300 pertinere.
1673 4227 1882 4298 Oppor-

284 4322 603 4381 tunitatibus
634 4338 764 4392 ergo
791 4321 1042 4391 repertis,
1069 4322 1478 4378 clementissimi
1508 4321 1762 4391 principis
1782 4336 1879 4374 vo-

280 4414 551 4473 luntatem
566 4413 965 4470 incessabiliter
986 4428 1085 4482 pro
1102 4414 1207 4469 fide
1225 4414 1487 4468 catholica
1507 4411 1881 4482 supplicando,

278 4514 336 4563 et
367 4504 440 4559 ab
470 4503 558 4563 his
593 4503 785 4560 sedulo
822 4518 1077 4561 revocare
1112 4519 1231 4574 quae
1264 4503 1449 4558 nociva
1486 4512 1612 4559 sunt
1640 4502 1874 4573 dogmati

1988 557 2249 624 indicare,
2279 568 2333 613 ut
2365 558 2694 615 creditorum
2731 561 2939 620 tibimet
2975 561 3378 634 dispensatione
3407 567 3580 621 domi-

1987 648 2104 703 nica
2139 642 2546 704 talentorum'in
2576 649 2678 705 hac
2716 652 3155 722 multiplicatione
3184 655 3358 711 lidelis
3390 671 3580 713 servus

1990 741 2289 798 ostendaris
2311 784 2328 809 ,
2355 744 2401 799 si
2433 756 2538 800 non
2567 751 2771 800 tantum
2802 745 2858 801 in
2897 745 3133 803 Ecclesia
3165 750 3248 805 cui
3284 750 3576 818 praesides,

1990 833 2086 889 scd
2112 833 2417 904 ubicunque
2445 835 2686 903 potueris
2704 875 2720 901 ,
2750 850 2848 905 pro
2872 838 3080 893 unitate
3106 840 3370 895 catholica
3401 852 3455 896 et
3484 858 3573 911 put

1993 927 2230 996 paternis
2254 927 2657 983 deﬁnitionibus
2687 930 2914 984 suadere
2941 946 3043 986 non
3072 948 3286 989 renuas.
3321 935 3448 989 Data
3483 934 3571 988 idi-

1990 1016 2092 1072 bus
2118 1018 2272 1076 Juliis
2297 1019 2461 1090 (anno
2488 1020 2620 1079 Chr.
2654 1020 2806 1092 λεί),
2837 1021 3095 1077 Severino
3127 1024 3246 1081 viro
3282 1025 3568 1082 clarissime

1993 1108 2232 1165 consule.

2386 1380 2861 1439 FRAGMENTUM
2902 1383 3264 1443 EPISTOLIE

2389 1551 2633 1594 SIHPLICII
2664 1553 2812 1596 ΡΛΡΕ
2842 1555 2908 1597 AD
2940 1556 3203 1597 ZENONEI.

1998 1690 2189 1760 Incipit
2220 1691 2683 1771 epistola_sanct-.e
2726 1696 3002 1771 memorize
3035 1697 3295 1770 Simplicii
3333 1715 3481 1771 papa:
3512 1703 3577 1759 ad

2436 1762 2707 1820 Zenonem
2736 1767 3137 1835 imperatorem.

2410 1903 2554 1963 Inter
2583 1917 2762 1963 ca'tera
2785 1918 2830 1965 ct
2853 1908 2921 1963 ad
2952 1909 3141 1964 locant.

2061 2020 2171 2079 Sed
2198 2022 2307 2091 jam
2337 2022 2617 2078 veniamus
2641 2022 2709 2076 ad
2738 2037 2830 2076 eos
2861 2039 3089 2094 quorum
3112 2042 3275 2082 unum
3307 2043 3336 2083 a
3370 2032 3578 2098 pontiﬁ-

1989 2114 2078 2170 cio
2096 2112 2480 2170 Alesandrinaa
2501 2113 2754 2169 Ecclesia
2772 2114 3177 2179 secludendum,
3209 2120 3432 2174 alterum
3458 2122 3579 2182 huic

1992 2206 2390 2275 prmﬁciendum
2419 2206 2821 2276 tranquillitatis
2846 2216 2951 2262 tunc
2979 2210 3176 2278 scripta
3205 2215 3578 2280 pronuntiant,

1989 2314 2053 2355 ac
2078 2299 2272 2369 primo,
2306 2300 2350 2353 si
2375 2298 2548 2366 placet
2582 2313 2810 2368 persona
2829 2298 3008 2367 Petri,
3036 2302 3285 2357 meritum
3318 2306 3577 2375 expendae

1989 2404 2129 2448 mus.
2161 2388 2420 2444 Nimirum
2447 2390 2535 2444 hic
2575 2396 2658 2444 est
2691 2390 2933 2460 comples
2967 2392 3251 2461 parricidae
3276 2392 3435 2465 [forte
3458 2413 3580 2465 par-

1989 2479 2183 2551 ricidii]
2209 2479 2513 2545 Timothei,
2544 2489 2602 2535 et
2636 2481 2827 2535 exsilio
2864 2482 3201 2552 sempiterno
3228 2495 3410 2541 vestra
3452 2503 3580 2557 quo-

1988 2587 2092 2641 que
2129 2571 2372 2641 iussione
2398 2571 2763 2643 dignissimus.
2796 2572 2891 2628 llic
2921 2582 3106 2629 contra
3135 2576 3417 2633 veritatem
3446 2580 3582 2633 mili-

1989 2663 2217 2719 tantium
2264 2663 2445 2718 socius
2493 2677 2743 2734 semper,
2799 2673 2854 2719 ct
2907 2665 3115 2721 doctor.
3178 2667 3305 2735 Hic,
3360 2667 3431 2725 de
3478 2685 3585 2740 quo

1988 2754 2354 2813 Alexandrina
2383 2756 2520 2812 urbe
2544 2755 2796 2827 pellendo
2830 2772 2977 2828 saepe
3018 2774 3107 2814 me
3146 2759 3339 2816 litteris
3365 2776 3583 2831 rogasse

1988 2864 2098 2903 non
2123 2849 2343 2904 dubium
2370 2858 2480 2915 est;
2514 2848 2604 2918 qui
2630 2850 2675 2907 si
2699 2859 2841 2906 esset
2870 2860 3032 2907 recta:
3062 2853 3205 2919 ﬁdei,
3237 2854 3289 2909 in
3319 2856 3582 2911 catholica

1988 2940 2175 3011 utique
2208 2940 2591 2996 communione
2619 2942 2924 2997 mansisset.
2958 2943 3114 3008 Quod
3141 2943 3188 2998 si
3226 2944 3292 2997 ad
3322 2960 3441 3001 eam
3484 2938 3584 3001 nu-

1986 3048 2088 3106 per
2124 3033 2494 3090 emendandus
2521 3034 2729 3089 accedit
2758 3034 2859 3089 hoc
2898 3034 3069 3104 ipsum
3114 3035 3206 3090 diu
3235 3036 3430 3092 retenti
3455 3052 3582 3093 con<

1992 3127 2190 3183 futatur
2226 3127 2461 3192 erroris,
2500 3141 2661 3197 quam
2711 3136 2887 3182 tamen
2934 3129 3363 3186 emendationem
3411 3132 3457 3187 si
3496 3130 3613 3191 vel‘

770 3227 829 3273 ut
870 3218 999 3275 catis
1032 3217 1310 3277 evidenter
1352 3226 1609 3287 appareat
1646 3230 1751 3273 non
1790 3228 1888 3273 eos
1911 3214 1959 3276 C
1989 3236 2132 3275 nunc
2167 3220 2376 3275 sincera
2406 3228 2588 3275 mente
2616 3222 2970 3289 perquireret,
2998 3222 3415 3279 satisfactionem
3449 3240 3582 3280 cou-

1985 3321 2273 3383 sequenter
2303 3311 2521 3366 afferret
2552 3327 2568 3363 :
2601 3325 2708 3365 non
2754 3312 2957 3380 expetit
2996 3312 3155 3383 [forte
3188 3313 3463 3388 exspectat]
3501 3315 3584 3371 di-

1983 3408 2271 3475 gn‘tatem,
2313 3403 2403 3474 qui
2447 3411 2565 3473 post
2605 3404 2996 3473 pmnitudinem
3034 3405 3358 3476 indulgentia
3390 3408 3582 3479 dignus

1984 3504 2087 3562 est,
2117 3510 2222 3549 non
2258 3493 2482 3549 honore.
2513 3493 2670 3549 Absit
2696 3504 2754 3550 ut
2782 3495 2900 3565 ejus
2924 3495 3083 3550 saluti
3109 3496 3155 3551 si
3177 3497 3461 3567 resipiscit,
3493 3500 3580 3554 in-

1985 3586 2229 3653 videam;
2252 3587 2599 3656 complector,
2625 3586 2814 3643 hortor
2845 3598 2899 3643 et
2937 3589 3163 3658 gaudeo,
3194 3589 3581 3660 gloriosissime

1983 3677 2311 3747 imperator;
2343 3676 2435 3733 sed
2461 3676 2551 3732 diu
2581 3678 2857 3747 pravitatis
2887 3679 3114 3736 vulnere
3134 3682 3377 3737 sauciato
3404 3685 3579 3739 medi-

1982 3769 2119 3824 cinte
2150 3770 2306 3823 venia
2340 3768 2621 3837 competit,
2648 3783 2755 3825 non
2790 3771 3091 3839 potestatis.
3117 3771 3267 3827 Tunc
3286 3772 3427 3829 enim
3457 3775 3581 3831 reli-

1982 3861 2157 3930 gionis
2185 3862 2385 3931 p0terit
2413 3861 2741 3932 nuncupari,
2771 3863 2817 3916 si
2852 3866 3207 3932 perversitate
3233 3867 3479 3921 damnata
3510 3868 3578 3924 ad

1981 3970 2167 4009 sanam
2216 3955 2375 4009 ﬁdem
2424 3970 2667 4010 remeare
2710 3955 3069 4025 praeelegerit.
3114 3957 3366 4027 Alioquin
3408 3962 3582 4013 maui-

1982 4046 2149 4102 festus
2176 4032 2279 4101 “est
2318 4060 2441 4101 eum
2494 4061 2601 4100 non
2650 4047 2979 4101 curationem
3022 4049 3223 4119 proprii
3264 4048 3576 4105 desiderare

1982 4138 2285 4206 languoris,
2330 4138 2425 4194 sed
2469 4138 2674 4193 ambire
2719 4137 3018 4209 fastigium,
3051 4156 3157 4208 quo
3195 4141 3430 4211 perﬁdia!
3466 4158 3578 4197 sum

1981 4230 2127 4284 virus
2173 4228 2383 4285 miseris
2425 4228 2786 4285 animantibus
2824 4230 3180 4288 confidentius
3225 4233 3578 4304 licentiuSque

1979 4318 2270 4387 dill‘undat,
2314 4328 2371 4373 et
2408 4319 2477 4374 de
2517 4319 2793 4387 superiore
2830 4320 2951 4375 loco
2989 4320 3158 4375 multo
3188 4320 3475 4378 violentius
3523 4326 3578 4378 in

1983 4411 2300 4469 servitutem
2351 4409 2677 4466 catholicam
2733 4411 2942 4479 redigat
2999 4411 3325 4467 libertatem.
3382 4412 3577 4479 Qumso

1980 4502 2175 4559 deinde
2206 4503 2298 4573 qui
2328 4502 2445 4571 ejus
2478 4501 2754 4572 provectui
2783 4501 3176 4573 suifragentur,
3207 4514 3259 4559 et
3287 4519 3381 4559 eos
3415 4508 3576 4560 audio

277 4596 615 4661 Christiano,
641 4604 697 4651 et
716 4594 1015 4653 secundum
1050 4594 1167 4651 hinc
1192 4610 1312 4665 qum
1342 4595 1678 4659 mandamus,
1712 4593 1880 4647 infor-
1901 4588 1959 4650 D
1980 4609 2102 4651 esse
2147 4594 2627 4659 archimandritas,
2672 4604 2726 4648 et
2762 4594 3087 4660 monachos,
3120 4594 3205 4649 vel
3240 4596 3283 4650 si
3324 4596 3413 4664 qui
3452 4608 3577 4652 sunt

280 4701 437 4741 mare
455 4685 671 4749 crebro,
702 4686 865 4755 inque
900 4700 1018 4743 eam
1047 4693 1255 4754 partem
1293 4701 1414 4755 quae
1441 4686 1611 4739 amica
1640 4686 1710 4738 sit
1738 4684 1876 4739 veri-

278 4778 375 4835 tati
399 4818 418 4838 .
458 4778 635 4847 pclius
676 4779 883 4837 instare
906 4793 1014 4835 non
1040 4776 1258 4833 desinas
1278 4820 1295 4845 ,
1324 4788 1378 4833 et
1407 4778 1490 4849 (ut
1516 4787 1757 4833 sanctum
1780 4777 1872 4830 Ti-

276 4868 561 4927 motheum
625 4869 961 4927 venerandus
1019 4870 1295 4935 apostolus
1365 4868 1563 4923 Paulus
1624 4869 1882 4940 instituit)

275 4968 627 5027 opportune,
654 4959 992 5027 importune,
1015 4960 1367 5026 obsecrando,
1405 4961 1730 5015 insinuando
1775 4975 1873 5016 ex-

278 5047 644 5118 ponendoque
684 5049 991 5111 nullatenus
1033 5051 1273 5121 allegare
1304 5054 1577 5119 cessabis,
1618 5061 1675 5107 et
1720 5054 1875 5108 nobis

273 5207 529 5278 periurus
557 5217 702 5265 esset
728 5209 965 5269 Joannes
995 5229 1011 5269 :
1039 5221 1222 5284 utpote
1257 5212 1347 5284 qui
1384 5212 1623 5282 iurasset
1652 5229 1757 5269 non
1790 5214 1871 5271 fu-

274 5294 454 5353 turum
502 5288 563 5333 ut
606 5289 981 5353 pateretur-se
1017 5284 1303 5353 aliquando
1342 5284 1399 5337 itt
1443 5286 1865 5341 Alexandrinum

272 5352 592 5419 episcopum
630 5350 776 5420 eligi.
804 5350 939 5406 Vide
968 5350 1251 5408 Baronium
1281 5370 1423 5409 anno
1452 5355 1589 5421 482,
1622 5371 1770 5409 num.
1805 5358 1863 5409 ll

268 5432 326 5475 et
361 5422 449 5473 12.
477 5422 603 5475 Ssv.
644 5422 848 5475 BINIUS.

345 5490 364 5523 ι
408 5489 651 5559 Epistola
690 5491 953 5559 Simplicii
1000 5508 1146 5561 papae
1183 5509 1287 5562 qua
1331 5494 1624 5560 respondet
1667 5495 1871 5551 Zenoni

268 5562 604 5632 imperatori
635 5562 839 5632 petenti
887 5563 1261 5619 Alexandriam
1306 5564 1564 5619 Ecclesiae
1618 5582 1684 5622 ex
1734 5583 1873 5623 nece

266 5631 561 5705 Timotheo
594 5631 745 5690 illata
772 5634 1205 5705 vacantiprteﬁci
1228 5634 1445 5688 Petrum
1474 5636 1743 5705 Moggum,
1775 5652 1861 5691 re-

266 5705 417 5773 iecto
453 5702 676 5775 Joanne
698 5718 857 5775 quem
897 5703 999 5757 sibi
1032 5706 1392 5775 Alexandrina
1427 5702 1664 5761 Ecclesia
1697 5710 1867 5775 elege-

266 5785 373 5839 rat,
408 5774 634 5843 epistola
664 5772 804 5840 lucc,
840 5772 1053 5844 inquam
1077 5817 1092 5843 ,
1126 5772 1401 5845 hucusque
1426 5777 1575 5831 latuit
1604 5772 1861 5846 eruditos,

1980 4687 2069 4740 alii
2109 4688 2197 4755 qui
2236 4699 2359 4740 sese
2385 4700 2413 4738 a
2455 4685 2833 4741 communione
2873 4686 3134 4739 catholica
3168 4697 3571 4754 separaverunt.

1982 4779 2188 4833 [lorum
2215 4782 2362 4845 'ergo
2401 4776 2765 4832 testimonium
2804 4776 3258 4845 comprobandum
3296 4788 3410 4842 est,
3443 4796 3577 4848 quo-

1980 4885 2097 4923 rum
2134 4868 2461 4924 admittenda
2493 4882 2754 4938 persona,
2784 4866 2974 4937 quibus
3002 4882 3148 4923 same
3181 4868 3300 4923 ﬁdei
3329 4879 3409 4923 cst
3439 4885 3574 4922 con-

1977 4963 2220 5019 scientia:
2265 4976 2423 5016 causa
2462 4977 2570 5015 non
2612 4959 2880 5030 suppetit,
2922 4969 2976 5015 et
3016 4961 3104 5029 qui
3152 4976 3270 5015 cum
3323 4961 3571 5016 eumdem

1983 5054 2223 5128 [eodem]
2250 5054 2361 5124 pari
2389 5063 2636 5109 tenentur
2665 5067 2866 5108 errore.
2900 5050 3069 5107 Finis.

1979 5216 2224 5283 quamvis
2244 5213 2317 5268 de
2344 5212 2598 5281 petitione
2621 5213 2719 5269 hac
2746 5227 2775 5263 a
2807 5211 3028 5266 Zenone
3059 5212 3199 5267 facta
3226 5214 3411 5268 innuiti
3451 5213 3571 5268 ΐηοι

1981 5294 2107 5341 runt
2148 5300 2214 5341 es
2250 5283 2475 5349 cpistola
2515 5283 2777 5351 Simplicii
2820 5283 2887 5337 ad
2923 5283 3202 5338 Acacium.
3234 5284 3379 5338 Hanc
3416 5300 3568 5349 rem,

1978 5356 2222 5423 quamvis
2248 5369 2355 5407 non
2396 5355 2677 5421 integram,
2711 5353 2860 5407 dedit
2888 5355 3042 5407 nobis
3080 5354 3351 5421 insperato
3385 5366 3566 5409 vetus-

1980 5427 2216 5480 tissimus
2240 5425 2360 5480 cod.
2389 5423 2780 5493 Frisingeusis,
2814 5440 2970 5491 quem
3001 5424 3055 5477 in
3086 5440 3237 5477 usmn
3274 5425 3428 5493 hujus
3453 5427 3567 5480 edi.

1979 5497 2139 5551 tionis
2174 5494 2444 5551 consuluit
2482 5496 2541 5550 P.
2591 5494 2886 5550 Frobenius
2926 5493 3146 5549 Forster
3186 5494 3566 5550 Benedictinua

1980 5567 2126 5632 prior
2144 5575 2197 5622 et
2222 5565 2667 5621 bibliothecarius
2684 5566 2741 5620 S.
2778 5564 3099 5619 Emmerami
3130 5564 3452 5618 Ratisbonm.
3483 5566 3560 5619 Es

1978 5636 2076 5692 hac
2105 5651 2231 5691 vero
2261 5636 2393 5690 nihil
2427 5637 2683 5691 discimus
2720 5651 2879 5704 supra
2916 5634 2967 5702 id
2997 5635 3138 5706 quod
3167 5634 3273 5706 jam
3311 5635 3559 5687 innotue-

1976 5717 2077 5770 rat,
2096 5706 2428 5775 Simplicium
2453 5707 2659 5763 scilicet
2679 5706 2903 5777 obsequi
2929 5705 3237 5777 imperatori
3257 5718 3561 5764 recusasse.

1976 5778 2127 5833 loss.
2167 5779 2299 5833 Doti.
2336 5778 2522 5832 MANSI.
