4080 6350
523 364 595 423 '59
1561 357 1869 414 SIMPLICII
1907 356 2107 413 ΡΑΡΑΞ
2141 354 2464 412 EPISTOLA
2509 352 2694 407 XVIII.
3693 348 3758 404 60

1011 474 1022 502 '
1047 468 1372 526 EPISTOLA
1402 469 1585 525 XVIII.
1661 461 1667 468 ’

1002 596 1242 636 SIIPLICII
1269 597 1336 636 AD
1365 597 1596 635 EUIDEI.

523 693 706 748 Mirari
736 711 787 749 se
814 695 884 747 ait
912 693 1150 746 Acacium
1184 692 1246 744 de
1276 691 1630 744 Alexandrini:
1667 688 1906 742 Ecclesia:
1934 706 2087 742 vexa-

593 765 808 818 tionibus
847 778 1159 830 nequaquam
1183 777 1235 813 se
1265 762 1545 824 monuisse;
1573 759 1809 812 hortatur
1838 769 2008 813 autem
2035 768 2087 811 ut

590 833 885 902 imperatori
922 832 1137 884 insinuet
1190 838 1243 882 ut
1287 830 1449 884 eidem
1494 830 1735 882 Ecclesia:
1777 847 1879 898 pax
1920 839 2090 899 optata

592 905 854 956 reddatur.

749 1013 1105 1070 Dilectissimo
1133 1011 1281 1065 fratri
1306 1009 1498 1065 Acacio
1527 1009 1848 1078 Simplicius.

594 1104 986 1176 Cogitationum
1019 1105 1176 1160 ferias
1203 1118 1309 1158 non
1334 1104 1589 1158 habemus
1612 1120 1624 1155 :
1650 1117 1746 1156 nec
1769 1102 1912 1156 enim
1941 1101 2092 1168 quie-

522 1214 674 1253 scere
716 1216 816 1252 nos
861 1212 1019 1253 causa
1065 1196 1361 1265 permittit,
1407 1210 1564 1265 quam
1607 1194 1651 1248 si
1697 1193 2091 1262 relinquamus,

477 1309 484 1316 -
523 1288 660 1356 apud
699 1288 970 1342 Christum
1008 1286 1289 1342 Dominum
1332 1296 1608 1351 nostrum,
1649 1283 1800 1352 cujus
1839 1283 2092 1346 interest,

522 1377 851 1432 excusabiles
898 1376 1056 1448 [forte
1098 1372 1485 1444 inexcusabiles]
1533 1388 1737 1429 sumus.
1792 1371 1858 1426 Et
1902 1371 2094 1425 mirum

523 1479 608 1523 est
636 1467 970 1523 dilectionem
1003 1475 1147 1523 tuam
1181 1475 1256 1521 tot
1284 1464 1516 1519 emensis
1545 1464 1902 1534 temporibus,
1929 1472 1981 1516 et
2024 1471 2096 1516 tot

526 1559 1006 1629 opportunitatibus
1032 1556 1153 1613 inde
1180 1555 1532 1619 venientibus,
1561 1552 1631 1606 nil
1661 1567 1756 1606 nos
1786 1552 1852 1606 de
1874 1551 2100 1605 Alexan-

527 1632 679 1704 drina
711 1651 944 1706 Eetlesia
965 1691 980 1716 ,
1013 1665 1130 1720 qua!
1157 1658 1262 1704 tam
1296 1648 1527 1718 graviter
1554 1645 1808 1715 quatitur,
1839 1644 2100 1697 instruere

527 1743 792 1807 voluisse;
820 1758 940 1797 eum
969 1755 1186 1796 monere
1209 1749 1259 1794 te
1287 1753 1384 1793 nec
1411 1734 1701 1804 increpatio
1731 1743 1911 1788 nostra
1941 1733 2103 1788 desti-

2108 471 2155 530 A
2185 482 2282 524 suo
2311 466 2580 532 cognoscit
2606 462 2831 534 imperio
2850 502 2864 528 ,
2896 461 3147 516 Ecclesia:
3177 460 3268 514 Dei
3293 459 3360 514 ab
3391 458 3758 515 haereticorum

2190 556 2506 626 contagione
2541 565 2594 610 et
2631 554 2887 623 pravitate
2912 552 3197 618 violentur,
3224 551 3320 606 sed
3356 553 3610 606 doctrina:
3649 552 3763 605 dia-

2190 651 2376 704 bolicae
2405 650 2757 719 praeceptione
2792 648 3005 717 pietatis
3038 646 3201 714 ipsius
3231 654 3551 714 pra-stentur
3576 645 3765 699 immu-

2191 755 2308 795 nes.
2351 739 2416 795 Ut
2457 741 2491 794 ii
2527 741 2617 809 qui
2664 739 2765 793 sibi
2809 737 3131 792 crediderint
3165 737 3494 791 sacerdotale
3529 736 3767 791 ministe-

2192 830 2328 884 rium
2362 830 2595 885 damnati
2640 829 2871 883 hominis
2910 830 3322 898 praesumptione
3355 827 3616 890 conferri,
3650 843 3768 897 pro-

2192 920 2421 990 mulgata
2466 920 2729 989 imperiali
2777 919 3159 974 constitutione
3207 917 3366 972 etiam
3419 932 3447 970 a
3501 928 3767 972 conventu

2199 1011 2473 1066 hominum
2522 1010 2836 1081 segregandi
2877 1010 3164 1079 iubeantur
3207 1009 3413 1064 excludi
3453 1025 3469 1063 :
3514 1019 3770 1079 quatenus

2197 1101 2279 1156 his
2316 1101 2611 1168 submotis,
2640 1111 2797 1171 atque
2837 1102 2891 1156 in
2934 1101 3235 1156 solitudinis
3275 1110 3525 1170 perpetua
3569 1101 3773 1171 relega-

2200 1193 2344 1247 tione
2373 1192 2663 1259 damnatis,
2692 1192 2958 1246 antistites
2986 1191 3233 1247 catholici
3262 1191 3501 1261 deceptis
3531 1191 3614 1245 veI
3655 1191 3775 1244 red-

2197 1284 2394 1340 dantur
2433 1283 2722 1349 Ecclesiis,
2754 1283 2836 1338 vel
2882 1293 3150 1339 creentur.
3191 1282 3246 1337 In
3290 1297 3393 1349 quo
3441 1297 3538 1336 nec
3580 1294 3776 1335 nostrae

2200 1389 2388 1445 preces
2417 1375 2565 1444 apud
2586 1374 3046 1444 religiosissimum
3070 1374 3388 1444 principem,
3418 1390 3515 1430 nec
3537 1375 3774 1430 dilectio-

2199 1469 2282 1522 nis
2318 1476 2421 1522 tute
2451 1468 2752 1538 suggestio,
2781 1477 2872 1522 aut
2897 1476 3160 1523 tantorum
3195 1467 3415 1521 fratrum
3449 1459 3775 1534 nostrorum,

2201 1574 2335 1628 quos
2364 1559 2646 1614 advenisse
2671 1558 3188 1628 Constantinopolim
3224 1559 3552 1628 reperimus,
3589 1560 3778 1628 implo-

2201 1649 2338 1703 ratio
2360 1650 2723 1713 sacerdotum,
2755 1659 2846 1704 aut
2872 1650 3189 1719 supplicatio
3219 1652 3600 1705 monachorum
3631 1650 3781 1706 labo-

2203 1754 2323 1794 rare
2351 1741 2566 1809 poterit.
2589 1739 2729 1806 Quin
2750 1741 3005 1810 quidquid
3030 1741 3103 1794 ad'
3119 1741 3474 1810 integritatem
3504 1742 3781 1796 catholica!

532 1834 675 1898 terit,
704 1841 762 1887 ut
791 1832 1097 1900 participata
1126 1827 1498 1891 sollicitudine,
1533 1825 1735 1879 litteras
1772 1837 1918 1878 meas
1957 1821 2093 1891 apud
2125 1821 2170 1880 Β
2199 1827 2320 1883 ﬁdei
2351 1831 2613 1899 pertinet,
2648 1831 2700 1884 in
2736 1845 2837 1900 qua
2884 1831 3243 1884 Ecclesiarum
3273 1841 3355 1886 est
3384 1834 3668 1886 εοηειῑιυω
3700 1847 3783 1885 se.

526 1923 1038 1978 Christianissimum
1065 1931 1122 1977 et
1145 1919 1621 1976 clementissimum
1652 1917 1940 1986 principem
1965 1929 2102 1984 prae-

526 2016 764 2070 sentibus
804 2024 908 2068 tua:
950 2013 1251 2068 dileCtionis
1294 2011 1692 2083 prosequereris
1727 2008 2006 2076 alloquiis,
2048 2014 2104 2060 et

525 2106 752 2160 instituti
771 2105 961 2160 veteris
984 2119 1207 2165 memor,
1227 2103 1280 2157 in
1299 2103 1715 2157 orthodoxorum
1737 2099 2014 2154 defension
2035 2113 2100 2151 'm

529 2198 802 2251 nobiseum
829 2197 906 2251 sic
931 2211 1142 2265 semper
1170 2195 1507 2250 incumberes
1528 2235 1543 2260 ,
1580 2187 1647 2248 ne
1676 2193 1957 2262 quisquam
2002 2205 2101 2243 no-

526 2297 725 2354 strum,
755 2280 1054 2343 Christiana
1088 2286 1245 2356 plebe
1275 2294 1562 2355 pereunte,
1594 2293 1795 2338 reatum
1820 2281 2104 2342 deditionis

527 2378 797 2446 incurrat,
830 2389 881 2434 et
922 2377 1286 2433 mercenarius
1313 2377 1488 2446 potius
1517 2375 1757 2429 videatur
1786 2388 1905 2429 esse
1945 2387 2103 2443 quam

528 2479 726 2540 pastor.
761 2469 910 2525 Unde
950 2469 1221 2523 hortamur
1249 2468 1586 2522 dilectionem
1629 2475 1771 2521 tuam
1813 2475 1870 2519 ut
1905 2479 2104 2534 oppor-

531 2571 659 2614 tune
687 2567 846 2628 atque
876 2559 1178 2627 importune
1203 2557 1304 2625 piis
1333 2557 1548 2610 auribus
1579 2555 1846 2609 insinuare
1869 2570 1976 2608 non
2007 2555 2104 2609 de-

528 2650 701 2715 sinat,
733 2656 991 2718 quatenus
1018 2646 1239 2701 remotis
1266 2645 1530 2700 scandalis
1558 2662 1674 2716 qua:
1707 2646 1758 2698 in
1787 2645 2108 2700 Alexandri-

531 2757 656 2797 nam
709 2739 1000 2795 Ecclesiam
1066 2739 1319 2794 recidivis
1373 2737 1589 2792 ausibus
1642 2739 1954 2802 irruerunt,
2006 2752 2106 2806 pax

530 2838 706 2897 optata
733 2830 1001 2896 reddatur,
1026 2838 1079 2884 et
1098 2829 1347 2883 celeriter
1368 2827 1654 2896 vigilantia:
1681 2836 1782 2882 tua:
1803 2828 2095 2897 prolectus,

533 2920 847 2990 posthabitis
901 2920 1344 2986 di‘licultatibus,
1395 2919 1697 2974 inducatur.
1744 2920 1870 2972 Data
1922 2928 2109 2973 octavo

533 3013 652 3067 idus
680 3014 1016 3080 Novembris,
1047 3015 1307 3070 Severino
1335 3013 1576 3080 consule,
1608 3013 1799 3067 directa
1826 3030 1914 3084 per
1943 3015 2109 3069 Resti-

533 3114 715 3160 tutum.

1161 3197 1484 3252 EPISTOLA

1016 3303 1256 3342 διωνιιαιι
1288 3305 1354 3342 ΑΙ)
1381 3305 1618 3343 ΕυΜοΕΜ.

861 3378 901 3430 Α
935 3378 1068 3431 Luca
1100 3378 1387 3432 Holoteinio
1421 3380 1598 3433 Roma!
1625 3381 1783 3433 edita.

776 3468 1128 3523 Dilectissimo
1157 3470 1302 3523 fratri
1328 3470 1524 3524 Acacio
1549 3471 1872 3538 Simplicius.

606 3558 820 3613 Litteris
861 3571 964 3613 tua:
993 3559 1325 3625 dilectionis,
1363 3576 1495 3630 quas
1534 3577 1627 3630 per
1664 3561 1828 3615 filium
1873 3572 2111 3615 nostrum

539 3648 896 3718 Epiphanium
937 3649 1217 3704 diaconum
1263 3650 1498 3718 probatae
1545 3650 1667 3704 fidei
1712 3649 2003 3717 direxisti,
2050 3668 2110 3706 ea

537 3754 658 3806 quae
683 3739 905 3792 strictim
937 3738 1322 3808 religiOsissimi
1343 3739 1443 3794 viri
1475 3740 1570 3794 lilii
1600 3741 1765 3794 nostri
1796 3741 2112 3811 presbyteri,

537 3827 967 3883 archimandrita:
1004 3843 1125 3884 cum
1163 3829 1438 3885 monachis
1477 3832 1561 3888 vel
1603 3842 1728 3887 ante
1767 3833 2112 3900 scripserant,

535 3920 698 3974 latius
741 3919 1016 3987 indicasti,
1053 3930 1118 3995 ,ει
1165 3921 1371 3989 prolixo
1417 3924 1628 3992 quidem
1673 3923 1974 3990 volumine,
2023 3926 2116 3980 sed

537 4026 786 4068 sermone
818 4013 1123 4068 necessario
1160 4013 1420 4077 retulisti;
1455 4021 1512 4067 ut
1551 4014 1675 4083 quid
1705 4015 1788 4069 vel
1815 4013 2118 4069 Constanti-
2161 4012 2166 4017 ’

539 4104 752 4173 ttopoli,
786 4104 868 4159 vel
911 4105 964 4158 in
1000 4103 1119 4158 aliis
1162 4105 1467 4173 regionibus
1505 4106 1570 4159 ab
1611 4105 1877 4160 haereticis
1912 4115 2114 4176 gestum

537 4193 863 4248 disceremus
898 4212 910 4246 :
936 4208 998 4247 ac
1022 4195 1226 4264 singula
1255 4211 1371 4264 qua:
1403 4205 1590 4249 contra
1620 4197 2008 4251 ecclesiasticas
2037 4213 2113 4250 re-

538 4284 720 4350 gulas,
761 4293 813 4336 et
845 4292 1034 4338 contra
1073 4284 1241 4351 ipsam
1283 4285 1599 4338 catholicam
1628 4285 1783 4339 fidem
1816 4286 2118 4355 ubicunque

541 4374 824 4427 commissa
854 4383 998 4442 sunt,
1031 4383 1155 4428 ante
1196 4384 1409 4429 nostros
1438 4376 1620 4430 oculos
1647 4377 1920 4430 eollorasﬁ
1943 4392 1965 4441 ;,
1989 4393 2120 4446 qua-

543 4477 695 4520 tenus
727 4465 969 4520 videatur
1003 4481 1110 4535 quo
1145 4466 1306 4520 etiam
1348 4467 1583 4522 remedio
1614 4467 1988 4522 subveniretur
2021 4469 2119 4523 Ec-

2205 1921 2402 1976 curitas
2430 1929 2675 1991 regresSu
2705 1921 2922 1993 pietatis
2947 1937 3082 1988 suae,
3112 1923 3334 1976 Domino
3358 1938 3414 1975 se
3437 1922 3627 1991 ubique
3657 1938 3784 1990 pro-

2205 2022 2462 2079 sequente
2491 2012 2728 2066 omniutn
2759 2012 3094 2080 praeveniens
3121 2022 3241 2066 vota
3272 2013 3523 2068 restituit.
3554 2013 3617 2066 Et
3645 2014 3784 2082 apud

2205 2112 2438 2157 mentem
2465 2101 2974 2157 Christianissimam
3011 2103 3183 2157 facilis
3212 2113 3295 2158 est
3319 2106 3634 2172 impetrandi
3668 2121 3785 2174 gra-

2207 2190 2312 2254 tia,
2344 2191 2432 2245 ubi
2467 2191 2738 2261 religionis
2779 2201 2860 2246 cst
2898 2207 3075 2246 causa.
3107 2193 3255 2247 Sicut
3297 2209 3424 2261 ergo
3460 2193 3647 2249 litteris
3688 2211 3788 2249 no-

2206 2281 2355 2349 stris,
2388 2282 2458 2336 ita
2484 2291 2584 2336 tua:
2619 2283 2946 2351 dilectionis,
2983 2284 3061 2337 vel
3095 2285 3329 2338 omnium
3357 2285 3578 2338 fratrum
3611 2287 3697 2354 qui
3731 2302 3788 2341 se

2207 2372 2273 2426 ad
2322 2373 2644 2427 documenta
2701 2374 2824 2428 fidei
2879 2388 2990 2428 suae
3037 2374 3482 2428 Cbristianissimi
3535 2376 3790 2446 principis

2210 2470 2603 2531 praesentavere
2644 2465 2995 2532 conspectui,
3051 2465 3386 2532 suggestione
3439 2468 3790 2534 repetendum

2207 2565 2318 2620 est,
2351 2565 2409 2609 ut
2439 2556 2758 2611 Timotheus
2784 2572 2903 2611 cum
2945 2558 3262 2627 sequacibus
3297 2560 3408 2613 suis
3435 2560 3498 2612 ad
3539 2559 3792 2615 irremea‘

2209 2647 2316 2702 bile
2335 2648 2596 2718 dirigatur
2623 2650 2894 2703 exsilium.
2919 2649 3049 2703 Cum
3077 2665 3192 2720 quo
3210 2651 3404 2704 Paulus
3427 2651 3494 2703 ab
3523 2651 3792 2720 Ephe-ina

2217 2739 2480 2805 Ecclesia,
2513 2750 2568 2795 et
2595 2741 2784 2795 Petrus
2805 2742 2878 2795 ab
2899 2741 3232 2796 Autiochena
3265 2742 3482 2797 civitate
3515 2743 3793 2811 depulsus,

2209 2839 2369 2901 atque
2397 2846 2586 2885 omnes
2614 2832 2701 2901 qui
2729 2831 2796 2885 ab
2826 2845 2894 2886 eo
2918 2847 2996 2898 se,
3025 2832 3112 2887 vel
3135 2832 3202 2885 ab
3232 2833 3314 2886 bis
3339 2849 3475 2901 quos
3506 2833 3690 2888 illicite
3715 2836 3794 2889 l'e-

2210 2930 2389 2988 cerat,
2421 2922 2688 2978 aestimant
2717 2924 2998 2992 episcopos
3038 2923 3314 2978 ordinatos
3337 2969 3349 2992 ,
3386 2925 3569 2980 cadent
3601 2926 3798 2981 debent

2215 3012 2333 3081 lege
2373 3015 2609 3082 percelli.
2653 3014 2727 3069 De
2767 3015 3001 3069 Antonio
3044 3024 3256 3081 autem,
3297 3015 3394 3084 qui
3427 3030 3610 3071 eorum
3657 3033 3797 3084 quos

2213 3113 2400 3158 eontra
2454 3104 2747 3159 Ecclesiam
2802 3115 3055 3175 tyrannos
3103 3109 3367 3171 miserat,
3414 3108 3797 3174 antesignanus

2137 3187 2182 3249 C
2212 3197 2447 3251 existens
2471 3238 2487 3264 ,
2519 3199 2656 3252 sicut
2684 3199 2941 3266 scriptum
2974 3208 3056 3254 est
3087 3198 3260 3268 (Psal.
3287 3215 3407 3264 vui,
3439 3200 3516 3268 5),
3553 3200 3800 3253 inimicus

2215 3297 2269 3342 et
2293 3288 2547 3343 defensor
2577 3290 2839 3358 apparuit.
2870 3289 2944 3344 De
2973 3291 3178 3345 Joanne
3217 3290 3447 3358 quodam
3477 3289 3789 3344 Constanti-

2215 3380 2543 3448 nopolitano,
2573 3379 2661 3448 qui
2684 3379 2752 3433 ab
2773 3379 3039 3434 bmreticis
3060 3379 3392 3449 Apatnenum
3417 3380 3800 3444 sacerdotium,

2215 3469 2356 3539 quod
2383 3470 2455 3535 ei,
2486 3469 2576 3539 qui
2615 3471 2896 3542 presbyter
2920 3461 3134 3526 aliunde
3174 3471 3376 3537 fuerat,
3406 3472 3490 3526 vel
3520 3487 3548 3526 a
3578 3471 3800 3526 catholi-

2217 3560 2294 3614 cis
2323 3575 2538 3614 sumere
2568 3575 2674 3613 non
2704 3561 2934 3628 licebat,
2965 3575 3023 3615 se
3049 3561 3358 3617 luereticum
3392 3562 3716 3630 publicavit,
3745 3575 3804 3617 et

2216 3652 2358 3721 quod
2389 3653 2438 3705 in
2474 3667 2532 3707 se
2566 3667 2850 3721 perperam
2879 3651 3074 3706 factum
3104 3661 3185 3706 est
3209 3653 3588 3721 improperium
3621 3663 3802 3707 retor-

2218 3744 2288 3797 sit
2343 3744 2394 3798 in
2451 3753 2756 3805 auctorem;
2811 3743 3093 3811 expellens
3138 3742 3205 3794 ab
3253 3741 3532 3796 Antiochia
3583 3743 3802 3796 Petrum

2220 3849 2563 3905 pervasorem
2588 3835 2776 3904 ipsius,
2813 3832 3056 3888 eamdem
3087 3831 3380 3886 Ecclesium
3415 3831 3527 3901 ipse
3550 3831 3799 3900 pervasit,

2221 3926 2323 3980 sub
2350 3926 2689 3981 anathemate
2721 3940 2748 3978 a
2774 3924 3202 3981 Christianorum
3233 3928 3504 3979 consmtio
3524 3969 3538 3993 ,
3572 3925 3658 3979 vel
3689 3926 3803 3994 ipsa

2219 4019 2580 4087 appellatione
2623 4032 2960 4072 removemus
2999 4034 3013 4069 :
3062 4032 3160 4071 nec
3196 4032 3426 4086 unquam
3473 4018 3555 4070 bis
3591 4016 3804 4070 satisfa—

2221 4108 2416 4162 ctionis
2439 4106 2838 4176 patefaciendus
2861 4115 2943 4160 est
2966 4106 3135 4159 locus.
3165 4106 3294 4172 Quia
3320 4107 3456 4159 sicut
3479 4105 3639 4159 Judas
3664 4106 3805 4164 inter

2221 4199 2514 4265 apostolos.
2555 4198 2624 4250 ita
2653 4197 2738 4249 isti
2766 4196 2905 4249 inter
2934 4196 3202 4250 ministros
3233 4195 3328 4249 Dei
3360 4196 3582 4249 subdola
3611 4204 3662 4248 et
3687 4196 3804 4249 dia-

2221 4287 2381 4341 bolici
2424 4287 2643 4354 Spiritus
2685 4286 2871 4340 fraude
2912 4286 3198 4340 latuerunt.
3234 4286 3307 4340 De
3338 4286 3624 4341 Christiani
3666 4301 3804 4355 quo-

2221 4393 2326 4447 que
2371 4377 2546 4446 populi
2579 4376 2683 4430 fide
2717 4385 2770 4431 et
2808 4376 3093 4431 devotione
3141 4376 3433 4445 gaudentes
3457 4417 3472 4441 ,
3507 4377 3799 4444 profectum

2223 4467 2338 4535 ejus
2367 4478 2420 4522 et
2448 4466 2942 4536 multiplicationem
2965 4467 3075 4521 Deo
3098 4467 3292 4536 jugiter
3320 4467 3676 4536 supplicantes
3707 4483 3804 4520 ex-

537 4556 737 4621 clcsiis,
772 4556 962 4623 quibus
985 4555 1090 4608 vim
1120 4555 1218 4609 sub
1243 4557 1524 4610 occasione
1556 4559 1843 4627 tyrannica:
1871 4557 2116 4611 domina-
2147 4548 2196 4607 D
2222 4557 2449 4626 petimus
2481 4574 2495 4610 :
2527 4567 2583 4611 ut
2613 4559 2665 4611 in
2697 4557 2887 4611 timore
2915 4567 3073 4625 atque
3101 4571 3284 4611 amore
3308 4557 3515 4609 Domini
3545 4571 3796 4626 perseve-

540 4647 742 4712 tionis,
794 4656 848 4700 et
897 4662 990 4715 per
1029 4646 1328 4702 absentiam
1376 4646 1814 4702 Cltristianissimi
1864 4650 2116 4718 principis

541 4738 872 4807 pernicii-sus
911 4739 1047 4792 latro
1088 4747 1145 4794 et
1185 4738 1445 4794 recidivus
1485 4741 1700 4794 iuvasor
1742 4740 2114 4796 Alexandrina:

543 4827 798 4882 Ecclesia:
829 4828 1009 4896 lapsus
1029 4828 1230 4882 exsiliis
1259 4829 1534 4898 irrogavit.
1571 4831 1719 4884 Unde
1749 4830 1960 4885 unicum
1995 4841 2113 4900 post

541 4918 740 4985 Deum,
780 4919 870 4989 qui
913 4918 1203 4973 Ecclesiam
1243 4927 1293 4973 et
1335 4920 1716 4988 rempublicam
1753 4922 2118 4976 consola‘ione

543 5011 768 5064 mirabili
799 5012 1034 5065 visitavit
1056 5053 1069 5078 ,
1096 5010 1302 5066 etiamsi
1330 5011 1431 5064 hoc
1460 5011 1573 5066 fieri
1605 5012 1823 5066 minime
1851 5013 2117 5082 postulas-

538 5118 626 5155 ses
643 5142 660 5167 ,
683 5103 1081 5158 clementissimi
1111 5103 1445 5171 imperatoris
1472 5102 1724 5156 auxilium
1749 5103 1995 5158 duximus
2019 5104 2119 5158 im-

542 5193 886 5262 plorandum;
914 5201 974 5247 ut
1003 5210 1100 5262 pro
1130 5195 1376 5248 omnibus
1396 5208 1518 5263 quae
1539 5209 1703 5263 regno
1723 5195 1836 5263 ejus
1862 5196 2116 5251 Dominus

541 5285 744 5348 tribuit,
775 5299 843 5338 ne
873 5285 1092 5339 ulterius
1130 5286 1180 5338 iu
1228 5284 1357 5340 orbe
1391 5294 1673 5351 terrarum,
1707 5301 1839 5356 quas
1869 5287 2109 5341 subditas

612 5465 625 5493 ¹
662 5464 952 5518 Perbrevcs
989 5465 1146 5519 hasce
1179 5473 1232 5518 et
1261 5465 1526 5518 aculeatas
1572 5464 1769 5518 litteras
1809 5472 2100 5534 postremas

538 5533 602 5586 ad
630 5534 874 5588 Acacium
903 5535 1044 5588 dedit
1072 5534 1370 5602 Simplicius
1389 5574 1403 5597 ,
1439 5536 1630 5603 quibus
1661 5535 1808 5588 illum
1841 5535 2095 5587 adversus

540 5604 818 5658 hereticos
852 5605 916 5656 ad
951 5605 1184 5671 prmlium
1217 5621 1315 5657 cvo
1338 5620 1439 5659 'are
1468 5615 1720 5665 conatur;
1752 5605 1842 5658 sed
1886 5605 2100 5666 frustra,

541 5684 721 5738 utpote
752 5674 837 5741 qui
873 5674 1138 5743 transfuga
1175 5673 1342 5727 factus
1376 5677 1426 5728 in
1456 5677 1643 5728 castris
1677 5675 2102 5728 adversariorum

540 5745 750 5809 militet,
784 5742 1108 5812 solliciteque
1139 5745 1274 5814 apud
1321 5747 1692 5815 imperatorem
1735 5756 1874 5814 agat,
1907 5755 1962 5798 ut
1997 5743 2102 5796 duo

2224 4664 2380 4716 rans,
2413 4657 2468 4705 et
2496 4663 2722 4704 numero
2749 4649 2959 4720 augeri,
2989 4660 3041 4703 et
3079 4649 3281 4703 cmlesti
3323 4657 3590 4702 mereatur
3621 4657 3802 4716 prote-

2224 4741 2402 4796 ctione
2447 4741 2665 4795 muniri.
2710 4739 2765 4794 In
2812 4756 2918 4811 quo
2966 4741 3196 4795 maxime
3243 4740 3561 4810 gloriamur,
3603 4753 3656 4793 et
3691 4741 3799 4794 Deo

2223 4842 2407 4887 nostro
2447 4832 2827 4902 gratulabimur
2895 4832 3264 4900 complacere,
3307 4831 3428 4900 quia
3477 4831 3794 4899 pastoralem

2219 4928 2433 4997 reSpicit
2486 4928 2754 4994 fructum,
2796 4927 3029 4995 religiosi
3079 4927 3232 4980 ovilis
3285 4935 3648 4993 augmentum.
3696 4925 3794 4978 Diu

2219 5029 2397 5072 autem
2432 5021 2620 5073 fratres
2659 5028 2713 5073 et
2749 5019 3096 5087 coepiscopos
3124 5025 3334 5070 nostros
3369 5017 3504 5083 apud
3533 5017 3797 5070 Constan-

2219 5108 2494 5176 tinopolim
2536 5122 2639 5161 non
2686 5107 2935 5162 convenit
2973 5107 3239 5161 demorari
3284 5123 3297 5158 :
3339 5121 3478 5160 nunc
3506 5106 3793 5175 praecipue.

2217 5212 2337 5251 cum
2382 5205 2599 5266 propter
2631 5198 3035 5251 concussionem
3069 5197 3452 5266 persecutionis
3486 5212 3604 5265 quae
3653 5205 3800 5250 mota

2218 5286 2392 5342 fuerat
2411 5331 2424 5356 ,
2453 5287 2698 5341 sollicitae
2727 5297 2884 5356 atque
2919 5289 3158 5341 attonita:
3184 5297 3308 5340 sunt
3338 5286 3390 5340 in
3421 5287 3801 5354 suprascriptis

2209 5464 2453 5518 venenati
2481 5462 2702 5526 colubri,
2730 5464 3040 5518 truculentae
3067 5462 3250 5516 bestiae
3274 5471 3325 5516 et
3349 5463 3490 5516 faces
3518 5463 3801 5515 haeretico-

2211 5549 2352 5596 rum,
2385 5533 2664 5603 Cinapheus
2685 5546 2740 5587 et
2774 5537 2986 5603 Moggus
3013 5533 3360 5586 Antiochum:
3386 5542 3443 5586 et
3469 5533 3793 5603 Alexandri-

2214 5619 2295 5655 n:u
2322 5602 2435 5656 sedi
2462 5604 2838 5668 obtrudantur,
2868 5602 3191 5671 legitimique
3223 5617 3559 5672 possessores
3588 5602 3796 5672 Calen-

2211 5673 2334 5725 diou
2389 5681 2444 5726 et
2491 5673 2727 5729 Joannes
2773 5673 3006 5743 episcopi
3065 5674 3187 5727 inde
3244 5673 3599 5743 expelluntur.
3660 5671 3796 5726 Sev.

2215 5745 2412 5797 limus.
