4080 6350
480 344 547 399 67
1819 337 2066 394 RL'RICII
2109 338 2408 394 lil'l'a'COl'l
3665 337 3732 392 68

484 461 552 513 ab
579 458 751 512 officio
795 459 1002 526 penitus
1041 452 1332 509 abdicatur.
1367 435 1731 508 Subdiaconos
1765 461 1946 508 autem
1985 449 2052 507 ad
2082 457 2131 514 Α
2157 453 2294 507 sicut
2318 466 2474 519 supra
2508 456 2859 505 memoratum
2889 457 2990 512 est,
3021 448 3289 513 ostiarius,
3319 457 3376 504 ut
3403 449 3652 505 secundis
3674 464 3735 506 se

482 566 664 619 pacem
691 550 827 602 inter
857 564 914 602 se
933 547 986 600 in
1013 546 1246 600 sacrario
1275 554 1484 614 oportet
1516 543 1776 599 accedere
1799 561 1814 598 :
1841 544 1893 598 in
1916 543 2051 597 alta-

481 643 563 696 rio
607 651 781 694 autem
811 683 824 706 ,
858 655 958 692 non
991 637 1091 691 nisi
1122 637 1248 692 dum
1289 637 1566 706 porrigunt
1601 636 1766 705 pallas
1791 635 2046 702 diacono,

481 743 570 787 aut
611 732 903 800 suscipiunt
947 727 1087 798 quod
1128 726 1387 792 refertur;
1420 725 1484 780 ad
1521 741 1706 791 pacem
1744 733 1921 780 autem
1951 742 2045 780 ne-

480 838 741 892 quaquam
764 821 841 873 eis
873 821 1187 888 permissum
1217 827 1317 871 est.
1351 818 1405 872 Si
1437 826 1612 872 autem
1640 819 1777 871 illius
1804 817 2051 871 amentiae

483 911 672 972 fuerit,
718 908 799 961 vel
842 911 1132 968 exorcista,
1183 907 1261 960 vel
1311 906 1706 970 subdiaconus,
1739 907 1821 960 vel
1869 907 2052 972 etiam,

2157 544 2358 615 nuptiis
2393 543 2605 614 illigarit
2628 585 2643 609 ,
2691 557 2794 597 non
2841 543 3016 596 silium
3044 544 3109 596 ab
3139 543 3316 597 ofﬁcio
3336 583 3352 609 ,
3383 542 3474 598 sed
3513 544 3673 597 etiam
3703 559 3735 598 a

2156 637 2532 691 communione
2575 636 2785 704 penitus
2823 643 3056 689 arcetur.

2228 728 2428 799 (Habes
2457 729 2592 798 infra
2630 726 2907 780 nonnullas
2951 727 3146 780 Iluricii
3173 736 3220 780 et
3250 727 3453 780 Sidonii
3483 725 3738 798 Rhegien-

2156 820 2224 871 sis
2251 820 2488 886 epistolas
2515 820 2581 870 ad
2611 817 2810 885 Lupum
2839 817 3130 871 Trecensem
3158 819 3420 886 scriptas.)

481 1022 3714 1080 Ἥ

585 1067 1056 1077 ___________
1721 1064 2031 1072 .______
2511 1063 2956 1073 _____.._____.

1687 1161 1854 1204 ANNO
1904 1161 2128 1205 DOMINI
2174 1162 2525 1205 CCCCLXXX.

1270 1325 2931 1563 RUBICIUS.

1642 1638 2566 1664 —-——.——

735 1775 1138 1860 JACOBI
1209 1772 1739 1858 BASNAGII
1813 1768 1930 1849 IN
2007 1765 2612 1851 RURICIUM
2689 1772 3460 1856 OBSERVATIO.

552 1977 798 2030 Ruricius
834 1976 1024 2029 Senior
1055 1973 1246 2038 dictus,
1285 1982 1344 2025 ut
1385 1969 1801 2038 distingueretur
1836 1967 1903 2020 ab
1940 1967 2055 2034 ejus
2086 1967 2130 2026 Β
2160 1965 2337 2036 ibique
2359 1965 2611 2020 institutis
2631 1965 2901 2020 cauoiiicis
2924 1965 3253 2036 regularibus
3275 1967 3735 2038 luissesepultum,

483 2076 676 2135 nepote
714 2064 1027 2134 cOguomine
1065 2072 1120 2118 et
1155 2060 1522 2116 Lemovicensi
1563 2059 1835 2128 episc0po,
1882 2073 1946 2112 ex
1991 2057 2054 2110 il-

485 2157 798 2211 Iustrissima
839 2155 1145 2209 Aniciorum
1189 2152 1434 2222 prosapia
1481 2159 1632 2204 ortus
1668 2159 1800 2204 erat.
1846 2148 2056 2207 Sazculo

485 2248 710 2317 primum
758 2245 854 2300 fuit
896 2245 1152 2308 addictus,
1181 2252 1238 2297 ut
1258 2252 1484 2296 teStatur
1514 2240 1738 2295 Faustus
1762 2239 1952 2309 (Epist.
1977 2238 2053 2309 6),

485 2337 581 2406 ipsi
607 2337 982 2398 amicissimus,
1004 2334 1094 2404 qui
1120 2334 1187 2386 de
1222 2333 1365 2386 illius
1405 2331 1754 2386 conversione
1799 2330 1868 2382 ita
1914 2329 2059 2382 lacta-

486 2428 690 2483 lmndus
713 2425 980 2480 exsultat:
1020 2422 1142 2476 Post
1166 2424 1322 2490 huius
1351 2423 1465 2475 vitta
1503 2422 1800 2489 iactationes
1838 2420 1906 2471 ad
1941 2437 2055 2490 por-

487 2528 590 2569 tam
604 2516 882 2586 religionis,
897 2530 1102 2584 proram
1120 2514 1322 2572 salutis,
1344 2512 1547 2567 Excelsi
1569 2529 1719 2564 manu
1733 2511 2056 2580 gubernante,

487 2611 727 2663 convertit
749 2623 766 2660 :
785 2623 897 2674 post
917 2608 1123 2659 umbras
1141 2607 1483 2658 seducentium
1498 2606 1777 2658 vanilatum
1793 2615 1837 2658 et
1850 2604 2062 2657 inlusio-

489 2716 576 2752 nes
601 2697 1021 2752 transvolantium
1051 2697 1388 2759 somniorum,
1419 2712 1658 2748 mansura
1679 2703 1724 2748 et
1756 2694 1922 2748 solida
1951 2710 2064 2746 con-

491 2789 700 2859 cupivit,
724 2797 770 2840 et
792 2788 1024 2857 despecto
1051 2786 1254 2839 tandem
1292 2787 1479 2838 saculo
1519 2785 1732 2855 infelici,
1769 2794 1927 2838 artem
1953 2788 2064 2852 ejus

492 2898 730 2951 magnam
757 2882 950 2948 rapuit.
980 2880 1201 2934 lberiam
1231 2893 1448 2933 uxorem
1478 2878 1720 2932 duxerat.
1747 2877 1826 2931 Ex
1852 2892 1910 2932 ea
1937 2877 2067 2932 libe-

493 2986 581 3026 ros
603 2986 708 3024 non
733 2970 1034 3038 suscepisse
1062 2970 1289 3023 videtur.
1314 2970 1552 3023 Clericus
1576 2969 1767 3033 factus,
1787 2969 1852 3022 ad
1875 2968 2068 3022 Lemo-

493 3065 756 3118 vicensem
785 3062 1147 3131 episcopatum
1177 3069 1451 3128 promotus
1477 3070 1579 3126 est,
1612 3060 1700 3130 qui
1730 3070 1838 3114 tum
1873 3073 2066 3129 magno

495 3168 598 3207 non
631 3151 922 3205 habebatur
971 3153 1022 3205 in
1070 3153 1258 3220 pretio.
1302 3151 1424 3204 Ideo
1475 3161 1650 3205 tamen
1700 3166 1758 3205 se
1797 3150 2064 3204 contemni

496 3256 601 3294 non
633 3239 927 3309 patiebatur
958 3239 1220 3294 Ruricius.
1272 3240 1455 3308 Nobis,
1505 3241 1794 3309 inquiebat,
1843 3241 2066 3293 auctori-

2154 2073 2273 2128 qua:
2302 2059 2479 2112 omnia
2506 2073 2536 2112 a
2567 2074 2694 2113 vero
2719 2068 2842 2113 sunt
2867 2060 3059 2114 aliena.
3094 2059 3223 2114 lllttd
3248 2060 3602 2115 certissimum
3627 2073 3737 2129 εει,

2156 2148 2429 2203 Ruricium
2484 2149 2715 2215 Fausto,
2759 2149 3003 2218 Leontio,
3051 2150 3271 2218 IEonio,
3315 2151 3562 2215 Sidonio,
3607 2153 3740 2222 quin

2158 2239 2264 2293 imo
2285 2239 2384 2307 ipsi
2413 2240 2668 2310 Cmsario,
2697 2241 3058 2296 celeberrimis
3088 2251 3212 2296 tunc
3256 2242 3509 2312 temporis
3541 2241 3741 2297 Gallia-

2158 2345 2273 2382 rum
2297 2331 2584 2399 episcopis,
2614 2330 2776 2386 fuisse
2802 2331 3207 2396 amicissimum,
3244 2341 3304 2386 ut
3331 2348 3394 2387 ex
3436 2333 3602 2402 ipsius
3624 2334 3741 2402 epi-

2158 2423 2309 2476 stolis
2345 2433 2506 2492 patet.
2541 2422 2643 2478 Per
2671 2433 3000 2480 senectutem
3028 2425 3110 2478 vix
3140 2440 3320 2480 aerem
3359 2425 3498 2480 ferre
3529 2426 3698 2493 potuit
3726 2443 3741 2478 :

2161 2526 2257 2579 per
2288 2514 2515 2569 hiemem
2549 2514 2706 2584 paulo
2746 2514 3036 2582 robustior,
3075 2516 3276 2570 aestivis
3317 2516 3504 2570 diebus
3547 2517 3596 2569 in
3640 2516 3741 2569 ltu-

2162 2607 2324 2676 spitio
2350 2614 2404 2659 et
2432 2606 2562 2659 locis
2592 2605 2793 2671 frigidis
2817 2607 3334 2662 consuetudinariam
3375 2608 3740 2663 infirmitatem

2163 2713 2414 2766 superare
2439 2695 2524 2753 vix
2557 2707 2782 2766 poterat.
2817 2697 2940 2752 Ideo
2981 2714 3010 2752 a
3048 2700 3272 2755 concilio
3314 2699 3604 2769 Agatbensi
3644 2701 3742 2753 ab-

2167 2788 2269 2842 fuit
2300 2804 2314 2841 :
2343 2787 2470 2842 illud
2497 2803 2637 2858 aegre
2669 2803 2857 2858 passus
2906 2797 2989 2843 est
3032 2790 3313 2857 Ctesarius,
3350 2805 3380 2844 a
3422 2805 3526 2860 quo
3571 2791 3744 2846 fuerat

2164 2880 2436 2934 invitatus.
2465 2879 2600 2946 Quin
2625 2879 2732 2933 imo
2759 2880 3006 2948 Sedatus,
3028 2880 3403 2936 Nemausensis
3424 2883 3735 2953 episcopus,

2164 2968 2264 3023 hac
2291 2971 2340 3023 in
2373 2985 2431 3023 re
2457 2968 2689 3023 Cmsario
2735 2985 2923 3024 manus
2952 2969 3120 3024 dedit.
3173 2971 3432 3038 Querelas
3483 2973 3566 3028 vel
3605 2973 3746 3041 inju-

2167 3062 2297 3116 riam
2321 3061 2511 3130 repulit
2528 3061 2792 3130 Ruricius,
2810 3062 3012 3118 litteras
3031 3064 3247 3119 Caesarii
3275 3065 3338 3120 ad
3363 3081 3422 3121 se
3444 3067 3745 3121 tardissime

2167 3153 2378 3209 venisse
2406 3154 2734 3224 signiﬁcans,
2768 3172 2858 3208 nec
2901 3165 3066 3210 tamen
3093 3156 3323 3211 debuisse
3359 3159 3557 3212 tardius
3599 3176 3748 3212 como

2167 3245 2385 3310 moneri,
2433 3246 2519 3316 qui
2562 3247 2781 3314 fortasse
2827 3251 3112 3300 merebatur
3150 3249 3350 3302 ambiri.
3401 3250 3544 3304 Obiit
3586 3250 3745 3320 paulo

497 3341 650 3384 ιωηι
700 3331 897 3383 deum;
949 3346 1048 3382 non
1095 3329 1235 3383 debet
1294 3330 1432 3384 urbis
1481 3330 1760 3382 humilitas.
1806 3329 2067 3399 Siquidm
2096 3325 2140 3387 C
2173 3349 2292 3408 post
2331 3338 2455 3393 illud
2485 3339 2788 3393 concilium.
2822 3338 2981 3393 Aiunt
3025 3340 3361 3395 bibliotheca:
3385 3339 3599 3396 Patrum
3629 3342 3746 3396 edi-

497 3421 658 3472 multo
687 3419 865 3472 melius
913 3419 1173 3486 multoque
1213 3420 1512 3472 eminentius
1562 3429 1657 3484 est,
1708 3419 1958 3472 deitatem
2005 3419 2068 3471 de

496 3519 610 3558 race
631 3503 776 3567 date,
807 3519 952 3571 quam
980 3503 1286 3554 sacerdotrm
1313 3504 1375 3555 de
1405 3504 1605 3556 civitate
1631 3519 1837 3558 noscere
1872 3502 2062 3575 (Epist.

497 3595 585 3658 52,
616 3595 704 3647 lib.
747 3593 829 3663 tt).
877 3593 1039 3647 Aiunt
1080 3592 1130 3646 in
1173 3593 1263 3646 illo
1292 3594 1598 3662 episcopatu
1623 3602 1744 3663 post
1773 3593 2064 3649 Martialem

497 3683 802 3737 vicesimum
833 3693 1079 3752 quartum
1130 3681 1293 3737 fuisse
1333 3697 1722 3738 successorem.
1772 3685 1877 3740 Sed
1922 3685 2063 3740 inter

499 3774 701 3826 fabulas
727 3771 1001 3826 amandari
1025 3771 1182 3826 debet
1213 3772 1304 3825 ille
1340 3772 1592 3828 Martialis
1623 3781 1734 3827 tum
1762 3774 1901 3844 apud
1931 3773 2064 3829 Bur-

496 3863 826 3931 degalenses,
858 3871 970 3915 tum
997 3862 1136 3930 apud
1168 3861 1582 3926 Letnovicenses,
1611 3864 1912 3934 episcopus.
1954 3865 2066 3919 Mo-

495 3966 582 4008 net
631 3955 840 4022 quidem
886 3953 1116 4008 amicum
1160 3953 1373 4008 Celsum
1403 3997 1418 4020 ,
1478 3965 1531 4008 ut
1579 3956 1648 4009 ad
1695 3958 2064 4011 solemnitatem

495 4057 784 4101 sanctorum
826 4063 940 4099 cum
989 4061 1166 4099 sorore
1203 4048 1369 4100 ueniat
1400 4047 1593 4118 (Epist.
1638 4047 1738 4102 114
1763 4093 1777 4116 ,
1834 4049 1927 4104 lib.
1967 4049 2060 4120 tt):

495 4139 635 4193 unde
662 4138 779 4207 quis
807 4137 985 4191 forsan
1023 4138 1292 4206 conjiciat,
1332 4147 1663 4204 sanctorum,
1707 4153 1930 4207 quorum
1975 4154 2064 4193 so-

499 4229 694 4282 lemnia
725 4229 1128 4283 celebrabantur
1167 4231 1306 4298 apud
1337 4231 1666 4297 Lemovices,
1705 4245 1868 4284 unum
1901 4230 2063 4284 fuisse

497 4318 808 4371 Martialem.
841 4319 982 4371 Mera
1011 4329 1094 4373 est
1121 4319 1459 4386 conjectura!
1494 4321 1598 4373 Sed
1631 4329 1886 4388 praeterea
1933 4335 2061 4374 san-

495 4416 610 4460 ctos
639 4407 883 4476 antiquos
903 4408 992 4476 qui
1021 4407 1290 4476 nunquam
1325 4411 1594 4473 exstitere,
1629 4417 1720 4462 aut
1765 4410 1954 4463 saltem
1997 4411 2063 4465 de

495 4498 689 4566 quibus
717 4497 955 4553 fabulosa
987 4499 1151 4552 multa
1175 4508 1476 4562 narrantur.
1507 4501 1632 4564 coli,
1657 4501 1776 4568 quis
1804 4501 2063 4557 hodierno

495 4596 579 4647 die
611 4595 867 4648 miretur?
899 4595 974 4650 ite
1013 4595 1128 4664 ipso
1157 4595 1388 4659 Ruricio,
1443 4596 1530 4665 qui
1560 4596 1735 4649 notior
1778 4597 1929 4649 nobis
1968 4598 2063 4651 de-

2169 3437 2311 3484 tores
2340 3430 2577 3499 attigisse
2603 3444 2797 3483 annum
2829 3431 2956 3485 499.
2993 3430 3098 3485 Sed
3146 3446 3266 3486 cum
3294 3432 3577 3486 concilium
3605 3434 3740 3502 Aga-

2169 3517 2358 3574 tbense
2379 3519 2481 3571 sub
2508 3518 2742 3572 Casario
2772 3528 3122 3572 convocatum
3151 3519 3309 3574 fuerit
3334 3534 3423 3573 an.
3451 3520 3575 3587 506,
3607 3521 3745 3576 ulte-

2168 3609 2281 3664 rius
2302 3609 2468 3662 multo
2489 3607 2650 3662 vitam
2678 3609 2992 3676 produxisse
3023 3609 3291 3664 Ruricium
3315 3617 3543 3663 constat.
3570 3609 3746 3664 Polito

2166 3698 2324 3768 style,
2359 3707 2418 3752 ut
2459 3699 2653 3752 saecula
2677 3697 2937 3764 ferebant,
2965 3698 3176 3768 scripta:
3198 3707 3322 3754 sunt
3339 3699 3453 3769 ejus
3471 3698 3742 3766 epistolae;

2168 3788 2484 3857 paucissima
2515 3796 2691 3843 tamen
2715 3803 2832 3857 qua:
2859 3787 2942 3842 vel
2985 3789 3048 3841 ad
3079 3789 3346 3858 dogmata,
3379 3789 3458 3843 vel
3501 3788 3568 3843 ad
3617 3789 3744 3844 illo-

2166 3894 2282 3933 rum
2315 3887 2612 3946 temporum
2651 3878 2926 3932 historiam
2977 3881 3300 3948 pertineant,
3342 3879 3516 3947 possis
3554 3893 3744 3935 excer-

2165 3983 2329 4039 pere;
2361 3969 2626 4040 plerteque
2667 3969 2807 4024 enim
2854 3978 2978 4023 sunt
3020 3970 3274 4024 officiosae
3320 3969 3562 4039 epistola:
3589 4011 3604 4034 ,
3653 3972 3741 4026 vel

2164 4060 2554 4126 consolatorie},
2586 4060 2667 4116 vel
2705 4061 2769 4114 ad
2803 4062 3052 4130 pietatem
3111 4061 3394 4130 fugamque
3433 4062 3612 4116 smculi
3641 4063 3740 4114 ad-

2166 4151 2496 4206 hortatorizn.
2526 4152 2842 4207 Observavit
2872 4152 3138 4219 Balusius,
3189 4153 3288 4222 ipsi
3331 4167 3532 4206 morem
3574 4151 3740 4207 fuisse

2165 4241 2414 4294 meliores
2442 4242 2730 4310 scriptores
2757 4241 3050 4312 perlegere,
3081 4242 3424 4312 ipsorumque
3453 4243 3614 4297 verba
3635 4243 3739 4296 sibi

2166 4331 2379 4399 propria
2419 4331 2627 4398 facere;
2671 4333 2827 4403 idque
2865 4335 3054 4404 probat
3100 4334 3259 4388 variis
3298 4334 3622 4405 argumentis
3670 4349 3736 4388 ex

2163 4424 2409 4492 geminis,
2457 4441 2589 4494 quas
2635 4434 2744 4480 tum
2797 4427 3008 4494 edebat,
3044 4426 3254 4494 Sulpitii
3285 4426 3466 4481 Severi
3496 4425 3740 4493 epistolis

2167 4513 2410 4584 (Miscell.
2439 4523 2562 4568 tom.
2613 4515 2654 4584 Ι,
2704 4517 2904 4586 πῃπῇ),
2949 4531 3018 4570 ex
3049 4497 3240 4584 quibus
3276 4516 3458 4585 utique
3498 4515 3740 4568 hausisse

2167 4605 2364 4674 aliqua,
2397 4606 2593 4661 indicto
2616 4608 2850 4672 nomine,
2884 4608 3091 4662 videtur
3126 4606 3405 4671 Ruricius;
3456 4616 3510 4660 et
3551 4621 3739 4661 revera

495 4685 609 4739 buit
634 4699 772 4749 esse,
808 4685 1002 4753 ferunt,
1037 4686 1087 4738 in
1110 4686 1377 4740 communi
1415 4685 1710 4740 Lemovicar
1755 4689 2063 4743 cmmeterio
2089 4685 2140 4744 D
2166 4693 2339 4762 aliqua
2370 4705 2492 4749 sunt
2522 4696 2737 4759 similia,
2760 4695 2829 4750 ita
2853 4706 2909 4750 ut
2941 4697 3095 4766 plagii
3124 4713 3247 4752 reus
3268 4712 3387 4751 esse
3409 4697 3650 4750 videatur
3675 4712 3740 4750 eo

496 4778 876 4831 monasterium
901 4778 950 4831 in
997 4780 1251 4832 honorem
1291 4779 1457 4834 sancti
1483 4778 1759 4849 August'ni
1799 4783 2056 4849 erexisse,

2168 4783 2474 4850 deterioris,
2502 4787 2640 4855 quod
2674 4787 2832 4840 verba
2876 4801 2927 4843 et
2959 4804 3119 4844 voces
3144 4799 3347 4844 tantum
3378 4789 3738 4858 usurpaverit.

503 4902 3688 4930 Μ

955 4987 1550 5112 RURICII
1646 4988 2326 5116 EPISCOPI
2425 4994 3262 5122 EPISTOLXE.

1523 5187 2722 5379 LIBEli/‘S.

980 5443 1303 5496 EPISTOLA
1346 5443 1579 5502 PRIMA.

569 5535 785 5588 Domino
815 5535 1191 5610 διιο-ιηεειιιίαγὶΔ
1217 5537 1270 5588 in
1302 5536 1522 5610 Christo,
1557 5541 1753 5594 Damno
1774 5551 1988 5610 patrono

897 5603 1088 5658 Fausto
1112 5607 1342 5676 episcopo
1381 5608 1641 5664 Ruricius.

565 5716 702 5771 Olim
730 5728 806 5783 te,
832 5716 1044 5771 domine
1074 5717 1142 5770 mi
1176 5719 1504 5785 venerande,
1546 5736 1606 5775 ac
1638 5723 1940 5778 beatissime
1968 5741 2056 5779 sa-

2166 5451 2376 5517 cerdos,
2427 5452 2564 5505 fama
2596 5451 2939 5507 celeberrima
2971 5452 3292 5522 praedicante
3320 5453 3559 5520 cognovi.
3599 5451 3738 5506 Olim

2162 5542 2275 5596 desi
2298 5543 2428 5598 lerio
2458 5545 2524 5610 pii
2553 5544 2752 5597 amoris
2782 5544 2987 5606 infuso,
3023 5543 3128 5598 illis
3152 5553 3202 5597 te
3222 5584 3236 5609 ,
3275 5543 3466 5609 quibus
3503 5542 3740 5597 scribere

2159 5633 2410 5702 dignaris,
2433 5635 2601 5688 oculis
2622 5636 2798 5689 cordis
2825 5635 3061 5696 intueor;
3088 5634 3180 5688 sed
3205 5633 3551 5687 nihilominus
3572 5633 3735 5686 etiam

2157 5728 2430 5796 corporeis
2460 5727 2639 5782 videre
2670 5726 2894 5781 festino:
2919 5725 2963 5780 si
2991 5741 3097 5794 quo
3130 5725 3286 5779 modo
3319 5726 3538 5794 possim,
3567 5725 3735 5778 inter-
