4080 6350
275 289 343 344 59
1564 285 2039 342 EPISTULARL‘M
2083 290 2208 343 LIB.
2251 292 2287 345 f.
3463 303 3530 358 70

277 397 585 454 redentibus
617 396 798 461 vobis,
852 407 1189 482 peccatorum
1221 413 1464 452 meorum
1506 399 1713 453 vincula
1741 399 1853 454 dis-
1884 407 1929 462 Α
1962 413 2202 470 peccato,
2234 406 2548 473 s'nejudicii
2575 411 2945 467 recordatione
2970 456 2982 480 ,
3019 423 3319 482 peccatum;
3351 427 3407 471 ut
3434 419 3531 471 dn-

276 503 546 559 rumpere,
574 489 911 557 acceptisque
940 481 1200 543 columba:
1232 491 1372 544 illius
1403 490 1589 559 pennis
1612 490 1729 562 (1's.
1755 506 1858 554 LIV,

276 585 354 650 7).
381 597 408 633 a
434 581 736 633 venantium
764 579 964 646 laqueis
993 579 1212 633 evolare
1238 579 1353 650 (Ps.
1379 595 1464 645 xc,
1497 581 1575 649 5),
1608 590 1661 634 et
1683 582 1861 634 vobis-

276 686 397 722 cum
431 671 634 737 positus
660 668 712 720 in
749 667 1012 721 dominica
1044 668 1157 736 lege
1187 669 1566 737 requie~cere;
1605 679 1662 722 ut
1691 671 1859 735 sitim,

277 777 437 830 quam
457 760 710 827 opuscula
735 768 908 812 vestra
936 758 1156 827 legendo
1178 760 1420 828 concepi,
1447 760 1559 829 ipso
1577 769 1858 828 praesente,

280 851 421 904 unde
449 850 537 903 illa
565 857 866 912 manarunt,
895 849 1110 902 uberius
1143 850 1392 903 hauriens
1440 852 1854 918 restinguerem,

281 952 336 994 nt
365 940 601 994 caritatis
624 939 938 1007 igniculum,
984 953 1144 1006 quem
1176 940 1228 993 in
1262 939 1454 1008 tepidis
1491 940 1683 992 anima:
1729 940 1859 993 dor-

279 1032 496 1086 mientis
549 1031 741 1084 favillis
781 1030 1108 1085 ferventibus
1157 1030 1472 1094 suscitastis,
1527 1031 1746 1100 prolatis
1795 1033 1860 1086 de

277 1122 548 1176 condensa
579 1122 962 1190 scripturarum
993 1121 1229 1189 pabulis,
1271 1121 1422 1174 vivax
1460 1121 1670 1174 flamma
1704 1121 1861 1175 robo-

278 1223 446 1277 raret,
492 1227 611 1280 qua:
649 1210 864 1279 eloquio
905 1210 1074 1263 sancti
1114 1210 1221 1280 oris
1262 1224 1516 1275 accensa,
1567 1225 1716 1263 more
1761 1209 1858 1263 sibi

279 1304 472 1366 solito,
517 1303 572 1354 in
615 1311 832 1369 pectore
870 1273 1172 1369 peccatoris
1221 1302 1327 1353 vim
1383 1311 1584 1354 naturae
1632 1301 1860 1370 potentis

277 1401 551 1455 exereret,
581 1391 942 1444 ealefaciendo
964 1390 1168 1458 frigida,
1197 1389 1561 1443 inluminanda
1596 1391 1852 1445 tenebro-

280 1495 358 1540 sa.
384 1491 436 1533 et
461 1482 643 1548 spinas
664 1479 944 1533 criminum
969 1478 1355 1532 consumendo.
1385 1478 1642 1544 Adhaesit,
1673 1481 1860 1534 doctor

280 1570 497 1635 eximie,
528 1569 704 1622 anima
733 1584 848 1622 mea
878 1578 993 1637 post
1011 1577 1083 1621 te.
1115 1569 1197 1623 Me
1227 1578 1405 1622 autem
1447 1570 1698 1637 adjuvcnt
1731 1585 1855 1623 ora-

279 1662 454 1714 tiones
485 1668 607 1721 tum,
641 1667 698 1710 ut
724 1659 947 1726 possim,
973 1659 1198 1712 terrenis
1226 1659 1429 1712 actibus
1459 1659 1673 1726 spretis,
1700 1659 1861 1713 coele-

1965 493 2084 559 plici
2122 503 2278 562 atque
2319 497 2503 564 majori
2548 499 2742 555 delicto
2791 502 2904 571 ipse
2937 521 3018 557 me
3057 521 3328 572 premam,
3360 511 3529 580 nt.qui

1964 583 2227 638 tarditatis
2267 601 2389 639 reus
2430 602 2571 654 sum,
2613 603 2730 644 esse
2782 594 3028 663 incipiant
3070 593 3312 651 falsitatis
3339 593 3438 651 :et
3464 604 3528 651 ab

1962 673 2189 728 humana
2219 692 2382 741 usque
2409 678 2598 747 injuria
2622 683 2822 737 crimen
2851 687 3131 740 extendam
3154 687 3217 739 ad
3240 699 3526 743 aeternam:

1962 782 2103 821 nunc
2145 777 2344 822 tantum
2387 780 2704 840 exspectans
2743 775 2810 828 de
2849 778 3089 845 segnitiae
3134 795 3269 832 noxa
3311 795 3528 837 senten-

1963 858 2118 921 tiam;
2166 859 2360 914 divinae
2411 877 2538 915 vero
2569 878 2662 930 pro
2710 866 2970 919 mendacii
3021 868 3218 923 ultione
3258 871 3528 938 subjiciar.

1962 947 2262 1003 Prtesertim
2293 965 2410 1004 cum
2435 966 2559 1006 vera
2587 954 2855 1009 confessio
2878 955 3257 1026 indulgentiam
3285 977 3300 1024 ;
3323 972 3373 1015 et
3405 963 3528 1017 falsa

1961 1040 2236 1093 excusatio
2268 1051 2534 1097 mereatur
2556 1043 2838 1100 offensam.
2879 1047 3016 1102 Malo
3047 1048 3223 1119 itaque
3256 1060 3363 1106 tam
3405 1055 3529 1107 s’m-

1963 1129 2084 1197 plici
2112 1133 2453 1188 confessione
2481 1152 2637 1204 quam
2664 1139 2888 1207 supplici
2913 1141 3119 1196 veniam
3153 1153 3354 1212 petere,
3376 1163 3530 1216 quant

1961 1230 2180 1287 peccata
2209 1223 2503 1290 geminare.
2538 1227 2711 1282 llabes
2739 1244 2889 1298 ergo,
2919 1239 3070 1297 pater
3101 1233 3326 1300 Optime,
3358 1247 3530 1303 pastor

1961 1314 2195 1378 egregie,
2213 1329 2384 1367 meam
2403 1318 2570 1385 culpa:
2592 1332 2724 1372 mea:
2747 1329 3096 1388 spontaneum
3119 1323 3531 1380 confessionem.

1963 1401 2136 1457 Habes
2184 1415 2238 1458 et
2280 1407 2329 1458 in
2370 1407 2617 1476 discipuli
2664 1425 2871 1477 errore,
2910 1413 3050 1482 quod
3095 1429 3124 1467 c
3164 1415 3362 1484 rrigas;
3399 1427 3453 1471 et
3481 1420 3533 1472 in

1962 1495 2187 1549 oviculze
2220 1497 2500 1568 languore,
2529 1501 2668 1569 quod
2693 1517 2868 1557 sanes.
2901 1504 3291 1574 Potestatisque
3316 1518 3368 1562 et
3386 1508 3532 1576 judi-

1961 1585 2026 1638 cEi
2061 1586 2132 1639 tui
2164 1598 2263 1651 est,
2299 1599 2474 1643 utrum
2502 1592 2634 1645 velis
2672 1593 2864 1647 ulceris
2892 1595 2994 1648 mei
3038 1597 3372 1664 putredinem
3407 1601 3532 1654 ferri

1963 1678 2136 1746 rigore
2168 1680 2501 1747 rescindere,
2546 1697 2612 1735 an
2657 1684 3147 1741 medicamentorun
3189 1689 3413 1746 lenitate
3442 1707 3534 1745 cn-

280 1750 452 1802 stibus
473 1747 699 1802 inhiare.
717 1749 848 1814 Quia
871 1763 1085 1816 corpus,
1105 1748 1243 1817 quod
1269 1750 1648 1818 corrumpitur,
1672 1764 1856 1818 aggra-

1963 1784 2102 1822 rare.
2136 1769 2244 1837 Ego
2268 1780 2444 1825 tamen
2478 1781 2647 1825 utram
2675 1774 2948 1843 elegeritis
2976 1780 3309 1833 curationem
3339 1782 3532 1847 anule-

279 1850 370 1893 vat
395 1841 625 1892 animam
658 1839 814 1909 (Sap.
841 1855 912 1903 Ix,
950 1839 1068 1909 15),
1121 1851 1175 1892 ut
1205 1840 1461 1894 inclinare
1494 1856 1679 1894 autem
1707 1856 1862 1894 suam

281 1930 349 1983 ad
369 1929 583 1982 oracula
606 1930 783 1982 divina
809 1943 912 1984 non
936 1930 1101 1997 possit
1127 1928 1244 1998 (Pr.
1262 1945 1400 1990 xuv,
1426 1931 1532 1996 ll),
1567 1941 1622 1982 ut
1647 1931 1864 1984 domum

287 2023 454 2089 patris
506 2021 707 2073 oblivio
747 2019 1021 2084 obediens,
1071 2036 1188 2089 qua:
1243 2022 1483 2075 vocantis
1528 2023 1750 2090 imperio
1798 2023 1864 2076 de

281 2122 423 2166 terra
462 2127 557 2164 sua
588 2121 640 2164 et
671 2112 988 2179 cognatione
1035 2111 1271 2166 discedat
1299 2111 1451 2181 (Ceu.
1490 2129 1583 2178 xu,
1626 2114 1672 2178 l)
1707 2123 1864 2183 atque

280 2209 462 2273 illam,
491 2222 607 2274 quin
630 2205 678 2260 ei
704 2208 1120 2270 demonstratur,
1155 2205 1328 2274 potius
1355 2205 1715 2273 conwpiscat.
1746 2206 1860 2258 Non

280 2301 424 2351 etim
473 2297 646 2350 adhuc
691 2298 826 2349 valet
874 2298 1135 2365 pusillitas
1168 2307 1344 2350 nostra
1378 2307 1575 2350 metum
1618 2296 1863 2349 obnoxia:

277 2388 601 2442 conditionis
644 2387 938 2455 expellere,
993 2397 1044 2439 et
1084 2388 1291 2440 caritati
1344 2388 1594 2457 perfectae
1644 2399 1862 2456 purgata

277 2480 443 2533 corda
470 2493 736 2542 reserare,
782 2488 840 2530 ut
887 2476 1246 2545 relinquentes
1280 2478 1585 2547 praesentia,
1615 2489 1859 2544 petamus

277 2585 507 2631 aeterna;
539 2569 814 2638 ejectaqnc
842 2567 1027 2621 ancil’a
1052 2568 1202 2636 (Gen.
1225 2585 1332 2633 xxi,
1366 2569 1470 2636 lO),
1499 2568 1858 2623 hrcreditatem

274 2672 556 2730 paternam
582 2662 730 2713 liberi
757 2661 1019 2728 possimus
1035 2661 1275 2728 adipisci.
1301 2661 1655 2727 Quamobrem
1679 2677 1859 2729 spero,

272 2753 495 2807 domine
521 2754 591 2804 mi
615 2795 628 2819 ,
664 2761 719 2804 ut
743 2766 837 2819 pro
860 2766 945 2804 tne
972 2751 1332 2803 indesinenter
1361 2751 1545 2813 oretis,
1578 2759 1630 2804 et
1652 2752 1861 2819 quoties

269 2844 476 2910 dignati
537 2841 744 2895 fuerizis
786 2841 1088 2894 aiiilitatem
1145 2851 1300 2894 terra:
1361 2856 1493 2894 me.e
1543 2841 1860 2909 eloquentia:

270 2949 470 2991 vestra:
505 2937 674 2990 imbre
705 2935 1046 3003 perfundere,
1073 2949 1176 2986 non
1211 2933 1359 2997 mihi,
1392 2933 1528 2986 sicut
1560 2949 1701 2987 nunc
1734 2934 1860 2988 feci-

267 3032 390 3094 slis,
431 3039 485 3083 et
515 3029 689 3082 adhuc
728 3042 861 3082 mete
904 3026 1229 3079 infirmitatis
1278 3025 1476 3094 ignari,
1525 3025 1782 3079 delicatos
1806 3034 1857 3078 et

270 3124 464 3175 dulces
512 3120 682 3187 cibos,
737 3119 830 3172 sed
880 3119 1222 3182 austeriores,
1277 3127 1330 3171 et
1379 3118 1677 3185 aegritudini
1724 3132 1855 3171 mere
1885 3121 1930 3183 C

268 3227 542 3280 congruos
573 3210 900 3277 suggeratis;
934 3209 1052 3274 quia
1079 3222 1181 3260 non
1209 3207 1497 3272 exiiediunt
1527 3210 1691 3260 stulto
1720 3207 1856 3261 deli-

267 3308 408 3370 cim;
456 3306 794 3371 postmodum
829 3302 1186 3370 proditoribus
1226 3301 1358 3354 meis
1392 3304 1691 3354 censorium
1721 3315 1859 3369 pra:-

268 3396 448 3448 beatis
480 3408 763 3447 assensum
788 3436 802 3459 ,
838 3392 925 3461 qui
969 3406 1115 3444 more
1147 3393 1361 3444 humani
1392 3391 1618 3460 ingenii,
1663 3391 1856 3444 affectu

271 3487 446 3538 nimio
483 3485 791 3555 praepediti,
830 3499 859 3537 a
894 3484 1120 3537 veritate
1160 3482 1344 3551 judicii
1377 3482 1727 3548 declinantes,
1777 3483 1859 3535 in-

265 3587 506 3632 currunt
549 3593 644 3646 pro
683 3591 869 3630 amore
899 3575 1255 3629 mendacium.
1303 3574 1444 3629 Sane
1480 3591 1577 3629 nee
1613 3585 1859 3627 vereatur

264 3671 530 3722 sanetitas
561 3679 758 3728 vestra,
784 3682 849 3721 ne
871 3665 1177 3720 vulneribus
1201 3665 1331 3719 meis
1349 3665 1549 3733 gratim
1576 3666 1643 3717 sit
1671 3664 1855 3717 lmen—

264 3761 338 3813 tis
384 3759 630 3821 dextera,
678 3773 837 3827 quam
885 3757 1138 3811 secantis.
1177 3756 1309 3821 Quia
1360 3771 1419 3809 ea
1450 3771 1547 3808 nec
1577 3771 1659 3806 ntc
1697 3769 1853 3822 posse

263 3853 472 3912 curari,
492 3861 544 3904 et
569 3859 745 3903 tamen
764 3850 995 3918 graviter
1010 3849 1419 3917 computruisse,
1439 3848 1660 3899 Domino
1677 3847 1855 3911 dante,

262 3944 384 4012 jam
411 3942 610 3996 sentio.
644 3941 709 3995 Et
739 3941 859 3994 ideo
885 3940 1048 4011 eligo,
1085 3949 1140 3992 ut
1165 3955 1249 3993 me
1273 3939 1450 4007 justus
1476 3937 1855 3991 niiscricordice

263 4034 642 4102 increpatione
689 4032 982 4100 corripiat,
1030 4045 1186 4099 quam
1237 4037 1396 4098 caput
1446 4043 1623 4081 meum
1678 4027 1854 4081 oleum

263 4123 574 4192 peccatoris
621 4121 918 4190 impinguet
962 4117 1087 4190 (Pr.
1115 4119 1350 4187 cxt..$).
1399 4116 1638 4186 Supplici
1682 4117 1856 4186 itaque

261 4232 429 4286 prece
459 4217 716 4284 deposco,
766 4223 822 4267 ut
851 4213 918 4268 de
948 4213 1039 4266 illo
1076 4211 1328 4266 thesauro
1375 4207 1727 4279 penetralium
1761 4223 1854 4262 ve-

260 4319 531 4372 str-orum,
579 4306 716 4360 unde
750 4319 887 4358 nova
918 4312 971 4357 et
1002 4311 1182 4357 vetera
1223 4301 1461 4368 proferre
1499 4298 1854 4353 consuevistis

259 4397 495 4466 (Matth.
526 4412 640 4463 xm,
667 4395 783 4464 52),
817 4393 1119 4464 peritissimi
1143 4400 1328 4461 utpote
1355 4389 1572 4452 medici,
1617 4391 1703 4458 qui
1743 4389 1854 4442 lan-

1966 1872 2083 1916 ctar
2106 1864 2436 1932 intrepidus;
2488 1882 2586 1921 nec
2623 1877 2856 1936 paternae
2907 1871 3069 1926 ictum
3107 1873 3344 1929 dextera:
3372 1876 3527 1931 decli-

1967 1955 2143 2018 nabo;
2197 1954 2490 2010 dummodo
2536 1959 2834 2025 portionem
2884 1963 3163 2031 promissa:
3213 1964 3533 2022 btereditatit

1966 2045 2250 2112 adipiscar.
2303 2045 2484 2116 Neque
2525 2051 2792 2105 attendam
2835 2067 2953 2122 qua:
2996 2054 3124 2108 mihi
3171 2071 3324 2122 paena
3365 2058 3435 2111 sit
3484 2058 3532 2111 ia

1966 2134 2196 2204 ﬂagello,
2238 2137 2329 2191 sed
2384 2153 2539 2208 quam
2593 2141 2815 2196 habeam
2861 2143 2914 2197 in
2961 2152 3294 2200 testamento.
3351 2148 3532 2202 Melius

1965 2226 2104 2279 enim
2144 2227 2271 2280 mihi
2312 2238 2395 2282 est
2441 2230 2571 2284 flere
2609 2246 2769 2299 super
2811 2244 2990 2300 patre,
3031 2251 3190 2303 quam
3238 2247 3292 2290 ut
3321 2238 3529 2291 abdit-et

1963 2324 2299 2385 contemptus
2337 2333 2368 2373 a
2415 2329 2585 2388 patre.
2633 2321 2762 2386 Quia
2803 2332 3081 2391 parentum
3112 2326 3280 2394 pietas
3317 2327 3528 2381 distrin—

1963 2403 2070 2470 git,
2119 2416 2175 2459 ut
2204 2408 2469 2477 corrigat;
2507 2425 2613 2464 non
2661 2420 3009 2480 perseverat,
3055 2425 3110 2469 ut
3159 2419 3382 2486 puniat,
3438 2434 3531 2474 nec

1967 2507 2166 2554 tantum
2221 2503 2270 2555 ei
2319 2506 2566 2558 mmroris
2607 2506 2764 2561 infert
2797 2510 3098 2577 arrogantia
3151 2514 3530 2579 Superbientis.

1962 2601 2215 2658 quantum
2247 2593 2493 2661 gaudium
2526 2597 2624 2650 fert
2672 2597 2938 2653 humilitas
2961 2602 3286 2657 confitentis.
3322 2605 3410 2661 Sic
3439 2607 3529 2660 illo

1964 2679 2234 2749 Evangelii
2277 2681 2763 2755 indulgentissimus
2809 2700 2956 2760 pater
3009 2693 3195 2757 filium,
3255 2711 3530 2765 praecepta:

1967 2771 2278 2828 Substantiat
2339 2776 2674 2833 decoctorem
2708 2822 2723 2846 ,
2794 2783 2914 2836 lzeto
2969 2785 3203 2853 suscepit
3260 2788 3530 2855 amplexu,

1965 2868 2260 2935 promptior
2305 2869 2538 2936 gaudere
2589 2870 2657 2926 de
2705 2873 2912 2939 reditu,
2960 2889 3116 2943 quam
3165 2877 3426 2944 imputare
3465 2880 3528 2932 du

1965 2958 2112 3028 lapsu
2155 2959 2316 3028 (Luc.
2363 2962 2487 3030 xv).
2541 2962 2778 3034 Denique
2818 2981 2922 3019 non
2965 2967 3356 3035 exprobrantur
3395 2970 3527 3024 fari-

1964 3064 2123 3112 nora,
2172 3065 2276 3103 non
2319 3050 2558 3117 luxuria,
2602 3068 2707 3106 non
2737 3064 2984 3123 egestas;
3036 3058 3150 3112 sola
3179 3061 3420 3114 conversi
3448 3077 3529 3116 re-

1960 3139 2134 3192 versio
2184 3142 2359 3195 omnia
2407 3142 2596 3197 damna
2645 3158 2972 3213 compensat.
3036 3147 3167 3215 Quia
3217 3150 3385 3218 major
3433 3151 3529 3206 fuit

1964 3231 2148 3298 procul
2202 3230 2363 3285 dubio
2409 3235 2544 3300 patri
2597 3234 2820 3289 facultas
2869 3236 3101 3303 reditus,
3144 3254 3307 3306 quam
3350 3255 3525 3293 rerum

1961 3322 2201 3376 facultas.
2265 3320 2446 3392 Itaque
2479 3324 2748 3378 abscessio
2790 3341 2936 3380 reum
2978 3326 3214 3392 fecerat,
3263 3331 3527 3398 regressiu

1960 3409 2084 3465 fecit
2136 3411 2421 3466 insontem.
2494 3415 2565 3468 Ea
2628 3415 2992 3469 misericordia
3057 3416 3252 3472 sufficit
3310 3419 3529 3476 hacredi.

1959 3509 1974 3550 ι
1969 3503 2095 3568 λυίιι
2126 3503 2283 3556 etiant
2314 3514 2547 3572 paternae
2580 3505 2876 3560 clementia:
2919 3508 3071 3561 venia
3114 3509 3226 3562 sola
3257 3523 3364 3564 non
3417 3512 3526 3565 suf-

1959 3597 2087 3664 ficit,
2125 3597 2264 3666 quod
2304 3598 2438 3652 ulnis
2484 3598 2648 3666 fovet,
2692 3600 2832 3669 quod
2871 3600 3036 3670 gratia
3064 3602 3390 3670 permulcet;
3426 3605 3526 3657 nisi

1959 3699 2014 3745 et
2042 3705 2262 3745 munera
2291 3690 2432 3759 larga
2465 3690 2797 3760 multiplicet.
2827 3691 2922 3744 Dat
2951 3693 3202 3747 annulum
3234 3709 3300 3748 ne
3346 3711 3530 3749 rursus

1958 3796 1985 3834 a
2027 3790 2200 3849 patre,
2241 3782 2460 3851 perﬁdia
2509 3784 2665 3848 duce,
2709 3783 2966 3837 discedat.
3021 3783 3529 3841 Calceamenta'dat

1958 3872 2204 3940 pedibus,
2245 3888 2351 3942 quo
2398 3873 2600 3926 facilius
2643 3873 2794 3927 ardui
2839 3876 3046 3930 itineris
3075 3891 3262 3943 aspera
3305 3888 3357 3932 et
3396 3878 3528 3932 dura

1958 3971 2284 4015 contemnat.
2343 3962 2439 4015 Dat
2488 3973 2541 4016 et
2590 3963 2756 4028 ipsam
2788 3963 3010 4031 primam
3041 3979 3196 4032 quam
3229 3964 3528 4032 perdiderat

1957 4051 2170 4115 stulam,
2203 4060 2260 4105 ut
2289 4066 2442 4118 quem
2472 4067 2499 4103 a
2530 4061 2699 4106 morte
2725 4061 3018 4122 receperat,
3059 4053 3276 4122 pristina
3317 4055 3532 4110 immur-

1958 4141 2158 4195 talitate
2187 4141 2430 4196 donaret.
2468 4141 2632 4194 Datur
2655 4140 2813 4195 etiam
2835 4143 2948 4210 ipse
2967 4142 3168 4211 juniori
3197 4144 3391 4198 vitulus
3434 4162 3526 4200 re-

1957 4245 2134 4296 verso,
2191 4230 2283 4301 qui
2331 4230 2528 4285 seniori
2575 4246 2742 4299 agnus
2779 4231 2936 4286 datus
2979 4231 3156 4288 fuerat
3207 4233 3274 4290 de
3301 4234 3532 4306 Egypto

1958 4322 2280 4392 profecturo.
2305 4323 2434 4388 Quia
2464 4323 2574 4391 ipse
2606 4322 2782 4378 educit
2806 4341 2870 4378 ex
2907 4323 3140 4395 Egypto
3169 4336 3338 4396 pater.
3373 4329 3530 4383 Tanti

1957 4415 2190 4480 parentis
2217 4413 2423 4467 imitare
2448 4423 2622 4467 tantus
2646 4412 2826 4467 fidem.
2854 4414 3023 4468 Trade
3048 4418 3413 4484 peccatoribus
3438 4420 3531 4471 ad-

257 4486 546 4574 ευεηίίιπη
587 4484 894 4537 “numer”
925 4488 980 4536 εί
1006 4477 1558 4574 νπ-ίπλπῧτίίυίξίυθδ
1590 4477 1847 4545 quondm,
1881 4483 1931 4540 D
1953 4506 2228 4574 jutorium,
2262 4515 2452 4573 praesta
2483 4506 2795 4560 conantibus
2826 4508 3224 4571 remissionem,
3272 4511 3527 4564 intertes-

258 4575 443 4642 gratia
479 4573 568 4626 Dei
596 4574 900 4640 adjuvant»,
943 4570 1170 4633 sanatis,
1201 4568 1438 4637 languori
1467 4582 1675 4635 quoque
1713 4582 1857 4630 meo,

257 4680 386 4732 qua:
415 4663 706 4716 convenire
737 4660 1090 4730 cognostitis,
1123 4658 1509 4712 medicamenta
1542 4655 1785 4710 mittatis.

853 4771 1180 4824 EPISTULA
1219 4769 1282 4822 ll.

334 4868 549 4920 Damno
579 4882 689 4930 suo,
726 4865 974 4929 peculiari
1002 4866 1049 4915 in
1075 4864 1273 4916 Christo
1302 4861 1518 4915 Domino
1547 4872 1782 4931 patrono,

701 4934 892 4986 Fausto
921 4935 1159 5002 epistmpo
1187 4933 1445 4985 Ruricius.

329 5041 410 5080 ita
449 5042 534 5078 me
585 5027 840 5079 hactenus
887 5025 1048 5091 impia
1094 5023 1414 5091 negligentia
1465 5030 1518 5075 et
1575 5021 1852 5089 negligens

252 5121 518 5189 impietas
548 5117 919 5187 possederunt,
965 5125 1019 5168 ιιι
1063 5115 1188 5184 quid
1216 5155 1230 5178 ,
1279 5114 1494 5166 domine
1524 5112 1634 5177 mi,
1677 5111 1727 5164 in
1774 5129 1857 5166 me

253 5207 611 5279 potissimum
643 5222 914 5270 accusem,
945 5205 1218 5268 nesciam;
1267 5214 1320 5257 et
1370 5204 1492 5272 quid
1537 5203 1589 5261 in
1631 5219 1714 5256 me
1746 5203 1855 5270 pri-

252 5320 416 5357 mum
475 5315 758 5366 excusem,
816 5316 922 5353 non
969 5300 1253 5352 inveniam.
1299 5300 1354 5351 Si
1395 5299 1538 5351 enim
1577 5311 1858 5364 argumen-

249 5392 532 5445 tationem
592 5392 822 5460 aliquam
893 5391 956 5441 ad
1004 5389 1336 5441 excusandas
1388 5389 1761 5441 excusationes
1805 5387 1856 5440 iu

248 5481 513 5552 peccatis
566 5482 817 5535 exhibere
864 5489 1139 5534 tentavcru
1183 5479 1296 5548 (Ps.
1328 5494 1445 5538 ch.
1491 5479 1567 5547 4),
1607 5477 1853 5545 adjiciam

327 5669 355 5696 ⁸·
401 5656 632 5712 Juvenis
684 5654 780 5708 fult
810 5655 898 5719 qui
950 5655 1150 5707 litteras
1196 5668 1280 5706 am
1319 5653 1427 5706 bat.
1464 5653 1618 5705 Illum
1667 5653 1837 5706 virum

1958 4599 2161 4651 sionem
2205 4597 2426 4666 largire,
2470 4598 2851 4666 cunlitentiqne
2895 4598 3005 4651 filio
3053 4615 3156 4652 non
3203 4601 3281 4653 sil
3323 4617 3371 4652 ιιι
3416 4601 3532 4668 ipse

1959 4688 2161 4742 veniam
2192 4688 2384 4748 tribue,
2414 4688 2506 4740 sed
2544 4688 2655 4755 ipse
2685 4690 2888 4741 veniam
2917 4688 3244 4757 deprecare;
3289 4701 3340 4742 ut
3369 4707 3528 4758 quem

1958 4780 2011 4834 in
2045 4778 2318 4847 peregrina
2353 4787 2454 4844 pat.
2473 4777 2518 4830 ia
2540 4778 2777 4845 appellas
2798 4777 3044 4841 Lberum,
3079 4779 3130 4831 in
3163 4780 3371 4848 propria
3402 4795 3523 4847 pos-

1962 4871 2035 4926 sis
2064 4870 2242 4924 videre
2272 4868 2572 4922 liberatum.
2606 4868 2667 4921 Et
2688 4870 2773 4936 qui
2807 4884 2900 4936 per
2928 4885 2986 4924 se
3002 4871 3177 4923 amisit
3205 4869 3528 4924 duniitl‘icam

1961 4958 2352 5021 liberalitatem,
2388 4972 2480 5026 per
2509 4971 2557 5011 te
2601 4967 2865 5011 mereatur
2911 4960 3161 5026 consequi
3206 4960 3528 5028 libertatem,

1961 5068 2059 5106 nec
2109 5068 2136 5104 a
2187 5063 2362 5104 vestro
2408 5059 2687 5119 separetur
2741 5050 2973 5116 solatio,
3023 5050 3113 5119 qui
3171 5064 3532 5120 scqucstratur

1962 5148 2201 5214 praemio.

2515 5211 2840 5266 EPISTULA
2889 5211 2978 5264 lll.

1965 5308 2345 5361 Det-inclissimo
2382 5305 2521 5358 Filio
2559 5320 2849 5425 sepgperque
2890 5303 3163 5371 magni/ica
3201 5312 3223 5338 ⁸
3296 5288 3530 5352 πεδνενίο

2663 5389 2874 5425 unctus.

2663 5389 2874 5425 uricms.

2032 5468 2308 5524 Scriheudi
2357 5469 2486 5520 mihi
2540 5466 2604 5519 ad
2662 5464 3061 5517 unanimitatem
3108 5471 3248 5515 tuam
3304 5463 3532 5524 aditum,

1948 5647 2308 5716 magnificum,
2361 5646 2437 5699 Ge
2463 5661 2634 5699 rmatn
2669 5643 2973 5698 litterarum
3020 5649 3073 5693 et
3112 5635 3404 5690 amicorum
3439 5651 3532 5701 ap-
