4080 6350
468 404 528 457 τι
1811 390 2062 472 nomen

2178 387 2339 446 'ISCO
2348 388 2404 443 Pl
3670 378 3740 434 72

467 532 627 589 quem
648 521 992 572 obstruxerat
1019 510 1305 581 imperitia,
1340 507 1589 580 patefecit
1623 506 1842 562 allectus
1867 515 1923 562 et
1961 506 2048 561 illa
2079 508 2129 568 Α

468 608 791 669 dominatrix
831 606 1068 660 omnium
1108 603 1306 671 pietas,
1341 616 1435 670 per
1462 614 1621 671 quam
1658 599 1943 653 ﬂectuntur
1972 598 2049 651 ri-

468 703 609 771 gida,
644 713 801 754 saxea
842 696 1175 759 molliuntur,
1222 691 1479 749 sedantur
1512 691 1739 758 tumida,
1781 689 2052 745 leniuntur

469 804 681 860 aspera,
724 794 1029 843 tumescunt
1075 786 1235 849 lenia,
1283 785 1572 840 mitescant.
1617 798 1673 838 Sa
1695 798 1779 849 va,
1829 782 2054 836 saeviunt

470 882 649 948 milia,
699 878 1062 933 accenduntur
1094 876 1322 947 placida,
1371 888 1635 931 acuuntur
1663 876 1816 931 bruta
1839 914 1852 939 ,
1883 872 2055 928 domi-

470 986 664 1028 nantur
691 970 953 1037 barbara,
1003 969 1253 1024 immania
1306 969 1601 1039 placantur.
1656 965 1826 1021 Etiam
1868 971 1921 1020 in
1970 981 2056 1021 me

469 1081 602 1136 opus
623 1081 775 1119 suum
810 1077 1087 1132 peragens.
1113 1074 1174 1115 os
1196 1059 1407 1129 elingue
1437 1058 1718 1122 reseravit,
1754 1057 2055 1126 produccns

472 1171 557 1211 me
578 1171 641 1211 ex
671 1155 938 1218 tutissimo
970 1150 1168 1205 silentii
1197 1165 1412 1205 recessu
1447 1149 1511 1203 ad
1552 1148 1820 1218 publicum
1869 1145 2055 1200 formi-

430 1238 431 1241 ¹
471 1248 813 1315 dandumque
838 1244 1099 1314 judicium
1133 1253 1184 1297 et
1228 1240 1473 1296 invitatio
1501 1239 1664 1296 vestri
1700 1254 1837 1293 nova
1876 1237 2058 1293 subire

471 1339 762 1409 compellit.
795 1336 1033 1403 Scilicet,
1064 1334 1230 1411 utqui
1254 1334 1515 1388 hactenus
1555 1330 1697 1387 illam
1733 1330 2054 1386 sententiam

470 1440 689 1488 secutus
734 1429 1029 1499 antiquam,
1075 1441 1177 1495 qua
1226 1424 1421 1481 dicitur
1458 1441 1471 1479 :
1511 1424 1894 1495 Saepenumero
1924 1437 2062 1494 pra:-

474 1532 620 1578 stare
648 1530 859 1589 tacere,
896 1533 1054 1589 quam
1091 1516 1307 1581 diccre;
1355 1514 1690 1572 inscientiam
1732 1527 1905 1568 meam
1947 1527 2061 1566 ma-

476 1612 662 1668 luerim
692 1608 1025 1667 rerecundiae
1048 1609 1406 1664 taciturnitate
1449 1606 1659 1677 legere,
1692 1620 1850 1676 quam
1890 1605 2063 1673 impu-

418 1705 422 1709 ’
475 1705 668 1759 denter
691 1702 965 1758 incondito
988 1715 1235 1756 sermone
1265 1699 1531 1770 proferre,
1564 1714 1672 1753 non
1702 1705 1809 1752 tam
1837 1712 2063 1752 consuc-

477 1794 679 1850 tudinis
730 1808 865 1849 mete
918 1793 1218 1857 immemor,
1274 1804 1433 1860 quam
1483 1788 1798 1844 rusticitatis
1841 1788 2059 1855 oblitus,

2778 498 2994 560 EPIST.
3034 501 3124 557 IV.

2228 596 2614 654 Deriuctissimo
2641 596 2751 665 lilio
2786 610 3082 666 semperque
3113 591 3385 664 magniﬁco
3417 590 3666 662 Hesperio

2818 666 3080 720 Ruricius.

2227 781 2423 853 Recepi
2453 783 2632 852 apices
2659 779 3022 837 unanimitatis
3070 788 3196 844 tuac,
3235 786 3340 831 tam
3369 776 3537 847 gratia
3578 790 3739 845 quam

2155 874 2493 946 eloquentia;
2543 880 2649 927 tam
2698 886 2883 926 amore
2933 869 3134 940 pariter
3179 883 3335 937 quam
3368 867 3579 936 lepore;
3633 876 3741 921 tam

2157 968 2269 1021 sale
2293 981 2451 1037 quam
2483 965 2643 1021 melle
2685 978 2977 1033 respersas.
3011 963 3065 1017 ln
3112 961 3305 1032 quibus
3345 975 3446 1016 nec
3470 960 3743 1015 dulcedini

2159 1059 2371 1113 dresset
2400 1057 2621 1128 aliquid,
2668 1070 2767 1110 nec
2791 1055 2988 1123 sapori.
3016 1053 3117 1120 Qui
3159 1068 3277 1107 cum
3322 1051 3471 1106 omni
3496 1051 3746 1108 dictionis

2159 1162 2214 1205 et
2242 1150 2462 1204 rationis
2492 1156 2607 1204 arte
2630 1146 3035 1217 praeemineant,
3065 1146 3181 1201 solo
3211 1154 3387 1200 tamen
3412 1158 3443 1199 a
3461 1159 3522 1199 se
3541 1144 3747 1200 discre-

2160 1255 2288 1311 pare
2312 1240 2558 1293 videntur
2582 1237 2803 1307 judicio.
2830 1237 2964 1290 Dum
2987 1236 3129 1290 enim
3163 1235 3424 1304 paginulas:
3454 1251 3610 1306 metr,
3636 1251 3746 1291 non

2161 1331 2303 1386 laudi
2331 1341 2491 1402 opus,
2539 1330 2636 1385 sed
2666 1330 3044 1399 vituperationi
3081 1329 3279 1397 ineptia
3310 1329 3622 1383 rusticitatis
3649 1343 3746 1396 ap-

2163 1433 2307 1492 tatae,
2355 1424 2558 1492 majora
2605 1423 2813 1477 meritis
2845 1420 3077 1476 tribuere
3124 1422 3363 1488 lestinas,
3407 1430 3461 1475 et
3502 1420 3751 1489 sequeris

2165 1516 2251 1569 vel
2275 1513 2680 1569 declamationis
2708 1527 2948 1575 cursum,
2999 1511 3085 1566 vel
3107 1511 3380 1581 diligentis
3403 1509 3686 1577 allectum;
3717 1526 3749 1565 a

2165 1620 2352 1660 norma
2375 1605 2505 1661 recti
2533 1604 2717 1674 judicii
2744 1604 3044 1660 declinasti.
3071 1604 3150 1658 Ad
3180 1618 3338 1673 quam
3370 1618 3482 1659 rem
3502 1618 3604 1674 ego
3622 1618 3749 1673 per-

2165 1700 2448 1754 fectionem
2479 1713 2584 1753 non
2615 1698 2927 1767 ignorantia:
2958 1696 3107 1766 vitio,
3153 1697 3249 1751 scd
3280 1706 3576 1768 spontaneo
3604 1699 3753 1752 arbi-

2168 1800 2282 1846 tror
2315 1789 2661 1845 descendisse
2697 1789 2943 1855 consilio,
3003 1788 3195 1859 triplici
3249 1803 3319 1843 ex
3362 1802 3527 1844 causa
3557 1807 3570 1842 :
3604 1797 3663 1843 ut
3695 1790 3752 1845 in

475 1889 624 1958 quasi
652 1903 718 1941 ex
752 1886 948 1940 Arione
978 1885 1031 1939 in
1054 1883 1324 1954 Orpheum
1357 1890 1579 1952 repente
1606 1887 1864 1947 mutatus,
1896 1879 2056 1937 velim
2092 1884 2135 1943 Β
2167 1884 2310 1938 tenui
2336 1882 2560 1938 materia
2598 1890 2654 1937 et
2681 1896 2906 1937 acumen
2937 1880 3156 1950 ingenii,
3202 1890 3255 1937 et
3284 1882 3396 1937 oris
3421 1880 3751 1949 facundiam,

475 1979 842 2035 disertissimis
873 1976 1090 2032 auribus
1130 1976 1235 2031 tuis
1285 1989 1379 2031 ore
1415 1974 1630 2045 garrulo
1665 1989 1773 2027 non
1810 1986 1914 2027 'am
1945 1971 2063 2028 olli-

476 2072 652 2126 ciosus
679 2084 837 2139 quam
868 2067 1156 2137 iniuriosus
1180 2064 1430 2122 existere.
1484 2064 1620 2120 Dum
1651 2072 1706 2121 et
1730 2064 1910 2135 ignota
1944 2079 2063 2133 per-

476 2172 648 2229 tento,
692 2169 744 2216 et
800 2162 1007 2214 insueta
1056 2171 1343 2229 praesumo.
1392 2155 1499 2213 Sed
1543 2154 1756 2219 dabitis.
1810 2167 1867 2210 ut
1921 2170 2064 2219 reor,

476 2254 689 2307 veniam
716 2251 951 2305 venienti
980 2265 1045 2304 ex
1088 2248 1484 2303 necessitudine
1519 2246 1836 2303 necessariae
1880 2261 2068 2301 neces-

477 2344 671 2400 sitatis.
729 2343 862 2408 Quia
916 2340 1059 2411 quod
1107 2340 1329 2396 dilectio
1368 2340 1419 2393 in
1462 2338 1768 2394 mortalium
1801 2339 2067 2394 mentitus

479 2432 707 2489 naturali
762 2439 1029 2501 potestate
1077 2428 1177 2485 sibi
1238 2428 1492 2494 vindicet,
1547 2429 1823 2483 conscium
1872 2438 2068 2483 mutuae

479 2522 747 2594 passionis
771 2532 957 2591 pectus
979 2520 1238 2589 agnoscit.
1268 2519 1411 2588 Ergo
1442 2533 1508 2573 ne
1522 2516 2070 2573 excusationidiutius

481 2617 851 2680 immorantes,
892 2613 965 2666 ita
997 2612 1240 2682 paginam
1279 2608 1584 2674 dilatemus,
1640 2618 1701 2664 ut
1745 2625 1853 2665 non
1897 2609 2071 2666 solum

481 2708 575 2762 tibi
615 2722 721 2761 non
752 2705 1004 2760 exhibeat
1057 2717 1237 2757 sermo
1280 2701 1623 2771 incontptior,
1678 2716 1863 2755 verum
1911 2700 2075 2756 etiam

482 2798 633 2868 Copia
682 2795 988 2851 inordinata
1042 2794 1358 2863 fastidium;
1407 2791 1517 2863 jam
1568 2790 1619 2847 in
1652 2806 1837 2847 vocem
1863 2793 2074 2863 pietatis

482 2888 834 2958 erumpimus,
882 2894 936 2941 et
970 2886 1361 2941 desideriorum
1393 2884 1553 2940 verba
1585 2892 1879 2954 ructamus,
1928 2900 2076 2939 com-

482 2980 800 3035 mendantes
850 2977 946 3033 tibi
997 2977 1191 3048 pignus
1222 2984 1498 3041 nostrum,
1544 2974 1847 3044 depositum
1897 2984 2069 3045 tuum,

484 3070 635 3140 cujus
664 3084 761 3123 nos
790 3069 1131 3138 susceptione
1160 3066 1371 3135 cepisti.
1402 3066 1522 3121 Tibi
1546 3067 1688 3122 enim
1717 3081 1867 3133 spem
1896 3077 2078 3135 poste-

484 3160 660 3214 ritatis
689 3174 862 3223 meae;
916 3159 1010 3212 tibi
1064 3157 1313 3212 solatium
1341 3158 1466 3212 vitae
1496 3158 1807 3227 prmsentis,
1848 3167 1902 3212 et
1933 3157 2077 3212 leva-

2167 1982 2223 2029 et
2241 1973 2565 2029 afﬂuentiam
2596 1974 2862 2029 sermonis
2888 1972 3223 2029 ostenderes.
3271 1974 3439 2029 Sicuti
3488 1976 3541 2029 in
3569 1976 3756 2045 jejuno

2168 2075 2326 2135 atque
2354 2065 2531 2120 otioso
2569 2065 2773 2133 cespite
2801 2064 2971 2134 magis
3015 2065 3303 2119 strenuitas
3340 2065 3563 2120 cultoris
3591 2080 3757 2135 appa-

2169 2164 2272 2222 ret,
2291 2170 2411 2211 cum
2439 2164 2533 2210 aut
2560 2155 2908 2211 rebellionem
2933 2154 3210 2225 glebarum
3235 2156 3498 2210 tenacium
3525 2157 3755 2226 repetita

2169 2247 2367 2315 sta-pius
2410 2248 2762 2317 impressione
2789 2246 3022 2301 vomeris
3068 2246 3271 2312 domat,
3318 2258 3413 2301 aut
3448 2247 3755 2302 ariditatem

2171 2340 2387 2393 nimiam
2436 2341 2690 2395 stercoris
2716 2339 3026 2409 aspersione
3070 2338 3341 2403 fecundat,
3396 2347 3455 2393 ut
3483 2338 3757 2394 fructuum

2171 2432 2402 2502 copiam,
2430 2447 2587 2501 quam
2614 2431 2712 2487 soli
2746 2439 2930 2486 natura
2962 2440 3139 2501 negat,
3168 2430 3431 2485 industria
3463 2432 3755 2502 producat;

2174 2524 2247 2577 ita
2292 2531 2349 2579 et
2390 2532 2445 2577 tu
2473 2530 2764 2592 egestatem
2818 2523 3058 2590 epistola:
3101 2536 3235 2579 mete
3281 2523 3601 2590 eloquentia:
3652 2534 3760 2577 tuae

2174 2614 2419 2669 ubertate
2456 2613 2658 2681 ditasti,
2691 2622 2749 2668 ut
2779 2614 2946 2683 possit
2975 2628 3117 2679 esse,
3148 2614 3192 2669 si
3222 2628 3337 2669 eam
3368 2615 3759 2683 suppresseris,

2174 2714 2227 2759 te
2256 2706 2527 2775 loquente,
2576 2704 2890 2772 laudabilis;
2939 2705 2984 2760 si
3027 2721 3153 2761 vero
3185 2705 3489 2776 protuleris,
3537 2706 3763 2762 incutiat

2174 2807 2231 2852 et
2261 2796 2387 2851 mihi
2411 2796 2477 2851 de
2502 2796 2632 2851 falsa
2661 2794 2840 2863 laude,
2879 2804 2933 2850 et
2960 2796 3054 2852 tibi
3089 2796 3158 2851 de
3181 2794 3370 2865 iudicii
3401 2810 3587 2851 errore
3607 2809 3762 2852 vere-

2175 2888 2446 2943 cundiam.
2496 2888 2564 2942 Et
2592 2888 2808 2954 idcirco,
2853 2888 2973 2958 quia
3002 2887 3324 2957 imperitiam
3353 2901 3527 2941 meam
3554 2885 3629 2942 tui
3658 2901 3762 2956 pu-

2176 2982 2325 3036 doris
2344 2995 2480 3052 0pus
2503 2995 2623 3037 esse
2642 2981 2881 3044 voluisti,
2912 2996 3041 3036 cave
3063 2996 3150 3048 ne,
3182 2980 3452 3051 praeconio
3481 2991 3572 3035 tu.»
3603 2979 3765 3035 nobis

2179 3088 2283 3127 non
2310 3071 2779 3141 respondentibus,
2811 3078 2898 3125 tua
2931 3071 3263 3139 periclitetur
3290 3071 3505 3125 electio.
3553 3069 3760 3140 itaque,

2178 3165 2224 3219 si
2248 3163 2373 3233 quid
2403 3162 2533 3218 mihi
2562 3163 2758 3227 credis,
2809 3162 2855 3218 si
2906 3162 3030 3231 quid
3062 3162 3274 3231 utrique
3305 3159 3568 3229 consulis,
3624 3159 3765 3215 indi-

486 3264 628 3314 ιηθην
659 3250 704 3303 εἰ
730 3248 982 3302 (“Villius
1028 3249 1297 3314 θηηιιετίῑ,
1332 3245 1556 3311 “llum;
1612 3248 1707 3302 libi
1759 3248 1850 3302 uni
1891 3246 2070 3302 omnia
2099 3246 2144 3307 C
2176 3271 2338 3326 gnum
2364 3260 2645 3322 memoria,
2677 3256 2947 3310 oblivione
2974 3254 3344 3324 dignissimum
3372 3256 3616 3310 volumen
3640 3254 3765 3308 abs-

485 3355 600 3394 mea
646 3349 769 3394 Vota
819 3337 1086 3393 commisi.
1139 3337 1218 3394 Te
1257 3347 1282 3375 α
1325 3338 1625 3394 elicitorem
1649 3348 1703 3393 et
1728 3337 2075 3394 lormatorem

486 3431 790 3502 lapillorum
826 3428 1108 3497 nobilium,
1141 3438 1197 3486 et
1224 3430 1531 3486 rimatorem
1558 3430 1712 3497 auri,
1754 3439 1806 3485 te
1833 3440 2078 3501 reperto-

486 3540 601 3579 rem
633 3537 787 3594 aquzc
817 3522 1033 3577 latentis
1058 3523 1192 3592 elegi
1217 3564 1231 3587 ,
1260 3523 1347 3593 qui
1389 3523 1543 3579 sciris
1584 3524 1862 3579 abstrusas
1888 3522 2079 3594 lapidi-
2120 3562 2127 3567 -

487 3612 587 3669 bus
615 3627 850 3682 gemmas
878 3612 1111 3683 propriae
1138 3612 1369 3667 reddere
1397 3615 1774 3683 generositati;
1827 3629 1946 3684 qua)
1974 3616 2078 3668 uti-

488 3722 591 3777 que
614 3707 664 3760 in
693 3712 835 3759 tanta
854 3720 1033 3760 rerum
1058 3703 1373 3761 confusione
1394 3706 1703 3761 amitterent
1724 3706 2074 3774 nobilitatem,

488 3798 531 3851 si
558 3796 792 3866 iudicem
822 3810 927 3849 non
960 3795 1244 3850 haberent.
1286 3795 1491 3852 Aurum
1524 3811 1758 3867 quoque,
1786 3796 1967 3853 arenis
1996 3798 2073 3852 vi-

488 3886 627 3942 libus
647 3885 924 3952 'miitnm,
980 3885 1083 3938 nisi
1135 3885 1359 3940 artillcis
1407 3886 1625 3941 solertia
1660 3887 1868 3942 lavetur
1903 3887 2076 3957 aquis,

489 3977 698 4047 ignibus
720 3978 1022 4047 eliquetur,
1067 3991 1167 4031 nec
1204 3976 1546 4048 Splendorem
1591 3980 1791 4050 poterit
1843 3982 2080 4037 retinere

490 4082 588 4123 nec
614 4069 886 4123 meritum.
914 4069 1103 4138 Sepias
1132 4070 1295 4124 etiam
1327 4085 1583 4140 aquarum
1618 4072 1947 4127 manantium
1983 4088 2074 4127 ve-

491 4176 608 4227 nas,
640 4171 695 4215 et
721 4161 1011 4215 obductum
1045 4170 1187 4215 terra
1226 4162 1410 4216 ﬂuenti
1442 4164 1683 4230 alveum,
1721 4165 1819 4217 nisi
1850 4164 2079 4233 diligen~

494 4252 598 4303 tius
623 4252 994 4304 eruderaverit
1035 4251 1348 4320 appetitoris
1387 4250 1685 4315 industria,
1734 4252 1907 4305 laticis
1944 4252 2080 4306 unda

494 4355 598 4394 non
648 4338 795 4395 ﬂuet.
858 4340 931 4393 lta
972 4348 1025 4394 et
1058 4349 1373 4394 tenerorum
1423 4342 1599 4396 adhuc
1640 4340 1785 4397 acies
1824 4356 2079 4397 sensuum

494 4431 810 4501 ignorantiae
840 4432 1046 4497 nubilo,
1076 4431 1229 4502 quasi
1258 4434 1541 4489 crassitate
1583 4433 1851 4488 scabrosa:
1885 4433 2083 4504 rubigi-

488 4513 579 4579 bis
609 4524 850 4588 obsessa,
881 4525 981 4578 nisi
1007 4524 1225 4579 assidua
1248 4524 1484 4580 doctoris
1518 4527 1642 4579 lima
1672 4534 1957 4595 purgetur,
1987 4541 2079 4579 ne-

2178 3349 2385 3415 conde,
2430 3349 2477 3403 si
2520 3349 2600 3404 vis
2645 3359 2697 3403 et
2726 3364 2812 3403 me
2850 3348 2914 3402 ad
2946 3348 3222 3403 arbitrium
3255 3357 3401 3403 tuum
3429 3348 3659 3404 oratoris
3681 3348 3764 3402 τεο

2182 3455 2324 3495 mam
2349 3448 2404 3497 et
2431 3448 2481 3495 te
2509 3440 2930 3511 probatijudicis
2960 3440 3205 3496 obtinere
3230 3456 3534 3512 personam.

2812 3551 3030 3609 EPIST.
3071 3553 3138 3609 V.

2253 3632 2641 3688 Devinctissima
2673 3632 2780 3702 [ilia
2811 3648 3106 3757 δῖξηρςνφιιε
3135 3632 3413 3707 magniﬁco
3443 3633 3695 3705 Hesperio

2756 3720 2759 3727 ·
2891 3720 3103 3757 unctus.

2756 3720 2759 3727 ’
2844 3720 3103 3758 truncatis.

2253 3793 2648 3864 Spoponderas,
2703 3794 2781 3849 lili
2829 3794 3128 3862 carissime,
3177 3805 3237 3850 ut
3286 3795 3417 3851 mihi
3466 3796 3676 3866 aliquos
3700 3798 3770 3855 de

2187 3885 2496 3940 ramusculo
2523 3900 2681 3954 quem
2713 3900 2778 3940 ex
2823 3886 3176 3942 amaritudine
3219 3888 3270 3941 in
3301 3887 3653 3945 domesticum
3676 3904 3771 3945 sa-

2185 3991 2367 4045 porem
2390 3975 2703 4032 vertendum
2731 3976 3267 4047 transferendumque
3300 3992 3636 4050 susceperas,
3674 3981 3773 4036 ﬂc-

2183 4067 2361 4122 sculos
2386 4066 2706 4135 destinares,
2751 4083 2978 4136 quorum
3005 4067 3176 4123 odore
3202 4082 3579 4138 cognoscerem
3610 4085 3774 4139 quam

2183 4173 2333 4227 spcm
2362 4161 2476 4228 spei
2497 4174 2686 4229 gerere
2711 4159 2999 4223 deberem;
3020 4167 3321 4214 utrumnam
3349 4160 3447 4229 ipsi
3472 4160 3631 4216 ﬂores
3651 4176 3775 4231 ger-

2186 4251 2348 4312 mina,
2381 4257 2474 4303 aut
2494 4264 2683 4303 rursus
2717 4250 2830 4317 ipsa
2875 4251 3117 4319 germina
3164 4250 3366 4307 fructus
3406 4253 3490 4307 sui
3515 4253 3776 4322 qualitate

2188 4340 2584 4409 promitterent,
2618 4342 2885 4413 iidemque
2912 4343 3103 4399 iterum
3139 4344 3343 4400 fructus
3367 4354 3544 4401 utrum
3568 4349 3776 4417 possint

2187 4444 2239 4491 te
2267 4446 2600 4506 excoquente
2648 4436 2952 4503 mitescere,
2994 4440 3212 4495 etdulci
3254 4440 3576 4511 eloquentia:
3605 4445 3777 4497 verba

2185 4526 2513 4582 audientium
2539 4529 2701 4584 corda
2728 4530 2947 4587 satiare.
2977 4532 3130 4599 Quod
3159 4534 3281 4604 quia
3311 4535 3494 4589 nescio
3520 4550 3680 4605 quam
3706 4537 3777 4591 ob

495 4618 610 4686 quit
639 4629 830 4685 sponte
859 4617 1177 4672 clarescere.
1212 4617 1383 4671 Tuum
1413 4632 1543 4688 ergo
1576 4632 1747 4685 nunc,
1794 4628 1944 4672 tuum
1974 4628 2075 4687 cst,
2110 4618 2159 4678 D
2186 4635 2401 4676 causam
2431 4622 2608 4676 facere
2639 4621 2915 4689 distulisti,
2944 4633 3303 4694 opportunum
3330 4639 3424 4680 vos
3452 4626 3777 4683 admonendi

496 4710 550 4761 in
596 4707 678 4760 liis
719 4706 971 4761 omnibus
1009 4717 1064 4762 et
1109 4708 1347 4778 οι»ῑηίοηὶ
1393 4718 1518 4774 tuac,
1571 4718 1625 4763 et
1650 4718 1834 4763 nostro
1884 4711 2083 4778 pariter

496 4800 823 4866 respondere
842 4799 1066 4869 judicio,
1101 4815 1168 4855 ne
1205 4810 1299 4855 aut
1326 4811 1382 4857 tu
1427 4801 1833 4872 praesumpsisse
1871 4801 2078 4866 illicite,

497 4904 585 4947 aut
615 4910 711 4967 nos
739 4895 1136 4949 inconsiderate
1168 4894 1395 4964 elegisse
1426 4894 1725 4950 videamur.

499 5189 733 5259 pcllaliat
756 5188 1024 5255 Sidonius,
1073 5204 1162 5258 ep.
1187 5189 1222 5241 I.
1248 5204 1325 5253 iv,
1354 5203 1439 5258 ep.
1468 5187 1565 5259 7‘22.
1612 5188 1691 5244 Ad
1729 5204 1852 5244 eum
1885 5191 2085 5259 sacpius

502 5258 716 5330 scripsit
758 5259 1023 5327 Ruricius,
1049 5272 1102 5313 ut
1135 5267 1278 5330 patet
1301 5274 1368 5314 ex
1392 5258 1638 5329 epista'5,
1674 5261 1732 5326 4,
1769 5260 1823 5328 5,
1870 5258 1979 5329 ipsi
2006 5263 2086 5315 in-

505 5328 737 5399 scriptis.
782 5330 940 5383 Basn.

577 5409 600 5437 ι
643 5400 715 5453 lta
754 5414 1007 5467 expresse
1043 5414 1145 5453 ms.
1179 5406 1375 5453 novato
1404 5399 1665 5453 vocabulo
1700 5409 1755 5453 et
1786 5415 1891 5453 non
1925 5402 2091 5455 inele-

507 5479 663 5539 gante
682 5485 846 5523 sensu
884 5471 951 5523 ab
990 5469 1269 5539 eliciendo,
1312 5470 1451 5523 sicut
1486 5470 1693 5538 Jupiter
1736 5475 1802 5522 ab
1832 5472 2091 5525 eliciendis

509 5536 817 5595 fulminibus
845 5539 1119 5593 dicebatur
1149 5536 1372 5605 Elicius,
1407 5536 1568 5593 Ovid.
1592 5556 1647 5593 ιιι
1690 5539 1876 5594 Fast.:

657 5629 887 5684 Eliciuut
913 5630 1035 5683 caelo
1054 5638 1128 5694 te,
1158 5627 1362 5695 Jupiter
1384 5645 1403 5682 :
1434 5630 1568 5682 unde
1593 5631 1813 5683 minores

725 5701 879 5754 Nunc
902 5718 1097 5771 quoque
1139 5711 1186 5754 te
1215 5699 1502 5765 celebrant,
1536 5698 1859 5769 Eliciumque
1886 5711 2087 5755 vocant.

584 5818 691 5873 Nisi
726 5818 880 5873 malis
906 5818 1115 5886 legere:
1153 5814 1455 5871 licitatorem
1479 5854 1493 5879 ,
1541 5814 1685 5883 quod
1725 5828 1829 5867 non
1861 5814 2029 5883 place:
2062 5830 2075 5876 ;

2196 4715 2404 4775 tempus
2449 4706 2653 4772 iuveni,
2708 4722 2815 4777 quo
2864 4709 2917 4762 in
2966 4709 3246 4763 harmonia
3296 4710 3479 4789 mundi
3526 4714 3778 4767 universa

2192 4799 2482 4854 animantia
2523 4799 2673 4853 bruta
2703 4801 2921 4869 pariter,
2962 4811 3016 4857 et
3038 4803 3287 4872 elinguia,
3323 4803 3649 4873 iucedentia,
3682 4822 3779 4861 vo-

2192 4890 2555 4961 lantia,atquc
2586 4893 2814 4961 reptilia,
2834 4893 2945 4947 suis
2975 4908 3199 4963 qumque
3228 4895 3419 4959 modis,
3443 4897 3555 4950 suis
3582 4897 3777 4962 sibilis,

2193 4984 2412 5055 suiSque
2441 5001 2664 5055 qna-que
2693 4985 2933 5050 vocibus,
2980 4988 3081 5040 etsi
3111 5000 3245 5041 sono
3276 4987 3518 5057 dissono,
3565 4999 3660 5043 aut
3686 5007 3781 5046 ore

2196 5188 2276 5242 vel
2297 5207 2309 5240 :
2331 5188 2713 5252 elucidatorem,
2729 5189 2870 5257 quod
2896 5190 3097 5244 malim.
3127 5190 3250 5245 llmc
3279 5192 3781 5258 Canisius.—Ma'e,

2200 5260 2251 5313 ni
2280 5257 2454 5323 fallor,
2481 5260 2764 5315 laudantur
2787 5258 2865 5313 illi
2893 5276 3080 5314 versus
3106 5262 3301 5316 Ovidii.
3344 5263 3459 5317 Non
3489 5264 3609 5318 ideo
3636 5257 3784 5318 dice-

2197 5329 2353 5383 batur
2374 5327 2581 5395 Jupiter
2614 5329 2830 5391 Eleius,
2863 5332 3002 5399 quod
3025 5330 3243 5385 fulmina
3268 5333 3505 5387 vibraret
3528 5344 3583 5388 et
3621 5335 3783 5388 elice-

2194 5408 2294 5462 ret,
2334 5400 2427 5453 sed
2458 5399 2597 5468 quod
2636 5415 2666 5453 e
2703 5400 2841 5453 cmlo
2875 5402 2987 5454 ιιίεἱ
3026 5416 3085 5455 se
3123 5413 3413 5469 pateretur.
3460 5407 3592 5457 Cum
3634 5420 3780 5459 enim

2195 5469 2412 5543 Jupiter:
2447 5469 2504 5543 in
2554 5469 2778 5543 gratiam
2820 5469 3003 5524 Numa:
3042 5470 3398 5526 desderantis
3452 5489 3593 5530 scire
3652 5489 3784 5543 quo-

2197 5540 2357 5593 tnodo
2388 5537 2585 5621 fulm‘cn
2611 5538 2745 5621 piari
2795 5549 3001 5621 posset,
3038 5542 3257 5621 e-coelis
3303 5544 3571 5621 innterias
3609 5537 3783 5621 trans-

2200 5608 3010 5685 incasset,_Elicius_d.c;ebatur.
3048 5611 3137 5685 Sic
3158 5612 3317 5666 etiam
3351 5614 3634 5685 Hesperius
3668 5613 3783 5667 Eli-

2194 5683 2334 5752 fcitorq
2350 5680 2645 5752 lapillorum
2675 5680 2971 5752 dicebatur,
2995 5696 3029 5750 q
3069 5682 3135 5737 od
3170 5696 3411 5752 geminas
3447 5680 3478 5739 ὁ
3518 5693 3659 5740 terra
3694 5686 3779 5739 γει

2196 5750 2459 5820 lapidibus
2490 5751 2762 5806 educeret.
2808 5751 2964 5804 Busa.
