4080 6350
254 335 333 396 ’13
1568 345 2049 403 EPISTGLARUM
2087 348 2215 403 LIB.
2256 347 2309 405 l.
3466 362 3531 416 74

264 455 500 524 diverso,
553 456 672 525 pari
714 464 890 512 tamen
917 456 1131 527 affectu,
1177 457 1326 528 quasi
1374 474 1480 515 uno
1506 469 1766 516 concentu
1795 460 1847 515 in
1874 466 1927 523 Α
1955 464 2336 517 commendare
2370 478 2473 550 non
2506 468 2793 536 possimus,
2822 468 3007 525 saltem
3042 473 3123 526 vel
3146 474 3349 544 paginis
3379 490 3532 555 man-

264 548 474 604 laudetn
517 548 725 617 proprii
773 547 1004 603 auctoris
1041 560 1367 617 erumpunt,
1445 561 1500 605 et
1530 552 1843 619 potentiam,

261 656 424 710 quam
465 654 715 709 promere
761 650 1052 707 nequeunt,
1100 641 1297 695 sentire
1336 656 1394 695 se
1439 641 1689 710 produnt.
1735 641 1847 697 Hoc

262 746 498 800 namque
525 741 768 799 tempore
798 731 973 784 cuncti
999 731 1144 785 orbis
1183 733 1391 802 species
1416 733 1666 786 rediviva
1684 746 1843 802 repao

262 835 435 880 ratur.
467 824 539 878 Et
560 822 815 894 quidquid
838 824 889 878 in
922 839 987 878 eo
1016 824 1118 877 situ
1148 826 1471 894 squalidum,
1502 825 1701 894 frigore
1728 836 1844 879 tur-

261 919 470 981 bidum,
492 917 665 986 glacie
690 924 1020 981 concretum,
1045 918 1284 973 nuditate
1310 917 1572 986 deforme,
1593 918 1844 974 ariditate

259 1018 647 1079 praemortuum
680 1008 937 1062 hactenus
978 1007 1096 1072 fuit,
1137 1008 1203 1062 ad
1234 1009 1401 1063 instar
1429 1010 1843 1064 resurrectionis

257 1102 519 1170 emergit;
572 1110 631 1154 ut
678 1101 849 1154 discat
892 1100 1121 1154 humana
1168 1100 1425 1169 fragilitas
1454 1102 1519 1156 de
1548 1101 1841 1157 visibilibus

257 1191 571 1253 invisibilia,
614 1199 671 1245 et
696 1191 763 1245 de
794 1190 1144 1258 praesentibus
1188 1192 1361 1245 futura
1411 1205 1754 1260 cognoscere,
1787 1200 1841 1246 et

255 1299 415 1354 spem
444 1291 681 1338 venturae
697 1282 933 1337 melioris
961 1283 1152 1345 aetatis,
1176 1282 1414 1351 deposita
1440 1282 1839 1350 desperatione,

256 1375 540 1444 percipiat.
572 1374 721 1428 Nunc
745 1374 904 1428 etiam
937 1374 1091 1427 tellus
1120 1374 1290 1428 sterili
1332 1373 1507 1441 rigore
1534 1374 1836 1441 conclusas,

254 1467 412 1533 quasi
440 1466 580 1520 virili
609 1463 813 1519 semine
843 1463 941 1518 hoc
970 1479 1136 1518 verno
1165 1472 1406 1534 tempore
1433 1475 1711 1534 concepto,
1743 1481 1838 1521 oc-

250 1556 418 1612 cultis
438 1558 680 1611 maritata
708 1555 993 1622 meatibus,
1022 1569 1184 1608 venas
1224 1555 1366 1609 laxat
1406 1556 1470 1609 ad
1504 1564 1736 1625 partum.
1772 1556 1841 1611 Et

252 1649 383 1706 hinc
401 1647 546 1718 quod
576 1647 781 1702 deliciis
806 1662 989 1710 suave,
1019 1648 1158 1715 quod
1184 1647 1300 1702 esui
1341 1646 1518 1710 dulce,
1552 1649 1690 1716 quod
1718 1648 1835 1702 usui

247 1744 408 1809 utile,
431 1740 575 1809 quod
602 1740 761 1794 victui
790 1740 1173 1808 necessarium,
1198 1738 1338 1807 quod
1364 1738 1499 1792 visui
1518 1738 1834 1807 jucundum,

1955 553 2085 608 dare
2111 568 2379 609 curemus.

2557 670 2768 729 EPIST.
2816 674 2923 728 νη.

1950 755 2171 810 Domino
2211 773 2303 812 suo
2348 760 2670 838 peculiariter
2716 764 2785 838 int
2813 764 3011 838 curiata
3053 777 3268 838 patrono
3310 771 3528 830 Bassulo

2478 833 2713 900 episcopo
2748 833 3004 888 Ruririus.

2019 918 2188 987 Quam
2219 935 2306 976 me
2334 921 2557 993 diligere
2598 934 2781 978 sancta
2830 926 3014 993 pietas.
3057 937 3111 984 et
3151 931 3232 1000 pia
3273 936 3524 991 sanetitas

1948 1023 2123 1069 vestra
2167 1015 2417 1087 dignetur
2460 1021 2777 1075 multimodo
2824 1023 3063 1093 probatis
3108 1024 3297 1081 atl'ectu
3326 1071 3339 1093 ,
3392 1030 3520 1082 dtttn

1945 1103 2166 1174 legenda
2193 1111 2571 1177 transmittitis,
2626 1126 2677 1167 et
2706 1115 2943 1183 neglecta
2972 1117 3250 1187 corrigitis,
3283 1120 3524 1175 dilectio-

1946 1210 2065 1250 nem
2091 1197 2359 1268 diligendo
2382 1206 2714 1271 provocatis;
2749 1216 2801 1260 et
2831 1208 2971 1277 quod
3003 1210 3300 1278 praedicatis
3320 1214 3517 1281 verbis,

1943 1285 2147 1342 docetis
2193 1294 2474 1361 exemplis.
2519 1296 2623 1350 Sed
2667 1300 2914 1367 quoniam
2960 1315 3142 1355 semen
3192 1314 3426 1358 vestrum
3470 1306 3520 1359 in

1916 1366 2085 1432 'terra
2116 1382 2599 1440 sterilietdumosa
2628 1366 2732 1443 non
2764 1391 2992 1458 proficit,
3014 1401 3196 1461 utpote
3216 1410 3334 1464 qua:
3358 1397 3521 1450 senti-

1941 1467 2041 1522 bus
2064 1478 2592 1539 supercrescentibus
2627 1480 2937 1549 suffocatur,
2955 1500 3021 1537 ne
3057 1469 3195 1539 sicut
3232 1486 3520 1542 infructuo-

1941 1575 2054 1615 sam
2078 1562 2223 1618 illam
2247 1554 2523 1624 ficulneam
2549 1587 2634 1625 me
2650 1572 2830 1641 jubeat
2857 1575 3108 1631 Dominus
3131 1578 3323 1648 vineae,
3360 1596 3519 1650 quam

1943 1659 2091 1708 tanto
2120 1662 2362 1727 tempore
2389 1662 2743 1733 nequidquam
2788 1676 3080 1735 exspectat,
3108 1669 3378 1735 abscindi;
3428 1687 3520 1726 vos

1941 1745 2271 1802 severiorem
2299 1754 2620 1807 sententiam
2654 1757 2857 1811 orando
2881 1757 3113 1826 differte,
3137 1759 3305 1816 donec
3321 1761 3519 1817 doctri-

248 1836 396 1904 quod
422 1834 643 1888 olfactui
673 1840 903 1901 gratum,
954 1831 1093 1900 quod
1143 1832 1304 1885 tactui
1355 1830 1628 1900 blandum,
1677 1846 1838 1888 omne
1866 1846 1916 1908 Β
1944 1850 2027 1891 me
2078 1849 2269 1896 vestra:
2298 1841 2326 1880 δ
2372 1843 2693 1916 pinguedine
2742 1860 2988 1921 tanquam
3033 1861 3186 1908 terra:
3221 1856 3517 1911 amaritudo

251 1926 526 1997 producit.
583 1923 857 1994 Siquidem
908 1922 1024 1977 haec
1070 1932 1155 1979 est
1207 1924 1295 1977 illa
1350 1924 1669 1992 temperies,
1719 1939 1838 1993 qua;

252 2019 440 2075 mundi
475 2020 745 2073 nascentis
776 2016 1075 2082 materiam,
1126 2016 1276 2085 quasi
1318 2015 1493 2071 adhuc
1534 2017 1587 2070 in
1620 2016 1839 2071 incuna-

251 2111 395 2166 bulis
426 2119 668 2165 teneram
717 2108 769 2162 in
798 2107 1004 2176 gremio
1050 2107 1278 2177 quodam
1306 2108 1734 2162 clementissima:
1760 2109 1839 2162 al-

248 2203 403 2257 tricis
424 2201 711 2270 complexu
738 2198 993 2263 nutrivit;
1024 2213 1092 2253 ne
1113 2198 1466 2252 substantiam
1490 2200 1633 2253 nullo
1656 2199 1835 2255 labore

246 2293 498 2349 duratam
541 2300 637 2346 aut
683 2291 899 2346 :estivus
945 2290 1124 2345 fervor
1148 2299 1419 2356 exureret,
1464 2300 1555 2345 aut
1592 2291 1835 2347 hiemalis

244 2387 403 2457 algor
430 2386 816 2454 exstingueret,
866 2394 956 2438 aut
1003 2392 1281 2438 ventorum
1328 2384 1491 2438 flabra
1534 2394 1828 2453 portarent.

246 2478 422 2533 liabet
449 2477 627 2547 itaque
650 2487 931 2544 susceptus
959 2485 1081 2530 tuus
1109 2476 1672 2531 convenientissimum
1699 2488 1834 2533 tem-

241 2584 369 2639 pus.
402 2584 510 2638 quo
556 2568 719 2621 animi
752 2568 997 2623 socordia
1040 2567 1254 2622 tandem
1295 2568 1580 2637 aliquando
1610 2577 1636 2605 ⁸
1665 2569 1831 2639 depo-

238 2665 371 2729 sita,
400 2662 780 2717 hebetudinem
807 2661 984 2715 cordis
1010 2670 1252 2715 exacuet.
1279 2660 1343 2715 Et
1360 2662 1402 2715 si
1427 2662 1565 2715 inter
1588 2662 1831 2718 homines

234 2755 551 2811 declamare
578 2770 683 2809 non
712 2761 908 2823 potest,
936 2755 1123 2808 saltem
1153 2756 1291 2808 inter
1312 2754 1543 2823 pecudes
1568 2755 1823 2821 clamare,

235 2854 340 2900 aut
368 2844 511 2899 inter
531 2844 776 2900 volucres
794 2846 998 2914 garrire
1025 2844 1258 2899 festinet.

867 2976 1081 3031 EPIST.
1126 2977 1212 3031 Vl.

233 3069 468 3125 Domino
496 3077 667 3124 sancto
696 3078 745 3122 et
766 3068 992 3140 piissimo
1024 3067 1171 3121 Patri
1200 3067 1494 3135 Nepatiano
1535 3070 1823 3139 presbytero

890 3138 1150 3193 Ruricius.

307 3251 539 3307 Codices
579 3266 713 3321 quos
759 3250 1014 3305 sanctitas
1057 3260 1234 3305 vestra
1276 3251 1566 3306 transmisit
1617 3254 1821 3323 accepi,

229 3343 545 3411 eloquentia
578 3343 776 3408 claros,
827 3343 1050 3396 scientia
1100 3344 1383 3412 perfectos,
1424 3343 1665 3399 doctrina
1696 3360 1827 3416 pro-

230 3436 359 3501 bos,
395 3432 521 3487 fidei
543 3435 772 3501 puritate
801 3434 1139 3503 perspicuos;
1173 3436 1260 3503 qui
1286 3450 1558 3490 sacrorum
1588 3439 1828 3492 testimo-

230 3529 452 3581 niorum
488 3525 733 3581 ubertate
763 3527 1071 3594 locupletes,
1123 3528 1437 3581 auctoritate
1487 3538 1821 3596 praestantes,

231 3617 356 3673 luce
383 3617 673 3686 fulgentes,
724 3616 879 3671 facile
922 3626 975 3671 et
1003 3617 1233 3670 fidelium
1268 3628 1472 3672 mentes
1499 3619 1819 3687 illuminent,

229 3719 286 3764 et
319 3707 619 3763 inﬁdelium
642 3722 856 3763 errores
873 3708 1121 3779 detegant
1146 3719 1302 3779 atquc
1323 3711 1660 3767 convincunt.
1682 3715 1825 3778 Quo-

235 3815 357 3854 rum
386 3814 487 3868 ego
512 3808 667 3868 gustu
695 3798 983 3852 admodum
1018 3798 1161 3853 tenui
1192 3800 1445 3869 pellecms
1476 3804 1647 3869 potius
1665 3818 1823 3871 quam

233 3892 497 3953 refectus,
548 3890 612 3943 ad
641 3890 937 3944 satietatem
966 3900 1183 3959 propter
1229 3891 1615 3946 sollicitudines
1642 3894 1824 3947 szeculi

231 3983 530 4055 pervenire
556 3998 660 4036 non
709 3983 879 4053 potui.
913 3982 1059 4037 Sicut
1088 3985 1227 4037 enim
1257 3984 1565 4036 stomachus
1594 3999 1714 4038 cum
1745 3984 1825 4040 fe-

229 4078 419 4132 brium
450 4079 645 4129 ardore
668 4075 1006 4144 decoquitur,
1040 4074 1223 4129 dulces
1271 4074 1370 4128 sibi
1398 4084 1521 4128 ante
1546 4075 1693 4129 cibos
1724 4091 1823 4131 nec

230 4167 449 4221 oblatos
478 4181 573 4220 ore
601 4166 809 4234 recipit,
856 4180 953 4219 nec
984 4166 1210 4235 requirit
1238 4166 1473 4232 ablatos;
1521 4166 1591 4219 ita
1620 4173 1675 4220 et
1700 4162 1820 4218 ani-

230 4270 359 4313 mus
382 4256 668 4311 mundanis
688 4257 1044 4309 anxietatibus
1070 4258 1317 4325 curisque
1339 4257 1633 4325 confectus,
1662 4255 1820 4325 spiri-

229 4350 374 4405 tales
404 4349 570 4415 dapes
599 4363 698 4402 nec
728 4348 994 4402 desiderat
1021 4349 1290 4414 absentes,
1323 4365 1419 4403 nec
1448 4349 1613 4417 carpit
1649 4364 1818 4418 appo—

226 4443 391 4503 sitas,
442 4454 541 4493 nec
586 4438 749 4493 sentit
799 4439 1022 4493 infusas.
1068 4440 1195 4505 Quae
1236 4455 1355 4492 cum
1411 4440 1479 4492 ita
1530 4454 1590 4494 se
1633 4439 1686 4493 in
1733 4454 1818 4496 me

228 4534 498 4599 habeant,
521 4546 611 4585 vos
630 4540 807 4586 tamen
830 4541 884 4585 et
911 4530 980 4599 pii
1005 4532 1235 4599 parentis
1255 4531 1516 4601 probastis
1546 4532 1813 4598 affectum,

227 4636 287 4680 et
323 4623 540 4677 solliciti
591 4620 828 4691 magistri
877 4622 1264 4686 ministerium,
1314 4631 1364 4676 et
1410 4622 1578 4677 seduli
1623 4624 1815 4680 medici

224 4715 501 4785 implestis
543 4713 801 4774 officium,
845 4720 902 4764 ttt
945 4712 1034 4765 tali
1083 4712 1242 4765 taedio
1284 4712 1543 4767 laboranti
1577 4714 1810 4769 medica-

226 4819 418 4864 menta
445 4820 680 4874 congrua
712 4804 1017 4858 mitteretis.
1070 4804 1272 4870 Quibus
1321 4814 1375 4860 et
1405 4816 1621 4875 propter
1651 4810 1818 4878 negli-

220 4897 473 4969 gentiam
510 4910 680 4949 meam
721 4908 819 4963 ego
864 4908 969 4949 non
1017 4894 1170 4948 valeo
1200 4896 1449 4965 consequi
1480 4898 1813 4965 sospitatem.

222 4993 346 5046 Vos
377 5001 554 5044 tamen
573 4984 879 5057 percipietis
905 5001 932 5039 a
958 4986 1103 5055 justo
1124 4996 1469 5055 repensatore
1487 4990 1812 5058 mercedem,

221 5083 324 5151 qui
362 5080 521 5134 etiam
550 5092 647 5146 pro
672 5077 891 5145 ingratis
915 5086 1095 5146 grates
1134 5077 1419 5132 benevolas
1458 5080 1655 5136 referre
1684 5096 1815 5136 con-

222 5172 434 5227 suevit.
462 5169 660 5221 llorum
690 5181 790 5237 ego
819 5168 1163 5235 prrefatorum
1196 5169 1436 5223 codicum
1466 5186 1650 5238 unum,
1680 5175 1819 5230 sicut

216 5260 495 5332 iussistis,
543 5256 758 5324 retinui,
809 5256 970 5310 alium
998 5260 1200 5325 remisi,
1232 5275 1389 5329 quem
1426 5261 1484 5317 S.
1517 5261 1698 5317 Hilarii
1733 5264 1819 5320 Pi-

219 5367 413 5411 ctavm
461 5350 607 5405 urbis
653 5348 907 5403 antistitis
964 5363 1085 5405 esse
1146 5353 1421 5407 noveritis.
1486 5354 1635 5420 Quod
1694 5358 1816 5427 quia

220 5444 637 5517 praeceperatis,
691 5440 929 5495 indicare
974 5443 1175 5495 curavi.
1209 5442 1360 5498 Hunc
1388 5460 1515 5499 vero
1546 5454 1812 5504 retentum

216 5536 546 5611 permittitis
595 5533 916 5603 transferre;
964 5534 1223 5605 disposui,
1267 5546 1323 5593 ut
1360 5537 1503 5609 quod
1536 5542 1808 5599 memoria:

296 5689 327 5717 ι
367 5675 470 5730 Ms.
504 5674 552 5727 in
586 5672 823 5740 margine
843 5674 1103 5724 detestata.

296 5750 323 5787 δ
365 5746 492 5801 Ms"
517 5742 775 5810 pinguitie.

489 5837 755 5895 ΡΑτιιοι..
821 5834 1041 5894 LVIII.

1854 3214 1902 3277 C

1941 1926 2271 1987 infructuosa
2316 1932 2606 1991 dulcescat.
2659 1938 2761 1994 Sed
2795 1941 3044 2010 quoniam
3088 1943 3206 2011 plus
3229 1954 3354 1999 sunt
3380 1948 3517 2016 apud

1940 2033 2027 2074 me
2046 2020 2240 2076 delicta
2269 2039 2427 2095 quam
2475 2028 2668 2095 verba,
2716 2046 2816 2086 nec
2862 2048 3075 2103 possum
3126 2037 3262 2092 facta
3303 2040 3517 2109 expiare

1936 2113 2306 2180 sermonibus,
2356 2116 2667 2188 obsequium
2710 2123 2898 2177 saltem
2927 2125 3216 2194 epistolare
3248 2128 3515 2197 dependo,

1936 2207 1993 2254 et
2020 2200 2233 2269 librum,
2284 2221 2440 2275 quem
2486 2210 2875 2279 praestiteratis,
2925 2231 3011 2271 me
3038 2218 3309 2273 remisisse
3347 2221 3514 2289 signi-

1935 2289 2056 2345 fico.
2089 2292 2287 2358 Alium,
2335 2297 2427 2366 qui
2475 2298 2767 2358 identidem
2805 2306 2997 2361 vestris
3028 2308 3209 2363 usibus
3260 2326 3402 2366 nunc
3423 2327 3515 2367 ne-

1935 2382 2201 2437 cessarius
2231 2399 2337 2439 non
2366 2398 2467 2457 est,
2514 2405 2673 2460 spero
2722 2407 2817 2462 per
2858 2396 3167 2463 portitorem
3200 2398 3385 2454 barum
3417 2416 3510 2458 re-

1937 2472 2095 2526 mitti.
2117 2473 2355 2532 Jubeatis
2377 2479 2531 2534 simul
2556 2484 2698 2551 quod
2724 2486 2766 2540 si
2792 2488 3017 2557 propitio
3038 2490 3147 2546 Deo
3163 2491 3229 2545 ad
3255 2494 3513 2550 solemni-

1934 2570 2097 2620 tatem
2122 2579 2429 2627 sanctorum
2452 2574 2691 2643 gurdone
2715 2577 2908 2634 abituri
2949 2581 3088 2648 sitis,
3119 2586 3513 2642 recurrentibus

1932 2656 2070 2713 scire
2099 2658 2321 2716 faciatis.

2531 2803 2750 2861 EPIST.
2795 2807 2926 2864 Vill.

1931 2881 2155 2938 Domino
2176 2902 2269 2940 suo
2304 2892 2551 2976 peculiari
2582 2896 2633 2976 in
2659 2896 2858 2976 Christo
2882 2902 3101 2976 Domino
3134 2915 3351 2976 patrono
3376 2918 3398 2947 ο
3424 2909 3510 2965 Si-

2372 2962 2528 3017 donio
2550 2968 2784 3037 ερίπορο
2815 2970 3076 3028 Ruricius.

2003 3068 2425 3132 Przedicantibus
2458 3079 2631 3147 vobis,
2675 3084 2869 3152 saepius
2916 3088 3130 3145 audisse
3173 3107 3257 3147 me
3306 3098 3507 3167 recolo,

1933 3162 2235 3220 nullatenus
2266 3167 2336 3222 ab
2376 3170 2745 3241 iniquitatibus
2788 3192 2886 3233 nos
2930 3195 3088 3249 posse
3128 3188 3362 3255 purgari,
3408 3162 3509 3245 ttisi

1932 3252 2189 3311 fuerimus
2217 3261 2440 3316 crimina
2472 3275 2674 3335 nostra,
2724 3275 3050 3328 conscientia
3092 3290 3507 3350 compungente,

1931 3345 2182 3401 confessi.
2234 3350 2365 3417 Quis
2394 3355 2556 3421 enim,
2610 3373 2717 3413 non
2762 3361 2936 3418 dicam
2979 3370 3253 3438 consequi,
3299 3372 3392 3427 sed
3424 3376 3506 3429 vel

1931 3452 2175 3506 quaerere
2204 3453 2365 3511 queat
2403 3448 2808 3519 indulgentiam,
2857 3456 2961 3512 nisi
2990 3458 3343 3529 deplorationi
3374 3479 3508 3519 con-

1930 3529 2220 3588 fessionem
2240 3537 2443 3592 erroris
2462 3539 2755 3611 adjungat?
2777 3545 2907 3613 Quia
2929 3562 3081 3604 error
3102 3552 3504 3626 indulgentiam,

1928 3636 2035 3676 non
2082 3623 2414 3696 indulgentia
2456 3632 2678 3701 requirit
2716 3650 2978 3694 errorem.
3026 3641 3176 3707 Quod
3225 3662 3323 3715 ego
3354 3623 3509 3705 valde

1928 3727 2108 3767 serum
2141 3730 2261 3771 esse
2290 3733 2642 3789 cognoscens,
2676 3725 2882 3782 facinus
2913 3745 3088 3785 meum
3120 3750 3287 3803 nuper
3310 3738 3509 3811 admis-

1927 3820 2068 3872 sum,
2116 3809 2300 3876 pietati
2346 3824 2543 3869 vestrm
2592 3817 2827 3874 indicare
2872 3836 2976 3875 non
3020 3823 3219 3878 distuli.
3251 3826 3329 3881 Ne
3366 3809 3507 3897 quod

1926 3898 2087 3952 modo
2112 3901 2370 3967 prodente
2394 3918 2479 3957 me
2500 3916 2706 3972 spectat
2736 3911 2800 3964 ad
2844 3913 3074 3983 veniam,
3121 3925 3331 3972 tacente
3360 3931 3508 3988 post-

1928 3989 2143 4043 modum
2172 3994 2466 4059 pertineret
2490 3996 2556 4051 ad
2585 4000 2819 4068 culpam.
2866 4002 2968 4057 Sed
2986 4005 3094 4073 jam
3129 4009 3298 4076 ipsum
3323 4011 3503 4068 dolum

1928 4080 2249 4149 proferimus
2276 4084 2329 4137 in
2363 4086 2619 4141 medium.
2655 4090 2803 4145 Furti
2830 4108 2917 4147 me
2944 4097 3099 4151 vobis
3125 4115 3273 4154 reum
3305 4112 3502 4172 statuo,

1927 4179 1981 4226 et
2007 4171 2312 4242 depositum
2340 4186 2575 4233 vestrum
2600 4196 2706 4248 me,
2728 4183 3097 4253 ignorantibus
3122 4192 3291 4260 vobis,
3320 4194 3505 4254 illicite

1925 4269 2333 4336 praesumpsisse
2374 4275 2683 4341 pronuntio.
2728 4277 2878 4345 Quod
2909 4290 2964 4336 ut
2992 4292 3166 4340 tamen
3196 4292 3501 4346 committe-

1927 4374 2062 4424 rem,
2087 4362 2429 4419 occasionem
2463 4370 2808 4441 perpetrandi
2851 4372 3099 4431 facinoris
3130 4394 3223 4434 vos
3251 4381 3500 4452 dedistis,

1923 4462 2015 4507 aut
2044 4462 2309 4512 tentantes
2337 4460 2609 4528 cupidum,
2634 4474 2725 4519 aut
2752 4464 3020 4524 indoctum
3049 4474 3262 4528 erudire
3283 4478 3501 4546 cupien-

1926 4554 2024 4600 tes.
2058 4546 2305 4604 Codicem
2355 4567 2603 4622 namque,
2653 4572 2809 4626 quem
2839 4561 2906 4614 de
2936 4562 3097 4618 fratre
3130 4582 3250 4620 meo
3278 4568 3500 4628 Leontio

1925 4652 2011 4693 me
2032 4638 2274 4709 recipere
2297 4642 2597 4714 jusseratis,
2648 4652 2981 4709 transtulisse
3010 4672 3096 4710 me
3126 4656 3315 4714 fateor.
3346 4662 3498 4729 Quod

1926 4729 1971 4784 si
1995 4730 2256 4799 probatis,
2289 4730 2316 4769 ἀ
2346 4734 2641 4803 ignoscite;
2664 4741 2708 4794 si
2739 4742 3028 4811 imputatis,
3055 4752 3342 4817 agnoscite.
3367 4753 3494 4819 Quia

1926 4820 2246 4877 confessioni
2293 4828 2504 4894 querela
2551 4828 2801 4886 sociatur.
2854 4833 2983 4889 Nam
3016 4839 3242 4904 primum
3275 4851 3329 4894 ut
3372 4858 3495 4899 eum

1927 4909 2158 4979 legerem
2185 4914 2427 4969 voluntas
2452 4914 2681 4985 impulit.
2726 4920 2925 4978 Deinde
2953 4926 3041 4979 ille
3072 4938 3129 4981 ut
3175 4930 3493 4988 transferre-

1927 5009 2012 5056 tur
2059 5004 2303 5061 extorsit.
2352 5007 2484 5062 Nam
2534 5025 2652 5065 cum
2702 5012 2770 5069 de
2824 5014 3050 5086 dapibus
3108 5022 3272 5089 ipsius
3318 5025 3495 5084 adhuc

1925 5107 2090 5158 pauca
2113 5095 2384 5164 libassem,
2432 5100 2609 5157 taliter
2646 5119 2734 5160 me
2772 5116 2931 5176 gustu
2962 5110 3259 5169 illecebrosi
3287 5120 3496 5186 saporis

1920 5183 2109 5254 illexit,
2136 5196 2192 5240 ut
2222 5189 2377 5256 primi
2401 5192 2795 5261 quodammodo
2837 5203 3073 5267 parentis
3104 5183 3364 5275 imitator,
3390 5209 3495 5263 Do-

1921 5276 2065 5329 mino
2111 5289 2330 5346 repente
2357 5290 2689 5353 contempto,
2739 5287 2803 5341 ad
2844 5290 3145 5348 satietatem
3194 5297 3491 5353 studuerint

1920 5367 2228 5434 pervenire;
2279 5371 2553 5442 magisque
2582 5377 2865 5433 consilium
2898 5383 3173 5441 suadentis
3202 5403 3362 5456 quam
3394 5390 3493 5444 im-

1920 5458 2124 5526 perium
2148 5458 2471 5518 dominantis
2501 5466 2780 5525 audierim.
2812 5471 2945 5526 Nam
2970 5484 3026 5529 ut
3054 5478 3229 5533 omnia
3261 5481 3503 5548 pectoris

1919 5549 2023 5604 mei
2067 5565 2258 5605 arcana
2306 5555 2672 5623 manifestem,
2720 5560 2941 5618 videbar
2986 5567 3115 5622 mihi
3158 5568 3277 5623 libri
3328 5571 3492 5639 ipsius

1992 5682 2523 5765 fiuitArvernorum
2543 5693 2728 5765 episc.,
2746 5692 2896 5762 isque
2913 5697 3312 5760 celeberrimus.
3330 5704 3489 5765 BASN.

1988 5751 2014 5788 ά
2038 5752 2196 5810 Forte
2224 5760 2516 5827 agnoscite;
2542 5751 2589 5815 δῖ
2610 5751 2871 5833 ἐιηρὶιιαξὶι
2898 5751 3160 5834 ignoscite.

3104 5859 3141 5914 3
