4080 6350
604 405 679 468 τε
872 428 881 443 ι
918 422 929 439 ›
1174 426 1181 447 .~
1211 410 1219 418 -
1668 356 1673 361 ⁸
1957 396 2189 459 auatct

2289 398 2559 458 lPlSCOPl
3337 397 3343 403 ’
3818 410 3894 475 78

606 518 772 576 verba
801 500 1136 575 adhortantis
1159 512 1345 569 audire
1370 530 1382 568 :
1405 511 1543 581 Quid
1583 526 1785 582 cessas,
1816 512 2042 585 ingrate,
2070 514 2196 586 quid
2225 522 2282 581 Α
2305 516 2540 590 ambigo.
2579 518 2715 578 Cum
2761 528 2818 578 et
2862 536 2959 580 vos
2998 522 3282 581 abundetis
3332 524 3658 595 tabellariis,
3699 536 3756 585 et
3794 545 3892 590 me

607 609 853 664 dubitas?
879 607 1029 663 Nosti
1057 620 1180 676 erga
1202 612 1255 660 te
1274 605 1577 661 communis
1600 605 1809 660 Domini
1841 606 2187 673 voluntatem,

606 718 764 772 quam
812 699 1037 755 diversis
1083 697 1458 752 occasionibus
1511 706 1560 751 te
1607 698 1830 752 elimare
1876 699 2189 765 contendat,

606 812 762 867 quam
790 795 883 849 tibi
915 793 1077 848 etiam
1107 792 1274 845 invito
1301 790 1573 860 spiritales
1613 790 1762 845 cibos
1805 792 1978 846 soleat
2020 792 2193 847 bonus

605 898 788 959 pastor
815 888 1080 956 ingerere.
1127 882 1253 938 Mihi
1285 882 1467 948 crede,
1517 882 1634 952 plus
1668 881 1786 949 tibi,
1827 886 1871 936 si
1899 882 2191 949 distuleris,

603 999 762 1054 quam
803 971 1144 1036 transtuleris
1181 975 1484 1046 imputabit.
1543 975 1679 1042 Quia
1710 975 1964 1033 studiosis
1991 975 2189 1045 favere,

603 1092 709 1132 non
740 1074 979 1129 invidere
1007 1070 1303 1125 consuevit.
1354 1068 1447 1123 His
1479 1077 1535 1125 et
1575 1069 1772 1125 talibus
1801 1069 2023 1126 silentio
2056 1070 2191 1126 allo-

602 1170 741 1241 quiis
765 1170 816 1222 in
836 1165 1047 1221 vincula
1064 1165 1182 1234 ejus
1211 1179 1295 1218 me
1319 1164 1653 1219 voluntarius
1680 1165 1879 1234 pariter
1892 1173 1947 1218 et
1971 1172 2193 1219 coactus

602 1270 793 1330 sponle
812 1256 1044 1326 conjeci,
1065 1254 1131 1308 ad
1148 1254 1562 1324 exemplandum
1582 1269 1706 1310 eum
1726 1255 1950 1310 festinus
1967 1255 2190 1321 accessi,

602 1354 771 1422 Quem
802 1352 985 1407 nescio
1012 1358 1216 1414 utrum,
1261 1347 1399 1402 sicut
1429 1354 1534 1414 est,
1587 1347 1971 1416 transcriptum
1999 1361 2067 1402 an
2099 1361 2193 1417 pa-

602 1460 775 1505 ratum
823 1446 1048 1503 reddere
1094 1444 1319 1499 debeam
1374 1442 1427 1497 in
1467 1450 1648 1497 vestro
1698 1441 1897 1511 pendet
1941 1441 2185 1498 arbitrio.

602 1540 716 1611 Ego
762 1548 938 1594 tamen
970 1536 1144 1592 libens
1196 1534 1418 1589 inultam
1473 1547 1634 1605 quam
1678 1531 1990 1597 intuleritis,
2039 1533 2187 1589 exci-

602 1631 775 1701 piam;
822 1629 945 1701 quia
1004 1620 1302 1683 remedium
1351 1640 1529 1681 meum
1574 1632 1812 1679 vestrum
1859 1623 2022 1679 credo
2066 1636 2189 1681 esse

601 1722 907 1788 decretum,
960 1727 1016 1776 et
1067 1720 1385 1775 sententiam
1438 1724 1673 1773 vestram
1718 1714 1985 1771 medelam
2049 1716 2189 1771 duco

601 1828 744 1880 esse,
772 1827 877 1867 non
910 1824 1142 1881 ptenam.

1226 1943 1441 1999 EPIST.
1485 1942 1577 1997 IX.

603 2040 825 2095 Domino
852 2037 1103 2109 peculiari
1144 2037 1198 2089 in
1236 2033 1443 2159 Cllitristo.
1475 2035 1695 2089 Domino
1722 2043 1937 2105 patrono
1975 2034 2191 2091 Sidonio

1313 2123 1526 2159 unctus.

1313 2123 1526 2161 urtcms.

674 2203 749 2257 lta
780 2215 863 2255 me
892 2212 1085 2255 recens
1132 2197 1474 2266 praedicatio,
1517 2206 1572 2251 et
1608 2197 1826 2267 antiqua
1857 2198 2074 2252 dilectio
2103 2213 2192 2253 ve-

602 2302 728 2349 strae
761 2292 973 2361 pietatis
1015 2289 1226 2355 illexit,
1258 2298 1317 2342 ut
1340 2288 1569 2343 audeam
1599 2288 1817 2343 auribus
1847 2290 2041 2344 vestris
2074 2290 2190 2345 ine-

582 2385 727 2455 .ptiis
769 2383 902 2438 meis
951 2380 1129 2435 facere
1182 2379 1380 2448 saepius
1421 2378 1709 2449 injuriam;
1756 2379 1884 2435 dum
1933 2391 2188 2447 vestram,

602 2486 859 2548 quantum
882 2472 1052 2529 sterili
1079 2473 1350 2542 ingeniolo
1379 2473 1718 2539 conceditur,
1748 2475 2014 2545 attingere
2033 2477 2191 2544 cupio

602 2566 961 2635 disciplinam.
1006 2564 1178 2629 Quam
1218 2562 1320 2623 etsi
1372 2565 1587 2633 assequi
1635 2566 1836 2633 grande
1873 2575 1983 2633 est,
2030 2579 2192 2636 atque

602 2660 853 2730 difﬁcile,
882 2661 1035 2731 sequi
1066 2669 1243 2716 tamen
1287 2661 1566 2731 pulchrum
1613 2671 1696 2718 est
1737 2674 1899 2732 atque
1937 2664 2186 2720 sublime.

603 2754 865 2823 Qu0niam
911 2770 1243 2809 summarum
1293 2771 1473 2810 rerum
1526 2771 1633 2811 non
1680 2756 1897 2826 adeptio
1944 2766 2188 2828 tantum,

602 2847 697 2902 sed
728 2845 889 2901 etiam
924 2846 1147 2899 imitatio
1178 2846 1290 2916 ipsa
1313 2845 1548 2914 jucunda
1587 2856 1690 2903 est.
1732 2847 1864 2914 Quia
1918 2864 2190 2919 nunquam

602 2939 715 2994 fere
760 2937 953 3007 aliquis
987 2937 1103 3008 ejus
1130 2937 1207 2993 rei
1238 2940 1487 3007 portione
1522 2938 1588 2992 ad
1623 2940 1886 3009 integrum
1914 2949 2090 3005 caret,
2124 2942 2191 2995 ad

602 3045 763 3102 quam
806 3029 1070 3086 scandere
1113 3044 1176 3085 ac
1228 3028 1509 3099 pervenire
1550 3031 1902 3085 contenderit.
1938 3030 2192 3087 Desidere

603 3128 816 3196 itaque,
854 3124 1073 3180 domine
1114 3124 1222 3190 mi,
1271 3123 1554 3190 desidero,
1604 3124 1853 3195 inquam,
1903 3125 2006 3181 tuis
2057 3123 2191 3181 cibis

600 3217 784 3280 refici,
834 3222 925 3269 tuo
966 3213 1112 3269 fonte
1152 3214 1354 3285 potari,
1400 3216 1503 3270 tuis
1550 3215 1743 3286 repleri
1786 3215 2042 3285 dapibus,
2088 3215 2189 3271 tuis

2295 608 2480 664 sciatis
2508 610 2753 668 laborare
2779 620 3017 684 egestate
3048 616 3333 682 sermonis,
3370 632 3433 675 ac
3462 620 3746 676 Sterilitate
3770 624 3890 678 exi-

2294 698 2357 753 lis
2383 698 2605 769 ingenii,
2642 701 2787 756 velut
2808 702 3008 758 aestivis
3039 704 3312 760 mensibus
3342 708 3547 763 arentis
3576 724 3728 766 venae
3752 726 3887 766 cur-

2293 802 2410 844 sum
2439 789 2653 859 sudare,
2679 805 2787 846 non
2808 791 2995 850 fluere.
3011 792 3304 850 Addidistis
3324 796 3512 866 etiam,
3529 799 3667 854 sicut
3685 800 3888 858 Achilli

2250 946 2253 949 _
2296 878 2620 950 Patroclum,
2653 892 2746 938 aut
2782 883 2994 940 Herculi
3018 885 3307 953 Theseum,
3349 888 3435 947 vel
3471 888 3683 946 Theseo
3729 892 3887 964 Pyri-

2250 1038 2255 1039 ί
2295 974 2504 1040 thoum,
2563 975 2636 1030 ita
2682 990 2777 1031 vos
2814 976 2948 1031 mihi
2994 976 3194 1034 debere
3238 980 3453 1035 sociari.
3487 979 3542 1036 In
3570 980 3655 1039 bis
3686 982 3889 1041 fabulis

2294 1070 2555 1143 factisque
2594 1074 2856 1144 majorum
2894 1091 2999 1131 non
3041 1077 3443 1148 praerogativam
3494 1093 3884 1147 personarum,

2294 1164 2390 1219 sed
2438 1167 2897 1235 comparationem
2939 1167 3198 1223 debemus
3244 1167 3549 1225 dilectionis
3599 1172 3887 1240 accipere;

2296 1266 2353 1312 ut
2380 1260 2675 1315 amicorum
2701 1262 3006 1317 recolentes
3029 1263 3268 1330 nomina,
3293 1278 3581 1334 sequamur
3600 1267 3886 1336 exempla;

2293 1360 2350 1408 et
2374 1367 2561 1408 eorum
2590 1353 2649 1409 in
2679 1368 2779 1409 nos
2806 1355 3067 1411 vocabula
3094 1354 3499 1422 transferentes,
3523 1357 3716 1412 merita
3744 1373 3887 1414 con-

2295 1444 2568 1512 feramus;
2600 1454 2760 1516 atque
2780 1461 2846 1501 ex
2883 1447 3118 1516 ipsorum
3147 1448 3312 1517 gestis
3344 1447 3626 1517 magnifica
3656 1465 3890 1520 quaeque

2293 1544 2350 1594 et
2388 1536 2613 1594 honesta
2658 1548 2978 1607 carpentes,
3013 1537 3135 1593 vita:
3165 1550 3367 1594 nostras
3415 1540 3619 1597 utiliter
3656 1549 3884 1612 coopte-

2295 1646 2448 1697 mus;
2480 1642 2535 1685 et
2564 1633 2863 1688 serviamus
2911 1631 3067 1687 nobis
3097 1632 3150 1687 in
3192 1632 3417 1688 caritate
3468 1633 3732 1702 candida,
3772 1652 3885 1691 non

2297 1722 2605 1779 adulatione
2646 1723 2843 1779 fucata.
2885 1724 3316 1794 Studeamusque
3343 1725 3487 1795 quod
3532 1725 3589 1782 in
3630 1728 3886 1783 amicitiis

2296 1816 2509 1871 illorum
2543 1826 2816 1885 poetarum
2854 1816 3062 1873 falsitas
3090 1819 3276 1884 finxit,
3313 1820 3365 1874 in
3395 1819 3550 1875 nobis
3577 1822 3887 1877 animorum

2216 1900 2268 1964 Β
2296 1908 2494 1965 veritas
2522 1918 2780 1979 peragat;
2825 1910 3045 1965 ut.dum
3089 1910 3289 1965 imitari
3336 1910 3580 1966 videmur
3620 1912 3838 1981 antiqua
3868 1954 3886 1979 ,

2294 1999 2663 2070 relinquamus
2694 2001 2985 2066 imitanda;
3017 2009 3071 2055 et
3098 2002 3372 2057 seniorum
3402 2001 3540 2057 facta
3563 2002 3846 2063 laudantes
3870 2045 3884 2067 ,

2294 2092 2578 2149 laudemur
2601 2107 2630 2146 a
2660 2094 2909 2162 posteris.
2939 2093 3065 2151 Haec
3093 2108 3242 2163 ergo,
3289 2092 3507 2149 domine
3533 2093 3637 2160 mi,
3669 2095 3887 2151 ﬂamma

2293 2187 2528 2251 pectoris
2571 2182 2713 2249 mei,
2769 2182 3102 2252 persuasioni
3151 2195 3285 2250 tuae,
3328 2198 3488 2253 quam
3537 2185 3889 2241 conscientiae

2291 2288 2426 2330 meae
2465 2275 2694 2343 amplius
2740 2273 3003 2342 credens,
3042 2274 3230 2345 gerulo
3263 2274 3585 2344 festinante,
3635 2275 3889 2331 breviter

2291 2364 2598 2434 cursimque
2637 2364 2833 2423 dictavi
2862 2381 2877 2421 :
2924 2380 3044 2435 qua:
3070 2365 3260 2435 peritia
3287 2373 3377 2419 tua
3407 2374 3460 2419 et
3488 2365 3727 2434 probitas
3755 2375 3880 2433 tua,

2292 2456 2337 2512 si
2364 2457 2520 2513 amici
2565 2457 2907 2515 verecundiae
2948 2457 3212 2525 consulit,
3262 2463 3353 2513 aut
3393 2456 3574 2515 celare
3618 2456 3885 2527 debebit,

2291 2556 2387 2602 aut
2412 2547 2703 2605 emendare
2728 2548 2961 2603 curabit.

2918 2659 3136 2717 EPIST.
3179 2659 3273 2715 XI.

2294 2748 2517 2805 Domino
2559 2752 2765 2806 sublimi
2809 2767 3103 2876 seinpeliz'que
3131 2750 3423 2833 _magniﬁco
3463 2750 3615 2819 fratri
3649 2749 3885 2807 Fredar.

3013 2839 3221 2876 unctus.

3013 2839 3221 2878 uncms.

2365 2916 2627 2983 Quoniam
2675 2915 3244 2973 ammnitati’nemoris
3279 2914 3443 2970 vestri
3471 2915 3633 2970 etiam
3679 2914 3888 2973 deserti

2294 3010 2462 3063 nostri
2492 3010 2719 3078 ineptias
2752 3010 2996 3063 voluistis
3026 3008 3239 3079 adjungi
3260 3050 3274 3074 ,
3305 3005 3597 3074 transmisi,
3629 3006 3769 3062 sicut
3798 3007 3887 3060 in-

2287 3101 2561 3172 junxistis,
2598 3101 2833 3156 abietum
2863 3101 3072 3172 plantas
3097 3141 3112 3167 ,
3140 3114 3246 3155 non
3276 3100 3487 3171 specie,
3529 3099 3622 3154 sed
3646 3099 3890 3169 proceri-

2297 3204 2405 3250 tate
2435 3196 2752 3263 placituras;
2779 3210 2883 3249 non
2909 3193 3193 3262 fructibus,
3220 3194 3313 3248 sed
3341 3193 3423 3248 sui
3447 3192 3891 3263 peregrinatione

602 3310 778 3380 epulis
809 3299 1044 3377 saginari
1079 3326 1089 3360 :
1124 3322 1256 3377 quas
1284 3308 1330 3365 si
1353 3308 1472 3378 quis
1493 3352 1506 3377 ,
1541 3308 1979 3364 distribuentihus
2004 3307 2188 3375 vobis,

2297 3288 2601 3352 mirabiles;
2650 3302 2756 3343 non
2789 3303 2887 3342 usu
2917 3294 3097 3358 aptas,
3131 3287 3225 3342 sed
3254 3286 3565 3342 amoenitate
3597 3286 3887 3358 iucundas.

602 3417 711 3458 non
742 3417 953 3458 summo
979 3417 1074 3457 ore
1104 3402 1383 3468 libaverit,
1433 3402 1526 3455 sed
1570 3401 1693 3457 totis
1733 3403 1925 3457 animae
1970 3401 2190 3457 visceri-

602 3494 705 3550 bus
733 3501 991 3564 appetens
1021 3493 1243 3548 conviva
1276 3493 1544 3548 sorbuerit
1565 3535 1581 3561 ,
1612 3503 1776 3564 atque
1802 3494 1991 3549 intimo
2013 3502 2194 3563 pecto-

603 3585 678 3639 ris
730 3583 1071 3654 postmodum
1121 3583 1339 3639 easdem
1396 3584 1763 3641 ruminalurus
1810 3584 2188 3651 absconderit;

602 3677 825 3747 incipiet
877 3677 1106 3731 assiduis
1158 3678 1551 3733 ructationibus
1601 3678 1654 3733 in
1707 3679 1921 3737 laudem
1978 3680 2191 3735 Domini

603 3770 988 3840 omnipotentis
1010 3784 1324 3841 erumpere;
1359 3770 1586 3826 refertus
1616 3771 1805 3840 corde,
1838 3787 1931 3828 ore
1954 3772 2190 3843 jejunus.

602 3861 728 3915 dum
779 3870 928 3916 satur
963 3863 1160 3925 esurit,
1191 3870 1245 3917 et
1273 3870 1545 3917 saturatur
1589 3864 1867 3930 esuriens;
1918 3866 2085 3934 magis
2139 3864 2191 3918 in

601 3957 1009 4027 regeneratione
1040 3957 1381 4013 siturandus.
1413 3958 1525 4014 Nec
1552 3959 1744 4019 deesse
1774 3961 1970 4031 poterit
2001 3961 2151 4019 cibus
2172 4002 2187 4028 ,

600 4048 753 4118 cujus
784 4060 966 4118 pastus
994 4048 1047 4103 in
1080 4049 1243 4105 verbo
1272 4057 1376 4105 est.
1422 4048 1493 4105 Ut
1529 4064 1628 4123 ego
1658 4050 1847 4108 harum
1876 4052 2189 4109 deliciarum

598 4142 867 4209 particeps
909 4153 1031 4195 esse
1071 4155 1282 4196 merear
1312 4141 1507 4196 vestris
1551 4144 1865 4212 patrociniis
1911 4146 2187 4213 olitinetc,

599 4229 841 4298 mihique
867 4244 1030 4296 supra
1062 4244 1367 4284 mensuram
1404 4233 1601 4287 virium
1632 4235 1929 4289 connitenti
1970 4236 2192 4290 auxilia-

602 4330 747 4374 tores
788 4320 1061 4383 accedite,
1096 4320 1362 4389 simulque
1410 4330 1464 4375 et
1506 4323 1575 4376 ah
1617 4323 1743 4376 ovili
1786 4323 1940 4378 vobis
1986 4323 2190 4378 credito

600 4424 709 4466 non
758 4410 999 4464 inveniar
1042 4409 1270 4464 alienus.
1301 4412 1493 4476 Orate,
1546 4422 1925 4483 errantemque
1958 4429 2110 4469 ovem
2159 4431 2188 4470 a

600 4499 815 4569 pascuis
850 4500 1028 4555 saeculi
1064 4498 1130 4553 ad
1161 4500 1342 4554 caulas
1377 4500 1676 4557 dominicas
1716 4512 2023 4573 reportate;
2065 4505 2187 4577 quia

602 4590 815 4648 confido
864 4591 1008 4663 quod
1074 4591 1549 4649 intercessionibus
1602 4595 1796 4650 vestris
1850 4594 1963 4651 fieri
2018 4598 2189 4668 possit

602 4697 791 4753 agnus,
824 4683 913 4751 qui
936 4691 1111 4738 vester
1140 4682 1399 4737 meruerit
1427 4697 1547 4740 esse
1577 4683 1891 4758 discipulus.

1235 4804 1449 4872 EPIST.
1491 4816 1558 4872 X.

818 4924 1065 4998 Domino,
1096 4930 1286 5000 pectori
1312 4946 1425 4995 suo,
1457 4931 1626 5002 Lupo,
1658 4942 1684 4970 ⁸
1708 4933 1975 4991 Ruricius.

670 5022 873 5093 Accepi
900 5022 1109 5078 litteras
1139 5025 1593 5094 magnanimitatis
1628 5036 1763 5091 tuae,
1800 5030 1992 5099 quibus
2021 5046 2188 5087 excu-

598 5130 724 5172 sare
770 5115 1009 5187 dignaris
1052 5117 1196 5185 quod
1246 5125 1305 5171 ut
1349 5132 1437 5172 me
1496 5120 1671 5175 rarius
1721 5121 2039 5192 eloquentia:
2085 5134 2187 5180 tuae

598 5219 723 5263 rore
751 5221 1033 5277 respergas
1064 5207 1231 5277 bajuli
1280 5207 1438 5264 faciat
1480 5210 1694 5281 inopia;
1722 5213 1991 5285 simulque
2023 5216 2185 5272 etiam

598 5301 808 5357 indicas
847 5309 900 5356 te
926 5301 1111 5357 mirari
1154 5318 1271 5368 cur,
1321 5319 1441 5359 cum
1482 5308 1612 5361 mihi
1666 5324 1851 5364 eorum
1890 5312 2186 5381 frequentia

600 5405 871 5465 suppetat,
901 5396 1187 5453 verborum
1214 5412 1427 5469 quoque
1456 5400 1606 5470 copia
1635 5414 1846 5472 compla
1872 5420 1977 5458 nou
2020 5406 2186 5473 desit,

600 5487 755 5543 vobis
797 5488 1035 5546 scribere
1074 5491 1270 5560 saepius
1300 5491 1617 5549 detrectem.
1648 5494 1798 5563 Quod
1840 5513 1934 5553 vos
1962 5514 2054 5566 per
2082 5500 2191 5555 iro-

603 5576 785 5647 niam,
826 5588 888 5635 ut
936 5588 1017 5635 est
1054 5580 1255 5651 leporis
1282 5584 1445 5637 vestri
1490 5583 1770 5655 facundia,
1815 5588 2054 5657 jactasse
2083 5606 2189 5646 non

677 5788 705 5852 ξ
736 5779 862 5852 Fuit
880 5780 1162 5852 episcopus
1193 5781 1551 5839 Tricassinus.

676 5848 704 5888 δ
743 5850 857 5907 Vox
885 5848 1157 5923 corrupta.

2296 3380 2509 3448 Quippe
2556 3395 2674 3449 qua:
2714 3394 2834 3433 cum
2864 3379 3165 3434 coaluerint
3191 3377 3545 3433 crassitudine
3576 3378 3890 3433 umbrarum

2298 3471 2323 3509 δ
2347 3471 2679 3527 Cevenarum
2701 3472 2864 3542 frigus
2891 3483 2911 3511 ο
2929 3472 3159 3528 Oceanis
3179 3473 3230 3526 in
3253 3472 3526 3528 testatibus
3553 3471 3887 3542 praebitum.

2299 3567 2362 3620 Et
2414 3566 2514 3620 hoc
2567 3566 2707 3622 inter
2754 3566 2875 3621 illas
2923 3566 3367 3638 przeclarissimas
3419 3565 3616 3621 diversi
3665 3565 3888 3637 generis

2296 3657 2515 3713 arbores
2535 3702 2549 3727 ,
2588 3667 2695 3711 tam
2727 3657 2921 3713 decore
2942 3674 3100 3728 quam
3131 3659 3359 3713 utilitate
3388 3666 3726 3726 prazstantes,
3751 3672 3891 3728 optt-

2297 3753 2471 3809 lentas
2496 3769 2682 3821 onere,
2715 3754 2995 3808 distinctas
3026 3754 3189 3820 flore,
3223 3752 3390 3809 odore
3419 3750 3738 3824 fragrantes.
3772 3751 3888 3827 Illis

2297 3847 2438 3901 enim
2476 3847 2735 3901 industria
2766 3855 2941 3901 vestra
2973 3845 3230 3911 contulit,
3263 3845 3404 3915 quod
3428 3844 3528 3899 soli
3560 3852 3748 3899 natura
3776 3859 3887 3898 non

2295 3939 2536 4011 protulit.
2571 3937 2703 3993 Nam
2749 3948 2806 3993 ut
2834 3938 3085 3993 ruborem
3114 3953 3390 4002 rosarum,
3423 3928 3654 3991 liliorutn
3683 3937 3887 3999 cando-

2296 4047 2446 4099 rem,
2478 4032 2617 4088 lauri
2645 4039 2958 4103 perpetuum
2983 4030 3215 4085 virorem
3236 4072 3251 4098 ,
3285 4031 3460 4086 etalia
3490 4030 3883 4101 hujuscemodi,

2295 4125 2488 4181 similia
2522 4124 2719 4179 vilibus
2748 4122 3152 4193 praetermittam
3188 4121 3350 4191 (quia
3390 4136 3536 4192 szrpe
3575 4136 3669 4191 per
3712 4121 3887 4177 abun-

2296 4216 2531 4269 dantiam
2564 4213 2801 4282 pretiosa
2830 4212 3118 4277 vilescunt,
3152 4224 3205 4267 ct
3235 4213 3357 4267 facit
3389 4212 3540 4283 cepia
3572 4213 3885 4285 quotidiana

2295 4305 2588 4374 fastidium)
2618 4304 2727 4358 illic
2767 4306 2924 4359 etiam
2948 4306 3268 4373 graminum,
3299 4306 3621 4377 germinum,
3657 4307 3883 4362 fruteto-

2294 4412 2413 4451 rum
2439 4397 2736 4467 peregrinm
2773 4395 2982 4451 collatae
3014 4406 3137 4451 sunt
3166 4398 3629 4463 suavitates,visui
3653 4399 3885 4470 usuique

2294 4496 2599 4545 vernantes.
2631 4487 2738 4544 Sed
2768 4487 2895 4559 quid
2922 4488 3032 4544 illic
3065 4489 3293 4557 primum
3325 4489 3646 4544 laudandum
3670 4491 3757 4557 sit,
3788 4501 3885 4546 aut

2294 4578 2619 4642 mirandum,
2663 4579 2752 4634 ubi
2792 4579 2951 4634 etiam
2988 4580 3243 4649 temporis
3286 4580 3631 4650 intemperies
3675 4592 3886 4652 tempe-

2211 4659 2270 4724 Ι)
2294 4671 2480 4727 ratur?
2500 4669 2776 4741 Siquidem
2800 4670 2930 4726 inibi
2960 4670 3175 4727 torrida:
3199 4670 3381 4726 fervor
3402 4672 3602 4728 azstatis
3622 4681 3735 4733 tam
3756 4688 3882 4729 um-

2293 4761 2509 4818 brarum
2532 4776 2688 4831 quam
2714 4760 2974 4817 undarum
2999 4762 3174 4833 rigore
3196 4763 3505 4833 depellitur.
3521 4764 3725 4821 Hiemis
3750 4780 3882 4821 vero

2295 4856 2348 4911 in
2380 4862 2583 4909 tantum
2612 4870 2718 4910 non
2748 4857 2977 4911 sentitur
2999 4857 3283 4925 asperitas,
3315 4867 3371 4911 ut
3399 4859 3539 4913 intra
3568 4858 3756 4914 eadem
3784 4874 3886 4930 po-

2295 4949 2399 5001 tius
2439 4955 2591 5015 tepor
2624 4945 2783 5012 aeris,
2818 4956 2870 4999 et
2900 4954 3091 5001 cantus
3121 4947 3319 5013 avium,
3358 4948 3500 5003 veris
3532 4948 3723 5004 reddat
3758 4950 3882 5005 effi-

2294 5039 2455 5110 giem.
2492 5037 2598 5093 Sed
2630 5037 2755 5108 quid
2786 5051 2886 5109 ego
2917 5038 3200 5094 immemor
3228 5040 3512 5111 imperitia:
3541 5054 3711 5106 meae,
3743 5057 3882 5113 pan.

2299 5145 2424 5201 pere
2452 5143 2722 5196 sermone,
2756 5130 2827 5184 mi
2858 5129 3103 5196 domine,
3137 5132 3277 5187 ruris
3305 5132 3469 5187 vestri
3494 5131 3711 5188 divitias
3730 5172 3746 5200 ,
3776 5134 3879 5191 dc-

2294 5221 2445 5277 licias
2484 5221 2813 5288 delecrihere,
2859 5233 2951 5276 aut
2986 5236 3240 5280 enarrare
3280 5224 3573 5292 contendo,
3616 5225 3683 5279 ad
3724 5227 3882 5299 cujus

2293 5314 2507 5369 laudem
2550 5314 2711 5372 etiam
2758 5314 2971 5384 ingenia
3012 5315 3214 5386 majora
3253 5317 3698 5374 succumberent?
3746 5319 3880 5375 Date

2294 5407 2474 5478 itaque
2519 5407 2864 5475 impudentia:
2904 5420 3037 5483 mea:
3080 5408 3311 5475 veniam,
3348 5423 3509 5479 quam
3548 5410 3875 5481 extorsistis,

2297 5500 2387 5570 qui
2428 5507 2486 5555 ut
2524 5499 2740 5557 auribus
2780 5500 2973 5575 vestris
3004 5502 3260 5565 verbosus
3291 5503 3599 5563 existerem.
3638 5504 3879 5576 dignatio

2296 5601 2472 5648 vestra
2503 5606 2589 5647 me
2611 5592 2903 5662 compellit.
2936 5593 3226 5652 Confidens
3246 5594 3389 5667 quod
3418 5596 3643 5669 epistola
3667 5597 3879 5673 longior

2374 5800 2393 5828 ε
2436 5788 2552 5847 Vox
2580 5799 2849 5861 corrupta.
