4080 6350
186 354 259 429 ⁷77
746 358 747 361 ‘
1500 360 1794 421 sptsrou

1898 363 1980 421 tut
2019 361 2147 421 me.
2185 362 2227 418 t.
2824 406 2831 413 .
2896 316 2913 381 ί
3407 367 3480 427 τε

188 484 363 550 vobis,
402 483 644 541 dominis
683 485 840 549 meis,
881 484 925 538 si
964 482 1274 554 displiceret
1319 448 1504 547 aﬁ‘atu,
1550 480 1786 550 placeret
1813 480 2082 551 Acymba
2108 442 2342 533 instabili
2370 478 2735 547 ﬂuctuantem,
2761 479 2912 551 quasi
2940 479 3048 550 jam
3076 478 3144 536 de
3170 480 3471 536 sublimiori

188 579 405 634 affectu.
446 576 581 633 Cum
624 577 1002 632 intellexeritis
1039 590 1157 630 eam
1199 588 1305 628 non
1334 588 1429 643 pro
1462 573 1783 640 eloquentiae

134 656 138 667 ’
189 672 401 741 lepore,
441 670 537 726 sed
589 685 687 741 pro
716 680 897 724 vestro
924 683 1110 722 amore
1149 668 1459 737 copiosam;
1494 664 1781 734 simulque,

186 764 317 835 quia
356 762 592 819 sciebam
621 762 1003 817 sublimitatem
1032 768 1265 815 vestram
1300 759 1351 812 iu
1384 757 1569 811 amicis
1592 755 1785 810 vestris

189 858 313 928 plus
354 856 753 928 reprehendere
781 852 1162 909 taciturnitatis
1194 851 1592 919 verecundiam,
1626 863 1785 920 quam

114 1014 118 1035 .
190 954 475 1021 loquacem
509 948 892 1005 familiaritatis
922 946 1222 1000 audaciam.

801 1085 1017 1141 EPIST.
1068 1084 1180 1139 ΧΗ.

471 1179 694 1233 Domino
725 1179 940 1247 pectoris
971 1178 1049 1231 sui
1077 1175 1224 1231 Celso
1255 1175 1512 1230 Ruricius.

263 1271 501 1342 Trepido
546 1272 600 1324 in
638 1270 965 1340 prmconium
1008 1278 1243 1323 vestrum
1286 1284 1345 1323 os
1388 1268 1601 1338 elingue
1647 1282 1789 1322 resc-

190 1380 336 1429 rare,
362 1364 448 1419 cui
478 1362 732 1431 sciojure
753 1362 912 1416 etiam
944 1359 1151 1430 ingenia
1180 1360 1382 1429 majora
1413 1360 1783 1415 succumbere.

188 1456 329 1525 Quid
361 1455 504 1511 enim
538 1456 766 1525 primum
797 1453 863 1507 de
889 1451 1187 1507 affectionis
1218 1460 1307 1505 aut
1334 1452 1658 1521 dignationis
1700 1468 1789 1506 ve-

188 1560 319 1606 stra:
362 1550 521 1604 laude
564 1547 1025 1603 commemorem?
1066 1545 1156 1615 qui
1203 1562 1388 1600 omnes
1441 1545 1571 1599 mihi
1626 1546 1785 1612 ruris,

190 1652 217 1678 ⁸
252 1643 444 1704 moris,
500 1650 575 1707 et,
615 1640 757 1709 quod
798 1640 881 1693 his
911 1638 1159 1693 omnibus
1188 1628 1375 1707 majus
1411 1646 1515 1703 est,
1549 1637 1788 1691 caritatis

190 1737 417 1791 delicias
450 1734 777 1800 contulistis,
811 1744 903 1787 aut
932 1745 1102 1799 certe,
1136 1732 1179 1786 si
1212 1732 1337 1801 quid
1370 1732 1561 1785 borum
1595 1731 1785 1795 defuit,

190 1827 562 1898 deputandum
612 1825 861 1895 tempori,
910 1840 1016 1879 non
1067 1825 1217 1878 vobis
1262 1834 1343 1878 est
1390 1822 1784 1891 imputandum.

192 1921 325 1977 Nam
374 1929 548 1975 totum
577 1918 714 1989 apud
748 1933 863 1982 vos,
897 1918 1036 1986 quod
1066 1931 1249 1971 carum
1278 1926 1495 1985 pectus,
1523 1915 1663 1985 quod
1696 1915 1791 1969 ha-

192 2012 304 2066 buit
332 2010 537 2066 clarum
566 2010 818 2075 mundus,
851 2009 1050 2063 inveni.
1075 2007 1231 2062 Nulla
1255 2023 1341 2062 me
1369 2008 1579 2076 penitus
1599 2008 1790 2077 jocutt-

194 2104 362 2158 ditale
400 2101 724 2166 fraudastis;
767 2100 893 2170 quin
933 2102 1093 2156 etiam
1135 2099 1491 2155 desiderabile
1520 2100 1648 2154 mihi
1694 2099 1789 2154 ho-

194 2195 393 2265 spitioli
438 2193 545 2247 mei
590 2193 863 2247 desertum
914 2201 1089 2246 vestra
1142 2191 1418 2246 vicinitate
1459 2191 1679 2245 fecistis.
1727 2190 1791 2244 Et

194 2287 396 2344 idcirco
444 2302 531 2341 me
572 2286 742 2356 magis
787 2285 1070 2339 ﬁnitimum
1102 2286 1252 2339 vobis
1283 2300 1404 2339 esse
1440 2283 1786 2353 congaudeo,

196 2380 315 2451 quia
349 2394 457 2434 non
494 2393 565 2433 ex
596 2387 708 2433 toto
734 2378 906 2432 malus
936 2388 1036 2443 est,
1082 2379 1170 2448 qui
1201 2377 1353 2431 bonis
1376 2376 1636 2446 jungitur.
1682 2376 1789 2430 Sed

195 2490 256 2527 ne
286 2470 548 2527 exhibeat
578 2471 730 2525 vobis
762 2471 875 2540 ipsa
918 2471 1117 2541 ineptia
1150 2472 1229 2525 sui
1265 2470 1475 2537 longior
1505 2485 1686 2525 sermo
1716 2469 1791 2522 fa-

198 2567 452 2633 stidium,
481 2565 629 2619 salve
660 2564 1020 2633 largissimum
1052 2563 1204 2628 dico;
1241 2572 1295 2617 et
1325 2562 1621 2623 vitrarium,
1654 2562 1791 2615 sicut

194 2648 457 2730 jussistis,
490 2673 579 2713 me
608 2656 909 2711 destinasse
940 2655 1185 2726 signiﬁco
1213 2674 1224 2707 :
1258 2654 1407 2723 cujus
1432 2669 1567 2722 opus
1594 2654 1788 2717 nitore,

197 2766 298 2805 non
330 2750 622 2820 fragilitate
644 2757 859 2817 oportet
880 2747 1213 2813 imitetur,ut
1240 2745 1610 2815 dilectio,qua2
1638 2744 1790 2799 nobis

195 2861 224 2900 a
256 2844 574 2916 parentibus
602 2844 811 2910 relicta,
841 2843 1100 2911 magistro
1139 2840 1353 2905 tradita,
1388 2842 1511 2893 vita:
1549 2855 1791 2893 commu-

197 2939 385 3004 nione,
424 2936 626 2990 ﬁrmata
659 2943 742 2989 est
772 2933 1041 3000 secundis,
1073 2932 1322 2987 elimetur
1352 2931 1614 2996 adversis,
1649 2931 1788 2983 nulla

201 3030 414 3100 penitus
444 3028 715 3081 turbinum
749 3025 985 3096 procella
1019 3025 1311 3094 frangatur.
1347 3024 1476 3077 Nam
1510 3025 1646 3077 sicut
1675 3023 1789 3076 auri

200 3134 360 3193 atque
382 3121 591 3190 argenti
622 3120 854 3190 pretiosa
884 3119 1191 3184 sinceritas,
1213 3119 1255 3171 si
1288 3121 1543 3182 :eris,aut
1566 3117 1784 3187 plumbi,

200 3211 608 3282 vel-cujuslibet
640 3212 863 3265 alterius
895 3209 1134 3264 materia:
1166 3210 1367 3263 vilioris
1396 3208 1556 3263 fuerit
1585 3208 1792 3263 admix-

201 3312 350 3360 tione
379 3313 649 3373 corrupta,
697 3301 800 3356 nisi
845 3302 1046 3372 ignium
1088 3301 1486 3355 examinatione
1516 3311 1791 3371 purgatur,

201 3413 297 3453 nec
313 3396 666 3466 Splendoretn
688 3393 987 3448 naturalem
1006 3393 1204 3462 poterit
1224 3392 1440 3457 habere,
1462 3407 1561 3447 nec
1580 3408 1788 3447 sonum.

202 3490 328 3545 Nam
376 3504 479 3544 nec
505 3488 641 3542 visui
674 3487 999 3550 claritatem,
1033 3500 1132 3538 nec
1164 3485 1410 3538 tinnitum
1443 3484 1617 3539 reddit
1644 3484 1795 3550 audi,-

208 3586 300 3653 tui,
332 3581 616 3653 magisque
647 3595 866 3635 raucum
898 3588 1139 3648 resonat,
1174 3580 1217 3631 si
1242 3576 1488 3645 feriatur,
1521 3588 1573 3632 ct
1599 3577 1795 3631 stridu-
1880 3609 1886 3617 -

205 3679 331 3734 lum.
368 3677 519 3732 lianc
550 3688 677 3745 ergo
705 3674 1053 3739 sententiam,
1084 3686 1187 3724 non
1220 3686 1415 3735 meam,
1441 3669 1532 3724 sed
1560 3668 1792 3737 Domini,

205 3771 367 3827 frater
405 3769 636 3838 optime,
678 3772 992 3820 contuentes
1033 3763 1235 3832 pariter
1275 3770 1329 3815 et
1364 3770 1675 3830 sequentes,
1724 3761 1796 3814 ita

206 3866 364 3919 vitam
399 3873 643 3918 nostram
690 3860 870 3915 medio
916 3872 1099 3924 cursu,
1144 3856 1500 3925 gubernatore
1531 3856 1646 3924 ipso
1689 3853 1795 3907 Do—

206 3958 379 4022 mino,
418 3966 807 4024 temperemus,
843 3959 901 4005 ut
939 3964 1061 4003 cum
1091 3947 1355 4002 serenitas
1386 3946 1642 4010 arrideat,
1677 3960 1799 4013 pro-

206 4052 411 4120 sperior
460 4048 620 4103 ﬂatus
670 4046 898 4105 invitet,
948 4056 1095 4096 mare
1139 4038 1404 4111 placidum
1453 4036 1793 4099 blandiatur;

208 4145 439 4199 scientes
481 4151 663 4194 tamen
705 4137 854 4191 illam
887 4136 1119 4205 mquoris
1162 4130 1389 4202 subjecti
1424 4128 1699 4199 planitiem
1730 4125 1798 4180 ad

209 4238 374 4291 instar
401 4232 669 4288 montium
702 4237 925 4299 repente
953 4240 1317 4295 consurgere;
1351 4237 1525 4292 neque
1554 4222 1605 4274 in
1633 4222 1797 4273 altum

212 4344 398 4384 navem
428 4333 669 4381 nostram
699 4322 967 4393 patiamur
993 4318 1228 4389 impelli;
1256 4316 1343 4372 ubi
1388 4330 1507 4371 eam
1546 4322 1636 4367 aut
1666 4319 1801 4366 tetn-

212 4432 388 4492 pestas
417 4419 615 4486 solvat,
649 4424 742 4471 aut
772 4414 908 4470 unda
936 4414 1229 4482 demergat.

804 4546 1017 4603 EPIST.
1061 4545 1199 4599 Xlll.

486 4644 709 4699 Domino
740 4642 959 4712 pectoris
988 4640 1067 4693 sui
1094 4636 1241 4693 Celso
1268 4637 1529 4691 Ruricius.

282 4738 484 4808 Recepi
521 4735 703 4800 apices
742 4731 1111 4804 germanitatis
1136 4740 1260 4795 tum,
1298 4729 1386 4799 qui
1420 4726 1546 4781 mihi
1575 4740 1680 4780 non
1708 4740 1805 4796 pa-

211 4852 328 4892 rum
362 4833 602 4904 scrupuli
634 4832 958 4887 retulerunt.
1013 4829 1213 4882 Vereor
1252 4829 1394 4882 enim
1441 4841 1509 4880 ne
1543 4840 1698 4881 secus
1737 4826 1806 4881 de

212 4928 409 4982 litteris
440 4926 574 4980 meis
601 4938 762 4995 quam
792 4937 820 4975 a
863 4936 949 4975 me
977 4919 1156 4974 missze
1186 4926 1310 4973 sunt
1341 4918 1680 4972 censueritis.
1737 4918 1805 4970 Et

214 5023 419 5077 idcirco
462 5020 607 5090 quasi
643 5016 939 5073 temerarias
968 5012 1401 5084 praesumptionis
1431 5025 1696 5066 memores
1724 5010 1804 5064 vi-

213 5114 475 5178 deamini,
503 5112 627 5164 dum
656 5117 715 5163 ut
745 5122 840 5177 pro
866 5106 1016 5161 vobis
1046 5120 1216 5171 orem,
1252 5118 1313 5157 ac
1342 5104 1538 5173 sarpius
1566 5116 1805 5157 commo—

212 5222 397 5272 ricam,
419 5203 727 5276 postulatis.
753 5202 960 5271 Egone,
980 5200 1143 5254 frater
1169 5198 1395 5267 optime,
1421 5197 1685 5267 castigare
1707 5202 1803 5252 vos

210 5299 467 5362 audeam,
484 5298 571 5367 qui
602 5311 689 5351 me
711 5309 917 5364 nequeo
943 5293 1240 5363 castigare?
1266 5292 1449 5361 Egone
1473 5305 1587 5360 vos,
1605 5291 1691 5361 qui
1716 5307 1801 5348 me

212 5391 401 5448 saeculi
430 5391 602 5443 adhuc
622 5390 679 5443 in
709 5387 1009 5442 turbinibus
1034 5395 1285 5455 tanquam
1315 5385 1365 5439 in
1396 5385 1559 5438 maris
1582 5384 1798 5439 testibus

287 5612 311 5639 ι
355 5600 521 5655 Forte
551 5599 676 5649 oris.

284 5671 314 5713 δ
356 5672 523 5725 Deest
551 5667 794 5721 verbum.

289 5754 313 5783 ι
360 5742 525 5795 Forte
555 5739 881 5790 committere.

286 5811 314 5851 ‘
357 5813 525 5867 Forte
557 5807 806 5861 Farlura.

298 5894 323 5925 ο
374 5883 435 5940 is
467 5882 563 5937 fuit
606 5878 936 5936 Arelatensis
984 5876 1285 5948 episc0pus.
1347 5873 1489 5927 Lites
1544 5868 1811 5942 quasdam

1821 3247 1869 3312 C

1889 570 2105 640 specula
2131 569 2217 623 vel
2246 568 2589 624 eminentiori
2629 571 2768 625 colle
2804 571 3067 641 respicitis
3082 572 3118 641 ἳ,
3140 571 3325 642 Egone
3355 589 3467 641 vos,

1889 664 1977 733 qui
2008 664 2075 717 ad
2105 670 2318 733 portum
2347 663 2519 717 venite
2561 678 2653 733 per
2685 665 3017 733 poenitentiae
3063 666 3471 737 indulgentiam,

1890 755 2119 811 Domino
2161 756 2563 827 gubernatore?
2590 756 2618 793 ι’
2662 756 2777 812 Non
2808 772 2907 828 ego
2935 759 3169 827 penitus,
3203 761 3367 815 frater
3396 762 3477 816 di—

1891 851 2052 918 lecte,
2083 852 2161 906 sic
2189 850 2401 920 scripsi,
2434 860 2492 904 ut
2518 849 2647 905 mihi
2679 850 2877 920 aliquid
2906 850 3207 919 blandiens,
3248 868 3346 909 vos
3376 854 3478 909 itn-

1890 941 2062 1010 probo
2106 940 2269 997 dente
2313 941 2641 1010 morderem,
2676 956 2775 997 nec
2821 948 2879 996 ut
2919 955 3013 997 vos
3046 942 3330 1010 laederem;
3381 945 3477 1001 sed

1892 1034 2025 1089 mihi
2073 1034 2315 1104 epistolae
2352 1033 2713 1090 familiaritate
2752 1036 3031 1091 vincirem.
3082 1036 3215 1092 Nam
3258 1039 3303 1093 si
3339 1040 3478 1095 bene

1892 1126 2268 1194 consideretis,
2304 1135 2551 1183 votorum
2596 1139 2721 1183 sunt
2752 1129 2838 1183 illa
2871 1130 3052 1200 verba,
3081 1146 3189 1187 non
3221 1142 3432 1188 actuum
3459 1151 3473 1200 ;

1893 1228 1947 1274 et
1967 1221 2203 1288 otitantis
2226 1221 2402 1289 potius
2427 1234 2585 1290 quam
2611 1222 2896 1276 monentis.
2913 1222 3044 1289 Quia
3069 1240 3177 1279 non
3204 1227 3329 1295 quid
3358 1242 3476 1295 age-

1894 1324 2099 1375 remus,
2132 1312 2226 1365 sed
2266 1312 2498 1380 qualiter
2524 1312 2718 1367 vellem
2766 1322 2821 1367 ut
2852 1313 3179 1381 viveremus,
3232 1319 3474 1385 exposui.

1894 1400 2161 1456 Caeterum
2192 1402 2238 1456 si
2269 1410 2419 1457 actus
2446 1402 2568 1457 vitae
2598 1417 2734 1457 mea“:
2766 1405 3053 1473 praeteritae
3093 1407 3477 1474 praesentisque

1896 1491 2175 1557 discutias,
2221 1493 2441 1562 pudebit
2478 1502 2552 1561 te,
2602 1494 2788 1549 intimo
2827 1502 2882 1550 et
2924 1496 3288 1551 secretissima
3320 1496 3481 1551 fratre

1898 1591 2057 1648 teste,
2085 1583 2250 1651 ferre,
2283 1599 2406 1655 quae
2432 1600 2536 1639 non
2570 1586 2757 1654 puduit
2786 1587 2895 1641 Deo
2922 1595 3056 1641 teste
3088 1597 3109 1625 ο
3140 1589 3478 1657 promittere,

1896 1692 1994 1747 pro
2014 1677 2207 1746 quibus
2236 1677 2564 1735 facinoribus
2594 1682 2910 1750 meis'spero
2936 1697 3031 1736 vos
3060 1683 3237 1750 potius
3259 1681 3480 1736 Domino

1896 1769 2230 1838 supplicetis,
2276 1778 2333 1823 ttt
2374 1785 2508 1839 quos
2553 1770 2605 1825 in
2654 1774 2753 1827 hoc
2792 1773 2992 1827 sreculo
3036 1774 3387 1828 amicitiarum
3427 1784 3481 1828 et

1817 1869 1871 1932 Β
1896 1862 2309 1932 propinquitatis
2339 1863 2504 1918 voluit
2535 1880 2657 1919 esse
2683 1876 2981 1931 consortes,
3030 1868 3082 1920 iu
3109 1868 3283 1922 l'ututo
3317 1868 3481 1921 bono-

1897 1971 2013 2010 rum
2038 1955 2225 2025 jubeat
2252 1970 2373 2012 esse
2405 1959 2716 2027 participes.

2501 2090 2713 2151 EPIST.
2752 2092 2887 2146 XIV.

2183 2183 2407 2237 Domino
2444 2185 2662 2253 pectoris
2690 2186 2770 2237 sui
2795 2183 2939 2237 Celso
2965 2184 3227 2240 Ruricius.

1972 2273 2175 2343 Equum
2223 2274 2434 2343 qualem
2477 2275 2715 2341 iusseras
2763 2274 3043 2338 destinavi,
3081 2274 3488 2332 mansuetudine

1892 2358 2187 2435 placidum,
2215 2366 2470 2420 membris
2503 2366 2758 2434 validum,
2795 2366 3006 2420 ﬁrmum
3049 2368 3263 2431 robore,
3312 2370 3486 2425 forma

1900 2466 2269 2527 prmStantem,
2297 2456 2320 2494 δ
2353 2457 2554 2511 iactura
2582 2459 2959 2525 compositum,
3002 2459 3193 2512 animis
3222 2468 3489 2528 tempera-

1898 2561 2030 2617 tntn,
2055 2567 2152 2605 nec
2172 2567 2567 2621 prmproperum
2591 2552 2795 2606 scilicet
2818 2552 3115 2618 velocitate,
3133 2567 3232 2608 nec
3245 2554 3483 2625 pigrum:

1897 2643 1980 2697 cui
2014 2643 2195 2697 frenos
2229 2653 2281 2698 et
2304 2643 2547 2698 stimulus
2576 2643 2644 2697 sit
2684 2645 2920 2699 sedentis
2946 2646 3247 2711 arbitrium,
3294 2648 3375 2701 cui
3418 2648 3487 2704 ad
3540 2654 3545 2657 ’

1897 2736 2231 2791 evehendutn
2265 2752 2422 2803 onus,
2455 2738 2655 2791 etvelle
2697 2749 2945 2807 suppetat
2986 2747 3040 2793 et
3071 2754 3268 2808 pesse;
3315 2742 3387 2796 ita
3430 2751 3487 2798 ut

1899 2844 1996 2883 rec
2024 2830 2175 2883 cedat
2210 2832 2570 2897 superposito,
2603 2845 2700 2885 nec
2744 2831 2976 2899 deponat
3026 2833 3353 2901 impositum.
3395 2835 3488 2890 [iis

1892 2924 2095 2990 itaque,
2127 2923 2263 2975 sicut
2290 2924 2525 2989 oportuit
2548 2922 2821 2987 inlimatis,
2864 2924 3181 2977 salutatione
3228 2926 3443 2993 praelata
3467 2969 3483 2995 ,

1898 3014 2289 3081 pollicitatione
2321 3014 2591 3084 dispensa,
2627 3015 2887 3084 promissa
2932 3015 3292 3085 deposcimus,
3323 3026 3382 3071 ut
3420 3019 3488 3073 ad

1898 3106 2295 3162 solemnitatem
2334 3120 2641 3163 sanetorum
2672 3110 2737 3163 ad
2770 3125 2891 3179 uos,
2943 3111 3048 3163 lteo
3094 3111 3345 3179 propitio,
3380 3127 3487 3167 una

1897 3216 2016 3255 cum
2050 3216 2237 3257 sorore
2287 3202 2469 3257 venire
2513 3202 2849 3272 dignemini,
2904 3204 3164 3257 honorem
3225 3204 3488 3274 patronis,

1902 3293 2157 3348 fratribus
2185 3292 2453 3360 affectum,
2488 3297 2713 3364 gratiam
2749 3296 2957 3365 populis
2985 3296 3297 3364 prarstituri.

2507 3431 2723 3487 EPIST.
2775 3430 2867 3485 XV

1975 3548 2200 3603 Domino
2237 3564 2347 3613 suo,
2372 3547 2616 3617 peculiari
2640 3547 2690 3599 in
2719 3544 2919 3617 Christo
2940 3543 3148 3617 domino
3176 3552 3420 3611 patrono,

2313 3630 2334 3656 ε
2373 3616 2537 3672 Eonio
2561 3618 2796 3686 episcOpo
2818 3616 3078 3669 Ruricius.

1975 3713 2170 3783 Agnito
2227 3715 2452 3766 transitu
2496 3719 2703 3777 sancto,
2760 3718 2815 3762 et
2859 3706 3185 3761 venerabilis
3229 3705 3368 3775 apud
3398 3719 3487 3761 me

1904 3805 2299 3861 recordationis
2326 3804 2528 3858 domini
2561 3802 2660 3855 mei
2689 3799 2992 3855 decessoris
3036 3798 3201 3853 veStri
3244 3795 3489 3862 Leontii,

1904 3896 2087 3949 animo
2137 3905 2191 3950 et
2242 3903 2421 3948 mente
2451 3892 2704 3947 confusus
2745 3892 2835 3944 diu
2877 3890 3212 3957 multumque
3249 3889 3493 3943 tristatul

1906 4004 2020 4041 sum
2043 3989 2181 4057 quod
2210 3996 2262 4041 et
2292 3985 2702 4053 impedientibus
2736 3981 2965 4051 peccatis
2993 3980 3147 4045 meis,
3181 3988 3327 4034 tanto
3346 3978 3493 4032 anti-

1905 4080 2017 4135 stiti
2045 4093 2330 4134 occurrere
2362 4093 2468 4129 non
2496 4089 2816 4140 merueram,
2850 4082 2906 4127 et
2945 4071 3034 4126 tali
3059 4086 3234 4126 essem
3273 4081 3495 4141 parente

1904 4174 2163 4243 privatus.
2195 4171 2358 4239 Cujus
2388 4169 2489 4224 etsi
2521 4166 2801 4223 exterioris
2849 4165 3081 4219 hominis
3119 4178 3225 4217 non
3282 4161 3495 4217 fruebar

1907 4276 2146 4337 aspectu,
2172 4264 2436 4319 interioris
2454 4270 2633 4316 tamen
2660 4258 2830 4330 gratia
2858 4256 3187 4324 delectabar,
3214 4263 3268 4310 et
3297 4256 3496 4311 mentis

1907 4365 2022 4416 acie
2048 4361 2243 4431 jttgiter
2283 4356 2654 4419 adhzcrebam;
2709 4368 2803 4422 per
2843 4364 3001 4421 quem
3048 4358 3103 4404 et
3148 4348 3202 4403 in
3230 4361 3335 4418 quo
3364 4348 3495 4402 mihi

1910 4469 2146 4524 praesens
2172 4449 2565 4523 quodammodo
2582 4455 2635 4501 et
2659 4443 2976 4500 cernebatur
3004 4440 3213 4505 obtutu,
3242 4448 3295 4493 et
3324 4441 3498 4493 audie-

1910 4553 2066 4605 batur
2113 4548 2323 4611 allecto,
2375 4556 2429 4600 et
2478 4543 2797 4612 palpabatur
2838 4544 3070 4600 attactu,
3115 4545 3171 4590 et
3218 4533 3498 4589 tenebatur

1829 4636 1885 4698 D
1913 4646 2184 4715 amplexu.
2214 4639 2490 4710 Siquidem
2514 4635 2624 4691 cari
2671 4632 2821 4688 nullo
2847 4646 2908 4687 se
2942 4629 3131 4685 melius
3182 4627 3302 4683 loco
3337 4642 3495 4697 quam

1911 4740 1962 4793 in
2004 4736 2184 4798 corde,
2218 4730 2456 4787 caritatis
2505 4728 2668 4797 ipsius
2698 4724 2847 4789 sede,
2881 4718 3235 4791 conspiciunt.
3274 4718 3421 4774 Unde
3447 4725 3499 4772 et

1912 4828 2138 4897 amplius
2162 4822 2536 4880 desiderabam
2571 4818 2741 4873 oculis
2768 4815 2949 4869 videre
2975 4811 3303 4879 carnalibus,
3336 4826 3495 4879 quem

1914 4924 1985 4976 ita
2016 4917 2343 4989 spiritalibus
2372 4911 2635 4967 intuebar.
2667 4908 2771 4963 Sed
2797 4906 2968 4962 dolori
3008 4919 3129 4959 meo
3176 4903 3501 4959 consolatio-

1914 5030 2038 5069 nem
2070 5027 2133 5067 ea
2162 5027 2277 5081 qua:
2303 5011 2450 5079 prius
2473 5004 2795 5070 tribuerant,
2829 5000 3081 5056 solatium
3118 4996 3286 5067 ipsius
3311 4996 3499 5048 merita

1913 5106 2193 5162 dederunt.
2242 5100 2373 5169 Quia
2408 5095 2620 5152 confido
2662 5092 2803 5165 quod
2841 5106 2998 5161 quem
3042 5097 3262 5157 paterna
3307 5085 3503 5153 pietate

1912 5200 2119 5263 dilexit,
2164 5206 2215 5252 et
2247 5194 2429 5250 sedula
2477 5188 2868 5246 intercessione
2895 5184 3183 5240 custodiat.
3229 5180 3334 5236 Sed
3388 5182 3503 5232 lucc

1912 5290 2183 5348 sanctitati
2224 5296 2418 5342 vestrae
2466 5282 2617 5352 quasi
2664 5278 2940 5335 vobiscum
2979 5274 3308 5344 colloquens,
3342 5279 3502 5338 atque

1910 5400 1937 5437 a
1969 5383 2118 5435 vobis
2142 5377 2390 5433 maeroris
2421 5375 2588 5445 ipsius
2614 5371 2860 5427 levamen
2908 5367 3209 5438 requirens,
3258 5363 3499 5419 dictante

1916 5598 2035 5637 cum
2062 5580 2263 5635 llilario
2293 5578 2486 5632 Leonis
2530 5587 2843 5629 successore
2870 5569 3071 5633 habuit,
3098 5566 3221 5620 dein
3260 5579 3287 5617 a
3316 5566 3497 5637 ponti-

1920 5635 2016 5708 ﬁce
2044 5653 2285 5706 Romano
2306 5660 2559 5702 concessa
2582 5654 2706 5700 sunt
2734 5644 2805 5697 illi
2832 5642 3112 5715 vicatjiatus
3135 5638 3277 5715 jura,
3307 5635 3499 5715 quibus

1922 5727 2090 5779 inscio
2114 5719 2364 5792 pontiﬁce
2393 5720 2465 5773 uti
2481 5725 2816 5792 tentaverat.
2838 5709 3271 5792 ‘Deillolﬁontio
3300 5709 3498 5775 saepius

1925 5778 2170 5851 Ruricius
2203 5793 2234 5845 Ι.
2274 5807 2328 5857 ιι,
2363 5805 2448 5859 ep.
2480 5788 2569 5855 59,
2604 5797 2657 5842 et
2676 5801 2760 5853 ep.
2797 5785 2883 5847 Μ,
2914 5782 3001 5835 48.
3036 5778 3193 5830 ΒΑεκ.
