4080 6350
616 374 687 434 79
1934 381 2186 439 RURICII
2228 383 2536 441 EPISCOPI
3820 401 3892 460 30

611 478 1245 561 dilectione,'retulerim.
1277 492 1427 550 Nunc
1458 509 1609 563 vero,
1641 502 1701 551 ut
1744 496 1925 553 dicere
1948 501 2192 556 institue-
2220 503 2274 561 Δ
2302 500 2567 556 undosum
2595 517 2766 571 mare,
2803 507 3165 564 excitantibus
3216 518 3496 566 ventorum
3541 515 3887 574 stevientinm

611 602 749 649 ram,
792 589 1099 641 accersioue
1155 586 1323 655 ipsius
1369 588 1568 643 domini
1614 591 1717 646 mei
1769 602 1820 645 et
1858 595 2190 661 apostolatus

612 680 773 733 vesuri
825 678 1159 734 ordinatione
1201 690 1499 749 comperta,
1555 682 1623 736 ad
1677 684 1909 738 ofﬁcium
1955 696 2190 741 vestrum

610 772 821 823 mittere
842 770 1166 838 cogitabam.
1191 771 1295 825 Sed
1318 774 1631 828 muneribus
1658 777 1849 829 vestris
1877 777 2192 834 humilitatis

608 876 741 914 meze
799 860 1135 928 prmvenistis
1175 863 1492 931 obsequium
1531 881 1545 917 :
1579 880 1699 934 qua:
1754 866 1887 919 mihi
1932 869 2189 937 majorem

606 952 878 1005 scribendi
911 952 1156 1007 ﬁduciam
1187 956 1570 1019 contulerunt,
1603 956 1723 1026 quia
1752 974 2023 1028 praesumo
2048 962 2190 1031 quod

604 1060 760 1112 quem
795 1045 1115 1100 liberalitate
1138 1046 1374 1102 feceritis
1398 1049 1636 1118 dignum,
1669 1051 1737 1106 ab
1774 1053 1969 1109 animis
2000 1057 2191 1111 vestris

607 1150 710 1188 non
746 1136 985 1191 habeatis
1014 1137 1269 1193 alienum.
1321 1140 1386 1195 Et
1417 1140 1539 1195 ideo
1565 1143 1706 1197 sicut
1727 1143 1886 1198 dictis
1929 1145 2186 1213 intellexi,

603 1230 853 1297 quoniam
884 1230 1013 1283 tanti
1044 1231 1241 1287 habere
1266 1233 1581 1302 dignamini,
1626 1238 2034 1306 sospitationem
2064 1240 2190 1294 hea-

604 1321 846 1375 titndinis
878 1329 1070 1399 vestra:
1105 1337 1202 1391 per
1231 1323 1438 1379 litteras
1462 1327 1687 1382 uberem
1713 1328 1867 1395 dico;
1920 1331 2187 1402 simulque

603 1414 855 1484 peculiari
900 1428 1058 1482 prece
1085 1418 1319 1484 deposco
1348 1434 1413 1473 eo
1453 1434 1663 1475 mecum
1702 1437 1863 1492 agere
1917 1434 2064 1479 tanto
2092 1425 2187 1479 ha-

601 1510 771 1563 beatis
800 1509 1007 1575 alfectu,
1052 1521 1110 1566 ut
1139 1512 1412 1568 dominum
1443 1514 1725 1570 Leontium
1755 1517 2101 1585 praemisisse,
2130 1528 2187 1576 et

599 1611 960 1657 commutasse
982 1604 1158 1673 potius
1182 1620 1344 1674 quam
1369 1606 1665 1677 perdidisse
1686 1623 2030 1679 cognoscam.

1184 1741 1402 1800 EPIST.
1449 1741 1590 1800 XVI.

597 1835 818 1893 Domino
860 1836 1164 1903 uenerabili,
1216 1838 1536 1903 admirabili,
1593 1848 1642 1892 et
1697 1841 1888 1893 sanctis
1946 1841 2179 1898 omnibus

701 1908 1086 1981 aequiparando,
1120 1911 1269 1978 fratri
1296 1910 1513 1965 Sidonio
1558 1908 1781 1976 Videnti,
1814 1909 2070 1965 Ruricius.

666 2002 804 2056 Olim
838 2012 910 2070 te,
939 2003 1105 2057 frater
1128 2003 1424 2067 carissime,
1456 2004 1591 2059 fama
1617 2005 1961 2061 celeberrima
1991 2007 2180 2076 praedi-

594 2104 771 2161 cante,
797 2098 1043 2166 cognovi,
1071 2105 1123 2150 et
1165 2096 1217 2149 in
1249 2096 1383 2151 sede
1412 2097 1650 2152 Caritatis
1690 2096 1794 2152 illis
1843 2099 2034 2167 quibus
2066 2099 2179 2167 ipse

593 2189 788 2243 melius
816 2197 1021 2244 terrena
1046 2190 1298 2259 despicis,
1323 2198 1377 2244 et
1403 2189 1643 2246 calestia
1679 2191 1963 2261 divinaque
1999 2194 2179 2247 consi-

590 2280 768 2345 deras,
823 2280 994 2335 oculis
1049 2282 1243 2336 mentis
1289 2281 1527 2350 aspexi:
1583 2282 1728 2336 unde
1766 2283 1935 2351 ipsius
1981 2299 2174 2339 nomen

588 2372 833 2443 ascripsi,
862 2374 1014 2441 cujus
1040 2387 1265 2428 munere
1284 2373 1539 2427 donatum
1562 2386 1685 2428 esse
1718 2382 1770 2429 te
1800 2373 1925 2427 vidi.
1962 2374 2027 2429 Et
2052 2375 2175 2431 ideo

588 2463 713 2517 dum
749 2473 798 2516 te
830 2464 881 2515 in
910 2464 1129 2530 speculo
1156 2464 1335 2519 cordis
1374 2464 1682 2535 diligenter,
1733 2474 1789 2521 et
1828 2465 2176 2535 pulchritudi-

589 2569 712 2609 nem
742 2554 1011 2609 interioris
1040 2556 1271 2611 hominis
1301 2557 1373 2610 tui
1406 2557 1754 2614 vehementer
1799 2560 2057 2626 admiror,
2104 2561 2173 2616 ad

587 2645 1001 2700 desiderantium
1039 2646 1201 2700 animi
1246 2647 1351 2702 mei
1380 2648 1586 2703 viscera
1626 2647 1925 2711 concitasti,
1961 2666 2079 2721 quae
2116 2653 2170 2707 in

588 2747 794 2791 tantum
822 2738 1071 2792 allectum
1102 2747 1248 2792 tuum
1273 2738 1639 2793 meracissima
1686 2739 1977 2796 dilectione
2024 2757 2172 2797 com-

584 2838 729 2883 mota
762 2838 906 2892 sunt,
955 2837 1011 2883 ut
1053 2844 1209 2899 quem
1247 2830 1579 2898 spiritalibus
1603 2831 1773 2887 oculis
1811 2834 2165 2904 contemplor,

585 2922 745 2976 etiam
776 2921 1080 2977 carnalibus
1103 2936 1326 2978 cernere
1347 2924 1745 2992 concupiscam.
1784 2924 2163 2997 Quamobrem,

581 3014 731 3070 salve
758 3014 809 3068 in
832 3014 1045 3069 Christo
1064 3014 1290 3070 Domino
1314 3015 1620 3086 plurimum,
1643 3017 1826 3075 dicens
1857 3020 2161 3089 specialius,

584 3124 787 3178 quazso,
819 3119 877 3162 ut
907 3124 1008 3162 una
1034 3124 1153 3163 cum
1186 3110 1386 3166 domno
1416 3125 1536 3167 meo
1585 3113 1860 3183 episcopo,
1894 3130 2054 3184 quem
2095 3114 2161 3169 ad

582 3216 680 3255 nos
706 3209 987 3255 venturum
1030 3216 1126 3268 pro
1155 3217 1250 3256 sua
1280 3203 1589 3273 dignatione
1615 3206 1849 3271 conﬁdo,
1876 3209 2050 3273 vobis,
2092 3208 2157 3262 ad

574 3291 933 3347 humilitatem
981 3302 1216 3348 nostram
1248 3294 1587 3365 visitandam,
1640 3299 1845 3354 faciatis
1887 3300 2155 3371 iujuriam,

580 3394 638 3436 ut
678 3384 942 3452 possimus
979 3384 1033 3438 in
1063 3400 1226 3440 unum
1252 3388 1408 3455 positi
1462 3388 1690 3445 fructum
1710 3391 1777 3446 de
1804 3402 1984 3447 nostra
2025 3395 2161 3450 invi-

578 3492 695 3533 cem
718 3492 939 3547 carpere
961 3479 1278 3548 praesentia;
1309 3481 1433 3536 dum
1483 3484 1807 3540 sciscitantis
1848 3487 2074 3544 intentio
2100 3490 2159 3546 ﬁt

578 3568 960 3639 respondentis
987 3571 1252 3637 eruditio;
1277 3582 1332 3628 et
1362 3585 1576 3629 mutuus
1597 3578 1995 3646 quodammodo
2033 3596 2157 3651 pro-

575 3660 750 3717 fectus
780 3661 1039 3717 discentis
1065 3663 1313 3730 efﬁcitur,
1343 3675 1395 3721 et
1420 3666 1683 3723 docentis.
1713 3670 1840 3736 Pax,
1876 3686 1998 3741 pax,
2032 3688 2152 3743 pax.

1160 3802 1376 3858 EPIST.
1411 3804 1576 3859 XVII.

573 3912 777 3968 Domno
797 3914 983 3968 animo:
1022 3932 1150 3979 sum,
1204 3926 1250 3970 et
1295 3919 1411 3971 totis
1461 3920 1512 3972 in
1545 3919 1746 3974 Christo
1772 3922 1990 3979 Domino
2020 3926 2155 3980 dile-

645 3987 826 4039 ctionis
850 3987 1119 4041 uisceribus
1144 3988 1421 4042 excolendo
1449 3989 1685 4045 Pomerio
1706 3993 1877 4046 abbati
1908 3996 2151 4051 Ruricius

643 4072 931 4129 episcopus.

640 4146 907 4216 Scriptum
933 4155 1033 4211 est,
1075 4148 1212 4202 sicut
1240 4149 1337 4217 ipsi
1387 4151 1577 4204 melius
1602 4154 1789 4220 nostis,
1826 4154 1959 4207 Mihi
1987 4158 2153 4211 vindi-

572 4250 725 4301 ctam,
756 4254 848 4308 ego
875 4239 1169 4303 retribuam,
1194 4240 1321 4293 dicit
1352 4241 1624 4295 Dominus.
1644 4244 1817 4315 (I)eut.
1842 4262 2012 4313 xxxu,
2045 4250 2148 4316 55;

572 4331 723 4389 Rom,
754 4346 846 4394 xu,
874 4330 961 4397 19)
982 4331 1096 4384 Jam
1117 4345 1213 4384 vos
1230 4333 1357 4385 mihi
1377 4335 1419 4386 si
1444 4334 1567 4402 quid
1587 4337 1856 4404 imputatis
1871 4339 2149 4411 ignoscite,

572 4423 692 4491 quia
719 4422 900 4475 sciatis
932 4422 1210 4474 Dominum
1243 4424 1561 4478 vindicasse.
1592 4426 1722 4479 Tatn
1752 4430 1883 4481 aviis
1910 4445 2005 4483 nos
2032 4447 2150 4486 es~c

570 4514 849 4567 itineribus
863 4513 1196 4577 noveritis,iu
1214 4526 1315 4566 tam
1331 4516 1535 4569 abditas
1550 4517 1863 4571 solitudines
1880 4520 2145 4589 inductos,

569 4614 628 4659 ut
657 4620 746 4658 eas
768 4616 1008 4660 retexere
1027 4604 1484 4673 animushorreat,
1511 4624 1663 4663 mens
1690 4610 1941 4679 refugiat,
1974 4630 2151 4671 sermo
2181 4618 2229 4677 D
2255 4604 2369 4695 adi,

567 4716 672 4754 non
698 4709 878 4770 queat.
898 4701 1222 4757 lncurrimus
1257 4717 1486 4772 namque
1518 4704 1763 4759 semitam
1809 4706 2141 4764 obstructam

566 4800 750 4864 ramis,
803 4800 975 4868 Spatio
1006 4800 1372 4870 constrictam,
1406 4803 1573 4872 spinis
1620 4804 1835 4871 hirtam,
1887 4807 2143 4877 stirpibus

565 4894 822 4955 clausam,
844 4892 1069 4946 nb~itam
1092 4895 1350 4959 sentibus,
1370 4897 1472 4949 situ
1504 4912 1770 4967 asperam,
1788 4915 2035 4957 saxorum
2053 4919 2144 4975 ag-

563 4985 776 5050 geribus
817 4984 1144 5052 impeditam,
1172 4985 1407 5039 radicum
1439 4992 1773 5045 conuexione
1794 5001 2138 5066 constratum,

563 5090 717 5128 creato
744 5080 1133 5143 voraginosum,
1157 5086 1211 5128 ut
1242 5078 1293 5130 in
1325 5086 1428 5130 tam
1461 5080 1623 5133 variis
1654 5086 2137 5154 tatnquemultipli-

560 5166 712 5220 cibus
733 5168 887 5220 malis
907 5183 1008 5222 non
1028 5176 1171 5221 esset
1186 5170 1407 5239 simplex
1433 5171 1599 5226 forma
1615 5176 1830 5241 periculi
1859 5194 1872 5241 ;
1903 5178 2028 5234 dum
2046 5194 2137 5236 ca-

561 5257 819 5312 ballorum
836 5259 996 5328 pedes
1023 5261 1259 5315 radicum
1285 5264 1457 5317 virtus
1471 5265 1695 5333 detinet,
1725 5277 1777 5323 et
1792 5272 1887 5325 soli
1909 5274 2136 5341 putredo

560 5369 669 5409 non
697 5355 961 5421 sustinet;
1007 5357 1274 5413 montibus
1306 5373 1433 5414 vero
1465 5362 1534 5414 ita
1579 5363 1630 5417 in
1672 5366 1901 5423 sublime
1950 5386 2134 5440 porre-

560 5457 722 5517 ctam,
757 5456 813 5503 et
840 5447 1060 5503 vallibus
1091 5451 1142 5503 in
1168 5448 1429 5518 profunda
1459 5451 1781 5523 demersam,
1814 5468 1872 5513 ut
1912 5477 2010 5517 nos
2037 5478 2132 5535 per

644 5660 805 5715 'Fuit
832 5660 921 5714 ille
950 5659 1226 5738 presbyter
1275 5661 1652 5738 dilectissimus
1681 5664 1918 5732 Ruricio,
1968 5668 2125 5738 cujus

559 5745 660 5799 ope
689 5747 812 5787 usus
839 5739 918 5785 est
960 5730 1283 5799 liparcttius,
1319 5739 1377 5785 ut
1416 5733 1619 5788 litteras
1664 5730 2123 5797 commen'datit'ias

2298 594 2498 657 flabris,
2534 604 2719 663 erepto
2745 597 2813 650 ab
2845 599 3015 653 oculis
3058 603 3256 655 nostris
3313 604 3518 657 nebulis
3546 620 3608 658 ac
3651 608 3889 666 nubibus

2295 685 2405 750 die,
2436 686 2536 740 iter
2559 702 2717 756 agere
2752 693 3117 747 crederemus.
3147 693 3278 759 Quia
3311 696 3519 751 etiamsi
3562 699 3760 755 mundo
3782 718 3891 757 .ra-

2294 774 2413 829 dius
2468 778 2601 832 solis
2647 779 2841 847 illuxit,
2890 782 2955 836 ad
2991 798 3107 846 nos,
3156 801 3263 852 prro
3302 788 3569 845 densitate
3634 794 3879 848 nemoris

2292 870 2548 937 splendor
2568 872 2757 939 ipsius,
2782 882 2835 927 et
2875 876 3022 929 calor
3056 879 3334 940 pervenire
3380 896 3485 934 non
3534 882 3718 946 valuit,
3751 885 3885 940 dum

2295 976 2392 1015 nos
2423 961 2494 1015 ita
2544 979 2638 1029 per
2686 964 2787 1019 iter
2818 965 3108 1021 infelicium
3155 969 3385 1025 felicium
3436 975 3728 1041 proceritas
3759 992 3885 1046 pre-

2295 1054 2410 1117 mit,
2438 1064 2489 1109 et
2516 1057 2595 1110 s’c
2635 1056 2907 1112 inundatio
2940 1061 3077 1113 roris
3106 1064 3359 1131 aspergit,
3394 1075 3451 1118 ut
3481 1070 3739 1123 contracti
3787 1071 3885 1123 fri-

2290 1160 2441 1213 gore,
2496 1146 2579 1201 vel
2617 1151 2786 1203 coacti
2834 1152 3164 1219 apricitatem
3225 1155 3361 1224 ignis
3403 1157 3643 1226 plurimis
3688 1162 3885 1218 diebus

2290 1242 2689 1309 cynocaumatis
2704 1245 3013 1312 quaerimus.
3042 1246 3147 1301 Sed
3174 1262 3295 1302 cum
3314 1250 3379 1304 ad
3399 1250 3597 1315 locum,
3630 1254 3693 1306 ad
3719 1272 3883 1323 quem

2291 1332 2541 1385 tendebat
2573 1333 2801 1389 intentio
2830 1339 3284 1405 pervenissemus,
3318 1342 3500 1398 vallati
3532 1347 3686 1414 aquis
3717 1358 3883 1417 atque

2293 1422 2595 1491 madefacti,
2625 1426 2713 1480 siti
2746 1430 3055 1497 occepimus
3081 1431 3349 1500 deperire.
3380 1434 3511 1501 Quia
3542 1453 3663 1491 cum
3694 1447 3881 1506 esset,

2289 1520 2348 1565 ut
2372 1511 2628 1579 diximus,
2660 1516 2802 1585 rigor
2828 1517 2879 1571 in
2916 1533 3061 1585 aere,
3090 1530 3207 1575 erat
3236 1531 3413 1578 tamen
3444 1533 3597 1595 tepor
3627 1530 3679 1582 in
3704 1530 3877 1595 fonte,

2287 1602 2491 1659 odoriu
2522 1607 2761 1675 ﬂumine,
2785 1609 2947 1664 ardor
2969 1611 3022 1663 in
3050 1626 3259 1681 campo,
3291 1624 3454 1671 aestus
3483 1617 3535 1672 in
3577 1629 3789 1685 castro;
3822 1632 3880 1679 et

2290 1703 2346 1747 ut
2375 1693 2522 1750 brevi
2574 1711 2825 1755 sermone
2884 1702 3135 1757 universa
3182 1706 3520 1772 concludam,
3574 1726 3670 1777 per
3710 1712 3877 1770 talem

2287 1785 2427 1839 viam
2460 1802 2558 1842 nos
2585 1788 2685 1844 iter
2713 1792 2886 1861 egisse
2907 1796 3233 1863 cognoscite,
3269 1812 3365 1866 per
3383 1815 3541 1868 quam
3569 1818 3669 1859 nec
3688 1805 3755 1859 ad
3780 1822 3877 1876 pa-

2211 1876 2259 1937 B
2286 1878 2543 1944 radisum,
2590 1896 2694 1936 non
2725 1882 2898 1938 dicam
2925 1885 2994 1939 ad
3015 1888 3258 1942 exsilium
3287 1888 3367 1944 ire
3394 1893 3674 1963 quisquam
3714 1900 3875 1953 desi-

2284 1968 2458 2025 deret.
2493 1971 2834 2043 Quapropter
2861 1977 2985 2045 quia
3014 1976 3127 2033 htcc
3155 1981 3333 2034 omnia
3384 1982 3639 2041 Dominus
3682 2000 3876 2045 noster

2282 2070 2338 2116 et
2366 2078 2451 2116 me
2484 2065 2782 2130 incurrere,
2811 2075 2865 2120 et
2891 2082 2987 2121 vos
3010 2068 3174 2137 jussit
3203 2073 3468 2139 evadere;
3503 2086 3717 2144 peccata
3744 2096 3873 2136 mea

2280 2164 2311 2204 a
2339 2156 2531 2206 veStris
2566 2155 2770 2209 meritis
2800 2157 2962 2210 etiam
2993 2159 3188 2213 visibili
3218 2162 3407 2218 itinere
3434 2165 3783 2235 discernens;
3808 2181 3873 2227 et

2280 2256 2376 2296 vos
2403 2244 2492 2313 qui
2540 2254 2688 2298 arcta
2736 2255 2789 2299 et
2836 2247 3102 2303 laboriosa
3152 2252 3464 2320 spiritaliter
3496 2260 3714 2327 pergitis
3753 2262 3869 2331 via,

2278 2334 2405 2389 istas
2431 2351 2534 2389 non
2588 2336 2897 2393 incideretis
2940 2343 3236 2410 angustias,
3288 2354 3341 2399 et
3386 2362 3486 2401 nos
3532 2350 3617 2417 qui
3662 2352 3769 2408 lata
3807 2368 3870 2412 et

2276 2426 2536 2495 spatiosa,
2570 2438 2869 2483 retrorsum
2902 2446 3116 2501 semper
3155 2437 3505 2505 respicientes
3537 2442 3865 2515 incedimus,

2278 2514 2435 2585 hujus
2493 2519 2821 2573 incurrimus
2873 2521 3113 2589 injurias.
3168 2526 3328 2581 Orate
3403 2532 3717 2600 Dominum,
3774 2514 3867 2593 cui

2273 2607 2451 2660 omnia
2486 2609 2759 2675 possibilia
2818 2613 3156 2681 conﬁtemur,
3213 2629 3269 2671 ut
3307 2620 3407 2673 etsi
3463 2637 3556 2689 per
3590 2624 3866 2688 diversum

2275 2696 2399 2764 iter,
2434 2699 2501 2751 ad
2538 2716 2695 2754 uuam
2725 2718 2820 2756 nos
2855 2712 3029 2760 tamen
3056 2710 3238 2762 urbem
3273 2714 3426 2767 faciat
3454 2720 3772 2785 convenire;
3807 2727 3865 2779 in

2273 2804 2433 2859 quam
2464 2807 2562 2847 nos
2590 2794 2958 2852 misericordia
2993 2811 3169 2867 potest
3200 2802 3419 2871 inferre,
3448 2824 3540 2864 vos
3572 2814 3784 2867 merita.

2842 2912 3058 2967 EPIST.
3094 2915 3279 2969 XVIII.

2342 2996 2650 3055 Dulcissimo
2701 3012 2747 3056 et
2782 3006 3026 3088 unanimo
3072 3009 3180 3076 ﬁlio
3214 3019 3238 3046 ι
3284 3012 3495 3069 ()macio
3546 3018 3785 3077 Ruricius

2932 3094 3217 3147 cpiscopus.

2340 3167 2405 3223 Ut
2440 3184 2534 3239 per
2565 3170 2850 3226 Venerium
2896 3173 3163 3230 dulcedini
3220 3186 3324 3234 tute
3368 3197 3472 3236 non
3524 3185 3851 3254 scriberem,

2188 3243 2234 3306 C
2266 3274 2371 3311 non
2403 3261 2763 3330 negligentia},
2798 3279 2897 3319 nec
2934 3264 3305 3334 imputationis
3331 3273 3576 3344 alicujus,
3618 3279 3709 3332 sed
3760 3296 3855 3334 oc-

2264 3353 2565 3423 cupationis
2612 3354 2775 3409 fuisse
2815 3372 3103 3427 cognosce.
3140 3363 3289 3419 Unde
3337 3367 3431 3422 has
3461 3386 3556 3438 per
3582 3372 3851 3430 Aurelium

2263 3444 2406 3509 dedi,
2439 3447 2631 3516 quibus
2673 3449 2820 3505 salve
2860 3450 3149 3521 plurimttm
3196 3456 3340 3524 dico,
3394 3470 3447 3515 et
3493 3473 3548 3516 ut
3591 3470 3852 3536 propositi

2262 3536 2337 3590 tui
2368 3552 2580 3606 semper
2616 3540 3003 3608 reminiscaris,
3058 3561 3395 3607 commoneo.
3444 3554 3550 3610 Nec
3604 3559 3845 3616 animum

2261 3638 2406 3683 tuum
2430 3630 2540 3698 jam
2574 3632 2683 3688 Deo
2712 3634 2946 3691 dicatum
2979 3648 3071 3693 aut
3099 3656 3128 3693 a
3154 3654 3333 3713 empto
3367 3647 3559 3703 itinere
3599 3649 3851 3709 blandior

2261 3719 2407 3775 visus
2436 3734 2646 3791 avocet,
2680 3733 2773 3779 aut
2801 3726 3126 3784 modulatior
3154 3746 3463 3805 corrumpat
3490 3739 3721 3805 auditus,
3751 3754 3848 3800 aut

2260 3810 2469 3866 dulcior
2492 3824 2680 3883 gustus
2709 3815 2929 3885 inliciat,
2961 3829 3053 3874 aut
3095 3824 3306 3878 mollior
3346 3828 3598 3885 sollicitet
3646 3844 3843 3903 tactus,

2257 3914 2347 3958 aut
2374 3908 2595 3961 suavior
2633 3908 2889 3965 odoratus
2939 3913 3148 3979 illiciat,
3188 3925 3243 3970 et
3272 3933 3367 3987 per
3408 3920 3670 3978 fenestras
3719 3942 3847 3983 cor-

2256 3999 2403 4066 poris
2437 4014 2581 4055 mors
2605 4001 2995 4060 intromittatur
3014 4006 3079 4061 ad
3106 4010 3359 4065 animam.
3396 4013 3502 4070 Sed
3546 4031 3723 4087 neque
3749 4022 3847 4075 sti-

2255 4106 2375 4146 vam
2429 4102 2636 4161 tencns,
2671 4108 2857 4151 contra
2893 4099 3101 4156 Domini
3132 4106 3450 4160 sententiam
3491 4116 3636 4163 retro
3664 4114 3843 4183 respi-

2256 4186 2387 4248 cias,
2423 4196 2477 4239 ttt
2506 4188 2768 4242 directum
2799 4190 2955 4244 linea:
2994 4194 3176 4250 sulcus
3220 4201 3465 4254 amittat:
3496 4204 3622 4271 quin
3666 4209 3845 4273 potius

2255 4275 2325 4328 ita
2359 4277 2410 4328 in
2437 4292 2592 4340 eum,~
2614 4279 2696 4331 cui
2730 4288 2801 4344 te,
2838 4280 2952 4348 ipso
2994 4284 3313 4355 inspirante,
3348 4292 3557 4358 vovisti,
3588 4299 3842 4355 omnibus

2254 4366 2499 4419 sensibus
2531 4367 2723 4433 inhies,
2749 4378 2802 4424 ct
2825 4373 2988 4427 corde
3014 4377 3220 4434 deﬁxus
3272 4382 3570 4449 adluereas,
3603 4401 3657 4441 ut
3713 4406 3841 4448 cum

2256 4464 2306 4509 te
2331 4456 2411 4508 vel
2444 4473 2541 4510 una
2572 4460 2911 4527 praefatorum
2941 4467 3191 4524 vitiorum
3219 4473 3546 4530 illex.forma
3581 4480 3839 4547 pulsave-

2253 4550 2342 4615 rit,
2370 4550 2471 4605 ﬁde
2502 4553 2675 4619 ﬁrma,
2696 4565 2747 4609 et
2788 4557 2967 4613 divina
3000 4564 3347 4623 meditatione
3366 4573 3624 4626 munitum
3648 4587 3840 4643 pectus

2374 4658 2403 4697 e
2431 4658 2536 4697 non
2562 4648 2746 4714 possit.
2783 4650 2848 4704 Et
2872 4655 3164 4721 quamlibet
3206 4658 3256 4711 in
3285 4661 3454 4717 turbis
3481 4664 3686 4731 positus
3713 4682 3840 4726 esse

2254 4734 2501 4800 videaris,
2526 4737 2734 4795 intrans
2768 4744 2821 4796 in
2847 4745 3151 4804 cubiculum
3177 4753 3355 4806 cordis
3385 4755 3459 4810 tui
3482 4757 3662 4812 clauso
3691 4764 3837 4818 ostio

2254 4836 2365 4898 ttto,
2392 4829 2673 4888 Dominum
2701 4850 2856 4892 orare
2910 4854 3014 4894 non
3042 4842 3256 4898 desinas
3278 4846 3494 4913 (Matth.
3529 4867 3598 4919 vr,
3633 4852 3725 4922 6),
3777 4865 3839 4912 ut

2252 4920 2339 4989 qui
2373 4921 2512 4975 videt
2541 4924 2593 4975 in
2635 4926 2866 4995 occulto,
2900 4930 3042 4985 dicat
3098 4934 3211 4997 tibi,
3242 4936 3379 4991 sicut
3422 4950 3611 4996 sancto
3660 4920 3832 5015 lIonsi

2253 5012 2566 5071 vociferanti
2588 5016 2653 5071 ad
2681 5034 2739 5074 se
2767 5036 2872 5075 non
2906 5038 3057 5087 voce,
3089 5027 3180 5080 sed
3205 5030 3387 5095 corde,
3414 5032 3623 5089 dicebat
3648 5054 3661 5088 :
3693 5012 3832 5103 Quid

2245 5104 2435 5159 clamas
2462 5108 2529 5159 ad
2548 5124 2627 5161 me
2646 5109 2838 5179 (Exod.
2868 5129 2978 5180 xtv,
3002 5116 3130 5187 15)?
3159 5119 3224 5173 Et
3260 5135 3421 5190 spero
3450 5132 3507 5178 ut
3530 5126 3582 5179 in
3631 5128 3829 5186 talibus

2241 5196 2572 5254 orationibus
2602 5201 2761 5256 etiam
2795 5204 2897 5258 ntei
2929 5209 3238 5265 meminisse
3278 5213 3540 5286 digneris,
3571 5229 3625 5272 et
3665 5222 3831 5278 citius

2241 5295 2297 5341 te
2324 5287 2391 5341 ad
2415 5304 2533 5352 nos,
2556 5292 2716 5346 etiam
2747 5294 2791 5347 si
2818 5295 2958 5350 inter
2986 5314 3082 5353 nos
3105 5300 3312 5358 reducit
3342 5305 3583 5374 affectus,
3612 5309 3830 5369 deside.

2243 5377 2383 5433 rium
2412 5377 2736 5437 dulcissimae
2766 5393 2822 5440 et
2842 5386 3208 5447 saluberrimae
3235 5394 3430 5464 quietis
3459 5397 3711 5456 adducat.

2228 5673 2688 5803 ::I5A6prt113ntét;lum
2720 5682 3010 5741 obtineret.
3044 5686 3177 5743 Vide
3201 5689 3425 5747 inferius
3455 5696 3490 5748 Ι.
3513 5710 3571 5758 tt,
3607 5710 3695 5767 ep.
3722 5698 3817 5771 27,

2389 5786 2400 5798 .
2492 5766 2518 5803 Α
2590 5792 2602 5803 .

2389 5786 2400 5798 .
2444 5766 2602 5804 DASN.
