4080 6350
1157 596 1667 737 LIBER;
1715 592 2549 703 SECUNDUS.

176 340 226 407 ει
1464 345 1807 403 EPISTULA!

1907 346 1934 402 ιι
1974 346 2100 402 LIB.
2145 345 2204 399 ll.
3397 332 3464 395 si

2474 462 2565 471 .4...—

3126 461 3461 474 .———————-

1696 804 1981 817 *ι-

686 942 1017 1001 EPISTOLA
1056 940 1286 995 PRIMA.

188 1036 419 1106 Domnisi
435 1036 818 1090 sublimissimis
842 1047 889 1090 et
922 1038 975 1089 in
999 1034 1199 1106 Christo
1221 1033 1443 1106 Domino
1467 1032 1787 1106 de‘vinctissi—

308 1102 417 1159 mis
432 1108 682 1176 fratribus
708 1118 731 1142 ⁸
753 1106 1004 1160 Namacio
1040 1115 1085 1159 et
1110 1102 1377 1158 Ceraunia:
1406 1103 1667 1157 Ruricius.

267 1212 491 1281 Antiqui
522 1217 794 1282 sapientes
822 1215 1023 1267 amicos
1061 1212 1196 1266 duos
1235 1226 1395 1264 unam
1424 1210 1654 1264 animam
1688 1210 1787 1264 ha-

196 1303 323 1356 bere
371 1303 672 1359 dixerunt:
727 1303 867 1373 quod
916 1301 1067 1357 valde
1112 1317 1298 1357 verum
1350 1316 1472 1355 esse
1519 1300 1787 1368 prauiico,

196 1397 496 1465 proboque.
552 1394 682 1449 Nam
715 1405 998 1465 postquam
1028 1409 1058 1448 a
1089 1404 1263 1450 vestra
1296 1395 1646 1463 germanitate
1675 1393 1790 1447 dis-

196 1487 368 1552 cessi,
420 1486 651 1539 divisum
700 1500 819 1541 esse
866 1502 951 1540 me
997 1486 1205 1550 sentio,
1258 1494 1569 1554 partemque
1616 1500 1789 1539 meam

196 1578 480 1631 vobiscum
522 1578 791 1633 resedisse
821 1592 1107 1648 cognosco.
1159 1578 1267 1633 Nec
1303 1576 1613 1632 absentibus
1643 1576 1792 1632 vobis

196 1672 406 1740 integer
435 1686 561 1727 esse
591 1672 721 1725 mihi
752 1672 956 1725 videor.
1007 1671 1073 1725 Et
1100 1686 1223 1725 cum
1257 1685 1342 1725 me
1381 1672 1434 1724 in
1463 1686 1548 1725 me
1580 1684 1684 1723 non
1711 1671 1795 1723 in-

196 1765 409 1817 veniam
439 1807 456 1829 ,
508 1763 647 1831 apud
686 1779 782 1818 vos
826 1779 941 1828 me,
990 1763 1057 1817 ad
1102 1778 1199 1817 vos
1240 1777 1507 1828 reversus,
1555 1762 1789 1831 inquiro,

197 1869 359 1928 atque
398 1858 624 1923 ibidem,
660 1867 911 1926 quantum
944 1873 1030 1911 me
1056 1857 1213 1927 iubes
1254 1856 1554 1926 reliquisse,
1588 1864 1791 1910 tantum

199 1950 364 2004 vestri
394 1964 611 2004 mecum
638 1949 921 2004 abstulisse
950 1949 1241 2018 ceuspicio.
1291 1950 1354 2002 Et
1386 1951 1456 2002 ita
1484 1951 1793 2018 priusquam

203 2044 326 2108 fiat,
357 2054 635 2099 annuente
666 2044 919 2110 Domino,
965 2045 1241 2114 pignorum
1283 2053 1589 2099 nostrorum
1618 2044 1793 2099 votiva

202 2139 517 2208 coitiunctio
560 2140 860 2192 animorum
909 2139 1048 2193 inter
1097 2153 1195 2191 nos
1244 2138 1377 2193 facta
1428 2138 1533 2207 iam
1578 2138 1791 2204 divisio,

203 2248 322 2302 quae
358 2230 599 2286 bdivino
649 2231 1017 2299 amplectenda
1066 2232 1235 2300 magis
1282 2241 1366 2285 est
1416 2231 1792 2301 diligentibus,

1804 939 2031 1003 Adice.
2084 940 2193 993 lter
2240 951 2453 998 meum,
2502 944 2851 1005 vestrumque
2897 944 3239 1005 conspectum
3291 944 3475 992 mente

1892 1030 2185 1104 przevenio,
2218 1039 2378 1099 atque
2408 1028 2610 1095 omnia,
2642 1029 2780 1083 sicut
2800 1028 3054 1095 iussistis,
3086 1036 3140 1082 et
3164 1028 3382 1098 dignum
3411 1043 3476 1083 ac

1891 1124 2130 1179 debitum
2181 1122 2312 1187 fuit,
2367 1122 2637 1192 inspecta,
2686 1119 2907 1185 tradita,
2961 1121 3167 1173 ﬁrmata
3204 1120 3477 1189 signiﬁco.

1892 1216 2000 1271 Nec
2030 1231 2219 1270 vereor
2249 1214 2389 1284 quod
2420 1213 2612 1270 debeat
2643 1215 2850 1268 animos
2876 1223 3083 1267 vestros
3114 1214 3195 1266 vel
3237 1213 3477 1282 aliquan-

1893 1308 2059 1374 tisper
2088 1306 2390 1371 offendere,
2443 1305 2583 1374 quod
2632 1320 2797 1359 unum
2843 1304 3163 1360 vocabulum
3197 1305 3263 1360 de
3293 1305 3477 1360 libello

1893 1398 2032 1454 dotis
2061 1400 2244 1454 vident
2274 1414 2391 1453 esse
2418 1398 2743 1452 subtractum
2772 1414 2786 1463 ;
2841 1412 2959 1450 cum
2998 1396 3099 1451 hoc
3140 1395 3281 1466 quod
3322 1395 3477 1452 deest

1895 1506 2141 1554 numero,
2172 1506 2273 1543 non
2300 1487 2473 1543 solum
2502 1498 2926 1557 compensatum,
2954 1486 3049 1542 sed
3079 1487 3239 1542 etiam
3262 1495 3477 1543 auctum

1894 1581 2185 1653 agnoscitis
2214 1582 2267 1635 in
2296 1581 2511 1635 merito.

2517 1692 2733 1749 EPIST.
2775 1692 2863 1747 Ill.

1896 1789 2132 1844 Dominis
2158 1787 2457 1841 sublimibus
2482 1788 2602 1840 etin
2622 1784 2823 1839 Christo
2846 1783 3066 1838 Domino
3092 1784 3483 1839 detinctissimis

2086 1860 2333 1927 fratribus
2363 1859 2615 1912 Namacio
2645 1868 2691 1912 et
2720 1856 2986 1911 Ceraunia:
3019 1856 3278 1910 Ruricius.

1968 1954 2137 2021 Quam
2164 1954 2401 2023 graviter
2427 1953 2525 2006 sim
2549 1952 2616 2006 de
2644 1951 2784 2005 luctu
2808 1958 2986 2005 vestro
3011 1951 3181 2004 nuntii
3206 1950 3483 2006 atrocitate

1900 2048 2211 2118 perculsus,
2252 2046 2463 2101 facilius
2505 2060 2601 2099 vos
2651 2061 2745 2113 pro
2794 2054 2980 2098 mutuo
3029 2044 3249 2113 potestis
3298 2059 3487 2099 amore

1899 2140 2199 2206 conjicere,
2243 2155 2402 2208 quam
2446 2154 2546 2208 ego
2579 2137 2776 2206 possim
2809 2138 3001 2192 litteris
3032 2138 3302 2192 intimare.
3350 2137 3489 2203 Quia

1900 2218 2112 2287 animus
2144 2232 2309 2286 nimio
2354 2246 2587 2285 mazrore
2616 2229 2917 2295 confectus,
2949 2230 3091 2298 quod
3123 2229 3306 2284 horret
3334 2244 3485 2285 τερος

206 2340 362 2394 quam
392 2324 649 2389 vitanda;
686 2341 778 2392 per
802 2340 959 2392 quam
994 2323 1051 2377 ﬁt
1081 2325 1131 2378 in
1162 2324 1413 2379 cordibus
1440 2339 1626 2378 eorum
1659 2326 1799 2378 cari-
1827 2320 1875 2379 B
1904 2325 2034 2389 lere,
2067 2324 2245 2378 renuit
2273 2322 2554 2392 expedire.
2608 2322 2791 2387 Doleo,
2834 2322 3024 2377 fratres
3064 2321 3448 2375 deviuctissimi
3486 2362 3491 2367 .

210 2418 330 2473 tatis
372 2420 603 2488 integrae
640 2419 850 2473 sincera
887 2418 1212 2481 transfusio;
1266 2418 1418 2487 cujus
1448 2433 1547 2487 ego
1575 2418 1801 2473 vinculis

209 2513 519 2581 colligatum
555 2527 583 2563 a
607 2512 759 2565 vobis
786 2526 905 2565 esse.
934 2527 1018 2565 me
1042 2510 1271 2579 gaudeo,
1297 2519 1351 2564 et
1383 2510 1573 2563 talibus
1599 2512 1803 2565 catenis

210 2611 423 2665 vinctus
456 2611 689 2675 exsulto,
718 2610 1090 2678 obstringique
1121 2623 1204 2661 me
1233 2623 1414 2662 earum
1444 2606 1667 2661 nexibus
1694 2620 1806 2658 ma-

212 2705 294 2773 gis
340 2705 512 2773 cupio
553 2718 712 2773 quam
753 2702 969 2757 resolvi.
1020 2701 1223 2769 Quibus
1262 2711 1313 2755 et
1360 2715 1457 2755 vos
1486 2700 1806 2754 constrictos

212 2808 335 2848 esse
362 2794 600 2848 conﬁdo.
632 2792 999 2848 Redeuntibus
1024 2792 1200 2860 itaque
1227 2790 1419 2845 veSIris
1447 2790 1592 2845 salve
1619 2789 1806 2858 largis-

214 2887 423 2940 simum
446 2886 584 2950 dico,
625 2896 677 2941 et
701 2902 763 2941 ex
794 2884 1042 2939 omnibus
1072 2884 1269 2954 gratias
1307 2896 1469 2951 agens
1496 2882 1806 2952 derelinquo

216 2994 341 3048 quae
387 2978 454 3031 ad
498 2978 819 3047 praeconium
864 2986 1106 3032 nostrum
1147 2975 1437 3046 pertinent.
1487 2974 1690 3030 Idcirco
1720 2988 1807 3029 me

220 3070 440 3124 siluisse
486 3069 749 3139 signiﬁco,
800 3069 922 3139 quia
975 3069 1027 3122 in
1078 3067 1307 3138 propriis
1352 3066 1618 3132 laudibus,
1671 3067 1810 3121 sicut

216 3160 440 3227 dicitur,
474 3172 557 3216 est
597 3162 781 3215 odiosa
818 3160 1105 3229 iactantia;
1153 3170 1332 3215 vestra
1369 3160 1510 3214 enim
1543 3160 1658 3214 laus
1689 3174 1807 3215 mea

218 3251 365 3305 facta
391 3260 505 3317 est;
550 3260 603 3306 et
631 3250 770 3313 ideo,
802 3260 859 3304 ut
883 3250 1022 3319 dixi,
1064 3251 1132 3305 de
1158 3250 1597 3320 magnanimitate
1629 3259 1808 3307 vestra

218 3354 411 3399 tacere
440 3345 629 3399 melius
660 3343 818 3408 duxi;
863 3343 984 3414 quia
1026 3344 1283 3415 quidquid
1323 3344 1391 3400 de
1416 3344 1569 3401 vobis
1599 3344 1808 3414 dixero,

216 3436 352 3491 mihi
381 3436 567 3491 videor
593 3435 902 3492 contulisse.

860 3553 1073 3609 EPIST.
1114 3554 1177 3609 11.

221 3642 459 3697 Dominis
481 3643 859 3697 sublimissimis
885 3652 930 3697 et
956 3646 1009 3698 in
1030 3643 1233 3700 Christo
1256 3644 1473 3701 Domino
1497 3647 1811 3702 devinctissi-

365 3717 465 3767 mis
489 3715 736 3785 fratribus
761 3714 1010 3768 Namacio
1039 3726 1085 3770 et
1112 3715 1377 3771 Ceraunia:
1402 3717 1664 3774 Ruricius.

290 3810 441 3865 Inter
471 3811 706 3880 reliquas
736 3820 930 3878 grates,
966 3825 1084 3880 quae
1123 3826 1149 3862 a
1194 3826 1279 3866 me
1321 3812 1471 3867 vobis
1506 3814 1627 3881 jure
1666 3812 1807 3869 refe-

218 3902 409 3957 renda:
436 3912 592 3966 sunt,
639 3902 919 3969 prmseutia
952 3917 1011 3956 ac
1038 3901 1242 3957 visione
1273 3905 1479 3971 patroni
1511 3905 1810 3958 communis

218 3993 410 4047 domni
452 3993 749 4047 Postumini
794 3994 1036 4062 ingentes
1066 3995 1264 4063 gratias
1294 4010 1415 4063 ago,
1446 3997 1586 4064 quod
1624 3994 1811 4061 hospi-

218 4083 420 4137 tiolntu
452 4093 691 4138 vestrum
734 4084 937 4137 fecistis
969 4084 1135 4151 ipsius
1165 4085 1497 4139 orationibus
1534 4083 1811 4139 illustrari.

221 4174 361 4240 Quia
401 4177 526 4229 dum
561 4176 713 4231 vobis
744 4176 965 4231 exhibet
994 4176 1175 4243 ﬁdem,
1208 4178 1368 4232 nobis
1413 4179 1598 4232 tribuit
1648 4186 1813 4233 bene-

220 4266 552 4330 dictionem;
599 4276 651 4321 et
694 4268 821 4322 licet
853 4266 1012 4321 fuerit
1041 4268 1477 4337 vigilantissimus
1517 4269 1810 4339 inspector,

220 4352 723 4423 importunissimus
753 4369 993 4424 exactor,
1040 4359 1465 4414 districtissimus
1506 4372 1813 4428 exsecutor,

217 4437 385 4500 levia
412 4456 582 4501 tamen
627 4451 741 4504 lucc
780 4451 957 4505 omnia
1000 4452 1166 4521 gratia
1199 4461 1374 4506 vestra
1421 4462 1475 4507 et
1519 4453 1816 4509 sanctitatis

216 4557 333 4595 suae
366 4542 762 4611 ponderatione
795 4548 1170 4613 pensavimus;
1221 4548 1338 4611 quia
1381 4546 1518 4600 sicut
1556 4549 1815 4617 scriptum

216 4643 297 4685 est
333 4649 351 4685 ε
390 4631 598 4686 Caritas
643 4636 813 4688 omnia
863 4637 1097 4699 sustinet,
1151 4637 1337 4689 caritas
1382 4654 1643 4707 nunquam
1677 4642 1815 4693 erci-

220 4725 295 4777 dit
332 4724 386 4791 (I
422 4724 544 4779 Cor.
574 4742 683 4790 χιιι,
715 4727 786 4795 7),
839 4726 1135 4795 pratsertim
1182 4742 1300 4781 cum
1352 4728 1473 4793 hoc,
1504 4729 1644 4798 quod
1676 4729 1820 4785 visus

222 4818 473 4884 exigere,
499 4818 651 4871 nobis
671 4833 792 4871 eum
818 4817 1085 4871 credimus
1109 4817 1201 4871 Dei
1225 4818 1484 4873 beneﬁt-io
1505 4820 1815 4875 contulisse.

222 4907 417 4974 Itaque
456 4923 522 4960 eo
551 4918 571 4945 ε
599 4909 810 4977 propria
843 4910 1058 4963 civitate
1089 4921 1393 4975 remeante,
1438 4927 1541 4964 non
1570 4912 1690 4979 quia
1728 4928 1822 4967 ne-

221 4999 487 5050 cessarizc
519 5010 716 5062 essent,
748 5001 839 5054 sed
873 5001 993 5068 quia
1025 5000 1209 5064 voluit,
1238 5000 1379 5069 dedi,
1411 5003 1599 5069 quibus
1630 5004 1819 5057 indivi-

1909 2430 2012 2472 tam
2057 2417 2253 2471 acerbo
2284 2416 2431 2472 casui
2459 2425 2663 2483 vestro,
2714 2424 2767 2471 et
2820 2425 2930 2471 toto
2976 2416 3141 2471 corde
3168 2416 3488 2485 compatior.

1905 2510 2041 2565 Nam
2072 2509 2172 2565 etsi
2202 2508 2267 2563 ad
2299 2523 2538 2578 praesens
2560 2522 2589 2562 a
2612 2507 2763 2562 vobis
2785 2516 3063 2576 separatus
3091 2522 3209 2562 sum
3236 2521 3487 2575 corpore,

1905 2614 2083 2658 tamen
2130 2617 2344 2671 semper
2390 2611 2568 2656 mente
2610 2601 2930 2670 coniungor,
2978 2609 3032 2655 et
3081 2599 3204 2653 dum
3260 2615 3288 2653 a
3336 2599 3489 2654 vobis

1908 2698 2087 2750 animo
2132 2711 2236 2751 non
2285 2692 2504 2761 recedo,
2540 2692 2840 2762 planctibus
2869 2692 3065 2747 vestris
3109 2692 3373 2746 interesse
3403 2705 3489 2745 me

1908 2788 2086 2843 credo.
2122 2787 2256 2854 Quia
2287 2784 2579 2841 secundum
2608 2785 2842 2839 divinam
2874 2781 3194 2839 sententiam
3226 2782 3365 2852 quod
3398 2796 3492 2851 pa~

1908 2882 2039 2935 titur
2067 2894 2231 2934 unum
2258 2878 2581 2945 membrum,
2614 2877 2794 2930 omnia
2821 2874 3061 2930 membra
3092 2873 3490 2942 compatiuntur

1910 2972 1964 3027 in
1995 2986 2243 3041 corpore.
2272 2968 2382 3024 Nos
2411 2969 2553 3025 enim
2584 2983 2687 3023 non
2714 2967 2886 3022 solum
2912 2964 3017 3021 fide
3037 2978 3491 3032 concorporamur

1910 3064 1962 3119 iu
1989 3062 2239 3129 Christo,
2282 3062 2375 3118 sed
2418 3061 2579 3117 etiam
2622 3059 2854 3114 ﬁliorum
2882 3058 3260 3128 coniunctione
3286 3071 3492 3112 conne-

1910 3159 2123 3214 ctimnr.
2179 3156 2330 3212 Unde
2374 3155 2535 3210 etiam
2584 3154 2629 3210 si
2674 3167 2925 3209 curarum
2972 3162 3115 3208 tanta
3146 3151 3494 3219 intemperies

1909 3252 2276 3322 permisisset,
2317 3248 2384 3303 ad
2413 3247 2666 3303 solandus
2692 3261 2808 3314 vos,
2844 3261 2940 3317 pro
2970 3244 3215 3316 epistolis
3246 3244 3363 3313 ipse
3397 3260 3493 3298 ve-

1913 3344 2133 3399 nissem.
2184 3340 2292 3398 Sed
2320 3340 2449 3411 quid
2479 3339 2723 3403 facimus,
2756 3340 2948 3393 fratres
2976 3337 3199 3408 optimi,
3239 3334 3379 3407 quod
3411 3335 3495 3389 di-

1912 3435 2053 3490 vinas
2081 3433 2333 3489 resistere
2357 3430 2617 3502 iussioni,
2664 3431 2801 3487 sicut
2829 3430 3025 3486 virtute
3052 3444 3157 3485 non
3187 3443 3495 3499 possumus,

1913 3526 1984 3581 ita
2016 3541 2115 3581 nec
2141 3526 2413 3580 voluntate
2441 3524 2717 3589 debemus,
2742 3531 2796 3577 et
2824 3522 2971 3577 omni
2993 3522 3332 3593 advigilantia
3360 3536 3495 3589 pra:-

1915 3634 2107 3674 cavere
2150 3635 2217 3674 ne
2255 3618 2381 3673 dum
2413 3618 2588 3673 dulcia
2621 3616 2776 3671 nobis
2817 3617 3037 3687 pignora
3087 3616 3252 3671 nimio
3306 3615 3496 3671 dolore

1834 3694 1883 3758 (ἶ
1915 3713 2197 3779 deﬂemus,
2230 3711 2562 3781 blasphemi,
2602 3721 2691 3765 aut
2717 3709 3114 3781 quodammodo
3145 3709 3389 3779 iniuriosi
3420 3708 3498 3763 vi-

1914 3804 2136 3859 deamur
2188 3803 2240 3857 in
2294 3802 2557 3865 Domino;
2610 3811 2663 3856 et
2708 3802 2924 3871 gravius
2970 3802 3202 3855 animam
3259 3808 3497 3855 nostram

1912 3907 2100 3951 auctor
2140 3896 2304 3963 ipsius
2350 3895 2556 3949 meritis
2607 3896 2818 3949 inventa
2871 3896 3153 3949 occasione
3191 3894 3496 3958 confodiat,

1916 4005 2075 4058 quam
2121 4003 2371 4043 carorum
2412 3987 2704 4042 amissione
2750 3989 3032 4057 porcossit.
3085 3988 3211 4041 ideo
3255 3992 3306 4041 in
3349 3987 3497 4043 omni

1916 4081 2274 4137 amaritudine
2304 4082 2389 4135 vel
2421 4080 2607 4135 dolore
2647 4082 2713 4134 ad
2760 4081 2907 4134 illum
2942 4079 3095 4136 nobis
3126 4080 3497 4150 refugiendum

1918 4184 2030 4237 est,
2064 4184 2117 4229 et
2148 4172 2213 4228 ad
2245 4172 2390 4227 illum
2420 4186 2607 4227 omnes
2635 4187 2791 4227 casus
2820 4173 2989 4227 nostri
3021 4181 3133 4226 toto
3162 4173 3325 4228 corde
3355 4173 3499 4228 refe-

1918 4264 2094 4327 rendi.
2126 4264 2215 4335 qui
2248 4271 2403 4318 sanat
2427 4264 2757 4330 vulneratos,
2786 4263 2874 4333 qui
2905 4250 3107 4319 relevat
3135 4273 3382 4332 mmstos,
3406 4266 3500 4335 qui

1919 4358 2232 4414 consolatur
2286 4357 2535 4413 afﬂictos.
2599 4357 2663 4411 Et
2713 4358 2801 4411 illa
2853 4362 3121 4412 sententia
3174 4358 3341 4412 sancti
3398 4357 3501 4412 Job

1919 4453 2140 4507 omnino
2168 4451 2543 4508 dicenda.est:
2578 4447 2827 4503 Dominus
2859 4451 3018 4514 dedit,
3054 4451 3301 4503 Dominus
3328 4449 3502 4503 abstu-

1921 4548 1998 4614 lit,
2032 4547 2163 4601 sicut
2190 4543 2410 4599 Domino
2439 4545 2663 4611 placuit,
2706 4546 2778 4598 ita
2806 4554 2851 4598 et
2881 4544 3071 4614 factum
3101 4553 3191 4610 cst,
3227 4544 3291 4596 sit
3320 4559 3503 4597 nomen

1924 4639 2133 4692 Domini
2164 4637 2480 4690 benedictum
2522 4634 2640 4707 (Job
2685 4653 2721 4699 t,
2765 4636 2872 4704 21).
2933 4636 3055 4690 "me
3098 4651 3254 4703 ergo,
3291 4636 3499 4689 Domini

1924 4732 2151 4800 pectoris
2183 4730 2316 4793 mei,
2368 4731 2603 4783 scribere
2631 4731 2781 4783 vobis
2821 4730 3017 4784 idcirco
3048 4731 3393 4801 prresmnpsi,
3446 4740 3503 4784 ut

1924 4823 2162 4877 dolorem
2206 4836 2581 4889 Communem,
2631 4836 2785 4889 quem
2830 4822 3099 4886 sciebam,
3139 4822 3278 4890 quod
3325 4821 3504 4874 verbis

1925 4915 2060 4968 meis
2087 4913 2331 4983 mitigare
2362 4929 2466 4967 non
2498 4924 2761 4981 poteram,
2793 4913 2874 4966 vel
2914 4913 3108 4967 divinis
3149 4913 3372 4981 eloquiis
3419 4923 3505 4966 ut-

1926 5021 2136 5073 cunque
2167 4990 2496 5058 modcrater.
2551 5005 2614 5057 Et
2646 5020 2769 5059 vere
2808 5020 2911 5058 non
2957 5006 3230 5059 minimum
3277 5006 3503 5069 potestis

222 5090 346 5139 dum
375 5094 720 5157 germanitati
743 5104 932 5147 vesnae
955 5092 1099 5146 Salve
1122 5092 1475 5162 largissimum
1504 5095 1816 5150 desiderans
1843 5085 1899 5145 Ι)
1924 5111 2119 5165 capere
2149 5097 2215 5150 de
2241 5095 2437 5150 Christi
2468 5097 2739 5149 voluntate
2770 5113 2808 5150 st
2834 5096 3041 5169 latium,
3072 5095 3209 5163 quol
3240 5104 3504 5162 quatenus

301 5258 325 5283 ἰ
359 5249 490 5302 Fuit
519 5247 821 5309 Numerius,
852 5248 901 5299 ni
933 5246 1104 5307 fallor.
1145 5247 1282 5300 idem
1330 5265 1447 5302 tum
1478 5247 1729 5301 Namacio
1754 5249 1819 5303 ad

224 5335 394 5385 qm'li!
437 5320 651 5380 srripsit
682 5318 924 5371 Sidonius
954 5318 1290 5383 Apollinaris,
1338 5319 1388 5371 in
1424 5324 1703 5385 Aquitania
1734 5335 1822 5375 se-

222 5391 412 5441 cnndzt
446 5389 664 5447 decens.
703 5388 792 5441 Vir
822 5389 1025 5448 doetus.
1060 5390 1146 5454 qui
1191 5391 1237 5441 in
1275 5391 1464 5443 castris
1499 5391 1635 5442 inter
1661 5405 1822 5444 excu-

226 5462 408 5513 biales
449 5474 605 5512 curas
652 5459 844 5511 litteris
888 5460 1144 5513 incubuit.
1196 5459 1289 5514 Ubi
1322 5461 1546 5513 vacabat
1575 5477 1601 5513 a
1633 5461 1817 5515 militia

225 5542 279 5585 et
338 5535 544 5599 pugnis
588 5530 869 5583 maritimis
918 5531 1172 5584 adversus
1223 5531 1464 5585 Saxones
1512 5532 1597 5584 illa
1642 5531 1817 5585 littora

225 5602 595 5667 infestantes,
640 5600 906 5654 venationi
947 5600 1043 5654 fuit
1082 5600 1322 5667 deditus,
1368 5605 1619 5670 solusque
1657 5616 1819 5656 canes

228 5684 523 5725 venaticos
552 5672 696 5739 apris
727 5671 1001 5724 movendis
1030 5682 1180 5739 aptos
1210 5670 1420 5736 habuit,
1458 5672 1607 5726 dives
1638 5673 1824 5740 procul

226 5743 441 5806 dubio,
502 5753 681 5810 utpote
728 5743 813 5810 qui
866 5750 974 5795 tum
1024 5752 1311 5795 venaretur
1354 5751 1464 5796 tum
1512 5742 1821 5798 aadiﬁcaret.

227 5811 572 5874 Ccrauniam
603 5812 788 5868 habuit
813 5811 1116 5883 coniugem,
1147 5812 1213 5866 ad
1241 5827 1401 5883 quam
1430 5812 1650 5884 sapius,
1672 5821 1733 5869 ut
1760 5814 1827 5870 ad

1931 5249 2102 5309 i'lum,
2129 5250 2317 5303 scribit
2346 5250 2589 5304 Ruricius
2618 5261 2815 5303 noster.
2849 5249 2953 5319 Illis
2977 5247 3102 5300 Nata
3136 5246 3250 5311 fuit,
3283 5266 3401 5319 qum.
3423 5252 3510 5317 jn-

1932 5326 2084 5373 venis
2117 5322 2277 5381 obiit,
2320 5330 2375 5373 nl
2406 5332 2543 5388 patet
2580 5338 2639 5373 ex
2673 5321 2896 5388 epistola
2923 5318 3119 5373 [hiricii
3153 5318 3327 5375 tertia.
3384 5323 3508 5377 Ftnt

1927 5392 2062 5445 alter
2089 5390 2369 5444 Namacius
2402 5404 2518 5451 ίοηι
2544 5392 2744 5445 obitum
2763 5390 2972 5464 ltustiei
2998 5392 3360 5448 Arvenorum
3393 5394 3509 5464 epi-

1924 5477 2139 5531 scopus,
2172 5477 2200 5515 a
2227 5473 2410 5516 nostro
2437 5461 2865 5531 distinguendus.
2898 5462 3054 5515 Bxsx.

1998 5532 2025 5570 δ
2052 5533 2212 5587 Forte
2235 5533 2432 5586 divisio.
3522 5597 3526 5601 i

2004 5613 2025 5640 ε
2056 5603 2177 5667 Ms.,
2210 5605 2417 5673 propria
2446 5603 2715 5657 dicivitate.
2760 5604 2864 5659 Sed
2895 5605 3079 5659 vocula
3107 5605 3162 5658 di
3192 5615 3271 5658 est
3300 5608 3500 5667 deleta.

1934 5674 2014 5799 ita
2066 5675 2277 5801 ρᾶορνία
2324 5675 2386 5729 de
2432 5675 2669 5743 civitate,
2723 5689 2788 5731 an
2839 5675 3097 5747 proprium
3146 5677 3201 5729 in
3246 5677 3503 5738 civitatem

1955 5758 2086 5801 enen
2129 5759 2237 5800 um.

1955 5758 2237 5814 egenuum.
