4080 6350
584 371 654 431 85
1878 372 2131 430 BURlCll
2171 374 2471 434 EPISCOPI
2630 432 2631 435 η
3779 372 3855 436 86

586 490 760 557 ipsum
792 478 1101 545 immaturus
1131 488 1378 544 manebat
1409 489 1676 553 interitus,
1726 490 1881 543 talem
1925 506 2045 545 eum
2081 501 2161 547 est
2188 496 2237 557 Α
2270 497 2464 564 saepius
2499 495 2701 551 dicam:
2737 497 2863 563 Quis
2894 497 3032 551 dabit
3062 498 3217 566 capiti
3244 512 3354 551 meo
3379 512 3587 569 aquam,
3618 505 3664 551 et
3691 496 3847 551 oculis

585 583 835 652 dignatus
863 598 1165 649 assumere,
1208 583 1445 650 qualium
1487 598 1708 652 regnum
1745 582 1882 637 dixit
1910 599 2028 639 esse
2055 601 2164 640 cce-

585 674 757 729 lorum
787 673 1000 745 (Matth.
1031 674 1145 737 xtx,
1174 672 1295 743 li);
1329 683 1386 728 ut
1412 683 1465 729 et
1496 681 1776 743 patronum
1803 674 2071 731 haberetis
2097 693 2164 731 ex

586 766 717 832 ﬁlio,
750 777 803 821 et
829 770 1003 820 minus
1033 750 1295 822 doleretis
1323 767 1600 831 amissum,
1653 783 1811 837 quem
1860 783 1889 822 a
1940 769 2165 823 Domino

584 860 845 915 videbatis
873 870 1227 929 assumptum.

1203 994 1418 1050 EPIST.
1462 992 1549 1049 IV.

587 1106 818 1160 Dominis
843 1107 1139 1160 sublimibus
1163 1115 1207 1160 et
1235 1109 1285 1161 in
1309 1106 1511 1162 Christo
1536 1107 1755 1162 Domino
1784 1110 2166 1165 devinctissintis

780 1179 1027 1247 fratribus
1060 1177 1310 1232 Namacio
1339 1188 1383 1231 et
1409 1178 1675 1233 Ceraunia:
1704 1180 1962 1234 Ruricius.

657 1291 865 1360 Saepius
886 1334 900 1355 ,
941 1291 1202 1345 carissimi
1234 1289 1455 1359 fratres,
1501 1300 1719 1361 propter
1749 1292 2048 1346 communis
2082 1292 2165 1345 lu-

585 1393 701 1437 ctus
731 1384 1135 1437 acerbissimum
1169 1398 1351 1436 casum
1382 1384 1532 1437 vobis
1560 1384 1817 1449 scribere,
1857 1392 1947 1437 aut
1978 1384 2040 1438 ad
2076 1400 2169 1440 vos

586 1475 770 1529 venire
800 1475 1057 1543 disposui,
1113 1474 1205 1529 sed
1238 1491 1450 1547 semper
1478 1491 1562 1530 me
1607 1484 1660 1530 et
1703 1477 1770 1530 ab
1814 1478 2017 1532 itineris
2048 1494 2170 1546 pro-

584 1569 761 1621 cinctu
805 1567 1085 1622 inlirmitas
1126 1569 1398 1649 Corporis,
1450 1582 1501 1623 et
1549 1569 1615 1622 ab
1666 1570 1941 1640 epistulari
1991 1570 2167 1626 ofﬁcio

584 1660 779 1715 nimius
809 1660 961 1715 dolor
983 1661 1161 1715 cordis
1190 1662 1430 1715 retraxit.
1465 1660 1595 1715 Nam
1628 1662 1670 1715 si
1703 1663 1915 1730 quando
1944 1664 2006 1716 ad
2037 1663 2170 1717 scri-

586 1753 815 1806 bendum
848 1754 1082 1807 animum
1113 1763 1338 1809 conatus
1367 1769 1483 1808 sum
1515 1754 1816 1821 intendere,
1844 1756 2021 1809 statim
2046 1772 2169 1811 sen-

585 1857 677 1897 sus
709 1844 938 1909 horruit,
968 1859 1118 1900 mens
1157 1845 1381 1916 refugit;
1435 1854 1489 1899 et
1536 1847 1605 1899 ita
1654 1845 1780 1900 mihi
1824 1862 1919 1917 pro
1959 1863 2169 1902 sermo-

586 1937 742 1991 nibus
793 1951 1006 2007 semper
1058 1938 1216 1993 ﬁetus
1267 1940 1539 2004 occurrit;
1603 1947 1659 1993 ttt
1715 1940 1864 2010 prius
1918 1941 2165 2012 pagina'n

585 2028 942 2100 lacrymarum
978 2030 1145 2085 imbre
1179 2031 1574 2099 perfunderetn,
1609 2049 1766 2103 quam
1809 2035 1947 2105 stylo
1980 2037 2168 2107 pinge-

587 2137 721 2187 rem,
750 2122 891 2176 sicut
918 2122 1053 2177 dixit
1082 2122 1173 2177 ille
1206 2132 1479 2192 paternam
1516 2124 1758 2179 indicans
1786 2124 1851 2179 de
1878 2126 1968 2180 lilii
2009 2127 2171 2183 amis-

588 2214 739 2268 sione
766 2214 1036 2283 pietatem.

765 2326 856 2398 Ijis
888 2337 1101 2381 conatus
1132 2338 1237 2382 erat
1268 2344 1415 2381 casus
1444 2328 1674 2398 efﬁngere
1703 2328 1757 2382 in
1787 2344 1946 2393 auro;

767 2396 858 2450 Bis
889 2399 1070 2467 patria:
1097 2399 1325 2452 cecidere
1354 2396 1552 2453 manus.

666 2512 756 2566 Vel
788 2513 931 2581 quod
974 2513 1149 2581 potius
1195 2528 1223 2567 a
1266 2528 1351 2566 nte
1389 2513 1620 2568 dicitur:
1655 2514 1917 2580 Quoniam
1960 2519 2173 2585 negabat

590 2603 845 2656 consolari
876 2604 1048 2655 anima
1089 2619 1200 2656 mea
1224 2600 1402 2672 (Psal.
1434 2619 1609 2664 Lxxvt.
1637 2604 1715 2673 ¹ὅ).
1770 2603 1923 2658 Haud
1954 2604 2168 2674 injuria.

591 2695 803 2751 Perdidi
835 2696 976 2751 enim
1008 2694 1166 2751 ﬁliam
1190 2736 1204 2760 ,
1240 2710 1397 2765 quam
1428 2705 1482 2749 et
1509 2709 1594 2749 me
1622 2695 1953 2762 suscepisse,
1997 2705 2049 2751 et
2079 2713 2172 2752 vos

587 2788 839 2857 genuisse
884 2788 1211 2859 gratulabar,
1247 2786 1453 2857 perdidi
1484 2788 1608 2842 vitae
1638 2787 1913 2852 solatium,
1942 2791 2171 2858 posteri-

590 2880 712 2934 tatis
754 2894 935 2949 spem,
980 2880 1144 2934 decus
1174 2878 1423 2945 familiae,
1457 2879 1635 2934 cordis
1665 2880 1946 2948 gaudium,
1992 2880 2171 2937 lumen

587 2970 887 3025 oculorum.
921 2970 1029 3026 Nec
1054 2969 1286 3040 simplici
1308 2984 1423 3024 sum
1456 2968 1686 3025 orbitate
1712 2972 2003 3039 perculsus.
2037 2970 2169 3026 Nam

586 3078 706 3118 cum
731 3064 837 3119 ﬁlia
865 3074 919 3120 et
941 3064 1135 3119 fratres
1156 3064 1335 3131 amisi,
1364 3079 1590 3135 quorum
1614 3080 1700 3119 me
1721 3064 1935 3118 solabar
1954 3063 2167 3132 affectu,

586 3169 812 3224 quorum
854 3171 941 3211 me
976 3140 1361 3225 conjunctione
1382 3155 1676 3224 jactabatn.
1726 3154 2033 3224 Disruptum
2064 3167 2169 3221 est,

2273 589 2394 643 meis
2438 589 2629 656 [autem
2672 590 3012 662 lacrymarunt
3062 588 3272 659 (Jerem.
3315 606 3397 656 tx,
3437 588 3563 661 1.)?
3614 589 3719 645 Sed
3762 590 3848 645 ille

2275 680 2453 748 populi
2486 681 2566 735 sui
2600 691 2817 749 peccata
2846 681 3103 747 deflebat;
3150 697 3248 751 ego
3278 696 3404 737 vero
3446 682 3692 752 propria,
3732 696 3849 751 qua:

2272 778 2326 823 et
2346 785 2429 824 me
2453 781 2505 825 et
2526 787 2620 825 vos
2645 773 2881 841 pondere
2902 789 2998 828 suo
3025 782 3080 829 et
3103 772 3486 829 numerositate
3508 781 3845 841 presserunt;

2273 874 2371 928 ego
2412 872 2469 913 ut
2512 862 2653 916 illius
2689 873 2939 930 mortem,
2980 871 3034 919 et
3062 879 3237 919 meam
3270 865 3458 929 vitam,
3490 865 3635 920 illam
3668 864 3850 920 defun-

2272 959 2433 1020 ctam,
2463 962 2516 1007 et
2544 968 2630 1008 me
2658 956 3002 1024 superstitem
3033 958 3299 1026 plangam.
3341 956 3526 1026 Longe
3557 956 3700 1011 aliud
3731 957 3847 1021 tibi,

2273 1045 2595 1101 venerabilis
2625 1062 2800 1111 soror,
2834 1050 2983 1118 quasi
3013 1049 3079 1105 de
3104 1050 3301 1105 nostris
3327 1050 3536 1105 meritis
3564 1065 3852 1119 praesume-

2203 1164 2209 1172 -
2274 1138 2401 1202 bas,
2446 1154 2565 1193 cum
2609 1149 2810 1194 tantum
2856 1141 2981 1206 tibi,
3032 1142 3195 1196 nimia
3224 1142 3447 1197 caritate
3486 1141 3743 1210 decepta,
3786 1142 3852 1194 de

2274 1232 2471 1285 nostris
2500 1232 2861 1300 orationibus,
2910 1250 2994 1288 me
3024 1234 3335 1299 refellente,
3380 1235 3752 1304 promitteres,
3797 1245 3853 1288 ut

2274 1320 2492 1375 domum
2539 1332 2685 1377 tuam
2733 1333 2916 1378 nostra
2966 1325 3354 1381 intercessione
3401 1326 3752 1389 salvandam,
3802 1335 3853 1379 et

2276 1412 2436 1466 ﬁliam
2465 1429 2559 1482 per
2585 1430 2691 1476 me,
2726 1424 2781 1469 ut
2808 1416 2878 1470 ita
2908 1415 3114 1482 dicam,
3160 1417 3271 1472 fore
3301 1417 3551 1472 crederes
3580 1417 3854 1471 immorta-

2276 1503 2399 1557 lem.
2450 1504 2555 1559 Sed
2583 1506 2690 1559 cito
2716 1515 3078 1576 apparuerunt
3118 1508 3308 1562 merita
3338 1522 3481 1576 mea,
3514 1524 3634 1579 qua
3670 1526 3755 1563 me
3786 1510 3854 1562 ir-

2275 1595 2605 1653 remediabili
2661 1598 2882 1655 vulnere
2921 1600 3254 1663 sauciarent,
3300 1608 3357 1657 et
3399 1611 3452 1656 te
3490 1615 3646 1656 secus
3696 1616 3853 1671 quam

2275 1698 2586 1755 oportuerat
2633 1690 2700 1746 de
2744 1700 3021 1759 peccatore
3060 1692 3400 1763 credentem,
3444 1695 3577 1749 tanti
3623 1696 3855 1765 pignoris

2275 1780 2507 1836 orbitate
2558 1792 2919 1850 percuterent.
2971 1783 3065 1838 Vel
3115 1800 3257 1839 nunc
3306 1796 3486 1852 certe,
3539 1788 3594 1841 in
3644 1786 3856 1841 Cltristo

2198 1883 2248 1945 Β
2276 1871 2502 1926 Domino
2543 1874 2861 1929 venerabilis
2892 1888 3080 1940 soror,
3113 1885 3165 1930 et
3197 1884 3248 1930 te
3287 1874 3417 1931 falsa
3455 1876 3772 1941 credidisse,
3807 1887 3859 1935 et

2280 1979 2367 2019 tne
2383 1979 2505 2020 vera
2521 1965 2726 2021 dixisse
2738 1982 3049 2034 cognosces.
3076 1968 3180 2024 Sed
3196 1969 3416 2024 nimium
3448 1970 3558 2038 diu,
3581 1970 3860 2027 immemo-

2280 2071 2366 2111 res
2415 2066 2801 2126 prceceptorum
2846 2059 3169 2125 cmlestium,
3203 2061 3432 2115 humano
3453 2061 3626 2116 dolori
3660 2063 3861 2131 praebe-

2279 2165 2399 2204 mus
2424 2164 2728 2207 assensum.
2763 2152 2843 2208 Ad
2868 2152 3043 2207 divina
3073 2153 3225 2208 nobis
3253 2163 3513 2224 praecepta
3532 2154 3861 2211 redeundum

2278 2253 2390 2307 est;
2431 2257 2497 2297 ne
2528 2243 2597 2297 ita
2648 2245 2960 2315 plangamus
3014 2260 3243 2315 corpore
3297 2257 3600 2312 mortuam,
3659 2261 3715 2301 ut
3764 2248 3862 2317 ipsi

2277 2334 2441 2388 corde
2467 2334 2775 2390 moriamur.
2810 2336 3157 2392 Discedentes
3183 2353 3311 2407 ergo
3339 2338 3610 2407 paululum
3639 2338 3705 2393 de
3729 2355 3864 2408 prae-

2278 2426 2537 2491 sentibus,
2564 2442 2775 2482 rursum
2800 2429 2975 2483 futura
3004 2430 3327 2499 cogitemus;
3356 2441 3410 2484 ut
3432 2446 3566 2501 quos
3591 2432 3865 2489 inﬁrmant

2278 2518 2587 2585 przesentia,
2619 2517 2794 2573 futura
2822 2521 3197 2575 corroborent.
3225 2520 3333 2575 Nos
3363 2520 3645 2591 debemus,
3675 2522 3866 2578 fratres

2277 2608 2562 2675 carissimi,
2596 2608 2740 2663 illam
2773 2610 2911 2666 ferre
2939 2612 3300 2668 conditionem
3329 2612 3576 2667 humana:
3604 2612 3865 2681 fragilita-

2279 2700 2365 2765 tis,
2394 2714 2550 2768 quam
2579 2711 2631 2754 et
2658 2701 2957 2772 prophetae,
2986 2713 3039 2759 et
3067 2705 3327 2773 apostoli,
3352 2713 3408 2760 et
3433 2705 3603 2759 sancti
3626 2705 3865 2775 justique

2277 2805 2483 2856 omnes,
2510 2792 2609 2856 vel,
2631 2793 2771 2862 quod
2797 2795 2970 2864 majus
2998 2804 3101 2862 est,
3133 2797 3372 2850 omnium
3404 2795 3659 2851 Dominus
3681 2807 3866 2851 noster

2276 2883 2549 2952 suscipere
2593 2884 2840 2955 dignatus
2881 2895 2983 2942 est.
3032 2887 3325 2956 Deplorare
3375 2887 3490 2958 (sed
3540 2889 3709 2957 magis
3756 2888 3865 2943 Deo

2276 2974 2475 3043 gratias
2501 2989 2659 3044 agere
2688 2987 2743 3032 et
2771 2976 3029 3047 gaudere)
3059 2993 3164 3032 non
3196 2980 3469 3041 convenit,
3502 2978 3644 3046 quod
3677 2978 3864 3044 ﬁliam,

2275 3067 2485 3134 qualem
2532 3069 2743 3138 quidem
2772 3071 3058 3135 voluimus,
3101 3086 3259 3137 quam
3308 3070 3453 3125 Divis
3508 3072 3597 3140 qui
3642 3070 3865 3125 dederat

2277 3161 2543 3226 promisit,
2578 3163 2885 3229 habuimus;
2915 3163 3200 3233 etquidem
3230 3165 3571 3229 mutavimus,
3598 3179 3702 3219 non
3735 3180 3864 3234 per-

587 3244 779 3299 fratres
827 3245 1137 3310 carissimi,
1187 3244 1461 3299 vinculum
1514 3245 1881 3314 germanitatis
1928 3255 2125 3301 nostra:
2150 3288 2168 3314 ,
2196 3249 2242 3313 C
2276 3250 2542 3317 didimus;
2567 3253 2661 3308 sed
2683 3254 2747 3308 ad
2765 3254 3058 3317 Christum,
3086 3255 3201 3321 ipso
3217 3254 3461 3323 jubente,
3484 3254 3863 3322 praemisimus.

586 3336 818 3391 ablatum
847 3336 1001 3393 nobis
1027 3346 1109 3392 est
1140 3338 1328 3407 pignus
1357 3347 1553 3391 mutum
1580 3337 1838 3391 caritatis.
1871 3337 1982 3393 Heu
2013 3340 2164 3406 mihi,

587 3428 777 3482 fratres
820 3429 1038 3497 optimi,
1086 3428 1211 3483 dum
1255 3428 1557 3498 depositum
1600 3444 1834 3484 vestrum
1883 3430 2033 3500 cujus
2080 3448 2166 3487 me

586 3518 872 3573 traditione
897 3518 1181 3588 ceperatis,
1207 3520 1416 3583 amitto,
1444 3534 1547 3572 una
1568 3535 1663 3574 vos
1690 3520 1918 3589 perdidi.
1957 3521 2025 3575 Et
2046 3522 2166 3577 ideo

585 3611 637 3664 in
667 3610 825 3665 unius
857 3610 1271 3665 necessitudinis
1296 3610 1492 3679 gradu,
1530 3611 1880 3680 complurium
1913 3611 2043 3666 mihi
2074 3628 2168 3666 ne-

585 3704 969 3759 cessitudinum
1012 3704 1200 3758 solatia
1243 3703 1452 3757 sublata
1485 3704 1716 3772 suspiro.
1766 3704 1947 3758 Solam
1990 3714 2167 3759 tamen

584 3796 831 3864 patriam,
874 3812 991 3865 quae
1031 3795 1159 3848 milti
1194 3810 1287 3863 per
1318 3795 1485 3865 ipsam
1521 3795 1779 3864 acquisita
1812 3795 2013 3862 fuerat,
2059 3812 2165 3850 non

583 3888 854 3951 amittam,
901 3888 989 3956 qui
1033 3886 1171 3942 hanc
1220 3888 1349 3940 mihi
1385 3888 1716 3957 potissimum
1754 3897 1950 3942 terram
2004 3904 2163 3957 quam

581 3979 668 4034 illa
699 3994 925 4048 corpore
969 3994 1067 4033 suo
1105 3978 1419 4048 occupavit,
1468 3981 1691 4047 patriam
1736 3978 2006 4059 judicabo.
2059 3980 2167 4036 Sed

581 4089 685 4143 quo
718 4074 999 4128 immemor
1026 4072 1218 4139 officii,
1264 4087 1471 4127 memor
1500 4075 1713 4142 gratim,
1755 4075 1944 4129 dolore
1977 4075 2165 4143 impel-

581 4167 745 4233 lente,
774 4166 1123 4236 progrediur?
1149 4178 1203 4221 et
1226 4177 1468 4234 tempore
1492 4166 1828 4235 aliquatenus
1856 4167 2044 4220 vulnus
2070 4167 2161 4221 ob—

580 4258 819 4321 ductum,
838 4258 1072 4311 rediviva
1090 4258 1478 4319 recordatione,
1502 4265 1751 4325 tanquam
1775 4271 1906 4308 nova
1928 4259 2163 4313 sectione

582 4347 874 4403 rescindo?
927 4358 981 4400 et
1023 4348 1111 4416 qui
1160 4347 1429 4400 consolari
1474 4361 1568 4399 vos
1618 4348 1791 4415 potius
1842 4362 1935 4415 per
1984 4347 2164 4402 divina

583 4439 847 4507 promissa
879 4440 1181 4509 cupiebam,
1217 4440 1642 4493 consolationem
1689 4439 1802 4507 ipse
1841 4454 1946 4493 non
1989 4440 2162 4509 capio.

579 4534 782 4589 Causas
814 4541 989 4588 tamen
1019 4531 1171 4587 vobis
1202 4532 1421 4587 recitlivi
1459 4530 1615 4599 hujus
1643 4531 1844 4586 doloris
1870 4548 2158 4597 exponam.

2285 3341 2493 3396 Habere
2541 3344 2682 3397 enim
2751 3344 2891 3399 ﬁlios
2942 3344 3205 3412 generalis
3251 3353 3332 3398 est
3377 3342 3651 3407 beneficii;
3693 3344 3865 3399 bonos

2279 3446 2406 3486 vero
2435 3434 2630 3489 habere
2660 3436 2909 3503 specialis
2936 3443 3019 3489 est
3049 3436 3276 3503 przemii.
3330 3435 3479 3489 Sicut
3502 3436 3685 3490 vivere
3713 3451 3866 3489 com-

2278 3538 2438 3576 mune
2465 3534 2545 3575 est
2567 3523 2836 3587 omnium;
2871 3524 3006 3577 bene
3036 3539 3164 3577 vero
3194 3525 3371 3578 vivere
3395 3535 3447 3578 et
3475 3524 3610 3578 bene
3638 3524 3866 3578 descen-

2279 3616 2406 3669 dere
2436 3613 2502 3668 de
2546 3613 2644 3667 hac
2701 3616 2803 3667 vita
2843 3629 3133 3684 paucorum
3166 3623 3276 3680 est;
3317 3629 3423 3668 non
3455 3624 3629 3691 tamen
3658 3624 3865 3667 natura:

2277 3706 2605 3770 conditione,
2638 3705 2731 3760 sed
2755 3705 2955 3775 culpae;
2987 3722 3082 3759 nec
3112 3705 3291 3759 divina
3324 3704 3742 3774 praescriptione,
3770 3706 3864 3760 sed

2277 3800 2492 3869 propria
2520 3800 2810 3854 voluntate.
2839 3800 2905 3854 Et
2932 3799 3053 3855 ideo
3079 3813 3182 3853 non
3207 3798 3447 3853 turbetur
3478 3814 3572 3852 cor
3595 3809 3861 3862 nostrum,

2281 3907 2377 3947 nec
2403 3891 2563 3945 tiliam
2589 3908 2685 3961 pro
2704 3892 3013 3957 amissione,
3033 3891 3125 3945 sed
3147 3906 3243 3961 pro
3264 3890 3525 3944 desiderio
3539 3889 3862 3946 deﬂeamus:

2277 4001 2375 4040 nec
2406 3996 2462 4038 ut
2501 3984 2784 4040 dominicis
2834 3983 3109 4053 promissis
3156 3982 3435 4046 increduli,
3485 3992 3576 4035 aut
3609 3985 3864 4052 prcecepti

2276 4079 2426 4133 obliti
2455 4093 2574 4133 esse
2620 4077 2916 4133 videamur.
2964 4076 3147 4131 Fleant
3179 4076 3376 4131 liberos
3408 4080 3555 4141 Suos,
3586 4075 3675 4144 qui
3708 4092 3864 4145 spem

2275 4171 2682 4225 resurrectionis
2708 4170 2905 4225 habere
2929 4183 3032 4222 non
3063 4179 3318 4237 possunt;
3348 4182 3503 4235 quam
3537 4168 3614 4220 eis
3637 4168 3862 4235 perfidia

2275 4276 2369 4312 sua
2397 4261 2604 4324 adimit,
2630 4275 2734 4313 non
2758 4259 2933 4312 divina
2964 4260 3245 4312 sententia.
3280 4257 3467 4311 Fleant
3496 4258 3690 4310 mortui
3717 4273 3866 4312 mor-

2277 4365 2399 4401 tuos
2439 4365 2594 4417 suos,
2648 4350 2787 4419 quod
2828 4349 2880 4403 in
2927 4359 3238 4419 perpetumn
3274 4350 3541 4403 .nstimant
3588 4350 3859 4403 interisse.

2276 4440 2351 4493 Illi
2402 4440 2598 4495 nullam
2644 4440 2893 4496 mwroris
2932 4442 3011 4497 sui
3046 4442 3279 4495 habeant
3313 4440 3584 4509 requiem,
3621 4440 3710 4509 qui
3754 4456 3866 4496 non

2273 4531 2502 4584 credunt
2549 4546 2667 4586 esse
2700 4534 2935 4602 requiem
2968 4544 3323 4586 mortuorum.
3359 4531 3523 4586 Nobis
3554 4546 3704 4597 vero,
3736 4532 3862 4600 qui-

583 4628 864 4697 Utcunque
906 4629 1048 4682 enim
1092 4626 1301 4681 animus
1343 4640 1575 4680 maerore
1615 4626 1889 4679 conlectus
1923 4626 2164 4694 recipere
2189 4626 2244 4687 D
2268 4622 2371 4678 lnts
2417 4633 2468 4676 et
2489 4639 2612 4693 spes
2641 4634 2693 4679 et
2722 4628 2893 4693 portio
2914 4626 3159 4681 Christus
3188 4636 3289 4691 est,
3323 4639 3448 4695 spes
3478 4625 3534 4678 in
3563 4635 3706 4679 terra
3740 4640 3863 4680 mo-

582 4720 999 4774 consolationem
1030 4719 1317 4788 apostolica
1348 4717 1719 4773 exhortatione
1754 4717 1864 4786 jam
1898 4731 2156 4788 emperat,

579 4828 698 4882 qua:
727 4813 835 4867 ait:
872 4812 1011 4865 Nolo
1040 4828 1143 4875 vos,
1174 4815 1379 4881 fratres,
1410 4813 1644 4882 ignorare
1673 4810 1734 4864 de
1766 4811 2153 4879 dormientibus,

580 4921 642 4958 ne
681 4903 1073 4969 contristrmini,
1124 4903 1252 4956 sicut
1296 4904 1491 4967 caueri,
1538 4902 1623 4971 qui
1654 4919 1793 4971 spent
1837 4919 1934 4954 non
1974 4903 2159 4955 habent

580 4995 630 5067 (1
666 4994 841 5050 Thess.
870 5012 942 5061 tv,
984 4997 1089 5061 l3).
1145 4995 1248 5051 Sed
1294 4995 1380 5048 ubi
1426 4994 1607 5048 infelix
1638 5005 1819 5048 noster
1859 4995 2159 5047 communis

578 5089 813 5157 advenit,
833 5101 885 5143 et
908 5106 1027 5144 eum
1054 5089 1169 5143 sine
1195 5104 1279 5154 ea,
1303 5104 1403 5157 qua
1426 5087 1572 5155 prius
1595 5088 1927 5155 splendeltat,
1947 5104 2157 5156 gemma

576 5178 861 5246 conspexi,
907 5195 1000 5246 per
1029 5194 1186 5247 quam
1220 5178 1348 5231 tnihi
1388 5186 1441 5232 et
1480 5178 1746 5244 acceptior
1770 5193 1888 5232 esse
1919 5179 2156 5243 solebat,

575 5279 630 5325 et
655 5272 878 5338 gratior,
901 5279 955 5324 et
976 5271 1125 5344 quasi
1152 5278 1471 5325 ornamento
1500 5270 1713 5338 proprio
1741 5272 2001 5339 spoliatus
2026 5270 2156 5326 mihi

574 5370 629 5416 et
659 5360 941 5415 indecorus
969 5361 1231 5431 apparuit.
1283 5360 1437 5415 Novit
1480 5360 1589 5424 ille,
1636 5360 1827 5415 fratres
1868 5362 2155 5427 carissimi,

578 5455 667 5525 qui
696 5453 937 5509 cordium
983 5454 1190 5508 occulta
1233 5455 1476 5518 rimatur,
1524 5453 1663 5523 quod
1714 5454 1784 5509 ita
1838 5455 1965 5509 mihi
1998 5456 2158 5511 dolor

573 5556 798 5617 repente
827 5547 1125 5617 geminatus
1153 5558 1256 5616 est,
1295 5555 1349 5603 et
1389 5548 1459 5601 ita
1489 5549 1616 5602 mihi
1652 5564 1746 5617 per
1776 5549 2014 5618 singulos
2039 5548 2158 5605 dies

574 5641 641 5695 de
668 5650 810 5695 tanta
841 5640 1016 5695 indole
1046 5639 1219 5707 illius,
1266 5650 1319 5695 et
1363 5640 1515 5695 istius
1557 5642 1893 5697 desolatione
1931 5643 2155 5698 affectus

572 5733 871 5800 duplicatus
892 5741 975 5787 est
998 5731 1188 5797 luctus,
1215 5740 1274 5785 ut
1293 5746 1393 5786 nec
1416 5732 1556 5787 hunc
1582 5733 1821 5800 aspicere
1840 5777 1853 5801 ,
1888 5750 1984 5790 nec
2012 5735 2155 5790 illius

573 5830 883 5884 meminisse
904 5828 1018 5884 sine
1040 5826 1289 5897 lacrymis
1309 5841 1528 5897 queam;
1555 5836 1606 5883 et
1630 5828 1997 5899 propheticum
2022 5828 2151 5884 illud
2204 5870 2239 5923 κε

2269 4716 2556 4783 rientium,
2608 4721 2781 4785 portio
2824 4718 2877 4772 in
2911 4721 3129 4788 regione
3160 4720 3434 4783 vivorum;
3487 4718 3681 4788 quibus
3712 4734 3863 4774 mors

2270 4810 2368 4862 ista
2403 4824 2507 4863 non
2558 4819 2793 4878 naturae,
2839 4811 2931 4865 sed
2964 4812 3085 4864 vita:
3122 4812 3398 4879 praesentis
3430 4818 3512 4864 est
3552 4810 3701 4874 ﬁnis;
3734 4815 3864 4880 quia

2270 4919 2386 4957 eam
2412 4904 2462 4957 in
2495 4904 2682 4957 melius
2704 4904 2969 4960 credimus
2993 4920 3114 4961 esse
3137 4905 3511 4974 reparandam,
3540 4905 3690 4973 juxta
3718 4909 3865 4974 Apo-

2271 4996 2754 5068 stnli‘sententiam
2799 5013 2812 5049 :
2856 4996 2984 5051 Cum
3020 4997 3343 5068 corruptibile
3383 4997 3477 5049 hoc
3522 4995 3748 5049 induerit
3783 4999 3864 5051 in-

2266 5065 2639 5158 corrtiptionem
2667 5088 2715 5158 (l
2742 5088 2859 5143 Cor.
2886 5105 2973 5153 xv,
2993 5088 3116 5158 54);
3139 5065 3260 5141 cum
3286 5088 3543 5157 propheta
3571 5088 3863 5141 dicendum

2270 5190 2353 5233 est
2385 5198 2398 5232 :
2430 5179 2678 5232 Dominus
2708 5180 2866 5243 dedit,
2915 5179 3164 5232 Dominus
3210 5178 3438 5243 abstulit,
3470 5178 3599 5232 sicut
3638 5177 3863 5229 Domina

2264 5273 2429 5325 visum
2455 5282 2545 5337 est,
2590 5271 2661 5323 ita
2706 5270 2917 5339 factum,
2962 5270 3030 5322 sit
3068 5284 3249 5323 nomen
3289 5267 3497 5321 Domini
3538 5269 3863 5325 benedictum

2270 5364 2391 5431 (Job
2416 5380 2451 5423 ι,
2480 5361 2595 5430 21).
2624 5361 2754 5428 Quia
2786 5360 3015 5414 tenenda
3059 5369 3141 5414 est
3168 5360 3219 5413 in
3262 5361 3557 5413 tentatione
3591 5359 3863 5428 poeniten-

2266 5455 2363 5520 tia,
2396 5471 2462 5509 ne
2491 5466 2641 5523 cogat
2673 5462 2762 5507 ant
2789 5468 2881 5507 ore
2912 5452 3073 5506 corde
3102 5452 3433 5520 delinquere.

2338 5547 2522 5601 Fletus
2549 5547 2725 5614 itaque
2752 5556 2956 5601 vestros
2985 5543 3116 5597 ﬁdes
3143 5552 3385 5613 prompta
3420 5547 3701 5611 detergat;
3733 5545 3863 5611 quia

2264 5639 2535 5694 credimus
2565 5650 2720 5692 caros
2751 5645 2962 5689 nostros
2992 5636 3151 5688 vitam
3176 5650 3281 5688 non
3310 5643 3413 5687 tam
3443 5634 3667 5703 perdere
3696 5634 3863 5703 qum

2266 5744 2512 5795 mutare;
2566 5729 2865 5797 relinquere
2911 5728 3165 5781 saeculum
3215 5728 3482 5782 cernimus
3516 5736 3571 5781 et
3624 5726 3863 5781 luctibus

2264 5826 2507 5896 plenum,
2537 5832 2591 5879 et
2620 5821 2684 5876 ad
2713 5821 2984 5889 regionem
3016 5818 3359 5875 beatitudinis
3389 5818 3672 5885 festinare;
3704 5818 3865 5875 exire

2202 5986 2267 6014 ,ὡ
