4080 6350
245 313 317 375 86
384 328 390 332 '
1488 302 1966 363 EPISTOLARUM
2006 303 2132 361 LIB.
2174 303 2236 361 ii.

246 428 317 484 de
361 424 791 495 peregrinatione
837 420 1134 484 laboriosa,
1184 430 1237 475 et
1267 421 1330 474 ad
1377 421 1569 491 quietis
1604 420 1826 487 patriam
1857 422 1909 482 Α
1943 432 2129 472 sermo
2175 416 2482 484 meditatus,
2529 417 2619 486 qui
2667 417 2964 482 emittitur,
3008 424 3059 471 et
3098 431 3203 469 non
3242 396 3537 468 amittitur;

247 517 547 587 pervenire.
581 514 735 570 Unde
762 524 815 569 et
844 513 1102 583 prriphela
1142 512 1270 565 dicit
1298 528 1311 565 ξ
1346 509 1493 563 Educ
1534 512 1594 563 de
1636 527 1839 563 carcere

243 612 472 663 animum
532 624 693 659 meam
747 606 812 659 ad
864 604 1209 673 conﬁtendum
1269 603 1461 656 nomini
1514 612 1601 654 tuo
1662 602 1834 673 (Paul.

242 715 387 763 (ιιι,
430 702 507 767 8).
554 699 769 753 Credite
798 698 957 765 mihi,
1006 700 1197 751 fratres
1234 695 1532 758 carissimi,
1578 696 1698 763 quia
1748 694 1836 748 illa

241 792 260 861 ί
299 809 349 845 ιιι
372 792 441 846 de
480 808 575 845 sua
603 790 780 860 quiete
801 804 989 844 secura
1010 830 1023 853 ,
1057 789 1124 841 de
1156 797 1334 841 nostra
1368 798 1450 841 est
1478 788 1653 841 Salute
1684 786 1839 840 solli-

244 884 384 947 cita;
415 897 536 951 quae
564 883 608 935 si
638 882 913 935 nobiscum
944 892 1124 949 posset
1155 880 1379 933 miseere
1411 877 1703 946 colloquia,
1737 876 1840 931 hoc

245 974 496 1029 diceret:
529 972 722 1033 Nolite.
753 972 825 1040 pii
875 980 1146 1040 parentes,
1200 970 1367 1022 nolite
1400 984 1483 1023 me
1527 968 1690 1031 ﬁere;
1740 982 1839 1021 nec

240 1066 440 1135 ingrati
477 1079 584 1119 tam
637 1066 866 1132 benigno
898 1064 1121 1117 Domino
1158 1063 1455 1132 planctibus
1494 1060 1674 1113 nimia:
1702 1059 1839 1112 dile-

242 1160 441 1213 ctionis
472 1158 725 1212 existere.
762 1158 910 1219 Esto,
940 1155 1183 1210 habuerit
1211 1165 1453 1222 tempore
1486 1170 1619 1207 mea:
1652 1152 1839 1207 arcisi-

242 1252 411 1324 ,ionis
435 1250 538 1304 hoc
567 1249 769 1318 pietas,
815 1248 923 1317 jam
967 1248 1126 1301 debet
1159 1250 1400 1301 dolorem
1443 1257 1676 1301 vestrum
1713 1247 1843 1300 fides

242 1362 365 1399 eum
426 1353 671 1411 tempore
726 1350 1049 1409 temperare.
1100 1341 1231 1405 Quia
1283 1341 1381 1393 etsi
1435 1340 1584 1392 vobis
1637 1352 1845 1392 ntortua

240 1452 401 1500 sum,
466 1435 577 1489 Deo
641 1434 783 1485 vivo.
827 1437 931 1486 Aut
975 1433 1209 1499 nunquid
1259 1447 1350 1482 vos
1398 1430 1566 1498 magis
1617 1431 1844 1499 potestis

241 1543 431 1581 amare
462 1542 621 1596 quam
652 1526 924 1588 Deminus,
953 1525 1039 1591 qui
1072 1539 1155 1577 rue
1189 1523 1346 1576 fecit?
1392 1525 1479 1592 qui
1507 1539 1593 1577 me
1622 1523 1846 1576 donavit

238 1622 373 1685 vita,
404 1617 558 1683 emit,
598 1616 846 1681 redemit,
893 1615 1018 1683 quia
1067 1616 1262 1678 Voluit;
1309 1625 1361 1667 et
1414 1615 1628 1683 quando
1677 1614 1845 1668 voluit.

243 1731 341 1784 pro
360 1730 458 1771 sua
493 1715 690 1782 pietate
718 1713 971 1781 suscepit.
1016 1714 1125 1767 Aut
1150 1710 1290 1780 quod
1321 1711 1486 1779 magis
1517 1710 1717 1763 doloris
1748 1725 1843 1764 ve-

239 1809 335 1860 Slt'i
390 1807 617 1875 potestis
663 1806 858 1858 habere
887 1804 1132 1858 solatium
1156 1845 1170 1867 ,
1200 1820 1357 1870 quam
1390 1803 1529 1871 quod
1576 1804 1829 1856 Dominus
1863 1810 1912 1870 Β
1945 1805 2259 1872 pervasioue
2308 1805 2581 1858 contentio

240 1910 429 1951 uoster
480 1898 693 1950 unicum
722 1896 916 1950 Filium
963 1911 1115 1948 suum
1163 1911 1256 1963 pro
1307 1895 1458 1949 nobis
1505 1903 1587 1948 est
1618 1895 1830 1948 tradere

240 1992 495 2060 dignatus
523 1989 588 2042 ad
632 1990 894 2042 mortem?
929 1990 990 2041 Et
1033 2004 1153 2041 cum
1182 1987 1347 2041 Filius
1394 1987 1481 2039 Dei
1534 1988 1827 2041 secundum

241 2096 459 2135 carnem
510 2082 645 2134 mori
677 2080 925 2145 voluerit,
962 2079 1121 2133 homo
1152 2091 1256 2132 tam
1287 2081 1478 2134 acerbe
1509 2080 1669 2133 debet
1698 2095 1827 2133 corr-

247 2172 511 2226 ditionem
567 2174 813 2225 humana:
863 2172 1022 2225 sortis
1076 2172 1365 2239 excipere?
1428 2172 1826 2237 Quamobrem,

243 2264 468 2332 piissimi
520 2275 768 2333 parentes
789 2303 803 2327 ,
842 2275 1013 2316 vestra
1060 2263 1233 2330 potius
1277 2271 1492 2330 peccata
1520 2262 1713 2317 deﬁete
1734 2308 1746 2327 ,
1777 2274 1827 2317 et

242 2358 304 2409 de
333 2358 711 2412 satisfactimre
756 2368 1051 2411 vestrorum
1095 2356 1375 2409 criminum
1405 2358 1667 2425 cogitate;
1703 2366 1759 2409 tit
1787 2358 1831 2410 si

240 2463 325 2503 me
354 2451 407 2502 in
458 2449 675 2502 Christo
715 2448 935 2517 diligitis
981 2448 1127 2525 (quia
1171 2463 1255 2501 me
1286 2463 1410 2502 vere
1456 2448 1695 2517 diligere.
1724 2464 1828 2502 non

241 2543 488 2612 potesais,
532 2541 638 2596 nisi
670 2542 723 2596 in
754 2542 979 2595 Domino
1026 2542 1279 2611 diligatis)
1323 2542 1377 2595 in
1407 2543 1578 2595 sinuin
1606 2543 1831 2610 patriar-

242 2637 355 2689 cha:
386 2636 578 2690 venire
605 2636 937 2698 meri-amini,
972 2635 1059 2688 ubi
1094 2634 1350 2690 Dominus
1384 2651 1479 2703 pro
1510 2635 1829 2689 iunci-entire

243 2741 373 2781 mese
419 2726 580 2798 [tote
602 2724 731 2795 suwl
762 2726 1021 2793 puritate,
1055 2735 1108 2779 et
1152 2741 1245 2794 pro
1274 2740 1366 2778 sua
1403 2725 1596 2794 pietate
1627 2727 1829 2779 consti-

242 2820 374 2883 tuit,
435 2821 558 2882 quia
608 2820 958 2871 misericUrdia
1003 2820 1118 2888 ejus
1178 2818 1358 2871 melior
1406 2829 1478 2871 est
1530 2834 1681 2889 super
1730 2824 1831 2871 vita

244 2909 422 2981 (Psal.
445 2926 575 2973 Lm,
610 2913 688 2979 4).
722 2910 787 2965 Ut
819 2910 1017 2963 ibidem
1048 2925 1150 2964 nou
1182 2910 1349 2975 falsis,
1384 2909 1478 2964 sed
1510 2910 1681 2974 veris;
1723 2924 1829 2963 non

246 3006 663 3071 temporalibus,
710 3005 801 3058 sed
835 3007 1050 3059 aiteruis
1092 3006 1299 3072 gaudiis
1331 3008 1529 3073 pariter
1559 3005 1831 3059 essultare

246 3098 533 3165 postimus.
563 3097 782 3151 Talibus
808 3106 1037 3166 oportet.
1069 3108 1126 3150 ut
1176 3113 1288 3159 vos,
1316 3098 1501 3165 optimi
1536 3099 1747 3162 fratres,
1777 3108 1831 3151 et

1952 512 2230 572 tribuitur,
2261 521 2315 564 et
2346 509 2601 574 habetur;
2624 509 2832 565 videtur
2858 507 3153 572 discedere,
3180 520 3280 562 nec
3302 504 3536 570 recedit;

1950 621 1976 658 a
2012 620 2098 659 me
2125 604 2391 673 dirigitur,
2439 618 2468 657 a
2504 613 2553 657 te
2578 604 2897 671 suscipitur;
2927 618 2956 657 a
2990 618 3075 657 me
3122 601 3395 668 scribitur,
3425 613 3455 655 a
3488 609 3541 656 te

1952 698 2175 768 legitur;
2211 710 2308 751 uec
2341 705 2516 749 tamen
2542 694 2813 759 dividitur,
2849 709 2969 749 cum
3004 694 3156 765 quasi
3179 692 3542 747 divisusinte-

1950 806 2044 859 ger
2076 791 2350 857 utriusque
2376 788 2540 843 corde
2569 795 2833 841 teneatur.
2860 787 2989 854 Quia
3019 787 3168 841 verbi
3195 799 3345 840 more
3371 784 3540 839 divini

1953 881 2211 945 traditur,
2256 889 2309 936 et
2340 897 2445 935 non
2496 867 2798 950 egreditur;
2839 878 3117 933 confertur
3164 876 3451 946 indigenti,
3486 885 3542 933 et

1952 990 2057 1028 non
2102 973 2341 1027 aufertur
2371 972 2607 1037 auctori;
2654 971 2964 1040 accipientis
2992 970 3221 1034 lucrum,
3267 969 3383 1022 sine
3422 968 3537 1022 dis-

1951 1070 2148 1139 pendio
2197 1068 2508 1139 largientis;
2556 1066 2732 1125 ditans
2788 1066 3001 1134 inopem
3095 1078 3192 1119 nec
3253 1070 3539 1117 attenuatis

1952 1175 2338 1229 i-ossessorem.

2574 1249 2790 1305 EPIST.
2821 1248 2907 1303 Vl.

1952 1344 2153 1396 Ποπιηο
2175 1360 2267 1396 suo
2295 1352 2342 1397 et
2366 1343 2609 1410 peculiari
2632 1344 2687 1395 in
2716 1341 2914 1396 Christo
2942 1341 3159 1395 Domino
3181 1352 3396 1412 patrono
3412 1344 3551 1400 Cra?

2245 1416 2396 1485 u0pio
2426 1415 2661 1484 episc0po
2686 1414 2923 1465 Ruricius
2954 1414 3237 1483 episcoiius.

2028 1526 2079 1578 In
2123 1525 2420 1579 ordinando
2447 1540 2608 1593 grege
2639 1525 2932 1591 dominico,
2966 1527 3047 1580 vel
3095 1527 3349 1597 regendo,
3397 1527 3533 1584 inter

1954 1620 2320 1688 speculatores
2347 1628 2507 1688 atque
2540 1619 2852 1687 prrepositos
2876 1634 2979 1673 non
3007 1622 3350 1688 prmsumptio
3375 1619 3532 1678 debet

1953 1725 2108 1777 c-se,
2157 1712 2249 1766 sed
2284 1714 2450 1776 ratio;
2493 1721 2545 1764 et
2579 1712 2645 1765 de
2677 1711 2916 1764 custodia
2965 1711 3297 1776 sollicitudo,
3333 1727 3438 1766 non
3466 1713 3531 1769 de

2634 1822 2645 1854 :
2696 1820 2762 1858 ne
2810 1806 3262 1860 mercenariorum
3308 1807 3534 1860 subeant

1938 1907 2153 1961 notam,
2209 1897 2332 1948 dum
2388 1905 2659 1963 pastorum
2701 1912 2805 1949 non
2842 1906 3023 1951 tenent
3068 1897 3431 1965 disciplinam;
3476 1906 3533 1952 et

1938 1989 2299 2052 inveniantur,
2324 1989 2461 2042 sicut
2482 1989 2774 2055 Apostolus
2802 1987 2952 2055 dicit,
2972 2005 3074 2043 non
3092 1990 3285 2044 Christi
3306 1990 3530 2059 gloriam

1934 2077 2207 2143 affectare,
2242 2082 2332 2133 sed
2381 2081 2646 2149 propriam
2675 2078 2723 2150 (Ι
2760 2078 2913 2133 Thes.
2948 2097 2981 2133 ιι
3004 2121 3019 2147 ,
3048 2080 3135 2150 6);
3169 2083 3292 2134 dum
3325 2080 3533 2135 malunt

1935 2172 2002 2223 ab
2053 2170 2355 2223 hominibus
2406 2172 2678 2240 percipere
2728 2170 2971 2235 laudem,
3012 2187 3169 2241 quam
3221 2187 3250 2224 a
3296 2171 3529 2226 Domino

1936 2270 2247 2329 exspectare
2289 2261 2624 2327 mercedem;
2672 2263 2952 2330 praesentis
2995 2263 3325 2330 appetitores
3368 2262 3524 2326 lucri,

1937 2364 1989 2407 et
2042 2355 2243 2418 prtemii
2285 2365 2685 2421 contemptores
2738 2356 2944 2408 aeterni.
2991 2354 3162 2419 Unde,
3209 2355 3346 2408 sicut
3384 2352 3525 2407 idem

1937 2445 2227 2512 Apostolus
2275 2446 2449 2514 (Rom.
2493 2445 2585 2513 xu)
2611 2446 2787 2512 docet,
2828 2448 2871 2501 si
2907 2445 3124 2516 paciﬁca
3147 2445 3211 2499 ad
3244 2460 3377 2513 opus
3402 2460 3525 2499 san-

1937 2546 2080 2588 cturu
2112 2539 2525 2606 congregatione
2573 2538 2900 2604 concordes,
2938 2537 2983 2591 si
3030 2537 3148 2591 sine
3188 2537 3526 2593 simulatione

1938 2630 2238 2699 diligentes,
2264 2631 2306 2683 si
2338 2647 2457 2683 cum
2486 2632 2845 2687 sollicitudine
2877 2633 3263 2700 ministrantes,
3300 2634 3345 2687 si
3367 2634 3525 2688 unius

1937 2720 2128 2786 capitis
2151 2722 2390 2775 membra
2423 2737 2631 2787 sumus,
2662 2724 2904 2793 corporis
2926 2725 3245 2779 unanimiter
3267 2724 3524 2780 debemus

1936 2827 2057 2866 esse
2090 2823 2349 2867 rectores.
2395 2812 2735 2881 Quia'caula:
2783 2818 2960 2886 gregis
3007 2819 3261 2873 dominici
3298 2826 3525 2888 possunt

1934 2919 2055 2958 esse
2078 2906 2463 2961 numerositate
2489 2910 2690 2974 multa),
2718 2926 2823 2965 non
2844 2911 2965 2964 ﬁdei
2990 2912 3247 2966 varietate
3268 2912 3516 2967 diversar.

1935 2994 2034 3058 Ut,
2078 2997 2215 3049 sicut
2262 2998 2376 3065 ipse
2424 2998 2681 3052 Dominus
2722 3002 3083 3069 praznuutiare
3125 3002 3370 3072 dignatus
3404 3011 3518 3068 est,

1937 3100 2043 3141 nou
2075 3088 2227 3142 nobis
2259 3104 2353 3157 per
2383 3090 2635 3144 invidiam
2669 3092 3071 3155 dissidentibus,
3102 3104 3155 3148 et
3186 3110 3282 3163 per
3307 3094 3517 3149 dissen-

247 3190 326 3242 his
352 3190 621 3244 similibus
670 3194 947 3258 praeceptis
990 3204 1053 3244 ac
1100 3188 1500 3261 [sponsionibus]
1543 3190 1829 3258 Spousibus

1937 3179 2141 3234 siouern
2172 3196 2385 3249 gregem
2427 3182 2754 3238 dominicum
2801 3184 3198 3252 dividentibus,
3240 3186 3517 3256 multiplex

242 3281 529 3337 dominicis
573 3283 939 3336 consolemur.
992 3284 1120 3347 Quia
1168 3282 1306 3336 sicut
1351 3283 1488 3350 apud
1542 3282 1824 3336 Dominum

244 3372 417 3427 futura
444 3374 557 3442 jam
587 3375 722 3427 facta
749 3384 894 3439 sunt,
927 3376 991 3427 ita
1026 3374 1199 3427 fidelis
1231 3373 1525 3428 catholicus
1565 3375 1828 3444 promissa

244 3464 506 3527 erelestia,
538 3480 661 3534 qua:
693 3476 935 3534 tempore
968 3481 1065 3519 suo
1091 3465 1355 3534 implenda
1395 3467 1636 3533 conlidit,
1670 3467 1827 3521 debet

246 3558 400 3611 etiam
443 3558 845 3625 quodaminodo
866 3557 1063 3612 habere
1086 3558 1386 3627 praesentia,
1419 3574 1513 3628 spe
1535 3560 1826 3628 praecipere

246 3649 521 3717 possidere
571 3648 707 3715 ﬁde,
759 3650 1009 3718 operibus
1040 3650 1302 3705 obtinere.
1349 3651 1470 3705 llaec
1523 3654 1664 3705 enim
1704 3661 1827 3705 sunt

244 3756 354 3807 qua:
382 3742 540 3795 nobis
568 3741 829 3795 exhibent
877 3744 929 3795 in
960 3744 1280 3797 maeroribus
1308 3744 1581 3809 solatium,
1608 3744 1659 3796 iu
1692 3760 1819 3798 con-

244 3836 417 3887 trariis
456 3834 736 3897 ﬁduciam,
782 3837 830 3887 in
865 3837 1130 3904 prmperis
1156 3837 1610 3899 moderationem;
1646 3854 1712 3891 ue
1735 3848 1826 3891 aut

246 3925 567 3979 extollantur
609 3924 892 3990 secundis,
920 3937 1010 3979 aut
1038 3927 1291 3980 cedamus
1323 3928 1584 3993 adversis,
1610 3937 1699 3980 aut
1731 3928 1824 3981 tri-

244 4018 408 4072 stibus
451 4033 853 4073 consumamur.
906 4018 1030 4073 Htec
1083 4035 1245 4089 ergo,
1301 4020 1489 4074 fratres
1523 4022 1822 4087 carissimi,

245 4112 649 4168 transmittenda
684 4114 832 4167 vobis
858 4113 923 4167 ad
951 4130 1288 4167 communem
1313 4114 1599 4182 quamdam
1627 4129 1826 4169 conso-

246 4204 525 4270 lationem,
560 4221 665 4258 non
694 4207 811 4261 sine
841 4220 1031 4271 magno
1059 4207 1221 4261 animi
1252 4207 1436 4261 dolore
1465 4208 1685 4264 dictavi.
1719 4207 1827 4263 Nec

246 4313 325 4352 me
354 4298 518 4367 paulo
544 4298 704 4351 latius
732 4299 1046 4366 protrahere
1072 4313 1374 4353 sermonem
1408 4300 1678 4354 afﬂuentia
1706 4316 1828 4355 ver-

245 4391 424 4445 borum
452 4391 734 4458 compulit,
758 4389 851 4444 sed
872 4392 1342 4445 testusanimorum
1366 4410 1381 4459 ;
1401 4402 1458 4447 ut
1474 4394 1822 4462 desiderium,

244 4486 376 4553 quod
427 4483 737 4540 recordatio
785 4484 1124 4551 accenderat,
1158 4488 1596 4542 commemoratio
1622 4488 1824 4542 diutina

243 4578 422 4631 crebra
479 4577 707 4643 leniret;
733 4586 787 4631 et
814 4576 866 4631 in
899 4577 999 4631 hoc.
1026 4578 1186 4632 etiam
1234 4593 1415 4648 parem
1443 4581 1667 4648 gratiam
1697 4597 1821 4651 erga
1848 4563 1903 4624 Ῑ)

242 4685 581 4725 communem
610 4670 774 4726 ﬁliam
802 4672 1244 4740 comprobemus,
1284 4683 1337 4727 et
1375 4674 1515 4727 sicut
1564 4690 1660 4730 nos
1707 4676 1823 4745 ejus

242 4762 339 4815 vita
366 4763 712 4831 devinxerat,
739 4765 809 4819 ita
833 4763 952 4834 ejus
974 4767 1301 4821 memoriain
1327 4768 1513 4823 eadem
1540 4769 1824 4825 dilectione

243 4855 526 4910 custodiat.

876 4968 1085 5027 EPIST.
1125 4973 1184 5027 ν.

247 5061 443 5116 Damno
466 5062 672 5117 sublimi
693 5072 742 5117 et
761 5064 819 5137 i_n_
830 5062 1030 5118 Christo
1049 5064 1650 5137 pontinodwindisﬁnto
1674 5069 1823 5137 fratri

766 5134 1019 5189 Namact’o
1044 5136 1306 5192 Ruricius.

309 5227 409 5292 Qui
451 5227 793 5282 occasionem
840 5228 1109 5283 scribendi
1143 5244 1237 5298 pro
1268 5230 1676 5286 necessitudinis
1701 5230 1825 5302 jure

244 5320 602 5389 perquirimus
641 5319 874 5374 oblatam
899 5364 913 5388 ,
951 5323 1359 5391 prmtermittere
1383 5339 1489 5379 non
1517 5323 1780 5381 debemus
1804 5344 1819 5393 ;

244 5419 297 5465 ut
358 5414 551 5467 reddat
598 5411 754 5467 nobis
809 5414 1096 5483 quamdam
1158 5417 1455 5484 praesentia)
1518 5419 1819 5487 portionem

259 5608 284 5637 .
313 5570 540 5639 {Locus
570 5583 875 5639 corruptus.

313 5637 342 5679 δ
372 5643 435 5696 In
459 5643 681 5715 castello
714 5637 1081 5703 Rutbenon
1115 5648 1383 5703 montibus
1416 5648 1594 5703 cincto
1622 5649 1815 5715 altare,

248 5712 353 5788 imo
377 5712 665 5788 ecclesiam
688 5724 1079 5785 construxerat,
1106 5734 1170 5774 eo
1193 5727 1433 5788 tempore
1459 5736 1558 5788 quo
1573 5722 1656 5773 uia:
1684 5712 1818 5776 alius

249 5784 472 5839 audebat
494 5793 713 5841 vetustas
737 5788 958 5854 sarcire;
984 5790 1048 5845 ad
1066 5784 1189 5846 eam
1222 5784 1637 5848 consecrandam
1665 5790 1820 5847 Sido-

1934 3283 2032 3337 per
2060 3285 2157 3323 nos
2201 3271 2431 3325 schisma
2465 3274 2736 3341 procedat,
2769 3275 2862 3329 sed
2913 3276 3081 3345 magis
3125 3291 3220 3345 per
3260 3277 3517 3331 unitatem

1935 3362 2192 3417 doctrinae
2237 3364 2510 3434 simplices
2547 3381 2674 3421 oves
2713 3368 3011 3424 dominicas
3046 3371 3516 3440 congregantibus,

1934 3452 2025 3507 ﬁat
2055 3455 2105 3507 in
2137 3455 2294 3509 nobis
2324 3472 2459 3510 unus
2482 3474 2631 3527 grex,
2663 3469 2715 3513 et
2743 3476 2878 3514 unus
2898 3473 3079 3530 pastor
3102 3461 3281 3531 (Joan.
3314 3480 3367 3526 x,
3404 3463 3516 3534 16),

1932 3547 2021 3616 qui
2070 3550 2209 3601 sicut
2237 3559 2318 3603 est
2345 3566 2437 3603 rex
2479 3566 2661 3620 regum
2685 3596 2698 3620 ,
2730 3563 2781 3605 et
2813 3553 3069 3608 Dominus
3103 3554 3516 3626 dominantium,

1932 3644 2183 3695 sacerdos
2205 3644 2565 3709 sacerdotum,
2599 3655 2652 3699 et
2693 3646 2929 3715 pontifex
2961 3650 3303 3717 pontiﬁcum;
3337 3651 3408 3704 ita
3435 3652 3518 3704 in-

1933 3732 2203 3801 telligatur
2232 3742 2285 3787 et
2317 3745 2493 3803 pastor
2521 3751 2642 3791 esse
2670 3747 2967 3806 pastorum.
3001 3740 3358 3807 Quamobrem
3399 3751 3515 3795 stu-

1931 3826 2021 3878 dio
2065 3828 2334 3894 caritatis,
2366 3845 2471 3883 non
2500 3832 2826 3900 cupiditatis,
2862 3833 3020 3904 [forte
3044 3851 3160 3887 eum
3201 3833 3302 3905 his]
3334 3836 3427 3889 has
3449 3836 3515 3891 ad

1931 3920 2267 3973 sanctitatem
2299 3932 2527 3975 vestram
2558 3924 2931 3995 presbyterum
2971 3941 3145 3979 meum
3174 3942 3267 3995 pro
3296 3927 3514 3982 dimcesi

1931 4008 2330 4076 Gerniliacensi,
2356 4010 2497 4065 unde
2515 4011 2835 4081 jampridem
2862 4014 3012 4067 vobis
3052 4016 3396 4084 scripseram,
3422 4017 3514 4071 de-

1930 4104 2233 4169 stinavi;ne
2260 4106 2301 4158 si
2330 4108 2610 4163 tacu’ssem
2644 4108 2975 4176 negligentia:
3007 4108 3371 4179 deputaretur,
3405 4127 3514 4166 non

1931 4198 2255 4253 concordiae.
2286 4200 2497 4254 Rationi
2530 4210 2556 4238 α
2583 4202 2959 4257 irrationabilis
2982 4204 3130 4258 vides
3149 4220 3191 4259 c.
3214 4206 3377 4261 ssisse
3407 4221 3511 4260 non

1926 4293 2109 4363 pauci,
2140 4301 2196 4347 ut
2238 4294 2282 4347 si
2316 4294 2605 4363 agnoscitis
2636 4310 2760 4348 vera
2785 4310 2909 4349 esse
2934 4311 3051 4363 quae
3082 4296 3222 4363 dico,
3257 4307 3346 4350 aut
3369 4296 3511 4366 justa

1930 4398 2051 4452 qua:
2076 4370 2293 4453 repeto;
2315 4399 2409 4437 nec
2434 4401 2519 4440 me
2547 4385 2791 4454 iniuriam
2815 4386 3032 4453 diutius,
3068 4404 3167 4443 nec
3191 4403 3282 4441 VUS
3307 4389 3512 4459 inquie-

1930 4474 2169 4529 tudinem
2200 4474 2398 4529 diutius
2427 4476 2693 4531 sustinere
2726 4478 3017 4547 patiamini.

2545 4613 2756 4669 EPIST.
2794 4615 2902 4670 VII.

1933 4701 2138 4756 Damno
2159 4704 2365 4756 sublimi
2388 4720 2689 4776 semperque
2713 4707 2985 4776 magniﬁco
3001 4707 3148 4774 fratri
3166 4706 3332 4775 Elaﬁo
3354 4706 3509 4762 Rurin

2486 4776 2594 4828 cius
2627 4774 2651 4812 ι)
2678 4774 2963 4845 episcopus.

2004 4866 2076 4919 Ita
2110 4865 2337 4935 propitio
2371 4866 2477 4920 Deo
2508 4881 2729 4935 operum
2764 4876 2979 4921 tuorum
3010 4867 3145 4922 fama
3185 4870 3506 4937 percrebuit,

1934 4966 1989 5010 ut
2012 4972 2202 5011 omnes
2232 4958 2281 5011 in
2316 4958 2588 5011 laboribus
2614 4959 2884 5013 constituti
2913 4960 3274 5015 commendari
3304 4977 3362 5016 se
3388 4977 3507 5032 ger-

1937 5049 2178 5103 manitati
2228 5060 2419 5102 vestra:
2448 5049 2591 5103 omni
2632 5065 2844 5119 precum
2879 5052 3167 5106 ambitione
3198 5049 3510 5121 depdscant.

1934 5142 2067 5209 Quia
2092 5142 2448 5211 fatigationem
2469 5158 2619 5196 suam
2640 5144 2777 5211 apud
2800 5159 2894 5198 vos
2915 5144 3158 5200 effectum
3184 5144 3380 5202 habere
3402 5164 3510 5203 non

1934 5235 2200 5290 dubitant.
2232 5235 2384 5291 Unde
2407 5236 2563 5289 etiam
2598 5238 2819 5305 portitor
2848 5238 3058 5305 harum,
3090 5234 3511 5309 nomine’Ulﬁla,

1932 5342 2090 5397 quem
2114 5326 2240 5382 mihi
2274 5337 2297 5366 ο
2331 5326 2633 5381 Fraretrius
2678 5328 2958 5400 presbyter
2994 5331 3107 5387 suis
3140 5331 3333 5389 litteris
3358 5349 3510 5390 com-

1934 5422 2230 5489 mendavit,
2262 5420 2328 5475 ad
2355 5434 2449 5474 vos
2478 5420 2937 5476 commendatitias
2969 5423 3277 5493 postulavit,
3312 5440 3450 5496 quas
3477 5443 3507 5480 e

1930 5578 2077 5652 nium
2107 5580 2367 5648 invitavit,
2401 5591 2459 5637 ut
2488 5590 2635 5651 patet
2657 5598 2723 5637 ex
2744 5582 2859 5651 ejus
2877 5597 2966 5652 ep.
2994 5583 3078 5647 15,
3111 5583 3149 5637 l.
3181 5598 3254 5648 av,
3275 5582 3365 5640 alii
3385 5594 3507 5645 eum

1930 5651 2429 5778 Erip‘tliztinkmmale,
2462 5654 2516 5709 ni
2542 5652 2717 5722 fallor,
2751 5651 3044 5723 appellant.
3073 5653 3233 5710 Buri.

2291 5739 2343 5778 se
2366 5740 2490 5781 rius.
