4080 6350
547 364 616 421 87
1876 357 2129 415 Βυιιιειι
2171 359 2480 416 EI’ISCOPI
3735 357 3802 412 88

545 487 598 532 et
628 492 725 548 pro
747 478 986 548 jussione
1010 477 1208 542 divina,
1233 483 1285 529 et
1305 473 1654 543 projussione
1677 482 1858 527 mutua
1887 474 2114 528 libenter
2139 485 2189 543 Α
2219 475 2340 544 quia
2368 473 2595 529 eruditio
2621 481 2798 529 nostra
2830 484 3036 526 merces
3065 479 3237 525 vestra
3280 479 3392 535 est;
3423 467 3446 505 ἀ
3478 479 3529 522 et
3571 478 3804 538 tempora

545 571 759 626 indulsi.
805 571 1005 638 Quibus
1033 569 1324 624 individuaa
1356 568 1565 623 caritati
1598 577 1793 622 vestrae
1829 567 1978 622 salve
2007 568 2124 636 plu-

545 662 739 716 rimum
785 661 934 726 dico,
975 671 1029 716 et
1065 660 1340 730 prmfatum
1379 675 1478 730 pro
1515 659 1798 714 atl'ectione
1837 674 2123 729 germana,

546 772 653 810 non
698 770 793 824 pro
848 755 1135 824 pontiﬁcali
1189 755 1505 808 auctoritate
1561 753 1941 807 commendare
1988 767 2125 822 pra:-

545 849 768 917 sumpsi.
802 848 934 912 Quia
980 849 1034 902 in
1075 856 1356 914 peccatore
1387 847 1585 900 atnittit
1625 845 1857 914 dignitas
1897 843 2120 913 dignita-

546 951 680 1002 teni;
714 938 797 991 cui
831 939 1001 992 honor
1042 937 1307 993 indebitus
1333 937 1483 992 oneri
1523 946 1611 993 est
1639 937 1813 1005 potius
1841 951 2000 1006 quam
2030 935 2125 989 ho-

545 1033 680 1085 nori.
715 1033 864 1098 Quod
895 1032 1018 1089 licet
1050 1032 1198 1085 vobis
1227 1032 1436 1101 placere
1468 1047 1563 1100 pro
1589 1039 1766 1084 nostra
1789 1028 2126 1084 devinctione

544 1125 827 1186 conﬁdam,
853 1133 1027 1178 tamen
1057 1123 1102 1177 si
1125 1124 1245 1189 quid
1275 1123 1429 1176 nobis
1451 1124 1562 1177 veri
1594 1122 1682 1176 vel
1717 1121 1895 1176 vicarii
1925 1120 2126 1174 amoris

547 1216 876 1283 impenditis,
907 1230 1064 1282 spero
1089 1213 1418 1268 condoleatis
1446 1214 1618 1282 potius
1641 1227 1796 1281 quam
1821 1209 2122 1280 gaudeatis.

544 1307 677 1372 Quia
727 1307 996 1376 indignum
1025 1322 1142 1369 me,
1171 1315 1224 1360 et
1267 1306 1476 1374 penitus
1520 1321 1626 1360 non
1671 1314 1966 1358 merentem
2021 1317 2124 1355 non

547 1402 744 1456 attollit
771 1415 857 1453 res
885 1408 1049 1464 tanta,
1075 1398 1166 1452 sed
1199 1397 1471 1462 deprimit.

1147 1555 1358 1610 EPIST.
1390 1555 1524 1610 VIII.

555 1670 771 1740 Domino
811 1677 988 1723 sancto
1022 1681 1069 1724 et
1123 1649 1401 1740 apostolico
1442 1679 1486 1721 et
1528 1667 1653 1720 mihi
1692 1683 1798 1740 prie
1842 1664 2129 1740 cwteris‘iu

621 1739 820 1794 Christo
867 1741 1082 1792 Domino
1127 1740 1269 1791 cultu
1313 1739 1593 1806 all'ectuque
1622 1739 1926 1805 peculiarius
1971 1750 2127 1789 exco-

619 1813 770 1864 lendo
789 1853 803 1874 ,
841 1821 1056 1877 patrono
1077 1819 1122 1864 et
1141 1825 1290 1879 papa:
1328 1811 1485 1863 Aenio
1516 1820 1542 1846 ει
1573 1808 1814 1862 Ruricius
1835 1809 2124 1875 episcopus.

622 1945 986 2013 Quotiensque
1039 1943 1199 2013 [forte
1225 1940 1645 2012 quotiescunque]
1681 1941 1986 2010 quicunque
2010 1952 2134 1991 san-

551 2048 666 2093 ctos
701 2050 787 2092 aut
829 2038 1156 2106 apostolicos
1186 2036 1331 2090 viros
1359 2051 1492 2105 quos
1535 2033 1914 2088 misericordia:
1943 2044 2128 2098 opera,

551 2145 772 2200 operum
827 2129 1015 2183 merita
1037 2172 1050 2196 ,
1086 2127 1397 2181 meritorum
1431 2127 1538 2179 vita
1581 2121 1938 2190 commendat,
1972 2131 2133 2190 atque

551 2222 790 2273 omnium
816 2221 1068 2274 virtutum
1092 2219 1228 2272 fama
1252 2219 1586 2280 disseminat,
1604 2231 1964 2270 mrumnarum
1993 2213 2132 2268 mole

552 2296 1080 2381 depressi.coguntur
1108 2321 1383 2380 expetere,
1411 2310 1537 2365 dum
1562 2311 1854 2364 litterarum
1884 2317 2133 2378 qumrunt

551 2401 721 2455 labori
770 2417 902 2466 suo,
948 2402 1264 2456 beneficium
1301 2402 1580 2457 conferunt
1619 2399 1890 2455 desiderio
1923 2410 2128 2454 nostro.

555 2492 616 2545 Et
643 2506 763 2546 cum
789 2494 856 2544 sit
885 2492 1096 2546 illorum
1131 2494 1280 2546 labor
1310 2501 1490 2546 noster
1521 2491 1706 2557 dolor,
1741 2492 1795 2543 ﬁt
1826 2499 2001 2544 tamen
2036 2506 2132 2559 per

551 2583 710 2636 ofﬁcii
764 2583 1106 2638 collationem
1163 2599 1348 2638 eorum
1398 2585 1691 2636 necessitas
1737 2581 2131 2650 quodammodo

547 2677 742 2729 caritas
769 2685 973 2745 nostra,
1021 2691 1121 2745 qua
1153 2676 1277 2729 dum
1307 2677 1543 2746 ipsorum
1574 2674 1960 2744 acquiescimus
1991 2674 2135 2745 peti-

552 2770 706 2834 tioni,
733 2779 929 2824 nostra:
957 2768 1313 2824 satisfacimus
1343 2769 1623 2834 voluntati,
1657 2777 1711 2822 et
1737 2771 1806 2821 ita
1839 2767 1898 2821 ﬁt
1927 2775 1982 2821 ut
2008 2783 2133 2838 cge-

549 2874 660 2918 stas
711 2864 940 2932 petentis
979 2865 1047 2918 sit
1096 2863 1372 2933 Iargientis
1403 2863 1622 2916 utilitas.
1658 2862 1830 2917 Fratri
1873 2864 2049 2932 itaque
2077 2875 2131 2918 et

546 2956 986 3026 compreshytero
1035 2965 1250 3022 nostro,
1293 2955 1594 3011 Poss-cssori
1641 2956 1895 3022 nomine,
1945 2953 1973 2993 ι’
2024 2972 2130 3026 quo

546 3049 666 3118 pius
691 3053 1028 3118 est,|:otius,
1079 3067 1236 3120 quam
1285 3051 1561 3116 facultate;
1611 3053 1731 3121 quia
1774 3049 1915 3120 quod
1945 3049 2132 3105 habuit

545 3157 644 3213 pro
671 3143 847 3197 fratris
873 3144 1244 3213 redemptione
1269 3145 1520 3212 profudit,
1547 3144 1715 3198 factus
1746 3151 1830 3198 est
1852 3157 2130 3212 possessor

547 3235 814 3301 paradisi,
847 3234 971 3289 dum
1021 3236 1362 3304 proprietatis
1387 3236 1571 3290 Sicculi
1615 3236 1811 3289 desinit
1845 3249 1965 3290 esse
2005 3248 2131 3304 pos-
2157 3257 2206 3320 ρ

546 3340 744 3380 sessor.
773 3327 853 3380 Ad
877 3327 1229 3395 apostolatum
1253 3337 1488 3381 vestrum
1533 3325 1996 3380 commendatitias
2028 3340 2126 3393 po-

545 3417 763 3470 stulanti
803 3418 1032 3472 libenter
1077 3418 1290 3472 indulsi.
1339 3418 1504 3487 Cujus
1551 3418 1924 3472 necessitatem
1965 3419 2010 3470 si
2045 3417 2128 3471 di-

545 3515 736 3576 gnatur
766 3508 974 3578 plenius
995 3512 1250 3564 sanctitas
1276 3518 1452 3564 vestra
1477 3523 1820 3579 cognoscere,
1845 3509 2126 3578 epistolam

546 3615 706 3668 quam
737 3601 802 3654 ad
836 3601 1184 3656 humilitati-in
1213 3618 1386 3658 meam
1418 3603 1583 3658 frater
1612 3615 1794 3659 noster
1844 3604 2128 3660 Eumerius

546 3690 828 3760 episcopus
857 3707 955 3761 per
983 3693 1153 3762 ipsum
1188 3693 1403 3760 direxit,
1433 3693 1564 3748 tanti
1587 3693 1776 3750 habeat
1809 3710 2124 3762 recensere;

546 3790 601 3834 et
630 3782 772 3836 illico
798 3792 1052 3852 agnoscet
1087 3785 1312 3854 qualiter
1338 3785 1437 3854 ipsi
1478 3785 1669 3840 debeat
1697 3795 1750 3842 et
1779 3802 1874 3856 pro
1900 3800 2129 3842 consue-

547 3874 730 3931 tudine
775 3877 1088 3946 consulere,
1136 3888 1190 3934 et
1219 3894 1316 3949 pro
1345 3879 1568 3934 caritate
1598 3890 1782 3934 mutua
1813 3880 2122 3938 condolere.

546 3966 646 4033 Qui
680 3977 736 4022 nt
766 3970 980 4025 fratrem
1007 3971 1074 4026 ab
1097 3971 1341 4026 hostibus
1369 3970 1619 4027 redderet
1651 3971 1899 4040 liberum,
1928 3987 1987 4027 se
2007 3989 2128 4028 cre-

545 4059 777 4115 ditorum
800 4063 984 4117 maluit
1013 4077 1132 4119 esse
1161 4066 1451 4135 captivum,
1475 4074 1529 4122 et
1556 4076 1610 4120 ut
1641 4064 1731 4123 ille
1752 4067 2126 4124 crudelissima

545 4162 717 4205 morte
745 4168 850 4207 non
897 4154 1197 4222 privaretur
1225 4155 1352 4221 vita,
1384 4159 1496 4225 ipse
1522 4160 1754 4214 extorris
1787 4167 1868 4214 est
1897 4160 2065 4216 factus
2094 4176 2127 4216 e

547 4247 738 4312 patria.

550 4396 562 4410 ί
620 4334 799 4388 Sancti
838 4337 1064 4404 apostoli
1097 4337 1243 4391 Pauli
1284 4340 1603 4393 sententiam
1635 4350 1658 4378 ο
1697 4342 2080 4396 constituentes
2106 4386 2122 4409 ,

550 4439 648 4490 qua
680 4421 933 4477 Romanis
983 4425 1221 4480 scribens
1250 4427 1322 4480 ait
1351 4445 1365 4480 :
1422 4427 1560 4482 Nolo
1609 4445 1695 4482 vos
1725 4430 1982 4499 ignorare,
2018 4435 2128 4502 fra-

551 4527 668 4578 tres,
701 4517 818 4584 quia
845 4531 977 4584 sirpe
1008 4519 1250 4586 praposui
1280 4520 1447 4572 venire
1493 4520 1562 4574 ad
1589 4536 1693 4585 ros,
1725 4522 1815 4574 sed
1841 4521 2126 4590 prohibitus

2228 568 2444 623 collatio
2474 566 2723 621 desiderii
2753 566 2934 631 vestri,
2966 566 3126 620 vestri
3157 574 3235 620 est
3256 563 3520 619 sermonis
3567 561 3802 617 affectus.

2229 659 2307 712 Ita
2335 658 2476 713 enim
2508 658 2693 726 paucis
2721 657 2930 721 diebus,
2969 672 3101 725 quos
3131 656 3260 711 mihi
3292 671 3418 711 vere
3445 664 3498 709 et
3537 669 3729 723 paucos
3756 665 3808 709 et

2229 751 2576 806 brevissimos
2599 760 2774 804 vester
2804 748 2930 803 fecit
2949 747 3189 816 affectus,
3216 749 3341 803 dum
3367 746 3810 814 contemplatione

2230 851 2408 897 vestra
2439 857 2543 895 non
2571 842 2743 896 solum
2777 839 2958 895 satiari
2990 850 3173 894 noster
3203 841 3408 910 nequit,
3440 854 3623 894 verum
3651 836 3808 893 etiam

2229 931 2458 988 videndo
2490 933 2654 1001 magis
2685 931 2986 987 exardescit
3015 932 3237 985 intuitus
3263 947 3276 995 ;
3302 945 3422 983 eum
3457 944 3554 984 nos
3587 937 3641 982 et
3673 928 3809 982 desi-

2230 1026 2538 1082 deraremus
2570 1035 2878 1095 prmsentcs,
2910 1035 2964 1080 et
3006 1025 3070 1079 ad
3103 1025 3202 1079 hoc
3225 1039 3403 1079 coram
3431 1025 3632 1094 positos
3667 1039 3810 1093 quzc-

2231 1135 2469 1174 reremus
2495 1136 2508 1183 ;
2534 1133 2720 1172 sensus
2750 1127 2960 1172 nostros
2989 1117 3134 1173 fonte
3167 1117 3453 1186 purissimo
3484 1117 3694 1186 benigni
3723 1131 3811 1184 pc-

2231 1213 2396 1265 ctoris
2425 1211 2700 1279 irrigastis,
2729 1219 2785 1262 ut
2808 1208 3103 1279 quamlibet
3127 1208 3269 1262 nulla
3288 1207 3482 1262 deinde
3512 1207 3682 1263 sancti
3707 1208 3812 1261 oris

2232 1317 2450 1357 munera
2484 1303 2716 1370 pretiosa
2743 1302 3097 1370 percipi-rem,
3133 1301 3471 1369 prmsentiam
3516 1308 3690 1353 tamen
3724 1315 3812 1354 vc-

2232 1404 2398 1447 stram
2432 1392 2568 1446 intra
2613 1393 2804 1445 mentis
2847 1407 2979 1445 meae
3031 1405 3227 1444 arcana
3262 1390 3586 1460 possideam,
3618 1399 3672 1444 et
3702 1389 3812 1444 efﬁ-

2231 1487 2369 1557 giem
2410 1495 2639 1542 vestram
2679 1486 2729 1538 in
2771 1485 2986 1554 speculo
3035 1485 3137 1539 mei
3171 1485 3349 1540 cordis
3386 1485 3627 1549 intuear,
3657 1500 3811 1554 quam

2233 1578 2324 1632 illa
2356 1588 2440 1631 tua
2472 1578 2665 1631 caritas
2707 1577 2942 1646 perfecta
2991 1577 3250 1645 depinxit,
3307 1586 3363 1632 ut
3403 1578 3597 1632 nullius
3645 1577 3813 1632 :etatis

2233 1671 2504 1726 oblivione
2557 1671 2724 1739 possit
2769 1671 2970 1735 deleri;
3002 1670 3122 1740 quia
3152 1670 3261 1740 jugi
3291 1671 3660 1726 recordatione
3707 1686 3814 1726 mo-

2234 1765 2427 1818 mentis
2471 1763 2694 1832 singulis
2739 1763 3041 1817 innovatur.
3098 1763 3212 1817 Illic
3255 1764 3397 1817 enim
3445 1763 3724 1817 vobiscum
3753 1779 3815 1818 cx

2163 1877 2212 1937 Β
2240 1855 2624 1909 consuetudine
2651 1853 2857 1922 pietatis
2887 1864 3078 1908 vestrae
3103 1854 3362 1909 secretius
3386 1855 3685 1925 colloqnor.
3710 1855 3817 1910 Illic

2237 1945 2396 2001 etiam
2417 1945 2483 2000 de
2513 1946 2630 1999 vita:
2662 1945 2897 2002 melioris
2917 1945 3253 2000 institutione
3277 1955 3562 2013 pertracto.
3587 1945 3702 2001 Illic
3724 1961 3816 2001 vos

2237 2039 2392 2093 labiis
2439 2036 2630 2091 mentis
2672 2038 2976 2106 exosculor,
3023 2046 3076 2093 et
3111 2038 3354 2092 manibus
3398 2038 3576 2092 cordis
3616 2039 3816 2107 ample-

2234 2137 2372 2184 ctor.
2402 2128 2519 2194 Quo
2543 2127 2618 2194 ﬁt,
2648 2137 2706 2182 ut
2725 2142 2852 2182 vera
2883 2127 3119 2195 dilectio,
3145 2143 3266 2197 qua:
3287 2128 3340 2182 in
3369 2127 3665 2183 visceribus
3687 2130 3817 2184 meis

2234 2220 2353 2274 viva
2383 2219 2558 2274 vultus
2590 2219 2752 2273 vestri
2781 2219 3097 2289 ﬁguratione
3121 2219 3351 2273 nutritur
3375 2229 3430 2275 et
3462 2219 3703 2290 igniculo
3733 2234 3816 2274 ca-

2233 2312 2408 2367 ritatis
2437 2311 2767 2381 accenditur,
2799 2311 2996 2366 amoris
3021 2310 3190 2366 vestri
3220 2310 3640 2367 vicissitudinem
3692 2311 3816 2368 mihi

2236 2405 2597 2475 repromittat,
2629 2412 2684 2459 et
2715 2405 2926 2459 animus
2961 2419 3113 2460 meus
3142 2403 3270 2458 mihi
3299 2404 3461 2458 animi
3488 2405 3654 2459 vestri
3687 2404 3816 2458 ﬁde—

2231 2495 2410 2565 jussor
2437 2496 2681 2561 assistat;
2718 2495 2842 2548 dum
2875 2503 3130 2564 quantum
3160 2494 3290 2548 mihi
3333 2493 3401 2549 de
3429 2493 3581 2549 vobis
3609 2509 3816 2564 praesu-

2236 2604 2385 2644 mere
2413 2588 2671 2652 debeam,
2720 2586 2993 2642 conscium
3039 2596 3236 2642 mutuae
3286 2585 3591 2641 dilectionis
3627 2598 3818 2657 pectus

2235 2681 2526 2750 interrogo.
2561 2677 2711 2733 Unde
2740 2679 3010 2735 scribendi
3031 2679 3158 2733 mihi
3192 2678 3335 2734 aditu
3357 2678 3696 2734 orationibus
3725 2696 3815 2735 ve-

2236 2773 2361 2827 stris
2383 2771 2596 2826 tandem
2640 2771 2925 2841 aliquando
2973 2779 3235 2838 reserato,
3268 2770 3406 2826 hanc
3439 2772 3815 2828 salutationem

2235 2861 2443 2926 defero,
2475 2870 2529 2916 et
2557 2863 2998 2918 intercessionem
3035 2873 3377 2933 peccatorum
3410 2865 3647 2933 requiro.
3687 2863 3815 2918 Illud
3907 2853 3914 2857 ’

2235 2952 2452 3021 speciali
2477 2967 2636 3023 prece
2659 2953 2976 3022 deposcens,
3001 2961 3059 3006 ut
3085 2952 3508 3008 misericordiam
3529 2953 3621 3008 Dei
3648 2955 3816 3008 nostri

2235 3044 2465 3100 assiduis
2497 3045 2844 3113 petitionibus
2876 3043 3124 3115 ﬁagitetis
3151 3045 3399 3102 omnibus
3429 3046 3636 3102 delictis
3663 3048 3818 3114 meis,

2235 3147 2394 3206 atque
2420 3137 2691 3204 omnibus,
2723 3137 3109 3205 opitulantibus
3153 3137 3307 3193 vobis
3348 3137 3816 3195 consuetudinaria

2235 3228 2519 3284 clementia
2551 3239 2603 3282 et
2631 3231 2845 3298 copiosa
2893 3227 3166 3293 bonitate,
3197 3228 3426 3296 delictis,
3469 3228 3570 3284 etsi
3611 3245 3722 3284 non
3751 3228 3817 3284 ad

2236 3322 2377 3377 idem
2408 3323 2710 3391 prmmium,
2734 3321 2922 3376 saltem
2950 3321 3016 3376 ad
3038 3321 3285 3376 eumdem
3308 3333 3408 3375 nos
3433 3329 3645 3390 portum
3671 3321 3818 3392 quic-

2233 3415 2299 3469 tis
2326 3413 2512 3482 jnbeat
2545 3413 2858 3482 pervenire;
2887 3422 2946 3468 ut
2985 3422 3248 3484 quatenus
3287 3413 3372 3467 hic
3402 3420 3620 3482 propter
3643 3412 3817 3482 Spatia

2232 3503 2510 3574 interiecta
2541 3517 2805 3560 terrarum
2837 3505 3007 3560 oculis
3033 3506 3275 3575 corporis
3294 3504 3490 3574 saepius
3517 3519 3614 3559 nos
3636 3506 3818 3560 videre

2231 3615 2338 3654 non
2370 3614 2674 3669 possumus,
2720 3600 2803 3655 vel
2834 3599 3032 3654 ibidem
3059 3598 3129 3653 de
3156 3606 3338 3653 mutua
3369 3598 3654 3668 prassentia
3691 3614 3817 3669 gau-

2231 3692 2485 3757 deamus;
2519 3699 2575 3744 tit
2607 3692 2821 3761 quando
2863 3691 3012 3744 vobis
3033 3704 3061 3743 a
3083 3690 3228 3760 justo
3262 3690 3446 3745 Judice
3488 3689 3818 3745 retribuatur

2231 3798 2428 3838 corona
2468 3784 2804 3849 meritorum,
2854 3782 2982 3836 mihi
3020 3797 3050 3837 a
3093 3781 3336 3852 piissimo
3373 3781 3739 3851 redemptore,
3763 3787 3818 3836 et

2231 3876 2488 3931 advocato
2512 3873 2901 3945 perfectissimo
2933 3883 2954 3911 ε
2977 3873 3386 3928 commissorum
3411 3871 3563 3927 venia
3593 3887 3705 3927 non
3725 3887 3818 3927 ne-

2230 3982 2406 4042 getur.
2453 3969 2570 4040 Ipse
2594 3978 2720 4024 ante
2744 3967 3000 4038 judicium
3030 3967 3324 4037 peccatoris
3374 3980 3533 4035 agere
3558 3965 3815 4034 dignetur

2229 4078 2480 4131 causam,
2527 4076 2594 4117 ne
2641 4063 2693 4116 in
2739 4061 2938 4132 judicio
2983 4061 3168 4130 puniat
3210 4059 3442 4128 culpam,
3489 4058 3609 4128 quia
3661 4059 3814 4113 novit

2228 4158 2424 4228 quippe
2452 4157 2793 4227 omnipotens
2818 4169 2919 4210 nec
2947 4154 3000 4208 in
3026 4153 3265 4208 bonitate
3304 4151 3604 4207 clementiae
3624 4149 3815 4220 iudicii

2230 4245 2457 4318 perdere
2484 4249 2789 4316 veritatem,
2820 4261 2920 4302 nec
2945 4244 3129 4316 iudicii
3178 4244 3465 4300 severitate
3508 4241 3818 4299 clementia-

2231 4341 2482 4393 amittere
2510 4339 2828 4395 bonitatem.
2859 4338 2927 4394 Et
2956 4337 3078 4394 ideo
3109 4351 3206 4407 per
3251 4335 3569 4391 ineffabilem
3602 4335 3820 4390 miseri-

2230 4432 2429 4485 cordia:
2443 4445 2506 4486 ac
2526 4432 2735 4486 virtutis
2757 4431 3123 4502 operationem
3159 4429 3312 4485 vobis
3338 4437 3597 4499 praestare
3627 4427 3820 4498 digne-

2231 4533 2339 4591 tur,
2365 4532 2424 4578 ιιι
2452 4538 2586 4593 quos
2624 4523 2712 4580 hic
2741 4525 2969 4580 veritate
3005 4523 3316 4594 conjunxit,
3349 4522 3454 4578 illic
3480 4522 3819 4578 habitatione

551 4623 660 4658 sum
693 4623 849 4676 usque
868 4608 1036 4660 adhuc
1061 4607 1238 4678 (Rom.
1271 4625 1307 4665 ι.
1339 4609 1463 4679 15);
1492 4620 1546 4666 et
1575 4625 1672 4666 nos
1710 4613 1888 4668 dicere
1919 4614 2124 4683 pudore
2149 4625 2206 4686 D
2229 4630 2340 4671 non
2364 4629 2606 4687 separet;
2630 4617 3036 4687 promissionem
3059 4625 3294 4671 vestram
3317 4617 3560 4671 recolens
3578 4616 3819 4684 peculia-

551 4699 834 4767 instigante
864 4701 1268 4769 compellimur:
1293 4701 1544 4757 Crebrius
1562 4702 1827 4756 voluimus
1855 4704 1922 4758 ad
1946 4705 2128 4760 since-

549 4789 816 4844 rissimum
844 4791 1092 4860 pietatem
1115 4804 1351 4847 vestram
1379 4795 1577 4864 scripta
1607 4795 1858 4865 dirigere,
1879 4795 1972 4852 sed
2001 4812 2128 4867 pro-

550 4879 700 4934 hibiti
727 4896 912 4937 sumus
951 4897 1118 4952 usque
1163 4899 1330 4950 nunc;
1380 4886 1697 4955 prohibente
1735 4888 1984 4943 nimirum
2034 4888 2127 4943 illo

549 4971 636 5039 qui
662 4971 814 5026 bonae
843 4973 1098 5029 voluntati
1126 4978 1403 5032 consuevit
1430 4993 1644 5048 semper
1673 4978 1955 5047 obsistere,
1989 4982 2126 5036 invi-

549 5065 681 5120 dens
707 5068 914 5122 scilicet
934 5069 1190 5138 profectui
1213 5081 1416 5137 nostro,
1449 5081 1504 5127 et
1526 5072 1736 5128 aﬁ‘ectui
1767 5083 1965 5142 vestro,
1992 5092 2006 5141 ;
2039 5074 2124 5128 at-

549 5155 704 5211 fectui
737 5168 919 5232 nostro
939 5171 994 5216 et
1017 5163 1273 5230 profectui
1311 5174 1512 5220 vestro.
1545 5165 1812 5221 Profectui
1842 5177 2028 5222 nostro
2069 5175 2126 5221 et

546 5249 756 5305 effectui
807 5261 1016 5318 vestro;
1064 5255 1184 5325 quia
1235 5256 1475 5310 doctrina
1524 5266 1698 5312 vestra
1751 5258 1978 5313 eruditio
2021 5271 2126 5313 no-

545 5350 654 5398 stra
683 5352 785 5410 est,
815 5353 870 5398 et
896 5345 1120 5414 epistola
1157 5357 1340 5402 nostra
1361 5349 1659 5404 consolatio
1687 5349 1936 5404 desiderii
1957 5347 2127 5404 vestri

545 5443 663 5500 est;
692 5445 746 5491 et
773 5450 960 5492 rursus
997 5439 1254 5508 profectui
1299 5450 1477 5497 vestro
1523 5452 1576 5498 et
1630 5441 1840 5499 aﬁ‘ectui
1895 5453 2123 5508 nostro;

614 5594 797 5671 fles.
841 5593 1066 5662 Ennio,
1109 5599 1208 5671 qui
1250 5600 1344 5655 fuit
1384 5617 1449 5655 eo
1491 5611 1731 5671 tempore
1781 5601 2123 5671 Arelatensis

541 5665 852 5743 episcopus,
887 5674 949 5743 et
988 5678 1043 5721 ut
1071 5664 1253 5734 aiunt,
1303 5672 1532 5727 vicarius
1577 5664 1846 5743 pontiﬁcis
1885 5664 2119 5726 Ronfani

542 5749 637 5787 ver
663 5735 882 5792 Gallias.
914 5737 1073 5792 BASN.

609 5802 637 5850 δ’
668 5806 768 5870 MS.
798 5809 1014 5888 vitiose,
1045 5810 1179 5884 quod
1201 5813 1348 5885 pejus
1379 5823 1472 5871 est.

2230 4710 2344 4764 rius
2369 4723 2517 4780 rogo,
2548 4717 2606 4763 ut
2633 4707 2850 4764 fratrem
2883 4707 3184 4763 Pomerium
3216 4708 3472 4762 sanctitas
3493 4717 3674 4760 vestra
3707 4720 3815 4760 non

2233 4803 2407 4859 solum
2433 4817 2540 4856 non
2571 4802 2818 4864 retineat,
2841 4814 3026 4854 verum
3059 4801 3216 4854 etiam
3248 4798 3312 4852 ad
3337 4812 3434 4853 nos
3453 4797 3640 4852 venire
3669 4812 3819 4853 com.

2232 4894 2417 4964 pellat,
2451 4901 2764 4964 partemque
2791 4905 2945 4947 suam
2985 4890 3137 4946 nobis
3165 4890 3218 4945 in
3240 4888 3519 4944 dividuum
3537 4889 3819 4959 utriusque

2234 4984 2581 5040 transmittat.
2614 4981 2722 5038 Nec
2752 4996 2874 5037 eum
2896 4996 2926 5034 a
2947 4980 3099 5036 vobis
3123 4978 3422 5046 discedere,
3445 4979 3489 5032 si
3518 4977 3582 5032 ad
3611 4993 3702 5035 me
3727 4993 3820 5032 ac-

2231 5077 2479 5145 cesserit,
2502 5075 2774 5146 judicelis,
2796 5074 2919 5144 quia
2946 5081 3001 5129 et
3025 5087 3121 5128 vos
3151 5072 3238 5126 hic
3267 5070 3504 5126 inveniet
3542 5069 3598 5124 in
3627 5085 3740 5136 me,
3762 5078 3819 5124 et

2231 5183 2352 5225 cum
2381 5185 2446 5226 eo
2476 5185 2594 5236 vos,
2615 5169 2885 5224 residente
2910 5181 3156 5237 corpore,
3187 5175 3244 5220 ut
3283 5163 3622 5228 conﬁdimus,
3650 5164 3818 5219 corde

2231 5262 2477 5316 venietis.
2500 5260 2604 5315 Sed
2626 5269 2680 5315 et
2705 5258 2827 5314 inde
2851 5273 2956 5313 non
2981 5272 3199 5326 parvum
3224 5255 3450 5310 fructum
3479 5253 3679 5309 habere
3727 5271 3819 5324 pn-

2234 5353 2428 5419 teritis,
2461 5351 2505 5406 si
2536 5351 2808 5406 rusticitas
2843 5357 3026 5404 nostra
3066 5349 3304 5404 doctrina
3331 5347 3497 5417 ipsius
3524 5345 3726 5417 aliquid
3763 5346 3818 5401 in

2235 5443 2330 5499 Dei
2361 5444 2556 5498 timore
2583 5441 2888 5512 profecerit.

2303 5612 2327 5641 °
2358 5602 2512 5656 Prius
2531 5609 2646 5656 erat
2670 5601 2724 5654 in
2757 5615 2857 5654 ms.
2890 5607 3202 5654 coutucnter.
3260 5669 3285 5670 η
3704 5669 3710 5670 γ
3797 5643 3824 5670 ,

2301 5674 2331 5709 α
2364 5671 2432 5725 Et
2478 5688 2676 5741 semper
2716 5671 2995 5725 consolatio
3047 5669 3288 5723 desiderii
3335 5669 3515 5736 nostri,
3563 5669 3714 5725 vestri
3742 5671 3815 5724 est

2232 5743 2479 5797 sermonis
2503 5741 2736 5809 affectus.

2303 5823 2327 5850 ⁸
2353 5811 2449 5869 Ms.
2473 5816 2850 5881 ommissorum,
2883 5812 3018 5868 forte
3057 5814 3379 5868 amissorum.
