4080 6350
374 376 443 434 89
686 464 695 467 _
1098 408 1099 411 η
1636 389 1961 446 EPISTULA
1976 391 2117 447 RUM
2158 390 2283 446 LIB.
2329 391 2386 446 ll.
3567 402 3633 456 90

988 500 1203 559 EPIST.
1266 503 1353 557 IX.

368 610 568 664 Damno
606 612 796 666 animi:
842 629 949 667 sua:
993 626 1040 668 et
1080 615 1134 669 in
1174 610 1380 671 Christo
1413 615 1631 671 Domino
1677 618 1948 672 visceribus

492 682 771 737 excolendo
802 682 1039 739 Pomerio
1068 686 1235 740 abbati
1264 687 1505 741 Ruricius
1533 693 1817 758 episcopus.

433 790 715 859 Sapientes
737 792 918 849 surculi
942 796 1143 851 amicos
1162 798 1295 852 duos
1314 815 1470 853 ttnam
1494 800 1723 853 animam
1748 800 1947 855 habere

361 881 651 945 dixerunt.
704 886 846 955 quod
874 902 972 957 ego
1018 890 1176 944 etiam
1218 892 1587 946 ecclesiastico
1639 892 1944 946 testimonio

359 987 543 1026 verum
597 989 719 1030 esse
776 978 1055 1044 conﬁrmo,
1107 980 1245 1048 quod
1270 981 1380 1035 ait:
1410 981 1733 1035 Credentium
1772 992 1942 1035 autem

356 1078 465 1118 erat
485 1068 662 1120 anima
682 1078 729 1122 et
758 1086 848 1123 cor
888 1087 1043 1124 unum
1092 1072 1225 1143 (Act.
1261 1089 1333 1138 tv,
1382 1071 1497 1142 52).
1548 1074 1717 1129 Unum
1760 1075 1939 1142 utique

351 1162 603 1229 caritate,
631 1179 737 1218 non
764 1180 1019 1230 numero;
1051 1174 1105 1220 et
1135 1167 1257 1221 ﬁdei
1286 1166 1648 1235 simplicitate,
1695 1184 1797 1220 non
1827 1168 1939 1222 sin-

349 1253 642 1320 gularitate
690 1270 955 1324 personae.
1003 1257 1113 1313 Hoc
1168 1272 1295 1327 ergo
1352 1259 1585 1328 przcdico
1627 1260 1932 1329 proboque;

347 1358 474 1397 nam
507 1360 573 1398 ex
604 1362 709 1416 quo
734 1362 765 1401 a
814 1357 988 1405 vestra
1028 1349 1376 1404 unanimitate
1411 1351 1658 1417 discessi,
1703 1352 1932 1408 divisum

344 1450 471 1491 esse
498 1453 585 1491 me
629 1439 841 1505 sentio,
899 1450 1211 1512 partemque
1256 1458 1426 1496 meam
1472 1444 1742 1498 vobiscum
1790 1460 1934 1499 rese-

342 1526 493 1581 disse
518 1543 809 1598 cognosco.
841 1530 948 1586 Nec
974 1532 1283 1586 absentibus
1319 1533 1485 1599 vobis,
1522 1534 1780 1605 integrum
1812 1552 1933 1591 esse

340 1634 431 1671 me
461 1619 654 1684 credo;
687 1630 740 1676 et
769 1636 892 1676 cum
923 1637 1007 1677 me
1032 1624 1083 1677 in
1112 1638 1197 1678 me
1220 1639 1324 1678 non
1357 1624 1647 1689 inveniam,
1673 1626 1810 1695 apud
1835 1642 1930 1681 vos

339 1724 430 1764 me
460 1713 526 1764 ad
556 1727 654 1766 vos
684 1728 958 1782 regressus
985 1715 1222 1785 inquiro;
1259 1726 1417 1785 atque
1446 1717 1640 1772 ibidem
1674 1730 1927 1786 quantum

335 1800 447 1855 [hei
473 1802 626 1857 vobis
650 1805 965 1873 reliquisse,
993 1814 1194 1861 tantum
1224 1809 1385 1862 vestri
1416 1824 1621 1864 mecum
1645 1811 1927 1867 abstulisse

1985 505 2303 575 A'juvenes,
2329 507 2451 575 quia
2476 508 2672 561 vicistis
2702 510 3009 581 malignum.
3042 512 3232 568 Scribo
3260 513 3428 578 vobis,
3457 516 3623 584 pueri,

2054 601 2174 668 quia
2203 599 2529 668 cognovistis
2560 600 2791 660 Patrem.
2825 605 2936 671 Qua
2979 606 3300 663 discretione
3347 607 3627 663 verborum

2052 704 2157 743 non
2181 699 2392 743 aetatem
2423 690 2707 745 exterioris
2753 692 3004 763 hominis,
3035 697 3129 753 sed
3156 698 3460 767 qualitatem
3496 700 3629 754 inte-

2050 784 2205 838 rioris
2245 786 2497 855 assignat.
2546 787 2601 840 ln
2654 801 2908 856 quantum
2940 792 3079 847 enim
3111 793 3164 848 in
3201 794 3295 848 Dei
3320 781 3626 864 cognitione

2048 890 2111 930 ac
2139 877 2425 934 dilectione
2458 880 2783 949 prolicimus,
2827 893 3005 952 patres
3033 884 3150 942 sine
3173 886 3333 941 dubio
3355 902 3627 957 nuncupa-

2046 985 2185 1024 mur.
2214 971 2267 1025 In
2292 982 2543 1041 quantum
2578 989 2707 1029 vero
2753 985 2939 1030 contra
2975 977 3361 1047 adversarium,
3394 981 3479 1050 qui
3509 989 3624 1035 tan-

2044 1079 2194 1132 quam
2235 1065 2312 1118 leo
2356 1067 2554 1131 circuit,
2578 1083 2811 1137 quterens
2838 1085 2986 1137 quem
3007 1070 3209 1124 deuoret
3252 1069 3303 1140 (1
3326 1070 3441 1125 Pet.
3464 1088 3515 1139 ν,
3540 1072 3618 1141 8),

2042 1154 2269 1209 viriliter
2316 1157 2651 1226 dimicamus,
2709 1158 2935 1227 juvenes
2974 1176 3093 1216 esse
3137 1164 3528 1231 cognoscimur.
3562 1164 3619 1219 In

2040 1254 2297 1312 quantum
2320 1262 2450 1302 vero
2471 1250 2733 1304 socordiae
2775 1251 3099 1321 desidiaeque
3128 1254 3530 1324 committimur,
3565 1264 3619 1311 et

2040 1337 2105 1390 ad
2132 1338 2478 1395 incedendam
2524 1343 2896 1398 mandatorum
2948 1344 3085 1400 viam
3141 1346 3262 1400 ﬁdei
3312 1347 3616 1405 inﬁrmitate

2040 1428 2342 1497 deﬁcimus,
2373 1441 2529 1501 atque
2553 1433 2618 1487 ad
2659 1436 2957 1489 contuenda
2981 1451 3042 1490 ac
3074 1438 3369 1507 peragenda
3418 1455 3617 1508 praece-

2036 1532 2125 1591 pta
2154 1522 2328 1577 divina
2360 1540 2388 1577 a
2422 1526 2755 1581 saecularium
2805 1538 3017 1583 actuum
3068 1529 3361 1585 intentione
3407 1532 3555 1599 quasi
3585 1548 3615 1588 e

2035 1627 2227 1669 somno
2273 1618 2545 1684 segniores
2592 1618 2944 1688 assurgimus,
2989 1620 3288 1676 rectissime
3327 1638 3614 1692 puerorum

2034 1702 2251 1761 levitate
2276 1722 2578 1762 censemur.
2605 1708 2756 1764 Unde
2783 1720 2836 1765 et
2859 1712 3128 1780 apostolus
3156 1712 3349 1768 Paulus
3371 1714 3440 1768 ita
3468 1730 3614 1769 com-

2033 1807 2216 1852 monet
2265 1800 2620 1869 negligentem
2650 1818 2663 1854 :
2697 1800 2863 1871 Surge
2892 1803 2978 1871 qui
3008 1804 3220 1869 dormis,
3262 1814 3309 1858 et
3333 1821 3548 1875 exsurge
3582 1824 3613 1860 α

333 1896 633 1979 εορερίρίο,
665 1896 726 1951 ει
754 1898 1110 1966 omnipotenti
1142 1900 1247 1953 υεο
1275 1901 1472 1967 gratias
1505 1917 1666 1970 super
1694 1911 1800 1955 tam
1832 1904 1927 1957 ad-
1956 1893 2005 1953 B
2030 1888 2264 1955 mortuis,
2310 1899 2364 1943 et
2390 1892 2667 1960 continges
2719 1891 3009 1960 Clnistum,
3057 1893 3168 1949 sive
3207 1895 3518 1951 illuminabit
3565 1906 3612 1951 te

330 1986 571 2041 mirabili
600 1986 738 2042 facto
762 1988 880 2056 ejus
919 1988 1115 2051 refero,
1149 1990 1288 2058 quod
1322 1990 1391 2044 ita
1424 1994 1655 2056 generali
1686 1993 1919 2050 tribuere

328 2076 742 2145 dispensatione
768 2079 1016 2149 dignatus
1044 2089 1147 2145 est,
1173 2092 1227 2135 ut
1255 2081 1395 2136 inter
1411 2098 1504 2137 eos
1522 2100 1654 2152 quos
1677 2088 1915 2140 locorum

327 2168 617 2222 intervalla
645 2169 1037 2236 discriminant,
1064 2172 1197 2226 liber
1225 2188 1287 2227 ac
1334 2174 1491 2228 nullis
1516 2176 1798 2231 conclusus
1824 2178 1918 2234 ab-

324 2259 520 2313 sentia:
575 2259 780 2329 legibus
827 2262 1036 2316 animus
1080 2276 1433 2330 rommearet;
1484 2265 1723 2336 nihilque
1773 2279 1916 2323 esset

324 2358 435 2403 tam
469 2350 901 2420 impenetrabile,
950 2352 1092 2423 quod
1122 2356 1319 2410 mentis
1355 2357 1656 2424 aspectibus
1678 2373 1783 2411 non
1817 2373 1913 2426 pa-

324 2451 497 2506 teret;
525 2441 620 2497 sed
663 2458 756 2511 per
785 2445 964 2500 cordis
1000 2445 1247 2499 intuitum
1296 2447 1420 2501 inde
1451 2464 1508 2501 se
1538 2448 1761 2502 invicem
1779 2450 1909 2514 cari,

321 2534 496 2605 gratia
527 2535 948 2602 intercurrente,
982 2540 1388 2607 conspicerent,
1424 2539 1513 2593 ubi
1561 2541 1753 2593 caritas
1797 2540 1908 2607 ipsa

319 2627 591 2681 consistit.
621 2627 685 2682 Et
715 2628 835 2683 ideo
856 2629 1079 2685 salutem
1108 2630 1414 2699 plenissime
1442 2646 1566 2699 erga
1595 2647 1699 2693 me,
1733 2647 1870 2701 quan
1898 2658 1924 2670 ο

320 2727 436 2773 tum
472 2719 686 2789 propria
719 2732 894 2775 mente
924 2722 1176 2791 conjicio,
1202 2723 1385 2792 pietati
1416 2734 1607 2779 vestra:
1635 2724 1903 2791 deferens,

320 2810 475 2863 omni
503 2826 716 2881 precum
747 2814 1040 2868 ambitione
1059 2815 1325 2884 deposco;
1351 2815 1396 2871 si
1419 2816 1572 2881 nobis
1602 2831 1785 2885 parem
1817 2831 1906 2871 re-

320 2903 563 2969 pensatis
593 2902 863 2971 affectum,
910 2909 953 2959 si
982 2906 1146 2960 simili
1184 2910 1406 2963 caritate
1450 2924 1547 2963 nos
1588 2910 1826 2979 diligitis,
1859 2912 1904 2964 si

317 2994 522 3063 aliquid
560 2996 611 3051 in
635 2998 932 3054 visceribus
965 3000 1159 3055 vestris
1181 3016 1335 3056 amor
1356 3016 1541 3058 noster
1563 3012 1834 3072 cperatur,
1857 3006 1903 3060 si

316 3103 489 3159 usque
512 3090 581 3145 ad
602 3091 862 3148 medullas
878 3094 1056 3149 cordis
1079 3097 1240 3149 vestri
1261 3095 1477 3151 dilectio
1507 3108 1688 3152 nostra
1713 3113 1903 3167 perveo

315 3183 417 3246 nit,
452 3183 497 3237 si
523 3186 592 3237 ita
621 3200 714 3238 vos
744 3201 841 3255 pro
875 3202 981 3252 me,
1010 3176 1169 3258 quam
1205 3204 1292 3243 me
1320 3204 1416 3257 pro
1440 3189 1595 3245 vobis
1619 3189 1902 3245 dulcedine
1932 3244 1937 3248 ,

2029 1979 2262 2034 Christus
2292 1979 2506 2050 (Ep/tes.
2540 1999 2591 2047 v,
2622 1984 2714 2053 Η)
2766 1983 2896 2037 Nam
2921 1995 2975 2039 et
3001 1985 3257 2041 Dominus
3285 1989 3335 2040 in
3370 1987 3610 2057 Evange-

2026 2069 2119 2131 lio,
2147 2085 2265 2124 cum
2296 2071 2344 2125 ei
2389 2087 2418 2125 a
2448 2073 2916 2128 circumstantibus
2947 2074 3255 2131 diceretur:
3288 2076 3421 2131 Ecce
3447 2087 3608 2132 mater

2025 2170 2131 2227 tua,
2161 2170 2208 2215 et
2235 2163 2417 2231 fratres
2448 2164 2521 2216 tui
2540 2174 2772 2232 quterunt
2802 2174 2867 2230 te,
2887 2166 3107 2219 volentes
3128 2167 3297 2221 videre
3316 2178 3363 2221 le
3386 2166 3599 2237 (Matth.

2022 2267 2121 2317 xu,
2150 2251 2267 2321 47),
2298 2253 2367 2307 ita
2412 2254 2691 2321 respondit
2716 2295 2728 2307 .
2754 2256 2882 2319 Quae
2911 2265 2993 2309 est
3033 2267 3201 2311 mater
3226 2272 3363 2322 mea,
3396 2268 3486 2313 aut
3514 2245 3635 2328 qui.

2019 2354 2145 2398 sunt
2171 2344 2360 2399 fratres
2387 2347 2489 2401 mei
2515 2347 2538 2398 ?
2563 2347 2628 2400 Et
2649 2348 2938 2401 ostendens
2975 2350 3263 2418 apostolos,
3315 2360 3601 2421 sequentes

2019 2450 2114 2504 se,
2142 2436 2329 2490 Nonne
2362 2438 2450 2503 hi,
2494 2439 2581 2507 qui
2634 2438 2833 2493 faciunt
2872 2440 3195 2496 voluntatem
3236 2442 3408 2497 Patris
3452 2436 3602 2498 mei?

2016 2527 2186 2583 Mater
2207 2530 2346 2583 enim
2379 2529 2580 2583 Christi
2612 2530 2715 2584 dici
2749 2545 3053 2599 possumus,
3081 2533 3292 2602 quando
3329 2532 3598 2589 Christum

2023 2622 2187 2676 corde
2214 2633 2504 2690 gestamus.
2535 2623 2661 2677 Nam
2686 2633 2735 2676 et
2768 2624 2825 2678 S.
2857 2625 3039 2690 Maria,
3071 2641 3189 2695 qu:e
3212 2635 3266 2681 et
3294 2627 3440 2697 virgo
3471 2641 3599 2681 con-

2019 2717 2183 2785 cepit,
2206 2716 2357 2784 virgo
2380 2718 2606 2786 peperit,
2644 2720 2792 2789 virgo
2826 2720 3142 2788 permansit,
3176 2720 3457 2776 Dominum
3497 2738 3595 2776 no-

2013 2816 2184 2859 strum
2218 2823 2320 2860 non
2351 2808 2631 2876 complexu
2664 2810 2820 2873 virili,
2846 2811 2939 2865 sed
2970 2810 3072 2865 ﬁde
3100 2812 3385 2868 maritante
3404 2827 3597 2868 conce-

2012 2897 2109 2966 pit.
2138 2897 2353 2953 Fratrcs
2380 2913 2509 2953 vero
2536 2898 2703 2967 ipsius
2742 2900 3022 2967 efticimur,
3072 2903 3285 2971 quando
3328 2906 3397 2957 ita
3430 2905 3592 2959 vitam

2011 3000 2250 3044 nostram
2285 2991 2430 3045 omni
2453 2992 2708 3047 virtutum
2728 3008 2923 3062 genere
2944 2993 3295 3063 disponimus,
3325 2996 3591 3063 fulcimus,

2010 3096 2283 3147 ornamus,
2309 3092 2364 3137 ut
2386 3082 2628 3138 haeredes
2652 3084 2741 3138 Dei
2764 3099 2885 3139 esse
2906 3086 3193 3155 possimus,
3214 3088 3591 3143 etcohteredes

2008 3171 2209 3229 Christi
2223 3173 2399 3244 (Rom.
2420 3191 2533 3242 vtn,
2553 3174 2665 3245 17).
2689 3174 2785 3230 Cui
2800 3177 2941 3232 enim
2956 3177 3197 3246 dubium,
3210 3179 3349 3249 quod
3364 3181 3407 3234 si
3425 3166 3593 3236 hane-

319 3277 598 3344 pmcsmis
627 3276 882 3343 edomuit,
916 3286 972 3333 υι
1000 3279 1223 3348 imperio
1254 3280 1421 3350 ipsius
1446 3296 1544 3336 nec
1574 3280 1788 3350 ροεείιίε
1813 3296 1898 3337 re.
1926 3274 1973 3339 ο
2007 3266 2102 3321 des
2132 3266 2225 3322 Dei
2256 3266 2428 3322 Patris
2449 3264 2732 3334 efﬁcimur,
2756 3268 3054 3323 rectissime
3088 3280 3142 3325 et
3170 3269 3364 3326 fratres
3393 3269 3591 3336 Christi

316 3371 534 3437 sistere,
567 3385 665 3426 nec
695 3371 899 3437 velitis;
921 3372 987 3427 ad
1015 3372 1409 3430 desiderantem
1435 3375 1653 3431 fratrem
1683 3375 1898 3433 deside-

314 3476 443 3517 rans
474 3463 789 3532 quantocius
818 3467 1000 3521 venire
1045 3467 1338 3535 festinabo,
1373 3470 1633 3525 beneﬁcio
1662 3480 1716 3525 et
1767 3486 1895 3542 pro-

313 3555 539 3609 missum
583 3557 851 3611 soluturus
876 3557 1153 3624 debitum,
1184 3570 1238 3616 et
1287 3572 1530 3617 mutuum
1560 3564 1901 3634 mitigaturus

314 3649 587 3703 allectum.
617 3650 749 3716 Quia
794 3666 974 3706 coram
1005 3654 1162 3720 positi
1191 3656 1451 3724 aequalem
1497 3656 1650 3712 vobis
1676 3659 1899 3728 gratiam

316 3738 380 3793 de
427 3750 615 3795 nostra
659 3743 1111 3812 contemplatione
1140 3755 1195 3799 et
1224 3746 1581 3803 collocatione
1617 3749 1898 3817 praestabi-

318 3847 453 3897 mus,
491 3842 827 3903 tantmnque,
867 3836 912 3890 si
965 3846 1021 3891 ut
1047 3837 1304 3907 diligeris,
1338 3840 1535 3910 diligis,
1567 3857 1597 3895 a
1629 3857 1714 3897 me
1743 3844 1902 3897 retri-

318 3924 510 3979 buetur
539 3928 749 3981 caritati
782 3940 905 3994 tute,
937 3938 1193 3999 quantum
1228 3941 1281 3985 tu
1304 3947 1440 3988 mea:
1476 3934 1589 4003 ipse
1619 3935 1895 3991 dctuleris.

317 4016 425 4072 Nec
453 4034 584 4074 sane
612 4020 935 4076 inveniendo
960 4022 1324 4093 fatigationem
1352 4025 1551 4093 poteris
1588 4026 1897 4083 formidare.

318 4112 470 4176 Quia,
505 4122 561 4166 ut
609 4112 698 4168 ille
728 4114 888 4181 dixit,
920 4114 1040 4169 vicit
1084 4117 1184 4171 iter
1209 4119 1405 4171 durum
1438 4117 1628 4186 pietas.
1658 4119 1724 4172 Et
1747 4119 1899 4188 juxta

318 4206 632 4270 Apostoiutn
666 4219 904 4261 nosu'um
932 4224 943 4258 :
988 4205 1190 4261 Caritas
1221 4209 1399 4262 omnia
1437 4210 1654 4263 sustinet
1697 4208 1752 4281 (1
1776 4210 1895 4264 Cor.

320 4310 427 4359 xm,
464 4294 540 4366 ἲ),
574 4314 694 4366 quae
724 4313 824 4353 nec
861 4299 1053 4367 quaesit
1093 4315 1212 4369 qua:
1246 4314 1341 4354 sua
1367 4310 1510 4366 sunt,
1538 4317 1637 4356 nec
1664 4317 1897 4372 unquam

318 4390 467 4441 novit
492 4389 776 4445 excedere.
824 4390 1133 4462 Opportune
1162 4393 1323 4448 etiam
1349 4393 1677 4449 desideranti
1708 4395 1896 4449 viatori

316 4476 637 4537 autumnalis
654 4485 908 4551 temporis
925 4484 1169 4554 congruit
1189 4499 1310 4539 cum
1336 4486 1560 4540 caritate
1583 4488 1927 4555 temperies.

318 4573 364 4625 si
389 4586 505 4626 eam
528 4584 699 4628 tamen
731 4576 1016 4642 praeterita:
1040 4575 1242 4632 aestatis
1271 4575 1451 4632 fervor
1474 4577 1756 4646 accendat,
1787 4592 1893 4635 non

323 4666 644 4721 advenientis
672 4666 868 4722 hiemis
894 4668 1043 4737 algor
1065 4668 1393 4740 exstinguat.

943 4800 1157 4856 EPIST.
1200 4801 1270 4857 X.

688 4890 824 4945 Item
848 4892 1059 4964 epistola
1088 4895 1260 4947 damni
1293 4894 1511 4949 Ruricii.

388 5002 613 5059 Retectis
642 5006 836 5061 litteris
866 5007 1019 5074 meis,
1044 5007 1270 5063 fortasse
1302 5007 1602 5075 miraberis,
1633 5010 1773 5081 quod
1799 5027 1890 5068 ve-

320 5097 573 5152 nerationi
606 5108 706 5154 tua:
738 5100 886 5154 fratri
936 5102 1269 5171 scripserim;
1320 5118 1440 5156 cum
1473 5102 1575 5157 hoc
1624 5119 1724 5159 nec
1747 5108 1891 5162 tetati

319 5198 517 5242 nostra:
559 5191 856 5258 conveniat,
900 5206 998 5247 nec
1027 5191 1237 5248 honori.
1266 5192 1397 5261 Quia
1428 5195 1568 5248 sicut
1608 5210 1692 5249 me
1721 5196 1894 5265 major

318 5294 379 5334 es
411 5292 553 5348 natu,
575 5284 644 5338 ita
673 5286 849 5339 minor
872 5300 931 5340 es
957 5285 1145 5354 gradu.
1191 5286 1253 5340 Et
1287 5287 1406 5340 ideo
1427 5286 1471 5339 si
1493 5286 1556 5340 ad
1592 5296 1754 5352 tuam,
1781 5288 1893 5344 Deo

320 5372 566 5441 propitio,
590 5377 975 5447 longaevitatem
1001 5389 1092 5432 aut
1117 5379 1182 5431 ad
1216 5390 1449 5433 nostram
1473 5380 1895 5448 respexissemus

319 5464 846 5539 administrationem,
872 5483 960 5526 aut
993 5472 1133 5526 Patri
1161 5472 1396 5527 scribere
1421 5472 1776 5529 debueratuus
1801 5483 1893 5528 aut

319 5557 455 5612 ﬁlio.
500 5558 590 5614 Sed
617 5563 735 5633 quia
778 5575 830 5618 et
875 5564 931 5619 S.
964 5565 1198 5619 Joannes
1244 5566 1518 5634 apostolus
1566 5569 1618 5620 in
1665 5567 1890 5637 epistola

319 5646 376 5723 (Ι
404 5667 524 5721 cap.
552 5656 586 5726 ι)
608 5672 698 5713 sua
727 5660 845 5714 unis
871 5658 1203 5730 eisdemque,
1227 5669 1280 5713 et
1322 5660 1578 5729 patribus,
1602 5669 1656 5714 et
1680 5660 1892 5729 juveni-

313 5745 425 5800 'bus
456 5747 649 5817 scribit,
678 5761 731 5806 et
751 5753 950 5820 pueris,
984 5752 1199 5807 dicens:
1247 5752 1438 5808 Scribo
1469 5753 1649 5820 vobis,
1679 5764 1889 5825 patres,

323 5837 449 5915 quia
477 5843 780 5911 cognovistis
801 5858 923 5902 eum
955 5843 1044 5924 qui
1071 5844 1140 5900 ab
1172 5844 1320 5905 initio
1350 5854 1451 5904 est.
1497 5845 1686 5903 Scribo
1716 5846 1885 5913 vobis,

2008 3359 2134 3424 dici,
2167 3359 2283 3430 ipso
2311 3360 2619 3429 adoptante,
2648 3361 2978 3429 poterimus?
2994 3363 3083 3431 qui
3110 3377 3205 3417 nos
3226 3363 3512 3431 plasmavit
3531 3372 3590 3418 ut

2006 3463 2154 3515 suos,
2182 3449 2413 3506 redemit
2444 3458 2502 3503 ut
2541 3451 2777 3517 alienos;
2809 3452 2969 3522 elegit
3007 3463 3062 3507 ut
3091 3467 3297 3521 servos,
3328 3454 3512 3508 ascivit
3534 3463 3591 3509 ut

2006 3544 2167 3599 ﬁlios.
2203 3543 2436 3599 Plasmat
2468 3544 2611 3599 enim
2641 3559 2740 3600 nos
2762 3554 3047 3615 potestate,
3074 3546 3285 3601 redimit
3308 3548 3584 3616 passione;

2008 3638 2344 3708 prazscientia
2371 3639 2588 3694 asciscit
2609 3639 2659 3694 in
2676 3641 2867 3709 gratia.
2899 3640 3006 3695 Nos
3030 3649 3205 3695 tamen
3230 3640 3320 3695 ﬁlii
3343 3656 3435 3710 per
3454 3642 3583 3695 ado-

2010 3729 2271 3799 ptionem,
2313 3730 2405 3784 ille
2433 3729 2581 3784 solus
2612 3730 2751 3784 ﬁlius
2782 3746 2877 3799 per
2903 3740 3177 3796 naturam;
3206 3734 3294 3801 qui
3320 3742 3377 3785 ut
3408 3747 3504 3786 nos
3523 3730 3590 3786 ad

2006 3820 2253 3875 eamdem
2293 3836 2395 3890 qua
2425 3819 2797 3876 excideramus
2846 3820 3225 3876 beatitudinem
3278 3831 3583 3891 revocaret,

2007 3925 2128 3965 cum
2162 3913 2372 3980 penitus
2404 3926 2509 3965 non
2540 3911 2756 3965 desierit
2798 3926 2918 3967 esse
2946 3911 3087 3981 quod
3120 3921 3255 3975 erat,
3302 3913 3467 3967 voluit
3514 3924 3589 3968 ta.

2005 4018 2131 4057 men
2167 4018 2288 4058 esse
2316 4003 2456 4073 quod
2488 4018 2591 4056 non
2623 4012 2756 4067 erat,
2790 4011 2849 4056 ut
2887 4004 3107 4057 verbum
3149 4018 3276 4058 caro
3317 4003 3490 4059 ﬁeret.
3523 4006 3586 4061 Et

2006 4093 2132 4147 dum
2166 4093 2389 4147 Creator
2424 4094 2474 4147 in
2522 4099 2783 4147 creaturae
2831 4092 3132 4148 humilitate
3176 4093 3486 4158 descendit,
3518 4095 3583 4149 ad

2007 4181 2282 4239 Creatoris
2324 4183 2709 4239 sublimitatem
2736 4193 2979 4238 creatura
3012 4183 3345 4239 conscendit.
3371 4183 3487 4251 Quo
3527 4186 3586 4241 ﬁt

2006 4286 2064 4328 ut
2091 4274 2409 4331 humanitati
2437 4274 2614 4329 divina
2641 4274 3058 4329 communicent.
3090 4276 3158 4331 Et
3196 4276 3457 4333 divinitati
3490 4277 3586 4333 bu-

2005 4382 2159 4420 mana
2195 4367 2531 4435 participent,
2562 4365 2855 4421 secundum
2889 4366 3021 4421 illud
3050 4369 3323 4438 Apostoli:
3352 4369 3452 4434 Qui
3472 4386 3586 4424 cum

2002 4457 2055 4510 in
2087 4458 2253 4527 {arma
2280 4456 2373 4510 Dei
2414 4466 2559 4520 esset,
2593 4473 2692 4510 non
2738 4458 2975 4526 rapinam
3001 4459 3278 4515 arbitratus
3298 4469 3369 4513 est
3398 4477 3503 4515 esse
3531 4478 3585 4515 se

2003 4550 2249 4619 azqualem
2277 4548 2404 4613 Deo,
2426 4549 2514 4603 sed
2536 4550 2859 4618 semetipsum
2886 4551 3187 4618 exinanivit,
3217 4553 3435 4622 [orntum
3454 4555 3585 4609 serui

1917 4654 1978 4715 Β
2005 4647 2281 4715 accipiens,
2310 4648 2361 4700 in
2387 4646 2774 4701 similitudinem
2817 4648 3075 4701 hominum
3106 4647 3289 4715 factus,
3335 4658 3382 4701 et
3408 4647 3585 4701 habitu

2004 4747 2234 4809 repertus
2291 4749 2346 4792 ut
2395 4739 2564 4792 homo.
2609 4738 2915 4793 Humiliavit
2972 4739 3221 4810 seipsum.
3257 4740 3425 4808 factus
3469 4741 3583 4794 obe-

2004 4832 2149 4887 diens
2179 4848 2336 4901 usque
2374 4834 2442 4887 ad
2463 4842 2697 4898 mortem,
2717 4842 2925 4886 mortem
2955 4843 3123 4886 autem
3148 4834 3330 4887 crucis.
3362 4832 3582 4904 Propter

2002 4926 2142 4994 quod
2166 4924 2304 4978 Deus
2333 4924 2571 4978 exultavit
2613 4923 2779 4989 illum,
2810 4933 2856 4978 et
2892 4924 3098 4977 donavit
3125 4924 3204 4978 illi
3242 4940 3420 5001 nomen
3446 4926 3580 4994 quod

2001 5027 2074 5072 est
2100 5033 2252 5087 super
2273 5032 2421 5070 omne
2467 5032 2670 5083 nomen,
2703 5024 2758 5069 ut
2783 5017 2834 5069 in
2873 5017 3075 5070 nomine
3114 5013 3238 5068 Iesu
3280 5031 3424 5069 omne
3449 5032 3580 5084 genu

1998 5113 2259 5179 ﬂectatur,
2284 5109 2577 5176 caelestium,
2598 5110 2907 5164 terrestrium
2937 5120 2984 5164 et
3014 5111 3316 5179 inferorum,
3347 5119 3391 5163 et
3417 5112 3581 5164 omnis

1998 5202 2184 5272 lingua
2210 5204 2511 5269 conﬁteatur
2531 5204 2774 5273 quoniam
2803 5203 3056 5257 Dominus
3077 5202 3224 5258 Iesus
3254 5202 3487 5258 Christus
3524 5202 3579 5256 in

2001 5295 2168 5364 gloria
2197 5304 2270 5349 est
2296 5294 2389 5348 Dei
2412 5294 2580 5348 Patris
2612 5293 2833 5365 (Philip.
2856 5311 2913 5357 ιι,
2943 5294 3022 5363 6).
3050 5294 3199 5350 Unde
3220 5305 3273 5350 et
3299 5294 3364 5348 ad
3392 5294 3579 5349 Corin-

2005 5386 2145 5440 thios
2179 5385 2315 5440 idem
2345 5384 2534 5458 doctor
2564 5385 2803 5441 scribens
2830 5386 2939 5439 ait:
2977 5385 3158 5455 Itaque
3196 5403 3287 5441 nos
3334 5386 3577 5440 neminem

1999 5481 2227 5534 novimus
2256 5480 2531 5533 secundum
2562 5494 2800 5544 carnem;
2823 5478 2917 5531 etsi
2938 5480 3262 5546 cognovimus
3283 5478 3415 5531 enim
3432 5474 3577 5528 Chri-

1999 5580 2135 5623 stum
2176 5570 2457 5623 secundum
2503 5584 2739 5625 carnem:
2784 5567 2872 5621 sed
2898 5584 3035 5621 nunc
3065 5568 3174 5636 iam
3213 5583 3311 5620 non
3347 5566 3577 5618 novimus

1999 5660 2089 5732 (II
2114 5660 2232 5716 Cor.
2264 5677 2315 5728 v,
2347 5661 2459 5731 16).
2489 5660 2620 5729 Quia
2645 5667 2889 5714 cessante
2940 5660 2991 5713 in
3024 5674 3089 5713 eo
3121 5658 3423 5711 infirmitate
3449 5670 3578 5711 cor-

2000 5768 2184 5821 porea,
2215 5762 2354 5807 t0tus
2378 5752 2612 5807 creditur
2642 5752 2695 5805 in
2727 5751 2920 5805 virtute
2960 5748 3158 5803 divina.
3196 5748 3261 5801 Et
3289 5747 3408 5803 ideo
3424 5747 3577 5817 juxta

1997 5845 2245 5902 eumdem
2270 5844 2588 5915 apostolum,
2613 5844 2863 5913 quouis-It
2885 5854 3072 5898 omnes
3092 5839 3144 5894 in
3171 5838 3388 5899 Christo
3409 5856 3572 5899 unum
