4080 6350
458 368 522 427 91
1786 366 2031 425 ιιυιιιοιι

2136 366 2376 430 PISCOPI
3660 368 3728 427 οἳ

458 494 643 538 sumus
672 479 871 551 (Colat.
906 498 981 550 ut,
1021 481 1141 551 28),
1191 479 1381 537 fratres
1409 482 1707 538 rectissime
1755 498 2029 552 nuncupa-
2060 481 2114 543 Α
2140 498 2231 549 vn,
2265 483 2343 553 Ξ).
2392 482 2621 553 Ideoque
2654 498 2749 552 pro
2782 482 2918 539 Urse
2964 492 3019 539 et
3050 482 3341 554 Lupicino,
3384 484 3472 553 qui
3506 486 3572 537 ad
3616 501 3718 550 me,

456 588 599 639 mur,
626 576 749 645 quia
780 590 877 629 nos
906 584 961 630 et
987 589 1124 629 unus
1150 582 1333 630 uterus
1377 576 1520 631 sacri
1551 574 1714 631 fontis
1740 578 1947 645 effudit,
1982 586 2036 633 et

455 666 643 721 eadem
675 666 835 720 ubera
864 666 1051 720 matris
1073 664 1351 733 Ecclesiae,
1374 668 1564 737 spiritu
1596 667 1922 734 vivificante,
1957 668 2035 722 la-

454 758 866 812 ctaruntsimul.
898 756 1135 823 idcirco,
1162 758 1362 821 frater,
1409 758 1623 827 scripsi,
1670 759 1796 829 quia
1840 769 1895 814 et
1926 761 2033 816 Deo

458 850 690 918 propitio
712 865 739 902 a
766 849 943 904 sazculi
970 849 1178 905 actibus
1205 849 1271 903 ad
1299 860 1555 907 aeternam
1580 853 1960 911 beatitudinem
1983 865 2035 910 te

454 942 683 995 animam
722 938 1060 996 convertisse
1109 943 1365 1011 cognovi,
1418 952 1470 998 et
1520 944 1841 1000 imitatorem
1891 947 2034 1001 illius

456 1031 758 1100 Evangelici
791 1032 1144 1101 negotiatoris
1165 1032 1437 1101 effectum,
1472 1036 1560 1104 qtti
1598 1036 1826 1091 venditis
1856 1038 2031 1091 omni-

454 1123 552 1177 bus
586 1124 698 1177 suis
726 1124 1054 1192 comparavit
1072 1125 1525 1201 pretiosissimam
1552 1130 1894 1197 margaritam
1916 1146 1929 1195 ;
1950 1131 2032 1184 vel

451 1214 617 1280 illius,
660 1216 750 1285 qui
786 1224 998 1284 reperto
1029 1214 1081 1267 in
1108 1230 1235 1284 agro
1268 1216 1517 1271 thesauro
1538 1256 1552 1281 ,
1584 1218 1873 1282 distractis,
1916 1236 2032 1289 qua:

457 1307 706 1371 habebat,
742 1308 1027 1371 universis,
1061 1322 1245 1378 agrum
1273 1307 1445 1378 ipsum
1469 1310 1718 1364 laudabili
1745 1312 2035 1381 cupiditate

452 1409 723 1453 mercatus
739 1407 820 1452 est
845 1396 1058 1465 (Matth.
1084 1415 1195 1466 xm,
1212 1399 1303 1470 44)
1325 1416 1339 1464 ;
1365 1414 1467 1453 non
1480 1400 1666 1455 aliente
1681 1403 2034 1469 possessionis

454 1488 794 1557 importunus
827 1489 1080 1558 inbiator,
1114 1490 1207 1545 sed
1242 1492 1467 1560 propria:
1489 1490 1752 1547 facultatis
1777 1494 2031 1563 providus

452 1578 793 1647 distributor,
823 1581 1123 1650 caritatem,
1162 1591 1343 1651 utpote
1370 1582 1755 1650 sinceri-imam,
1796 1572 2032 1642 retinens

451 1676 614 1728 corde
646 1674 912 1742 perfecto;
946 1691 1050 1729 non
1093 1684 1149 1729 ut
1176 1676 1385 1745 parcius
1417 1677 1688 1743 venderet,
1724 1678 1817 1733 sed
1843 1688 1900 1733 ut
1928 1681 2034 1734 lar-

452 1767 571 1835 gius
612 1767 895 1824 feneraret.
929 1771 1100 1836 Super
1131 1783 1235 1838 quo
1263 1767 1404 1823 facto
1439 1769 1667 1839 gaudeo,
1698 1781 1751 1825 et
1778 1772 1887 1826 Deo
1913 1787 2033 1841 gra—

2139 576 2291 645 quasi
2321 576 2469 630 vobis
2502 575 2861 645 peculiariter,
2890 575 3027 630 sicut
3048 576 3295 643 superius
3325 575 3456 637 dixi,
3487 575 3722 629 caritatis

2136 666 2256 736 jure
2285 663 2589 721 devinctum
2608 710 2621 734 ,
2656 681 2752 735 pro
2772 666 3057 720 criminum
3086 676 3305 719 suorum
3335 662 3722 721 intercessione

2138 767 2423 817 venerunt.
2452 768 2696 827 precator
2726 756 2953 823 accedo;
3002 766 3062 811 ut
3101 757 3330 825 primum
3358 758 3489 823 Deo,
3530 758 3722 813 deinde

2139 852 2292 906 nobis
2338 852 2440 907 hoc
2471 850 2610 923 quod
2642 854 3035 907 commiserunt
3075 850 3278 907 donare
3331 850 3568 921 digneris
3617 863 3668 908 et
3694 862 3717 890 ι

2137 944 2337 1009 inficri;
2385 960 2482 998 nec
2530 959 2626 998 nos
2675 942 2744 1000 de
2790 960 2975 1000 eorum
3025 943 3368 1001 damnatione
3398 945 3715 1013 confundas,

2136 1036 2224 1105 qui
2257 1051 2315 1090 se
2341 1036 2613 1091 absolutos
2640 1052 2761 1092 esse
2789 1053 2908 1093 cum
2944 1036 3011 1091 ad
3044 1036 3396 1096 humilitatem
3430 1053 3604 1093 meam
3628 1039 3719 1094 de-

2136 1127 2280 1183 ducti
2309 1140 2450 1193 sunt,
2479 1129 2840 1185 crediderunt.

2748 1279 2962 1336 EPIST.
3004 1278 3121 1335 XII.

2208 1392 2263 1446 lu
2284 1391 2396 1446 salo
2425 1392 2604 1446 saeculi
2640 1391 2791 1446 istius
2824 1391 3064 1448 adversis
3094 1407 3157 1449 ae
3182 1392 3408 1449 diversis
3427 1402 3720 1463 tempesta-

2136 1483 2278 1538 tibus
2298 1482 2641 1538 lluctuantem
2676 1493 2725 1538 te
2747 1492 2914 1538 ratem
2944 1483 3007 1538 ad
3041 1492 3249 1555 portum
3279 1485 3466 1540 salutis
3502 1487 3714 1540 tandem

2137 1574 2445 1641 aliquando,
2475 1574 2699 1628 Domino
2737 1575 3093 1645 gubernante,
3124 1576 3446 1645 applicuisse
3486 1591 3721 1643 congau-

2137 1666 2259 1721 deo.
2295 1665 2349 1720 ln
2390 1668 2537 1733 cujus
2567 1666 2667 1720 fida
2698 1680 2759 1720 ac
2784 1666 3067 1736 tranquilla
3100 1668 3331 1722 statione
3361 1668 3715 1735 compositus,

2138 1764 2300 1811 :rstus
2328 1756 2494 1827 ipsius
2517 1756 2726 1827 perfidi,
2760 1766 2813 1811 et
2841 1758 3025 1827 iniqui,
3053 1760 3289 1813 etamari
3314 1758 3531 1812 ridebis.
3561 1758 3719 1813 Dein.

456 1857 556 1913 tias
582 1874 703 1927 ago,
727 1859 867 1927 quad
890 1859 1181 1914 secundum
1211 1859 1422 1914 divilias
1453 1860 1707 1917 bonimis
1736 1878 1846 1916 sum
1875 1872 2033 1933 atque
2063 1866 2111 1927 Β
2139 1864 2266 1916 ceps
2310 1864 2412 1901 non
2462 1847 2671 1902 timebis
2701 1848 2767 1902 de
2808 1848 2999 1916 quibus
3051 1863 3236 1918 parum
3290 1850 3613 1913 formidinis,
3650 1850 3723 1903 ita

454 1948 688 2011 virtutis,
719 1963 816 2018 per
840 1948 1268 2003 inestimabilem
1286 1949 1709 2005 misericordiam
1730 1968 1879 2006 suam
1912 1969 2037 2021 pro-

456 2042 741 2110 pemodum
763 2081 779 2107 ,
810 2050 866 2095 ut
895 2042 963 2095 ita
1009 2041 1261 2107 dixerim,
1309 2052 1494 2098 contra
1534 2048 1854 2099 sententiam
1885 2060 2036 2099 suam

453 2132 639 2188 venire
678 2132 945 2203 dignatur.
979 2134 1113 2200 Quia
1145 2149 1265 2189 cum
1298 2135 1413 2204 ipse
1450 2134 1664 2199 dixerit,
1697 2136 1915 2217 difficije
1943 2152 2037 2191 eos

455 2224 544 2294 qui
570 2224 821 2293 pecunias
844 2225 1061 2293 habent,
1086 2241 1307 2295 regnum
1324 2226 1548 2296 adipisci
1575 2241 1731 2296 posse
1752 2227 2036 2282 caelorum.

456 2315 597 2370 Ecce
623 2323 675 2370 te
703 2325 757 2370 et
776 2315 861 2370 his
884 2316 1122 2385 dignavit
1156 2316 1208 2370 in
1238 2318 1458 2383 sarculo,
1484 2326 1537 2372 et
1568 2318 1866 2387 provehere
1890 2319 2039 2384 festi-

454 2415 547 2461 nat
591 2406 644 2461 in
690 2421 876 2476 regno.
915 2406 1022 2462 Sed
1057 2416 1233 2463 tamen
1287 2408 1424 2463 idem
1475 2408 1731 2463 Dominus
1778 2411 2037 2465 continuo

457 2498 689 2567 rigorem
723 2500 913 2566 prioris
946 2500 1311 2568 hujuscemodi
1361 2502 1661 2567 sentcntiae,
1714 2517 1872 2571 quam
1910 2518 2039 2572 apo-

457 2591 581 2645 stoli
604 2590 974 2647 vehementius
996 2592 1369 2659 formidabant,
1395 2594 1777 2649 misericordiae
1798 2609 1907 2650 suae
1932 2612 2042 2650 mo-

456 2684 734 2740 deramine
759 2687 1091 2755 temperavit,
1120 2687 1333 2742 dicens:
1358 2688 1510 2755 Quod
1542 2690 1869 2757 impossibile
1895 2701 2039 2746 esset

456 2775 509 2830 in
539 2791 600 2832 se
630 2776 933 2833 hominibus
965 2795 1058 2848 per
1090 2789 1355 2847 naturam,
1412 2781 1664 2848 possibile
1714 2782 1823 2836 Deo
1867 2783 1918 2837 in
1960 2783 2040 2839 eis

454 2883 576 2924 esse
606 2885 700 2940 per
722 2872 944 2941 gratiam
964 2890 975 2925 :
996 2874 1137 2941 quod
1169 2873 1219 2927 in
1246 2882 1317 2941 te,
1349 2874 1432 2928 cui
1466 2876 1613 2943 Operi
1643 2885 1700 2931 ut
1728 2876 1850 2931 totis
1872 2892 2038 2946 usque

454 2956 742 3028 impendiis
771 2975 971 3030 pronus
999 2964 1297 3028 incumbas,
1328 2981 1425 3032 pro
1455 2966 1646 3020 affectu
1673 2977 1868 3022 mulum
1902 2970 2040 3022 cari—

454 3051 578 3106 tatis
605 3052 883 3116 admoneo,
922 3064 978 3108 ut
1005 3056 1075 3110 ita
1100 3056 1315 3112 fabricae
1346 3060 1507 3113 turris
1551 3060 1709 3125 iilius,
1744 3076 1898 3129 quam
1932 3061 2039 3116 Do-

454 3141 629 3197 minus
656 3142 708 3197 in
741 3143 1026 3213 Evangelio
1056 3148 1295 3203 construi
1326 3150 1599 3219 praecepit,
1633 3161 1881 3205 strenuus
1902 3152 2002 3205 :edi
2023 3180 2036 3192 -

2143 1940 2364 1995 multum
2389 1939 2564 2009 gaudii
2592 1940 2786 1993 habere
2804 1939 2912 2008 jam
2938 1941 3159 2009 poteris,
3192 1940 3329 2011 quod
3355 1957 3448 1995 eos
3473 1944 3551 1996 vel
3577 1950 3724 1996 retro

2140 2035 2424 2091 derelictos
2446 2035 2694 2105 respicis,
2730 2038 2810 2089 vel
2844 2036 2894 2089 in
2919 2037 3129 2090 celsiori
3163 2036 3377 2105 Specula
3401 2038 3726 2091 constitutus

2141 2128 2393 2195 despicis,
2426 2138 2478 2181 et
2536 2138 2585 2181 te
2631 2128 2864 2182 evasisse
2896 2128 3124 2182 miraris.
3167 2129 3421 2197 Superest
3466 2139 3519 2181 nt
3569 2129 3726 2183 clavo

2142 2236 2357 2275 manum
2391 2223 2629 2275 inserens
2651 2264 2664 2285 ,
2698 2230 2838 2275 astra
2868 2236 3080 2290 semper
3114 2223 3349 2277 intentus
3380 2223 3637 2291 aspicias,
3673 2231 3727 2277 ct

2141 2312 2211 2366 ita
2257 2324 2443 2382 cmptm
2494 2315 2816 2384 navigationi
2865 2316 3037 2369 velum
3072 2317 3290 2383 pandas,
3340 2332 3403 2369 ne
3452 2326 3502 2371 te
3549 2319 3724 2373 autin

2140 2406 2302 2459 altum
2335 2405 2702 2461 Veltemcntior
2741 2407 2895 2461 flatus
2925 2411 3177 2474 excutiat,
3212 2419 3301 2461 aut
3345 2408 3393 2463 in
3426 2408 3598 2464 vicina
3637 2411 3726 2466 lit-

2142 2499 2345 2552 toribus
2376 2515 2502 2553 saxa
2530 2500 2768 2554 collidat.
2804 2500 2982 2569 Neque
3010 2502 3192 2564 etiam,
3213 2501 3361 2567 juxta
3393 2504 3722 2557 sententiam

2146 2586 2352 2642 Domini
2388 2589 2705 2655 Salvatoris,
2746 2590 2855 2659 jam
2889 2593 3082 2645 stivam
3118 2604 3301 2646 tenens
3329 2593 3493 2647 aratri
3526 2603 3725 2648 retror-

2142 2693 2259 2732 sum
2281 2723 2294 2747 ,
2330 2680 2652 2735 clamoribus
2678 2682 2926 2736 Sodomae
2950 2684 3265 2738 collabentis
3298 2685 3556 2753 percitus,
3587 2684 3723 2739 forte

2143 2771 2437 2838 respiciens
2470 2772 2599 2827 Loth
2635 2773 2858 2828 imiteris
2886 2789 3106 2828 uxorem
3140 2773 3295 2845 (Gen.
3326 2792 3435 2839 xix,
3463 2775 3581 2844 26).
3620 2777 3724 2840 Aut

2142 2863 2208 2917 de
2234 2860 2466 2935 zEgypto
2508 2865 2615 2933 jdm
2669 2866 2958 2934 profectus,
3007 2877 3060 2922 et
3108 2867 3299 2922 fluctus
3344 2867 3507 2922 Rubri
3560 2867 3724 2924 maris

2141 2954 2325 3008 dextra
2384 2956 2622 3027 ltcvaque
2672 2958 2962 3024 pendentes
3016 2958 3213 3029 (Exod.
3242 2970 3348 3023 XVI,
3388 2959 3469 3029 4),
3517 2967 3723 3013 tantum

2144 3047 2239 3100 tibi
2272 3046 2501 3103 ferentis
2523 3049 2801 3113 auxilium,
2835 3060 2885 3104 et
2917 3050 3358 3121 persequentibus
3390 3060 3440 3105 te
3472 3062 3723 3120 parantes

2141 3140 2384 3203 exitium,
2418 3140 2642 3195 Domino
2671 3142 2808 3195 viam
2842 3151 3058 3197 tuamet
3084 3152 3421 3213 praeparante
3454 3151 3510 3198 et
3530 3144 3723 3198 illumi-

455 3232 644 3288 ficator
670 3234 907 3302 insistas,
944 3246 999 3291 ut
1046 3237 1338 3294 adversarii
1388 3242 1457 3294 Ini
1497 3241 1726 3296 habeam
1758 3244 1931 3311 potius
1970 3242 2036 3297 de
2065 3247 2111 3309 ο
2143 3243 2323 3300 omne.
2358 3247 2742 3305 transgressus.
2777 3245 2829 3290 et
2852 3236 3017 3291 eremi
3047 3238 3269 3291 arduum
3304 3237 3403 3292 iter
3433 3239 3718 3308 arripiens,
3746 3234 3773 3245 ”

455 3324 573 3392 ejus
599 3327 927 3394 perfectione
953 3330 1095 3399 quod
1125 3330 1359 3396 doleant,
1392 3348 1550 3402 quam
1588 3334 1654 3389 de
1685 3335 2035 3390 intermissio.

456 3427 550 3480 ne,
583 3415 722 3485 quod
753 3416 981 3473 rideant.

1076 3532 1289 3591 EPIST.
1331 3533 1419 3590 XI.

455 3618 679 3673 Domino
721 3620 924 3676 sublimi
970 3638 1262 3697 semperth
1294 3627 1564 3695 magniﬁco
1595 3627 1743 3697 fratri
1786 3628 2034 3684 Prwsidio

966 3694 1206 3748 Ruricius
1233 3694 1519 3767 episcomts.

522 3780 768 3850 Plerique
795 3783 923 3838 dum
955 3800 1040 3841 me
1064 3786 1205 3855 apud
1230 3786 1555 3843 individuam
1587 3791 1715 3846 mihi
1739 3793 2035 3849 sublimita-

452 3880 558 3928 tem
586 3884 815 3930 vestram
849 3891 954 3932 non
984 3878 1103 3933 vita:
1134 3880 1348 3946 merito,
1372 3881 1466 3935 sed
1486 3883 1841 3939 amicitiarum
1870 3888 2034 3957 privi-

451 3965 589 4036 legio
620 3969 843 4024 multum
872 3986 1028 4040 posse
1057 3973 1359 4041 confidunt,
1386 3980 1849 4035 cmntnt'ndalitias
1874 3995 1903 4034 a
1939 3999 2031 4035 no-

450 4058 564 4125 bis,
614 4061 807 4130 quibus
857 4066 1009 4119 vobis
1037 4077 1382 4132 excusentur,
1432 4068 1732 4138 inquirunt;
1766 4086 1899 4141 quas
1952 4073 2031 4129 eis

451 4164 548 4219 pro
588 4153 749 4207 officii
779 4155 946 4208 nostri
989 4159 1304 4212 necessitate
1334 4174 1526 4228 negare
1565 4177 1669 4216 non
1715 4177 2027 4229 possumus;

453 4254 559 4293 non
584 4245 1014 4312 prnrsumptionis
1041 4247 1281 4310 audacia,
1305 4248 1399 4302 sed
1428 4250 1707 4304 ministerii
1730 4252 2027 4320 disciplina.

451 4329 585 4383 Dum
614 4332 787 4385 etillis
811 4336 1087 4402 praesentis
1110 4337 1230 4391 vitae
1253 4338 1463 4403 solatia,
1489 4350 1541 4394 et
1566 4341 1716 4394 vobis
1745 4342 2030 4410 providere

451 4418 820 4475 desideramus
862 4432 1108 4488 aeternae;
1148 4434 1205 4480 ut
1240 4436 1293 4479 et
1330 4426 1407 4479 illi
1438 4442 1533 4495 per
1574 4429 1882 4495 patientiam
1922 4446 2032 4485 ve—

450 4521 616 4565 stram
647 4524 990 4569 reserventur
1015 4516 1080 4570 ad
1106 4517 1508 4586 paenitentiam;
1539 4530 1591 4572 et
1624 4536 1717 4575 vos
1746 4536 1840 4590 per
1869 4524 2025 4578 mise-

2139 3326 2259 3379 0l|ae
2286 3326 2523 3380 carnium
2555 3325 2873 3393 recorderis,
2901 3339 2990 3383 aut
3020 3343 3219 3400 cmpas,
3258 3345 3374 3398 quas
3406 3330 3458 3384 in
3504 3330 3720 3385 modum

2139 3421 2496 3489 corporalium
2534 3420 2864 3485 voluptatum
2900 3423 3009 3492 ipsa
3062 3422 3140 3476 sui
3174 3423 3427 3493 qualitate
3471 3433 3722 3493 corrupta

2138 3524 2455 3577 noscuntur,
2486 3520 2540 3565 et
2573 3512 2663 3566 feri
2688 3514 2755 3578 la,
2787 3527 2884 3566 nec
2926 3528 3022 3567 usu
3054 3525 3227 3584 grata,
3274 3528 3371 3570 nec
3398 3514 3563 3570 odore
3592 3530 3719 3568 sua-

2135 3603 2241 3667 via,
2276 3618 2371 3658 nec
2394 3604 2684 3659 srabilitate
2713 3616 2962 3660 mansura
2987 3623 3000 3671 ;
3032 3605 3287 3677 quidquid
3314 3609 3363 3662 in
3394 3608 3493 3663 hoc
3523 3611 3722 3664 sarculo

2137 3694 2333 3749 mulcet
2355 3686 2560 3759 auditu,
2586 3695 2854 3751 mollescit
2873 3705 3095 3765 attactu,
3123 3698 3457 3754 lenocinatur
3477 3710 3718 3768 aspectu,

2136 3785 2407 3842 blanditur
2428 3797 2484 3841 ut
2512 3788 2705 3856 capiat,
2733 3788 3019 3843 famulatur
3039 3799 3093 3843 ut
3124 3798 3330 3855 teneat,
3363 3789 3514 3844 illicit
3544 3799 3599 3844 ut
3626 3805 3719 3845 oc-

2136 3877 2299 3933 cidat.
2328 3876 2458 3932 Nam
2489 3891 2861 3949 quamcunque
2890 3894 3083 3949 capere
3108 3879 3342 3935 volueris
3364 3882 3713 3951 voluptatem,

2134 3980 2413 4042 permanet
2441 3972 2583 4041 quod
2619 3973 2831 4041 puniat,
2866 3974 3099 4041 praeterit
3119 3977 3259 4045 quod
3293 3975 3560 4040 delectat;
3604 3973 3717 4028 du'-

2133 4064 2266 4117 cedo
2296 4063 2513 4134 fugitiva
2561 4064 2867 4135 pertransit,
2927 4066 3251 4120 conscientia
3293 4065 3603 4120 daunzttnra
3635 4067 3720 4119 vel

2134 4156 2431 4209 damnanda
2465 4156 2733 4211 subsistit.
2770 4154 2896 4211 inde
2919 4157 3080 4211 etiam
3114 4155 3245 4211 dicit
3273 4156 3527 4212 Salomon
3557 4175 3571 4211 :
3598 4156 3723 4211 Lin-

2134 4264 2235 4314 gua
2287 4247 2565 4300 meretricis
2595 4249 2694 4302 mel
2735 4249 2932 4316 stillat;
2984 4250 3037 4303 in
3063 4251 3334 4304 novissima
3384 4261 3555 4305 autem
3606 4251 3718 4303 die-

2134 4338 2225 4391 bus
2266 4340 2569 4392 amariorem
2615 4338 2733 4409 felle
2762 4342 2981 4397 invenies
3008 4356 3121 4396 eam
3172 4342 3353 4416 (Prov.
3377 4358 3429 4407 v,
3457 4341 3533 4414 3).
3564 4343 3719 4409 Quod

2136 4440 2310 4484 tamen
2342 4429 2683 4487 nihilominus
2703 4443 2756 4487 et
2779 4434 2893 4503 ipse
2919 4450 3037 4489 cum
3064 4434 3396 4505 prredisisset
3417 4480 3429 4502 ,
3463 4436 3711 4489 incurrit.

2134 4522 2347 4579 Etideo
2378 4523 2497 4579 vide
2524 4526 2663 4595 quod
2703 4527 2900 4582 malum
2930 4528 3027 4595 sit,
3059 4525 3225 4582 frater
3249 4526 3546 4593 carissime,
3572 4526 3716 4596 quod

452 4604 736 4659 ricordiam
786 4609 1105 4676 perveniatis
1142 4610 1209 4665 ad
1261 4610 1490 4665 veniam.
1544 4612 1689 4667 Sicut
1727 4614 1856 4669 dicit
1882 4615 2026 4670 Scri-
2053 4626 2110 4687 Ι)
2132 4617 2255 4671 dum
2289 4618 2609 4683 detestatur,
2643 4618 2976 4687 admittitur;
3000 4620 3127 4675 dum
3161 4619 3444 4690 refugitur,
3472 4619 3558 4674 vix
3580 4620 3719 4672 vita-

452 4704 604 4765 ptura
649 4699 833 4763 :Quia
866 4699 1126 4769 judicium
1174 4702 1283 4755 sine
1317 4701 1665 4757 misericordia
1716 4707 1812 4758 erit
1837 4706 1913 4759 illi
1942 4709 2027 4777 qui

453 4804 555 4841 non
577 4789 754 4855 fecerit
786 4790 1189 4845 misericordiam
1211 4791 1353 4863 (Jac.
1381 4810 1437 4861 ll,
1465 4792 1575 4866 13).
1596 4796 1724 4864 Quia
1749 4798 1836 4868 qui
1860 4798 2022 4852 dixit:

450 4880 659 4934 Dimitte
709 4897 755 4936 et
804 4883 1082 4938 dimittitur
1128 4887 1265 4940 vobis
1325 4887 1474 4959 (Luc.
1540 4906 1617 4958 vr,
1667 4890 1782 4961 58),
1843 4892 2027 4961 prt‘cul

448 4973 640 5039 dubio,
670 4964 825 5042 quem
855 4976 1046 5031 viderit
1072 4976 1158 5032 hic
1186 4978 1359 5033 facere
1383 4980 1522 5050 quod
1556 4984 1835 5051 prmcepit,
1862 4985 1913 5037 in
1942 4982 2025 5036 fu-

449 5074 567 5119 turo
594 5070 836 5124 restituet
856 5071 995 5138 quod
1021 5072 1285 5140 promisit.
1310 5072 1471 5127 Nobi~
1494 5076 1635 5128 enim
1661 5076 1801 5130 illius
1827 5078 2023 5132 veritas

447 5167 792 5226 praesto‘est;
827 5161 905 5215 illi
937 5162 1067 5218 fides
1112 5172 1292 5219 nostra
1328 5181 1429 5218 non
1463 5166 1619 5220 desit.
1666 5166 1817 5223 Unde
1849 5170 2020 5223 mani-

446 5249 731 5305 festissime
778 5252 1003 5320 potestis
1046 5253 1326 5309 advertere
1366 5256 1752 5313 absolutionem
1798 5258 2024 5314 miscro-

445 5354 562 5393 rum
603 5350 926 5406 vestrorum,
958 5358 1080 5399 esse
1121 5346 1497 5417 indulgentiam
1546 5360 1915 5417 peccatorum;
1970 5359 2024 5406 et

447 5432 548 5487 hoc
566 5434 753 5489 vestris
772 5434 1153 5493 conferendum
1174 5442 1444 5509 precibus,
1469 5442 1608 5511 quod
1634 5459 1725 5497 vos
1758 5446 2022 5514 praestite-

445 5527 562 5583 ritis
587 5528 804 5591 alienis;
840 5528 990 5597 juxta
1034 5531 1202 5600 ipsius
1232 5532 1282 5586 in
1320 5533 1613 5602 Evangelio
1656 5537 2015 5590 sententiam:

448 5618 561 5683 Quo
580 5620 779 5689 judicio
798 5620 1170 5693 judicaveritis,
1205 5624 1527 5695 judicabitur
1547 5627 1609 5681 de
1638 5628 1773 5681 vobis
1796 5626 2013 5698 (Matth.

518 5805 546 5837 ⁸
570 5796 683 5856 Vox
712 5800 989 5857 mendosa.

2133 4718 2236 4765 tur.
2262 4708 2413 4765 Unde
2435 4721 2483 4765 et
2512 4720 2596 4773 tu,
2626 4712 2762 4765 sicut
2789 4710 2918 4766 dicit
2945 4710 3222 4778 Scriptura
3242 4755 3255 4777 ,
3290 4710 3444 4766 Omni
3479 4714 3716 4766 custodia

2130 4820 2272 4855 serra
2294 4818 2379 4855 cor
2400 4812 2543 4855 tuum
2574 4801 2754 4876 (Prov.
2787 4818 2859 4865 tv,
2890 4804 3005 4871 ‘25),
3029 4804 3307 4858 etdiscute
3330 4805 3714 4858 conscientiam

2132 4904 2298 4961 luant,
2322 4911 2387 4947 ne
2413 4895 2553 4949 unde
2577 4895 2754 4951 exisse
2773 4895 2970 4951 videris
2992 4905 3232 4965 aspectu,
3263 4895 3468 4951 haerens
3486 4896 3713 4949 affectu:

2131 4984 2237 5039 Sed
2279 4983 2429 5040 dicas
2474 4984 2649 5055 potius
2699 4986 2922 5041 Domino
2969 5002 3088 5042 cum
3124 4987 3432 5057 prepbeta:
3484 4987 3719 5041 Att/ursi:

2130 5075 2301 5129 anima
2352 5092 2461 5130 mea
2510 5088 2621 5147 post
2675 5088 2740 5143 te,
2770 5094 2847 5131 me
2898 5086 3075 5134 autem
3108 5082 3327 5148 suscepit
3376 5080 3583 5134 dextera
3629 5090 3719 5131 tua
3784 5109 3788 5113 -

2132 5164 2303 5235 (Psal.
2341 5182 2465 5230 an,
2496 5168 2571 5238 9).
2607 5167 2701 5222 Vel
2733 5168 2859 5222 illud
2906 5170 3066 5223 etiam
3100 5187 3111 5225 ε
3144 5169 3277 5223 Mihi
3318 5179 3488 5223 autem
3532 5168 3712 5222 adluv-

2132 5276 2241 5313 rere
2268 5258 2375 5312 Deo
2406 5261 2589 5314 bonum
2619 5271 2711 5328 est,
2744 5278 2932 5332 ponere
2964 5263 3017 5316 in
3047 5262 3151 5316 Deo
3178 5278 3317 5329 spem
3344 5278 3508 5316 meam
3536 5258 3710 5333 (Psal.

2129 5365 2291 5413 Lxxn,
2322 5350 2436 5420 28).
2472 5350 2539 5405 Ut
2586 5361 2784 5421 quanto
2836 5354 3038 5420 labore,
3098 5362 3405 5423 quantaque
3460 5351 3715 5406 instantia

2129 5442 2365 5496 militasti
2408 5443 2627 5505 sreculo,
2673 5444 2873 5497 servias
2901 5445 3041 5510 Deo;
3070 5443 3283 5499 dicente
3314 5442 3591 5512 Apostolo,
3623 5443 3711 5497 vel

2128 5544 2375 5591 monente
2404 5552 2417 5589 :
2452 5534 2751 5589 Humanum
2780 5537 2913 5603 dico,
2939 5546 3145 5605 propter
3172 5535 3518 5605 inﬁrmitatem
3540 5535 3713 5590 carnis

2124 5638 2317 5681 vestrm.
2352 5626 2496 5681 Sicut
2527 5626 2658 5680 enim
2704 5627 3001 5683 exhibuistis
3040 5626 3262 5682 membra
3318 5633 3482 5679 vestra
3521 5624 3713 5680 servire
