4080 6350
347 378 416 436 95
1612 364 2094 426 EPISTOLARUM
2137 366 2262 421 LIB.
2303 367 2368 423 ll.
3566 354 3635 414 94

342 491 693 545 immunditiis
722 497 769 544 et
816 486 1071 557 iniquitati
1096 500 1113 539 :
1147 486 1213 539 ita
1267 500 1400 537 nunc
1450 482 1675 537 exhibete
1720 480 1947 536 membra
1976 478 2027 544 Α
2055 491 2258 536 aeterno
2285 492 2337 536 et
2366 497 2493 535 vero
2519 481 2705 536 Judiee
2735 482 2957 545 dictum,
2983 480 3123 551 quod
3153 479 3255 535 nisi
3280 494 3344 533 ex
3369 466 3530 532 corde
3551 474 3633 528 di.

341 594 510 637 vestra
541 582 727 637 servire
761 581 981 655 justitia:
1028 581 1080 631 in
1127 577 1599 644 sanctiﬁcationem.
1633 574 1760 628 Cum
1803 575 1937 628 enim

340 677 478 730 servi
518 675 696 729 essetis
737 673 954 743 peccati,
988 670 1132 725 liberi
1161 669 1318 723 eratis
1354 668 1591 742 justitia'.
1620 666 1781 733 Quem
1821 682 1939 738 ergo

340 770 574 838 fructum
604 764 853 819 habuistis
902 773 1056 827 tunc,
1099 763 1154 815 in
1207 761 1385 831 quibus
1434 776 1572 813 nunc
1616 759 1941 813 erubescitis?

340 859 491 914 Nam
518 859 638 928 ﬁnis
657 859 865 913 illorum
885 873 1022 910 mors
1062 865 1153 909 est.
1189 852 1344 908 Nunc
1370 870 1485 908 vero
1508 852 1707 908 liberati
1745 869 1777 905 a
1822 867 1940 923 pec-

337 961 482 1013 cato.
518 951 646 1006 servi
690 961 862 1005 autem
891 949 1013 1020 {acti
1043 946 1174 1015 Deo,
1208 946 1404 1001 habetis
1449 950 1672 1018 fructum
1717 954 1939 999 vestrum

336 1044 389 1098 in
417 1043 913 1112 sanctiﬁcationem,
952 1040 1106 1108 ﬁnem
1133 1056 1249 1094 vero
1279 1039 1437 1092 vitam
1472 1048 1717 1093 teternam
1757 1036 1937 1108 (Rom.

339 1153 417 1201 γι,
467 1135 582 1203 19).
620 1135 903 1202 Patientia,
943 1132 1110 1188 frater
1134 1132 1436 1195 carisime,
1465 1147 1569 1186 non
1613 1132 1829 1186 nomine
1858 1138 1942 1185 est

336 1226 712 1295 suscipienda,
736 1226 829 1280 sed
858 1240 1053 1297 opere;
1079 1239 1182 1280 non
1203 1240 1297 1279 ore
1316 1225 1691 1279 tantummodo
1708 1224 1935 1293 agenda,

336 1320 435 1373 sed
464 1319 650 1374 corde.
688 1318 882 1373 Verum
912 1326 1013 1377 est.
1062 1317 1202 1389 quod
1232 1316 1369 1373 sicut
1403 1327 1654 1387 utroque,
1705 1316 1806 1371 hoc
1836 1324 1939 1380 est,

339 1412 609 1467 interiore
661 1419 713 1465 et
763 1410 1034 1465 exteriore
1082 1410 1298 1463 homine
1344 1408 1724 1479 delinquimus.
1784 1411 1850 1461 ita
1887 1416 1942 1463 et

337 1514 580 1574 utroque
611 1504 874 1573 paenitere
900 1502 1191 1566 debemus;
1224 1512 1300 1565 ut,
1328 1504 1465 1557 sicut
1487 1501 1617 1556 dicit
1649 1501 1790 1555 idem
1820 1516 1942 1569 apo-

338 1595 553 1659 stolus;
584 1593 748 1651 Corde
790 1594 1016 1649 creditur
1044 1593 1113 1647 ad
1143 1593 1429 1666 justitiam,
1480 1610 1563 1647 ore
1603 1602 1774 1646 autem
1820 1609 1942 1644 coa-

338 1689 503 1760 [essio
535 1688 594 1758 fit
621 1688 675 1743 in
718 1687 935 1743 salutem
969 1702 986 1742 :
1016 1686 1090 1742 ita
1128 1687 1355 1757 gemitus
1395 1701 1492 1742 cor
1537 1696 1776 1741 nostrum
1814 1699 1943 1740 con-

338 1783 982 1853 scientiacompung'ente
1005 1782 1295 1851 concipiat,
1313 1793 1369 1836 ut
1394 1795 1486 1835 eos
1505 1793 1563 1833 os
1587 1790 1829 1835 nostrum
1848 1795 1942 1847 per

2047 572 2350 629 miserimus
2381 573 2650 636 fratribus,
2700 574 2853 627 nobis
2900 573 3095 626 dimitti
3143 588 3246 626 non
3284 570 3491 624 debeat.
3527 567 3633 623 Ila-

2044 669 2180 723 betis
2217 670 2395 736 itaque
2431 670 2773 736 sponsionem
2806 683 3000 733 meam,
3055 664 3262 720 reddite
3312 663 3439 717 mihi
3473 660 3631 717 fidem

2042 772 2300 817 vestram.
2335 761 2467 828 Quia
2524 761 2574 815 in
2631 761 2855 831 epistola
2892 775 3006 814 mea
3039 758 3221 828 procul
3260 757 3423 812 dubio
3452 757 3634 811 vincu-

2043 857 2153 911 lum
2185 856 2329 926 quod
2365 855 2635 925 elegeritis
2666 854 2874 909 habetis
2910 873 2920 906 :
2954 865 3045 907 aut
3071 853 3330 915 caritatis,
3364 852 3505 921 quod
3539 867 3630 906 sa-

2046 950 2272 1005 lubriter
2302 950 2635 1018 constringat
2664 954 2711 1001 et
2741 945 3030 1009 custodiat;
3075 944 3164 999 aut
3196 945 3452 1011 perfidiae,
3483 942 3625 1013 qnml

2045 1040 2381 1110 culpabiliter
2428 1041 2664 1094 innectat
2704 1049 2754 1093 et
2790 1037 2997 1108 perdat.
3031 1038 3139 1092 Nec
3169 1038 3294 1090 mihi
3336 1037 3534 1105 aliquid
3568 1034 3634 1089 de

2040 1134 2222 1203 judice
2271 1133 2463 1201 prioris
2516 1133 2774 1202 temporis
2806 1132 3102 1199 imputetis,
3136 1132 3255 1199 quia
3306 1130 3633 1185 delinilionis

2047 1244 2179 1281 metu
2206 1236 2316 1290 est,
2354 1226 2405 1280 in
2437 1226 2670 1281 C(lmllllS
2694 1242 2914 1280 servare
2949 1226 3313 1289 Concordiam,
3341 1235 3392 1280 et
3414 1225 3466 1278 in
3495 1222 3631 1293 india

2046 1322 2143 1377 ciis
2169 1331 2347 1375 tenere
2372 1337 2676 1374 censuram.
2704 1319 2835 1373 Illud
2867 1319 3025 1373 etiam
3059 1317 3377 1388 peculiarius
3406 1318 3632 1388 gaudeo,

2046 1414 2186 1486 quod
2213 1431 2305 1471 vos
2340 1415 2389 1469 in
2416 1414 2676 1483 integram
2701 1410 2902 1467 domini
2932 1422 2986 1467 et
3006 1412 3186 1467 fratris
3216 1411 3319 1467 mei
3364 1412 3635 1467 familiaria

2047 1516 2208 1561 tatem
2240 1506 2466 1561 rediisse
2514 1507 2759 1575 cognovi.
2804 1505 3065 1574 Superest
3112 1506 3351 1573 utquod
3396 1505 3536 1559 illius
3583 1507 3637 1564 in

2046 1598 2190 1653 bono
2221 1597 2408 1652 tribuit
2438 1598 2627 1668 gratia,
2658 1606 2838 1651 vestra
2868 1597 2920 1650 in
2948 1596 3177 1652 Domino
3204 1596 3472 1652 custodiat
3498 1595 3525 1633 ἀ
3558 1597 3636 1650 in-

2050 1692 2296 1761 sequilla.

2646 1782 2861 1839 EPIST.
2905 1782 3045 1838 XIV.

338 1874 747 1930 confessionem
787 1874 1120 1930 confusionis
1162 1873 1419 1928 effundat.
1451 1872 1939 1943 Quinquagesimus
1969 1893 2021 1955 Β
2050 1874 2283 1930 Domina:
2313 1875 2583 1955 venerabili
2614 1884 2657 1929 et
2684 1876 2739 1955 in
2764 1872 2965 1955 Christo
2988 1875 3216 1955 _Domino
3247 1876 3641 1945 magniﬁcentia

341 1983 481 2024 vero
514 1967 771 2036 psalmus,
806 1968 894 2038 qui
930 1966 1247 2037 ptenitudini
1276 1966 1483 2021 dicatus
1528 1969 1724 2035 pariter
1762 1973 1816 2019 et
1854 1979 1940 2019 re-

343 2061 617 2127 missioni,
649 2060 736 2116 die
766 2067 1034 2129 noctuque
1062 2075 1183 2114 cum
1208 2058 1380 2127 rugitu
1408 2058 1640 2127 fletuque
1670 2063 1937 2123 cantetur,

343 2160 405 2207 ut
427 2169 559 2208 vere
589 2160 642 2207 et
685 2152 970 2208 salubriter
993 2152 1093 2206 dici
1130 2151 1297 2221 possit
1328 2170 1338 2203 :
1376 2152 1652 2221 littgit’battt
1683 2168 1713 2203 a
1751 2151 1941 2221 gemitu

344 2247 522 2301 cordis
572 2246 668 2299 mei
714 2245 888 2315 (Psal.
946 2260 1147 2308 xxxvn,
1190 2242 1269 2314 9).
1306 2244 1411 2297 Et:
1462 2241 1771 2313 Ittiqttitalrs
1805 2257 1941 2294 meas

345 2355 441 2411 ego
464 2355 685 2411 agnosco
716 2335 890 2405 (Psal.
926 2353 975 2399 ι,
1022 2335 1098 2406 5).
1134 2334 1234 2389 Et:
1292 2332 1543 2389 Delirtum
1570 2350 1737 2387 nteant
1765 2342 1942 2386 contra

346 2449 430 2485 me
466 2442 538 2485 est
587 2446 783 2501 semper
842 2428 1051 2501 (lbitl.).
1114 2426 1207 2482 Vel
1267 2427 1391 2480 illud
1448 2425 1607 2480 eziam
1644 2444 1657 2480 :
1690 2424 1944 2488 Quoniam

350 2523 669 2593 iniquitatem
696 2537 859 2575 meam
893 2537 982 2589 ego
1016 2519 1294 2587 pronuntio
1345 2528 1391 2569 et
1434 2516 1663 2587 cogitabo
1706 2532 1797 2587 pro
1828 2529 1943 2583 pec-

353 2623 467 2669 cato
503 2631 613 2669 meo
642 2615 817 2685 (Psal.
842 2628 1040 2676 xxxvn,
1079 2612 1187 2681 I9).
1220 2612 1313 2665 llic
1355 2611 1495 2666 enim
1528 2619 1649 2664 ante
1692 2624 1788 2663 nos
1820 2624 1944 2678 pec-

357 2716 476 2761 cata
506 2716 688 2761 nostra
722 2721 843 2760 esse
871 2706 1092 2768 debent,
1123 2715 1176 2758 ut
1221 2706 1271 2758 in
1323 2714 1579 2758 :eternum
1628 2711 1814 2756 contra
1844 2715 1943 2755 nos
1986 2740 2007 2751 ..

357 2816 475 2856 esse
503 2815 606 2854 non
641 2800 870 2869 possint.
906 2801 1038 2867 Quia
1071 2800 1141 2853 ita
1174 2799 1369 2868 legitur
1398 2797 1449 2850 in
1486 2793 1761 2864 pr0phetis
1796 2812 1807 2848 :
1848 2794 1943 2846 Dic

362 2905 413 2947 tu
444 2894 578 2964 prior
597 2894 888 2962 iniquitates
910 2902 1048 2960 tuas,
1080 2902 1132 2946 ut
1152 2891 1442 2959 iustiﬁceris
1469 2888 1623 2959 (lsai.
1655 2904 1804 2949 XLIII,
1827 2888 1939 2954 26).

358 2985 401 3041 Α
429 3003 531 3058 quo
563 2986 767 3054 priores
812 2986 1007 3040 dicturi
1039 3001 1223 3039 sumus
1256 2984 1558 3054 iniquitates
1607 2990 1817 3035 nostras
1852 2994 1945 3033 co-

357 3094 468 3134 ram
502 3076 727 3133 Domino
758 3080 840 3133 vel
892 3077 1187 3147 prolaturi?
1232 3076 1565 3130 nisidiabolo
1598 3076 1801 3143 utique,
1852 3071 1940 3142 qui

359 3170 671 3226 delictorum
699 3180 751 3225 et
779 3171 1026 3225 incentor
1050 3179 1133 3225 est
1166 3176 1220 3225 et
1259 3168 1505 3223 delator:
1550 3167 1666 3235 Ipse
1706 3167 1847 3220 etiim
1888 3174 1945 3219 ιιι

2316 1947 2439 2014 ﬁlia:
2472 1944 2742 2002 Ceraunia:
2771 1957 2796 1985 θ
2825 1946 3062 2001 Ruricius
3092 1944 3381 2019 episcOpus.

2120 2058 2187 2115 Ut
2233 2058 2492 2129 pictorem
2532 2058 2684 2113 vobis
2726 2070 2879 2114 antea
2914 2075 3019 2113 non
3061 2060 3479 2114 transmitterem
3528 2059 3641 2115 IKBG

2054 2152 2070 2189 τ
2098 2151 2313 2217 refecit;
2342 2151 2460 2221 quia
2480 2152 2713 2205 adventu
2737 2151 2858 2205 novi
2878 2151 3075 2221 judicis
3107 2160 3157 2205 te
3184 2160 3494 2221 occupatam
3523 2166 3643 2207 esse

2046 2244 2270 2308 credidi,
2300 2252 2460 2311 atque
2485 2244 2557 2297 ita
2579 2243 2911 2308 deterritam,
2942 2253 2999 2295 ιιι
3020 2242 3086 2299 de
3110 2243 3191 2298 his
3220 2245 3379 2300 rebus
3408 2246 3644 2313 cogitare

2049 2354 2152 2392 non
2185 2337 2380 2406 possis.
2434 2335 2537 2393 Sed
2570 2352 2688 2405 qua:
2716 2336 2827 2391 Deo
2869 2337 3100 2406 pmpitio
3138 2351 3232 2391 vos
3270 2345 3325 2392 et
3363 2337 3556 2395 litteris
3590 2346 3644 2392 et

2048 2431 2307 2484 relatione
2371 2439 2671 2483 vestrorum
2720 2444 2785 2484 ex
2841 2427 3101 2484 sententia
3150 2443 3312 2498 agere
3357 2443 3421 2484 ac
3468 2430 3645 2485 valere

2047 2520 2303 2591 cognovi.
2348 2521 2667 2575 salutatione
2716 2520 2966 2590 praelata,
3016 2520 3306 2589 pictorem,
3354 2521 3643 2591 quamlibet

2049 2616 2134 2671 hic
2177 2628 2316 2671 esset
2357 2626 2668 2681 occupatus,
2699 2630 2819 2669 cum
2870 2612 3133 2681 discipulo
3177 2614 3474 2679 destinavi;
3522 2614 3643 2682 quia

2048 2708 2210 2763 malui
2262 2722 2395 2763 mete
2422 2706 2703 2762 detrahere
2755 2706 3083 2769 necessitati,
3131 2706 3271 2760 unde
3318 2716 3509 2761 vestrae
3560 2721 3645 2760 sa-

2048 2802 2349 2858 tisfacerem
2384 2802 2645 2871 petitioni.
2674 2801 2778 2855 Sed
2806 2801 2925 2871 quia
2958 2810 3010 2856 et
3041 2794 3369 2871 propositum
3405 2810 3639 2855 vestrum

2047 2905 2101 2949 et
2128 2903 2370 2949 nostr-im
2402 2894 2573 2962 poscit
2597 2892 2853 2957 ofﬁcium,
2879 2892 2961 2945 his
2984 2892 3383 2947 venerationem
3410 2901 3643 2947 vestram

2050 2989 2233 3057 paucis
2264 3003 2483 3042 monere
2515 2987 2851 3055 praesumpsi,
2886 2995 2946 3041 ut
2984 3000 3150 3054 opere
3193 2986 3342 3041 illius
3368 2987 3434 3040 ad
3477 3002 3643 3055 agen-

2048 3079 2170 3133 dam
2213 3079 2611 3149 paenitentiam,
2655 3090 2708 3133 et
2742 3094 2875 3131 nova
2908 3080 3030 3132 novi
3064 3078 3294 3133 hominis
3325 3080 3646 3135 vestimenta

2048 3175 2305 3227 sumenda
2336 3173 2517 3242 capias
2555 3173 2883 3240 exemplum,
2923 3188 3028 3241 qtto
3060 3173 3267 3227 facilius
3299 3174 3348 3227 in
3392 3184 3443 3228 te
3472 3174 3641 3230 Adam

362 3277 640 3332 peccemus
668 3262 906 3332 instigat,
939 3262 1052 3332 ipse
1078 3276 1197 3317 cum
1230 3260 1649 3329 peccaverimus,
1691 3265 1938 3322 accusat;
1969 3272 2016 3334 ρ
2048 3275 2287 3321 vetustus
2338 3268 2583 3332 intereat,
2629 3273 2683 3320 et
2726 3264 3023 3319 vivificator
3064 3274 3343 3334 exsurgat;
3392 3266 3647 3333 quemad.

363 3364 418 3409 ut
447 3354 565 3409 ideo
587 3356 639 3409 in
664 3353 1010 3410 confessione
1041 3352 1326 3408 criminum
1371 3366 1400 3405 a
1446 3351 1600 3405 nobis
1651 3348 1945 3420 prurvenia-

360 3454 445 3501 tur
474 3446 525 3500 in
549 3446 771 3512 saeculo,
806 3460 873 3501 ne
904 3454 1089 3501 contra
1118 3459 1217 3499 nos
1241 3443 1434 3498 habeat
1464 3443 1603 3512 quod
1630 3441 1868 3513 proferat
1893 3444 1941 3497 in

360 3537 557 3605 futuro.

950 3615 1342 3698 splsuxut.

361 3726 668 3782 Beatissimis
709 3735 756 3781 et
804 3728 856 3781 in
886 3724 1089 3781 Christo
1138 3724 1503 3780 uenerabilibus
1552 3725 1799 3791 fratribus
1828 3721 1945 3779 Fae-

437 3798 611 3852 damio
641 3807 667 3836 ι
707 3808 754 3851 et
796 3797 955 3851 Vilico
985 3796 1285 3867 presbyteris
1311 3795 1547 3849 Ruricius
1576 3797 1861 3865 episcopus.

424 3911 731 3981 Quamlibet
759 3911 966 3966 litteras
999 3909 1347 3965 fraternitatis
1378 3918 1570 3964 vestra:
1602 3924 1696 3978 per
1725 3908 1751 3946 δ
1774 3910 1950 3963 subsi-

362 4010 638 4065 diaconem
663 4010 978 4064 contimtum
1004 4025 1106 4063 non
1133 4011 1488 4080 perciperem,
1518 4018 1695 4063 tamen
1729 4007 1824 4060 has
1850 4020 1950 4074 ego

360 4116 418 4155 ac
448 4118 543 4168 per
573 4102 747 4172 ipsum
778 4101 843 4153 ad
890 4116 987 4156 vos
1008 4100 1197 4154 affectu
1228 4100 1517 4170 instigante
1566 4100 1775 4164 direxi;
1810 4108 1866 4152 ut
1897 4106 1952 4152 et

361 4196 627 4251 desiderio
673 4196 1057 4260 satisfacerem,
1101 4205 1155 4249 et
1202 4193 1469 4250 scribendi
1523 4192 1723 4246 aditum
1781 4191 1950 4260 prius,

361 4288 506 4355 prior
534 4297 749 4357 utpote,
785 4285 1163 4356 patefacerem,
1209 4301 1275 4340 ne
1306 4286 1357 4338 in
1388 4292 1661 4355 posterum
1693 4283 1841 4338 locus
1869 4297 1956 4336 re-

364 4379 693 4450 linqueretur
720 4376 1049 4432 excusationi
1072 4396 1086 4443 ;
1119 4386 1172 4432 et
1196 4391 1279 4431 res
1306 4376 1616 4443 voluntatis,
1642 4373 1958 4429 diffidentia:

364 4479 415 4524 et
473 4466 811 4524 verecundiae
856 4483 975 4523 esse
1038 4467 1327 4522 diceretur.
1378 4467 1615 4522 Salutem
1678 4466 1853 4535 itaque
1904 4464 1958 4517 in

366 4562 575 4616 Christo
606 4560 835 4614 Domino
867 4560 1146 4629 plurimam
1178 4559 1300 4613 dico
1328 4559 1641 4613 beatitudini
1666 4568 1877 4623 vestras,
1903 4565 1959 4612 et

2050 3359 2268 3414 modmn
2300 3357 2391 3412 ille
2425 3357 2660 3426 parietes
2689 3356 2852 3410 variis
2879 3355 3123 3410 colorum
3168 3355 3302 3411 fucis
3333 3357 3644 3412 multimoda

2048 3462 2163 3507 arte
2208 3450 2479 3521 depingit,
2532 3450 2600 3503 ita
2648 3462 2745 3502 vos
2797 3447 3031 3502 animam
3083 3458 3353 3513 vestram,
3403 3464 3521 3517 qua:
3568 3458 3649 3506 est

2052 3543 2306 3612 templum
2340 3540 2466 3607 Dei,
2504 3539 2731 3595 diversis
2762 3540 3019 3607 virtutum
3052 3540 3340 3609 generibus
3368 3540 3648 3608 excolatis,

2052 3646 2109 3691 ut
2158 3652 2283 3691 sere
2327 3635 2394 3689 de
2447 3635 2671 3703 spiritali
2722 3634 2885 3689 domo
2942 3642 3115 3689 vestra
3169 3633 3485 3702 spiritaliter
3526 3649 3647 3687 cum

2054 3732 2312 3799 propheta
2360 3728 2541 3782 dicere
2587 3726 2803 3796 possitis
2848 3743 2860 3778 :
2917 3724 3152 3794 Domine,
3206 3726 3364 3780 dilexi
3421 3727 3650 3779 decorem

2053 3821 2376 3875 habitationis
2404 3834 2522 3887 tute,
2545 3831 2591 3875 et
2621 3823 2786 3873 locum
2809 3820 3134 3874 habitationis
3155 3820 3336 3889 gloria:
3356 3830 3457 3874 tute
3479 3820 3649 3889 (Psal.

2051 3932 2178 3979 xxv,
2210 3916 2278 3979 8;
2309 3916 2419 3967 Act.
2454 3930 2547 3977 vn,
2575 3914 2687 3981 48).
2738 3912 2871 3980 Quia
2901 3913 3194 3967 secundum
3249 3913 3415 3980 ipsius
3443 3913 3651 3973 Domini

2057 4012 2225 4065 nostri
2274 4011 2593 4064 sententiam
2616 4052 2631 4074 ,
2678 4009 2796 4062 Non
2837 4010 2891 4062 in
2922 4024 3075 4061 manu
3107 4009 3261 4078 factis
3291 4009 3481 4060 habitat
3516 4007 3653 4062 Deus

2056 4104 2192 4175 (Act.
2220 4118 2351 4165 xvu,
2373 4102 2489 4168 94),
2524 4117 2622 4156 nec
2654 4102 2707 4155 in
2738 4101 3098 4155 tabernaculis
3131 4101 3228 4175 viri
3256 4101 3653 4169 beneplacitum

2055 4198 2136 4263 ei;
2174 4196 2268 4250 sed
2308 4192 2703 4263 beneplaritnm
2733 4203 2815 4246 est
2850 4191 2899 4246 ei
2928 4207 3092 4261 super
3125 4192 3379 4246 timentes
3414 4207 3493 4257 se,
3521 4202 3573 4246 et
3602 4195 3653 4248 in

2057 4304 2122 4343 eo
2154 4289 2239 4357 qui
2281 4296 2463 4357 sperat
2504 4284 2555 4337 in
2596 4284 2986 4338 misericordia.
3043 4286 3105 4335 Et
3158 4285 3268 4350 ipse
3313 4284 3503 4337 iterum
3554 4300 3652 4339 nos

2061 4398 2155 4451 per
2180 4380 2491 4450 prophetam
2525 4378 2719 4431 docere
2754 4377 3005 4447 dignatur
3031 4396 3042 4428 :
3070 4375 3260 4431 Caelum
3289 4377 3414 4429 mihi
3445 4376 3655 4432 thrrnus

2061 4486 2155 4540 est,
2181 4484 2316 4527 terra
2342 4482 2507 4526 autem
2536 4469 2813 4525 seabellum
2835 4472 3023 4545 pedum
3054 4487 3281 4523 meorum
3308 4486 3324 4523 :
3347 4488 3499 4541 quant
3532 4472 3656 4525 mihi

2063 4570 2232 4622 sedem
2278 4566 2638 4636 tediﬁcabitis,
2711 4575 2799 4617 aut
2847 4565 2961 4634 quis
2988 4566 3081 4618 erit
3144 4566 3281 4618 locus
3331 4566 3656 4635 requirtionis

366 4668 542 4722 spero,
595 4662 656 4705 ut
701 4666 807 4717 me,
858 4652 996 4705 sicut
1025 4650 1178 4705 decet
1207 4650 1599 4705 ecclesiasticos
1629 4651 1793 4713 viros,
1845 4664 1948 4702 non

2060 4676 2199 4723 meat,
2248 4674 2413 4712 nonne
2461 4657 2567 4709 hwc
2609 4656 2781 4710 omnia
2823 4656 2941 4725 fecit
2985 4672 3168 4709 manus
3214 4657 3361 4710 mea?
3388 4665 3477 4709 aut
3506 4671 3655 4723 super

369 4742 548 4809 labiis,
580 4740 675 4797 sed
706 4741 869 4797 corde
894 4741 1160 4812 diligatis;
1193 4752 1247 4797 et
1284 4743 1347 4796 de
1380 4756 1465 4796 me
1494 4744 1716 4796 caritate
1744 4740 1953 4795 sincera

370 4834 420 4889 in
449 4836 688 4906 alloquio
736 4834 958 4906 pristina
1009 4836 1189 4889 dicere
1236 4834 1591 4904 praesumatis.
1619 4834 1753 4902 Quia
1791 4835 1833 4886 si
1868 4835 1957 4888 illa

374 4926 554 4982 fuisset
604 4941 753 4993 vera,
798 4936 1201 4996 permanserat;
1256 4927 1394 4981 etsi
1444 4929 1630 4981 fuisset
1663 4938 1684 4967 ο
1733 4935 1953 4993 mutata,

373 5034 569 5079 mutata
618 5036 725 5076 non
757 5019 951 5074 fuerat.
995 5023 1035 5073 A
1066 5019 1217 5089 cujus
1249 5028 1426 5073 tamen
1466 5018 1621 5074 fuerit
1656 5028 1807 5088 parte
1837 5035 1955 5074 mu-

377 5125 499 5182 tata,
528 5124 582 5171 et
612 5113 953 5169 conscientiae
984 5124 1182 5166 nosme
1225 5112 1491 5177 noverint,
1522 5122 1575 5167 et
1606 5111 1961 5167 conscientia-

378 5224 486 5263 rum
531 5207 780 5278 cognitor
819 5205 937 5261 sine
982 5215 1253 5260 assertore
1301 5206 1605 5275 cognoscit;
1660 5222 1819 5275 quem
1861 5221 1962 5277 ego

379 5306 560 5354 testem
582 5278 815 5353 adbibeo
837 5296 1157 5367 professioni
1180 5311 1314 5351 mea:
1338 5315 1350 5350 :
1382 5311 1480 5351 nec
1502 5298 1568 5352 de
1598 5298 1749 5353 initio
1775 5299 1964 5354 simul-

381 5393 496 5447 tatis
517 5409 601 5447 me
622 5406 743 5446 esse
773 5390 1121 5459 culpabilem,
1152 5405 1253 5444 nec
1283 5390 1333 5443 in
1371 5390 1532 5446 corde
1556 5407 1677 5447 meo
1703 5394 1961 5463 quidquid

383 5495 550 5540 actum
602 5493 685 5539 est
718 5484 988 5539 dictumve
1020 5483 1309 5550 resedisse,
1366 5484 1486 5554 quia
1532 5485 1644 5541 scio
1693 5488 1847 5541 nobis
1894 5490 1963 5545 ab

452 5652 477 5682 ι
508 5641 744 5696 Fuerunt
771 5640 1067 5711 presbyteri
1091 5638 1389 5695 dimceseos
1418 5639 1837 5706 Lemovicensis,
1866 5643 1958 5712 qui

387 5726 501 5840 gum
528 5714 745 5768 Ruricio
769 5727 959 5769 eorum
994 5712 1250 5780 episcopo
1290 5712 1413 5766 lites
1436 5713 1585 5782 prius
1635 5712 1962 5770 habuerunt.

432 5801 540 5839 ASN.

432 5801 540 5839 ssu.

458 5857 481 5894 δ
514 5854 674 5909 Forte
704 5856 1059 5909 subdiaconem
1091 5852 1420 5909 Contimtum.

2062 4769 2207 4819 quem
2236 4752 2394 4803 alium
2425 4748 2717 4819 respiciam,
2745 4748 2844 4800 nisi
2875 4763 3027 4813 super
3047 4745 3310 4813 humilem,
3342 4758 3387 4800 et
3409 4748 3650 4817 quiettmt,

2064 4852 2109 4896 et
2134 4851 2423 4896 trementem
2450 4856 2708 4893 sermones
2735 4854 2871 4891 meos
2898 4836 3053 4909 (Isai.
3080 4854 3222 4904 LXVI,
3248 4838 3325 4907 l).
3358 4838 3425 4891 Et
3458 4840 3569 4906 ipe
3604 4857 3653 4893 ιιι

2066 4934 2357 5004 Evangelio
2385 4932 2644 4987 Dominus
2670 4932 2898 4985 clamat:
2940 4930 3111 4984 Venite
3137 4933 3203 4984 ad
3234 4948 3333 4998 me,
3367 4948 3541 4984 omnes
3571 4933 3656 4999 qui

2067 5026 2311 5081 laboratis
2350 5033 2397 5079 et
2439 5023 2636 5078 onerati
2678 5023 2820 5089 estis,
2862 5031 2909 5074 et
2937 5037 3030 5091 ego
3058 5020 3283 5091 reﬁciam
3315 5038 3399 5075 vos
3432 5021 3653 5089 (Matth.

2070 5134 2143 5185 ιι,
2166 5117 2283 5188 28),
2311 5126 2363 5172 et
2390 5117 2591 5185 reliqua
2616 5129 2734 5185 quae
2756 5122 3072 5185 sequuntur.
3102 5116 3164 5168 Et
3190 5113 3330 5178 ideo,
3357 5115 3407 5168 in
3442 5113 3569 5168 Cbri
3604 5127 3656 5171 to

2071 5213 2299 5267 Domino
2327 5211 2605 5266 carissima
2644 5223 2797 5264 soror
2833 5223 2895 5262 ac
2935 5208 3063 5271 filia,
3099 5208 3335 5276 pristina:
3367 5222 3655 5263 conversa-

2072 5305 2231 5360 tionis
2265 5304 2555 5359 ambitione
2585 5303 2846 5373 deposita,
2879 5300 3232 5355 humilitatem
3272 5298 3437 5354 debes
3477 5298 3656 5353 cordis

2073 5399 2317 5463 induere,
2355 5396 2775 5451 misericordiam
2810 5391 3171 5462 indigentibus
3202 5390 3465 5456 fenerare,
3499 5390 3657 5444 casti-

2074 5498 2234 5545 tatem
2274 5504 2381 5544 non
2422 5489 2594 5543 solum
2637 5489 2900 5557 carparis,
2953 5484 3047 5540 sed
3093 5485 3284 5539 annua:
3335 5494 3655 5551 procurare;

2146 5652 2167 5682 ε
2205 5643 2314 5697 Hoc
2336 5650 2417 5697 est
2447 5642 2573 5697 alia.

2106 5752 2111 5757 η
2142 5713 2168 5750 ά
2204 5714 2318 5767 Vox
2352 5715 2637 5776 mendosa;
2679 5714 2811 5767 forte
2838 5711 3135 5782 insequella.

2076 5814 2081 5815 ν
2147 5794 2171 5855 f
2207 5784 2279 5838 De
2307 5802 2365 5838 ea
2396 5785 2643 5854 superius
2673 5786 2828 5855 epist.
2866 5786 2916 5851 l,
2950 5782 3043 5838 lib.
3075 5796 3112 5834 ι.

2153 5853 2168 5891 ⁸
2206 5855 2364 5911 Forte
2392 5872 2468 5910 res
2500 5858 2639 5916 fecit.
