4080 6350
456 389 521 449 91
1784 384 2031 443 RURICll

2141 383 2375 447 ’iSCOPl
3658 382 3724 441 92

456 517 642 559 sumus
670 500 870 571 (Galct.
904 518 980 570 ιιι,
1020 501 1139 572 εδ),
1190 499 1380 556 fratres
1408 500 1705 556 rectissime
1753 516 2028 570 nuncupa-
2059 499 2113 561 Α
2138 516 2229 567 vn,
2263 500 2341 571 2).
2391 498 2619 570 Ideoque
2653 514 2747 569 pro
2780 499 2916 555 Urso
2962 506 3018 555 et
3048 497 3338 569 Lupicino,
3382 498 3471 568 qui
3504 500 3570 551 ad
3614 515 3715 564 tne,

454 610 598 661 mur,
626 597 748 666 quia
778 611 876 650 nos
905 604 961 650 et
987 609 1123 649 unus
1149 602 1331 650 uterus
1376 595 1520 650 sacri
1550 593 1713 650 fontis
1739 596 1945 663 et'l‘udit,
1980 604 2035 651 et

455 687 643 742 eadem
674 687 834 741 ubera
862 686 1051 741 matris
1073 684 1351 752 Ecclesite,
1373 687 1564 756 spiritu
1595 686 1921 752 vivificante,
1956 687 2033 740 la-

454 778 866 833 ctaruntsimul.
897 776 1361 843 Idcirco,frater,
1408 777 1623 846 scripsi,
1670 778 1795 847 quia
1840 787 1894 833 et
1926 779 2033 834 Deo

456 871 690 939 propitio
711 886 739 923 a
766 870 944 924 saeculi
970 870 1178 924 actibus
1204 869 1270 924 ad
1299 880 1554 926 teternam
1579 872 1960 929 beatitudinem
1982 883 2034 927 te

454 963 683 1016 animam
722 959 1060 1016 convertisse
1109 962 1365 1031 cognovi,
1417 970 1470 1018 et
1520 963 1841 1018 imitatorem
1891 965 2034 1019 illius

456 1052 758 1122 Evangelici
790 1051 1144 1121 negotiatoris
1165 1051 1437 1121 elTectum,
1472 1055 1560 1123 qui
1597 1055 1826 1109 venditis
1856 1056 2031 1109 omni-

454 1145 552 1199 bus
586 1145 698 1198 suis
726 1144 1524 1221 comparavit“pretiosissimam
1552 1148 1894 1216 margaritam
1916 1164 1930 1213 ;
1951 1149 2033 1202 vel

452 1236 617 1301 illius,
661 1236 750 1306 qui
785 1244 999 1305 reperto
1030 1234 1082 1288 in
1109 1250 1235 1304 agro
1267 1236 1517 1290 thesauro
1538 1276 1552 1300 ,
1584 1236 1873 1299 distractis.
1916 1254 2032 1307 qua:

457 1328 706 1392 habebat,
743 1328 1028 1392 universis,
1062 1343 1245 1398 agrum
1274 1327 1446 1398 ipsum
1470 1329 1719 1383 laudabili
1745 1331 2035 1399 cupiditate

454 1430 724 1474 mercatus
740 1428 821 1473 est
846 1417 1058 1486 (Matth.
1086 1435 1197 1487 xm,
1212 1419 1303 1489 44)
1326 1435 1340 1484 ;
1366 1434 1467 1473 ιιοιι
1481 1419 1667 1474 alienae
1682 1422 2035 1487 possessionis

455 1509 795 1579 importunus
828 1510 1081 1579 inhiator,
1115 1510 1208 1565 sed
1242 1512 1469 1579 propria:
1491 1510 1753 1567 facultatis
1777 1512 2057 1595 providus

454 1599 794 1668 distributor,
824 1601 1125 1670 caritatem,
1163 1610 1344 1671 utpote
1371 1602 1757 1669 sincerrimam,
1798 1606 2033 1660 retinens

453 1697 615 1749 corde
648 1695 914 1763 perfecto;
948 1712 1052 1750 non
1095 1703 1151 1749 ut
1177 1696 1386 1765 parcius
1418 1696 1689 1763 venderet,
1725 1697 1818 1752 sed
1844 1705 1902 1751 ut
1930 1699 2035 1752 lar-

454 1788 573 1857 gius
614 1788 897 1844 leneraret.
931 1791 1101 1856 Super
1132 1803 1237 1858 quo
1264 1787 1405 1843 facto
1440 1788 1668 1858 gaudeo,
1700 1800 1753 1845 et
1780 1791 1889 1845 Dco
1914 1805 2034 1859 gra—

2138 593 2291 663 quasi
2319 592 2469 646 vobis
2501 591 2859 662 peculiariter,
2889 591 3026 646 sicut
3047 592 3294 658 superius
3323 588 3454 653 dixi,
3484 588 3718 643 caritatis

2135 684 2255 753 jure
2284 680 2588 737 devinctqu
2607 726 2621 751 ,
2653 697 2751 752 pro
2771 682 3056 736 criminum
3086 692 3304 734 suorum
3334 676 3719 735 intercessione

2138 784 2422 836 venerunt,
2452 784 2695 844 precator
2725 772 2953 839 accedo;
3001 781 3061 826 ut
3100 772 3329 841 primum
3357 772 3488 838 Deo,
3529 772 3721 828 deinde

2138 870 2292 923 nobis
2337 870 2440 924 hoc
2471 866 2610 939 quod
2642 869 3034 923 commiserunt
3074 865 3277 922 donare
3331 864 3567 937 digneris
3616 877 3668 921 et
3693 876 3717 904 ι

2137 960 2337 1026 iulicri;
2385 977 2482 1015 nec
2529 975 2626 1015 nos
2675 957 2743 1016 de
2789 976 2975 1016 eorum
3025 959 3368 1015 damnatione
3398 959 3714 1025 eonfundas,

2136 1053 2224 1121 qui
2256 1068 2315 1108 se
2341 1053 2613 1108 absolutos
2641 1068 2760 1109 esse
2789 1068 2908 1109 cum
2943 1050 3011 1107 ad
3044 1052 3397 1111 humilitatem
3430 1067 3604 1107 meam
3629 1053 3720 1108 dc-

2136 1145 2281 1200 ducti
2309 1157 2450 1211 sunt,
2479 1145 2839 1201 crediderunt.

2749 1295 2963 1351 EPIST.
3004 1294 3121 1350 XII.

2208 1410 2263 1464 In
2285 1409 2396 1463 salo
2425 1408 2605 1463 sreculi
2640 1408 2793 1462 istius
2825 1407 3065 1463 adversis
3095 1423 3158 1464 ac
3183 1406 3408 1463 diversis
3428 1416 3721 1478 tempesta-

2137 1500 2279 1555 tibus
2299 1498 2642 1554 ﬂuctuantem
2676 1510 2726 1554 te
2748 1508 2915 1554 ratem
2944 1499 3008 1553 ad
3042 1507 3250 1570 portum
3280 1500 3467 1554 salutis
3502 1500 3715 1553 tandem

2138 1591 2446 1659 aliquando,
2476 1590 2700 1644 Domino
2738 1591 3094 1660 gubernante,
3126 1590 3447 1659 applicuisse
3486 1605 3722 1657 congau-

2138 1684 2260 1738 deo.
2296 1682 2350 1737 ln
2392 1684 2539 1749 cujus
2568 1682 2668 1736 lida
2699 1697 2760 1736 ac
2786 1682 3068 1751 tranquilla
3102 1684 3332 1737 statione
3363 1683 3717 1749 compositus,

2140 1783 2301 1828 a‘stus
2330 1773 2495 1844 ipsius
2519 1772 2728 1843 perﬁdi,
2762 1782 2815 1828 et
2842 1774 3026 1843 iniqui,
3055 1775 3291 1828 etamari
3316 1772 3531 1827 ridebis.
3562 1772 3719 1827 Dein.

457 1878 559 1934 tias
584 1895 704 1949 ago,
729 1880 870 1948 quod
893 1878 1183 1934 secundum
1212 1879 1424 1933 divitias
1455 1879 1709 1935 bonitatis
1738 1896 1848 1935 suae
1877 1890 2035 1951 atque

2141 1881 2268 1933 ceps
2312 1880 2413 1918 non
2464 1864 2672 1919 timebis
2703 1864 2769 1918 de
2810 1864 3000 1932 quibus
3052 1878 3238 1932 parum
3292 1864 3615 1928 formidinis,
3652 1864 3722 1916 ita

456 1969 689 2033 virtutis,
721 1984 817 2039 per
842 1968 1271 2023 inaestimabilem
1288 1969 1711 2024 misericordiam
1732 1987 1881 2024 suam
1914 1987 2039 2040 pro-

458 2063 744 2131 pemodum
765 2101 782 2128 ,
812 2070 868 2115 ut
898 2062 966 2115 ita
1012 2061 1263 2127 dixerim,
1312 2070 1496 2117 contra
1537 2066 1856 2117 sententiam
1887 2078 2038 2117 suam

456 2154 642 2210 venire
681 2153 947 2223 dignatur.
982 2154 1115 2221 Quia
1148 2168 1269 2209 cum
1301 2155 1416 2223 ipse
1452 2154 1667 2219 dixerit,
1701 2155 1917 2236 difticije
1946 2170 2040 2209 eos

458 2246 547 2316 qui
572 2246 823 2315 pecunias
847 2245 1065 2314 habent,
1089 2260 1310 2315 regnum
1328 2246 1551 2315 adipisci
1578 2260 1735 2315 posse
1755 2246 2039 2301 caalorum.

459 2336 599 2391 Ecce
626 2345 678 2391 te
706 2346 760 2391 et
780 2336 864 2391 his
887 2336 1126 2405 dignavit
1159 2336 1211 2390 in
1242 2336 1461 2403 sarculo,
1487 2346 1540 2391 et
1571 2336 1868 2405 provehere
1893 2337 2042 2403 festi-

458 2436 550 2482 nat
594 2427 647 2481 in
693 2442 879 2497 regno.
919 2427 1026 2483 Sed
1061 2436 1236 2482 tamen
1290 2427 1427 2483 idem
1478 2428 1735 2483 Dominus
1782 2429 2039 2483 continuo

460 2520 693 2588 rigorem
726 2520 917 2587 prioris
949 2520 1315 2589 hujuscemodi
1364 2522 1665 2586 sententiae,
1717 2536 1876 2590 quam
1914 2536 2042 2590 apo-

460 2611 585 2666 stoli
607 2611 978 2668 vehementius
999 2612 1373 2679 formidabant,
1400 2613 1780 2668 misericordiae
1801 2628 1911 2669 suae
1936 2630 2045 2669 mo-

460 2705 738 2761 deramine
763 2707 1095 2775 temperavit,
1124 2706 1338 2761 dicens:
1363 2707 1513 2775 Quod
1547 2709 1873 2777 impossibile
1898 2719 2043 2764 esset

460 2796 512 2852 in
543 2813 604 2853 se
634 2797 937 2853 hominibus
970 2814 1062 2868 per
1094 2808 1360 2866 naturam,
1417 2800 1669 2867 possibile
1718 2801 1826 2854 Deo
1871 2801 1922 2854 in
1964 2801 2043 2857 eis

458 2904 581 2944 esse
610 2906 705 2960 per
726 2893 948 2962 gratiam
968 2910 979 2945 :
1000 2893 1142 2960 quod
1174 2893 1224 2947 in
1250 2902 1321 2961 te,
1354 2894 1438 2948 cui
1470 2894 1618 2962 Operi
1647 2903 1704 2949 ut
1733 2895 1855 2949 totis
1876 2910 2043 2964 usque

458 2977 747 3049 impendiis
776 2995 976 3050 pronus
1003 2983 1301 3048 incumbas,
1334 3000 1431 3051 pro
1460 2984 1651 3039 allecto
1677 2995 1873 3040 mutuae
1907 2988 2045 3040 cari-

459 3072 582 3127 tatis
610 3072 889 3137 admoneo,
927 3084 983 3128 ut
1010 3076 1080 3130 ita
1105 3075 1321 3132 fabricae
1351 3078 1513 3133 turris
1556 3078 1714 3143 iilius,
1749 3095 1903 3148 quam
1937 3079 2043 3134 Do-

459 3162 635 3218 minus
661 3163 713 3218 in
746 3163 1032 3233 Evangelio
1061 3168 1301 3223 construi
1332 3168 1605 3238 praecepit,
1639 3179 1887 3224 strenuus
1908 3170 2008 3224 (edi
2028 3197 2041 3210 ι
2078 3232 2081 3234 η

2144 1958 2366 2012 multum
2391 1955 2566 2027 gaudii
2594 1956 2788 2010 habere
2807 1955 2914 2024 jam
2941 1956 3161 2025 poteris,
3193 1950 3331 2025 quod
3357 1971 3450 2009 ('OS
3475 1958 3552 2009 vel
3578 1963 3723 2009 retro

2142 2052 2427 2108 derelictos
2448 2052 2697 2122 respicis,
2732 2053 2812 2105 vel
2847 2052 2896 2105 iu
2921 2052 3132 2106 celsiori
3165 2051 3379 2120 Speculo
3403 2052 3726 2106 constitutus

2143 2146 2396 2213 despicis,
2429 2154 2481 2199 et
2538 2155 2589 2198 te
2634 2145 2867 2198 evasisse
2899 2143 3127 2198 miraris.
3170 2144 3423 2211 Superest
3468 2152 3522 2195 nt
3571 2143 3725 2197 clavo

2145 2254 2360 2292 manum
2394 2240 2632 2292 inserens
2653 2279 2667 2301 ,
2700 2246 2841 2291 astra
2870 2253 3083 2305 semper
3116 2238 3352 2292 intentus
3382 2237 3640 2305 aspicias,
3675 2244 3726 2290 et

2144 2330 2214 2383 ita
2260 2341 2446 2399 empta:
2496 2331 2819 2400 navigationi
2868 2330 3040 2385 velum
3076 2331 3293 2399 pandas,
3343 2347 3406 2384 ne
3455 2340 3505 2384 te
3552 2341 3643 2385 aut
3674 2332 3725 2387 in

2144 2423 2305 2477 altum
2338 2422 2705 2478 vehementior
2744 2424 2899 2477 ﬂatus
2928 2425 3180 2488 excutiat,
3215 2433 3304 2475 aut
3348 2423 3396 2476 in
3429 2421 3602 2478 vicina
3640 2425 3728 2479 lit-

2146 2516 2349 2569 tot-ibus
2379 2532 2505 2570 saxa
2533 2516 2772 2571 collidat.
2808 2516 2986 2585 Neque
3014 2517 3195 2579 etiam,
3216 2516 3364 2581 juxta
3396 2517 3725 2570 sententiam

2148 2604 2355 2659 Domini
2391 2605 2708 2671 Salvatoris,
2749 2606 2859 2675 jam
2892 2608 3086 2660 stivam
3121 2618 3305 2661 tenens
3333 2607 3496 2661 aratri
3529 2617 3729 2662 retror-

2146 2711 2263 2750 sum
2285 2740 2297 2763 ,
2333 2697 2656 2752 clamoribus
2682 2698 2929 2752 Sodomae
2953 2699 3268 2753 collabeutis
3302 2699 3559 2767 percitus,
3591 2698 3728 2752 forte

2147 2788 2441 2855 respiciens
2474 2788 2603 2843 Loth
2639 2789 2862 2843 imiteris
2890 2804 3109 2842 uxorem
3144 2788 3298 2861 (Gen.
3329 2806 3439 2854 xu,
3467 2789 3585 2859 26).
3624 2791 3730 2854 A_ut

2146 2880 2212 2935 de
2237 2876 2470 2951 AZgypto
2512 2881 2619 2950 jam
2673 2882 2961 2951 prolectus,
3011 2891 3064 2936 et
3111 2881 3303 2935 ﬂuctus
3347 2881 3510 2935 Rubri
3564 2881 3730 2937 maris

2146 2972 2329 3025 dextra
2388 2973 2626 3043 ltcvaque
2676 2973 2966 3040 pendentes
3020 2972 3217 3043 (Ex-od.
3246 2984 3353 3036 XVI,
3392 2972 3474 3042 4),
3521 2980 3730 3026 tantum

2149 3064 2243 3117 tibi
2276 3064 2505 3119 ferentis
2527 3065 2805 3128 auxilium,
2839 3074 2889 3118 et
2920 3064 3363 3135 persequentibus
3395 3074 3444 3119 te
3477 3075 3731 3133 parantes

2146 3158 2388 3219 exitium,
2422 3156 2647 3211 Domino
2675 3157 2812 3211 viam
2846 3166 2987 3210 tuam
3011 3166 3062 3211 ει
3088 3166 3426 3228 prmparante
3460 3165 3515 3212 et
3534 3157 3731 3211 illumi-

460 3253 649 3308 ﬁcator
675 3254 912 3322 insiStas,
949 3266 1003 3311 ut
1051 3258 1343 3313 adversarii
1392 3261 1463 3313 tui
1502 3260 1731 3314 habeam
1764 3262 1937 3330 potius
1975 3260 2041 3315 de
2069 3265 2116 3327 (ς
2148 3260 2328 3317 nantc,
2363 3264 2747 3321 transgressus,
2781 3260 2835 3305 et
2856 3252 3021 3306 eremi
3052 3252 3274 3306 arduum
3308 3252 3409 3306 iter
3438 3252 3726 3321 arripiens,
3754 3246 3779 3259 “

460 3345 578 3414 ejus
604 3346 933 3414 perfectione
959 3350 1101 3418 quod
1130 3350 1365 3414 doleant,
1398 3367 1556 3421 quam
1594 3352 1660 3407 de
1692 3353 2040 3408 intermissio—

461 3448 555 3502 ne,
588 3435 727 3505 quod
759 3437 986 3493 rideant.

1081 3552 1295 3610 EPIST.
1338 3552 1426 3609 XI.

460 3638 683 3695 Domino
728 3640 930 3696 sublimi
977 3658 1268 3715 semprrque
1300 3646 1571 3714 magniﬁco
1602 3646 1751 3715 fratri
1793 3646 2040 3701 Prmidio

972 3714 1213 3768 Ruricius
1240 3716 1525 3785 episcopus.

527 3801 775 3870 Plerique
801 3803 929 3858 dum
962 3820 1046 3861 me
1072 3806 1212 3874 apud
1236 3806 1562 3862 individuam
1594 3809 1724 3863 mihi
1746 3810 2041 3865 sublimita-

460 3901 565 3949 tem
592 3902 823 3950 vestram
856 3911 961 3951 non
990 3897 1110 3951 vita:
1140 3900 1355 3965 merito,
1379 3899 1474 3954 sed
1493 3902 1849 3956 amicitiarum
1878 3905 2041 3973 privi-

458 3986 597 4056 legio
628 3989 850 4043 multum
880 4005 1035 4059 posse
1064 3992 1366 4059 conﬁdunt,
1393 3997 1856 4052 comun-ndatitias
1881 4012 1911 4051 a
1945 4014 2038 4051 uo-

457 4078 571 4145 bis,
622 4080 814 4151 quibus
865 4084 1016 4138 vobis
1044 4095 1390 4150 excusentur,
1440 4086 1740 4155 inquirunt;
1773 4103 1905 4157 quas
1959 4090 2038 4145 eis

458 4184 556 4240 pro
597 4173 757 4226 ot'llcii
787 4174 954 4227 nostri
997 4177 1312 4231 necessitate
1341 4191 1535 4245 negare
1573 4194 1677 4233 non
1723 4193 2035 4245 possumus;

461 4275 567 4314 non
591 4266 1022 4333 praesumptionis
1049 4266 1290 4329 audacia,
1313 4267 1407 4320 sed
1436 4267 1715 4321 ministerii
1737 4269 2034 4338 disciplina.

458 4351 594 4405 Dum
622 4364 674 4406 et
692 4353 795 4407 illis
819 4356 1095 4423 prtesentis
1118 4357 1239 4410 vitae
1261 4357 1471 4421 solatia,
1496 4368 1549 4412 et
1574 4358 1725 4412 vobis
1753 4360 2038 4428 providere

459 4441 828 4497 desideramus
870 4454 1116 4509 azternaz;
1156 4454 1213 4500 ut
1249 4457 1302 4499 et
1339 4445 1414 4499 illi
1445 4462 1541 4515 per
1583 4447 1890 4514 patientiam
1930 4464 2040 4504 ve—

459 4544 624 4588 stram
656 4545 998 4590 reserventnr
1023 4536 1089 4591 ad
1114 4537 1517 4606 pmnitentiam;
1547 4549 1601 4591 et
1632 4556 1725 4594 vos
1755 4555 1848 4609 per
1877 4541 2034 4596 mise-

2144 3344 2264 3396 olla:
2291 3342 2528 3397 carnium
2560 3342 2878 3408 recorderis,
2906 3353 2996 3398 aut
3025 3357 3224 3414 caepas,
3264 3359 3380 3413 qua:
3412 3343 3465 3397 in
3509 3343 3729 3399 modum

2144 3437 2501 3506 corporalium
2538 3436 2868 3501 voluptatum
2904 3438 3015 3507 ipsa
3067 3436 3146 3491 sui
3179 3436 3433 3507 qualitate
3477 3446 3731 3506 corrupta

2146 3539 2461 3594 noscuntur,
2493 3536 2546 3582 et
2578 3528 2668 3583 reti
2693 3529 2759 3594 la,
2791 3540 2889 3582 nec
2932 3543 3027 3583 usu
3060 3538 3233 3599 grata,
3279 3542 3377 3584 nec
3404 3528 3570 3584 odore
3598 3543 3727 3581 sua-

2142 3620 2248 3685 via,
2282 3635 2377 3674 nec
2400 3620 2689 3675 Stabilitate
2718 3632 2967 3676 mansura
2993 3638 3006 3687 ;
3039 3620 3293 3692 quidquid
3319 3623 3368 3677 in
3400 3622 3499 3677 hoc
3529 3625 3731 3677 sarculo

2144 3710 2339 3766 mulcet
2362 3706 2565 3776 auditu,
2593 3710 2860 3767 mollescit
2879 3720 3102 3781 attactu,
3130 3712 3463 3769 lenocinatur
3483 3723 3727 3783 aspectu,

2142 3802 2414 3859 blanditur
2435 3813 2491 3857 ut
2518 3805 2711 3872 capiat,
2739 3803 3025 3859 famulatur
3045 3814 3100 3859 ut
3131 3813 3336 3868 teneat,
3370 3804 3521 3859 illicit
3550 3813 3607 3858 ut
3633 3818 3728 3859 οε·

2143 3893 2307 3950 cidat.
2336 3893 2465 3948 Nam
2496 3902 2867 3965 Quemcunque
2896 3909 3090 3964 capere
3114 3894 3349 3950 volneris
3371 3895 3722 3965 voluptatem,

2142 3996 2420 4059 permanet
2448 3987 2590 4057 quod
2625 3989 2838 4056 puniat,
2872 3990 3106 4057 praeterit
3126 3991 3265 4059 quod
3299 3989 3567 4054 deiectat;
3611 3987 3727 4041 du!-

2140 4079 2273 4133 cedo
2303 4079 2520 4150 fugitiva
2567 4079 2874 4150 pertransit,
2934 4080 3257 4135 conscientia
3300 4080 3611 4135 daunatura
3643 4079 3729 4133 vel

2141 4171 2438 4225 damnanda
2471 4171 2740 4226 subsistit.
2777 4168 2904 4226 Inde
2927 4172 3088 4225 etiam
3121 4171 3253 4226 dicit
3281 4172 3535 4226 Salomon
3565 4188 3578 4225 :
3605 4170 3732 4225 Lin-

2141 4281 2244 4331 gua
2294 4264 2572 4317 meretricis
2602 4264 2702 4317 mel
2743 4265 2940 4330 stillat;
2992 4264 3045 4317 in
3071 4265 3341 4319 novissima
3393 4275 3563 4319 autem
3614 4265 3727 4317 die-

2141 4354 2232 4408 bus
2273 4357 2576 4409 amariorem
2623 4354 2741 4425 felle
2770 4357 2989 4412 invenies
3017 4371 3128 4411 eam
3180 4356 3362 4429 (Prov.
3385 4372 3438 4421 v,
3465 4355 3541 4427 '5).
3571 4356 3729 4422 Quod

2144 4457 2318 4501 tamen
2349 4446 2691 4504 nihilominus
2712 4458 2764 4503 et
2786 4448 2901 4518 ipse
2927 4464 3046 4503 eum
3072 4449 3405 4519 prasdiaisset
3426 4492 3438 4516 ,
3471 4449 3722 4502 incurrit.

2142 4539 2355 4596 Etideo
2386 4540 2505 4596 vide
2532 4541 2671 4612 quod
2711 4542 2908 4596 malum
2938 4544 3036 4610 sit,
3068 4538 3233 4596 frater
3258 4540 3554 4605 carissime,
3581 4539 3727 4609 quod

460 4626 744 4683 ricordiam
793 4630 1113 4697 pervenistis
1151 4630 1218 4685 ad
1269 4630 1498 4685 veniam.
1553 4631 1699 4687 Sicut
1736 4632 1864 4687 dicit
1890 4633 2035 4688 Scri-
2062 4643 2119 4704 ι)
2140 4633 2264 4688 dum
2298 4634 2618 4699 detestatur,
2652 4632 2985 4702 admittitur;
3010 4634 3137 4689 dum
3170 4633 3452 4703 refugitur,
3481 4632 3567 4687 vix
3588 4633 3730 4685 vita-

460 4727 613 4788 ptnra
658 4721 841 4785 :Quia
875 4720 1135 4791 judicium
1182 4722 1292 4775 sine
1326 4721 1675 4775 misericordia
1726 4725 1820 4776 erit
1845 4724 1922 4777 illi
1951 4726 2036 4795 qui

462 4827 563 4863 non
586 4811 763 4878 fecerit
796 4811 1198 4866 misericordiam
1220 4812 1362 4883 (Jac.
1390 4829 1447 4881 tt,
1474 4812 1584 4884 13).
1605 4814 1734 4881 Quia
1759 4814 1844 4885 qui
1869 4816 2031 4869 dixit:

460 4902 669 4956 Dimitte
718 4918 764 4957 et
813 4904 1091 4959 dimittitur
1137 4907 1275 4960 vobis
1334 4908 1483 4979 (Luc.
1550 4924 1626 4975 vi,
1677 4908 1791 4978 38),
1853 4909 2036 4979 prvcul

458 4995 650 5060 dubio,
680 4986 835 5063 quem
865 4997 1056 5051 viderit
1082 4997 1168 5052 hic
1195 4998 1370 5053 facere
1393 4998 1533 5069 quod
1566 5000 1844 5068 praecepit,
1871 5002 1923 5054 in
1953 5000 2035 5053 fu-

460 5096 577 5141 turo
604 5091 847 5144 restituet
866 5091 1005 5159 quod
1031 5092 1294 5159 promisit.
1320 5091 1482 5145 Nobis
1504 5093 1646 5145 enim
1672 5093 1811 5147 illius
1837 5095 2033 5149 veritas

457 5188 802 5248 prmsto‘cst;
837 5182 914 5234 illi
947 5182 1078 5237 ﬁdes
1123 5191 1304 5237 nostra
1338 5200 1439 5237 non
1473 5184 1629 5238 desit.
1676 5184 1828 5241 Unde
1859 5188 2031 5241 mani-

456 5271 741 5325 festissime
789 5273 1015 5340 potestis
1056 5272 1336 5328 advertere
1377 5275 1763 5330 absolutionem
1809 5277 2035 5332 miscro-

456 5376 573 5415 rum
614 5371 938 5428 vestrorum,
970 5378 1091 5418 esse
1132 5364 1508 5435 indulgentiam
1557 5379 1927 5436 peccatorum;
1981 5378 2036 5424 et

457 5454 559 5509 hoc
576 5455 764 5510 vestris
784 5455 1165 5512 conferendum
1185 5460 1455 5528 precibus,
1480 5461 1620 5530 quod
1646 5478 1737 5516 vos
1769 5464 2034 5533 praestite-

456 5549 573 5604 ritis
597 5549 815 5613 alienis;
852 5548 1001 5617 juxta
1046 5551 1213 5619 ipsius
1244 5551 1294 5605 in
1332 5552 1626 5620 Evangelia
1668 5556 2026 5609 sententiam:

460 5642 572 5706 Quo
591 5641 789 5711 judicio
809 5641 1183 5714 judicaveritis,
1217 5643 1539 5714 judicabitur
1559 5644 1622 5698 de
1651 5645 1785 5699 vobis
1808 5644 2024 5715 (Matth.

530 5828 558 5859 ⁸
581 5818 695 5878 Vox
722 5821 1000 5878 mendosa.

2142 4734 2246 4781 tur.
2271 4724 2422 4781 Unde
2445 4737 2492 4781 et
2521 4736 2605 4789 tu,
2634 4727 2771 4780 sicut
2798 4724 2926 4781 dicit
2953 4725 3230 4793 Scriptura
3250 4767 3263 4789 ,
3298 4723 3453 4779 Omni
3488 4726 3727 4778 custodia

2139 4836 2282 4872 serra
2304 4835 2389 4872 cor
2410 4828 2552 4871 tuum
2584 4816 2763 4890 (Prov.
2795 4834 2868 4880 tv,
2898 4818 3014 4885 25),
3039 4818 3315 4871 etdiscute
3339 4817 3725 4871 conscientiam

2142 4920 2309 4977 tuam,
2331 4927 2398 4964 ne
2423 4911 2563 4965 unde
2586 4909 2763 4965 exisse
2782 4909 2979 4965 videris
3001 4919 3240 4979 aspectu,
3272 4908 3477 4965 haereas
3495 4908 3691 4962 aliectu
3713 4927 3724 4959 :

2141 5000 2247 5056 Sed
2290 5000 2439 5056 dicas
2484 5000 2659 5071 potius
2708 5002 2932 5055 Domino
2978 5016 3098 5056 cum
3134 5000 3441 5071 propheta:
3493 5000 3729 5053 Att/ursi:

2141 5092 2312 5146 anima
2362 5108 2472 5145 mea
2521 5104 2631 5162 post
2685 5103 2750 5158 te,
2779 5110 2856 5146 me
2908 5101 3085 5148 autem
3117 5094 3335 5160 suscepit
3386 5093 3593 5147 dextera
3637 5100 3729 5143 tua
3789 5119 3796 5125 -

2144 5181 2314 5254 (l’sal.
2352 5199 2477 5246 uti,
2507 5183 2582 5252 9).
2616 5183 2711 5237 Vel
2743 5184 2869 5238 illud
2916 5185 3076 5238 etiam
3109 5201 3121 5238 :
3156 5181 3286 5237 Mihi
3328 5192 3497 5236 autem
3542 5180 3721 5235 adlue-

2142 5293 2252 5331 rere
2279 5276 2387 5329 Deo
2418 5278 2600 5330 bonum
2629 5286 2721 5343 est,
2755 5293 2942 5347 ponere
2975 5278 3027 5330 in
3057 5276 3161 5330 Deo
3189 5292 3328 5344 spem
3355 5291 3519 5330 meum
3546 5270 3719 5347 (ΡδιιΙ.

2140 5382 2303 5429 Lxxu,
2333 5366 2448 5436 28).
2483 5366 2549 5421 Ut
2597 5377 2795 5436 quauto
2847 5368 3048 5434 labore,
3109 5376 3416 5437 quantaque
3470 5364 3726 5419 instantia

2141 5459 2376 5514 militasti
2420 5459 2639 5521 saeculo,
2684 5460 2885 5513 servias
2913 5460 3052 5525 Deo;
3081 5457 3293 5513 dicente
3324 5455 3602 5526 Apostoio,
3633 5455 3720 5509 vel

2139 5561 2388 5608 monente
2416 5569 2429 5606 :
2464 5550 2762 5605 Humanum
2792 5551 2925 5617 dico,
2950 5560 3155 5620 prapter
3183 5549 3530 5619 inﬁrmitatem
3550 5546 3722 5601 carnis

2136 5656 2329 5699 vestrte.
2365 5643 2508 5698 Sicnt
2538 5642 2669 5697 enim
2716 5642 3012 5698 exhibuistis
3052 5640 3273 5696 membra
3328 5646 3493 5693 vestra
3532 5635 3723 5692 servire
