4080 6350
324 384 390 442 95
1597 366 1934 425 EPISTOLA?

2039 367 2079 423 tt
2122 367 2247 423 LIB.
2288 368 2353 424 ll.
2508 346 2513 349 ⁷
3550 354 3620 414 94

338 493 681 549 inmunditiae
709 500 754 546 et
800 488 1055 559 iniquitati
1082 502 1098 541 :
1132 488 1199 540 ita
1253 501 1385 539 nunc
1435 484 1660 539 exhibete
1705 482 1932 537 membra
1961 480 2012 546 Α
2040 491 2243 537 aeterno
2270 492 2323 537 et
2351 498 2478 537 vero
2504 481 2690 536 Judice
2720 483 2943 546 dictum,
2968 481 3107 552 quod
3138 480 3240 536 nisi
3265 494 3329 534 ex
3354 477 3515 532 corde
3536 474 3617 529 di-

342 597 499 641 restra
530 584 714 639 servire
746 582 966 656 justitiaa
1013 582 1065 632 in
1112 578 1585 645 sancti/irationem.
1618 575 1745 630 Cum
1788 576 1922 630 enim

340 680 466 733 servi
505 678 683 731 essetis
722 675 939 745 peccati,
973 672 1117 727 liberi
1146 671 1303 725 eratis
1339 670 1576 744 justitite.
1606 667 1766 734 Quem
1805 683 1924 739 ergo

341 774 560 842 fructum
592 766 838 821 habuistis
887 775 1041 829 tunc,
1085 765 1139 817 in
1192 763 1371 833 quibus
1419 778 1557 815 nunc
1601 760 1926 815 erubescitis?

342 863 475 917 Nam
502 860 849 931 ﬁnisillorum
870 874 1007 912 mors
1048 867 1138 911 est.
1174 855 1329 911 Nune
1356 872 1470 909 vero
1493 854 1693 909 liberati
1730 870 1762 907 a
1807 869 1925 925 pec-

338 964 466 1017 cato,
502 953 632 1008 servi
676 962 847 1006 autem
876 951 999 1022 facti
1028 948 1159 1016 Deo,
1193 947 1389 1003 habetis
1434 952 1657 1019 fructum
1702 956 1923 1000 oestrum

338 1047 386 1100 in
410 1045 898 1114 sanctiﬁcationem,
937 1042 1091 1110 ﬁnem
1119 1058 1235 1095 vero
1265 1041 1422 1094 vitam
1458 1050 1701 1094 (sternam
1742 1038 1921 1110 (Rom.

341 1156 409 1202 vt,
452 1138 564 1206 19).
605 1137 888 1203 Patientia,
928 1135 1095 1189 frater
1119 1133 1421 1197 caris-ima,
1450 1149 1555 1187 non
1598 1133 1813 1187 nomine
1844 1140 1927 1186 est

339 1228 698 1297 suscipienda,
720 1228 814 1283 sed
843 1241 1038 1299 Opere;
1064 1241 1167 1282 non
1189 1242 1282 1280 ore
1302 1226 1675 1281 tantummodo
1694 1226 1921 1295 agenda,

337 1322 423 1377 sed
448 1321 636 1377 corde.
674 1320 867 1375 Verum
897 1329 998 1379 est.
1047 1318 1188 1390 quod
1218 1317 1355 1374 sicut
1389 1328 1639 1389 utroque,
1691 1317 1791 1372 hoc
1821 1325 1924 1381 est,

339 1414 591 1469 interiore
646 1421 699 1467 ct
749 1412 1019 1467 exteriore
1067 1412 1284 1465 homine
1329 1409 1710 1479 delinquimus,
1769 1413 1835 1462 ita
1873 1417 1927 1464 et

338 1516 558 1577 utroque
590 1506 859 1575 poenitere
885 1504 1176 1567 debemus;
1210 1512 1286 1567 ut,
1313 1505 1451 1558 sicut
1473 1502 1603 1557 dicit
1634 1502 1775 1557 idem
1806 1517 1928 1570 apo-

339 1596 530 1659 stolus;
561 1595 733 1652 Corde
775 1595 1001 1651 creditur
1029 1594 1099 1648 ad
1129 1594 1415 1667 justitiam,
1466 1611 1549 1648 ore
1590 1604 1761 1647 autem
1806 1610 1927 1646 con—

338 1691 482 1762 fessio
513 1690 571 1760 fit
600 1690 661 1745 in
704 1688 920 1744 salutem
954 1705 972 1744 :
1001 1687 1075 1743 ita
1114 1688 1341 1758 gemitus
1381 1703 1477 1743 cor
1522 1697 1761 1742 nostrum
1800 1700 1929 1741 con-

338 1784 553 1840 scientia
567 1794 968 1855 compungente
991 1783 1280 1853 concipiat,
1300 1794 1356 1837 ut
1380 1797 1472 1836 eos
1491 1794 1550 1834 os
1573 1792 1815 1836 nostrum
1833 1795 1927 1847 per

2032 573 2334 630 miserimus
2366 573 2635 637 fratribus,
2686 575 2837 628 nobis
2885 574 3080 627 dimitti
3128 588 3231 627 non
3269 570 3476 625 debeat.
3512 567 3618 623 H.1—

2028 670 2165 724 betis
2202 671 2379 736 itaque
2416 670 2759 737 sponsionem
2790 684 2985 734 meam,
3040 665 3247 720 reddite
3296 663 3424 717 mihi
3458 661 3616 717 fldem

2027 774 2285 819 veSIram.
2319 762 2451 829 Quia
2508 761 2558 815 in
2616 762 2840 831 epistola
2877 775 2991 814 mea
3024 759 3206 829 procul
3246 757 3408 813 dubio
3437 758 3619 811 vincu-

2029 858 2137 913 lum
2170 857 2314 927 quod
2350 856 2620 926 elegeritis
2651 855 2859 909 habetis
2895 874 2906 907 :
2939 865 3030 908 aut
3056 853 3316 917 caritatis,
3349 852 3490 921 quod
3524 868 3616 906 sa-

2031 951 2257 1005 lubriter
2287 950 2620 1019 constringat
2649 954 2697 1001 et
2726 945 3015 1009 custodiat;
3061 946 3149 1000 aut
3181 945 3437 1012 perfidiae,
3469 942 3611 1014 quod

2030 1041 2366 1112 culpabiliter
2413 1042 2649 1095 innectztt
2689 1050 2739 1094 et
2776 1037 2983 1109 perdat.
3016 1038 3124 1093 Nec
3155 1039 3279 1091 mihi
3321 1037 3520 1106 aliquid
3554 1034 3619 1089 de

2025 1135 2207 1204 judice
2256 1134 2448 1202 prioris
2501 1134 2759 1203 temporis
2792 1133 3088 1200 imputctis,
3122 1133 3241 1199 quia
3291 1130 3618 1185 definitionis

2032 1244 2164 1283 mea:
2191 1237 2301 1291 est,
2340 1227 2390 1281 in
2422 1227 2655 1281 comitiis
2678 1242 2899 1281 servare
2934 1226 3299 1289 concordiam,
3327 1235 3378 1280 et
3400 1225 3451 1278 in
3481 1223 3616 1293 judi‘

2032 1323 2129 1378 ciis
2154 1332 2331 1376 tenere
2357 1338 2661 1375 censuram.
2690 1319 2820 1373 illud
2852 1320 3011 1374 etiam
3044 1318 3363 1389 peculiarius
3392 1319 3617 1389 gaudeo,
3710 1330 3711 1333 ‘

2031 1415 2171 1487 quod
2198 1432 2291 1472 vos
2324 1416 2375 1469 in
2401 1415 2661 1484 integram
2686 1412 2888 1469 domini
2918 1423 2972 1467 et
2992 1412 3171 1468 fratris
3202 1410 3305 1468 mei
3349 1412 3621 1467 familiari.

2033 1517 2194 1562 tatem
2226 1507 2452 1562 rediisse
2499 1508 2745 1577 cognovi.
2790 1506 3051 1575 Superest
3097 1506 3337 1574 utquod
3381 1506 3522 1559 illius
3569 1507 3623 1565 in

2031 1599 2175 1653 bono
2206 1598 2393 1653 tribuit
2423 1599 2613 1669 gratia,
2643 1607 2824 1652 vestra
2854 1597 2906 1651 in
2932 1597 3163 1652 Domino
3189 1596 3457 1653 custodiat
3484 1595 3511 1633 εί
3544 1597 3621 1651 in-

2035 1693 2282 1763 seqttilla.

2631 1783 2847 1840 EPIST.
2890 1783 3031 1839 XIV.

337 1875 733 1931 confessionem
772 1876 1106 1931 confusionis
1148 1874 1405 1930 effundat.
1437 1873 1924 1944 Quinquagcsimus
1954 1894 2007 1957 Β
2036 1875 2269 1931 Domina:
2299 1875 2569 1957 uenerabili
2600 1885 2643 1929 et
2670 1877 2724 1957 iu
2750 1873 2950 1957 Christo
2974 1875 3202 1957 _Domino
3232 1877 3626 1946 magniﬁcandte

339 1984 459 2025 vero
492 1969 758 2038 psalmus,
792 1969 881 2039 qui
916 1968 1232 2039 paenitudini
1262 1967 1469 2022 dicatus
1514 1970 1710 2036 pariter
1748 1974 1803 2021 et
1840 1980 1926 2020 re-

340 2063 595 2129 missioni,
635 2062 723 2117 die
751 2069 1020 2130 noctuque
1047 2076 1169 2115 eum
1194 2060 1366 2129 rugitu
1394 2059 1626 2128 fletuque
1657 2064 1923 2124 cantetur,

340 2162 393 2209 ut
413 2171 534 2210 vere
564 2162 626 2210 et.
672 2154 957 2209 salubriter
979 2154 1079 2207 dici
1115 2152 1284 2222 possit
1313 2172 1325 2205 :
1362 2153 1637 2223 Rugirbaut
1669 2169 1698 2204 a
1737 2152 1927 2223 gemitu

340 2248 498 2302 cordis
546 2249 655 2301 mei
700 2246 874 2317 (Psal.
931 2261 1133 2309 xxxvn,
1176 2243 1255 2315 9).
1292 2245 1397 2298 Et:
1448 2242 1757 2313 Iniquitatrs
1791 2258 1927 2295 meas

340 2357 422 2413 ego
443 2356 671 2413 agnosco
702 2337 876 2407 (Psal.
912 2354 961 2401 ι,
1008 2336 1084 2406 5).
1120 2336 1220 2390 Et:
1278 2334 1529 2390 Delirtum
1556 2351 1723 2389 nteant
1751 2343 1928 2387 contra

340 2450 412 2487 me
445 2444 513 2486 est
562 2448 769 2502 semper
828 2429 1037 2503 (lbitl.).
1100 2428 1193 2482 Vel
1252 2428 1378 2482 illud
1434 2427 1594 2481 eziatn
1630 2446 1642 2480 :
1676 2425 1930 2489 Quoniam

341 2525 655 2594 iniquitatem
682 2539 845 2577 meam
879 2538 969 2591 ego
1002 2521 1280 2589 pronuntio
1332 2529 1377 2571 et
1421 2518 1649 2589 cogitabo
1692 2533 1784 2588 pro
1815 2530 1929 2584 pec-

343 2624 446 2670 cato
481 2633 591 2671 meo
626 2616 803 2687 (Psal.
827 2630 1027 2677 xxxvn,
1065 2613 1173 2681 19).
1206 2614 1299 2667 llic
1341 2612 1482 2667 enim
1514 2621 1636 2665 ante
1678 2626 1775 2665 nos
1807 2625 1930 2679 pec-

346 2718 455 2762 cata
484 2718 675 2763 nostra
709 2723 830 2763 esse
857 2708 1078 2769 debent,
1109 2716 1162 2760 ut
1207 2708 1257 2759 in
1309 2696 1565 2759 utternum
1614 2712 1800 2757 contra
1831 2716 1930 2755 nos
1972 2740 1994 2753 ..

346 2817 455 2857 esse
481 2817 583 2857 non
624 2802 857 2872 possint.
892 2802 1025 2869 Quia
1057 2802 1127 2854 ita
1161 2801 1356 2869 legitur
1384 2799 1436 2852 in
1472 2794 1747 2865 prophetis
1782 2814 1794 2849 :
1834 2794 1929 2847 Dic

351 2906 399 2948 tu
425 2896 553 2965 prior
573 2895 875 2965 iniquitates
897 2902 1035 2961 tuas,
1066 2904 1119 2948 ut
1138 2892 1429 2961 iustiﬁceris
1455 2890 1610 2960 (lsai.
1641 2904 1791 2950 ιιιιι,
1814 2889 1925 2955 26).

348 2987 387 3042 Α
412 3005 509 3060 quo
539 2988 755 3057 priores
799 2988 994 3042 dicturi
1026 3003 1210 3041 sumus
1242 2985 1545 3055 iniquitates
1594 2992 1804 3036 nostras
1838 2996 1932 3034 co-

347 3096 449 3137 ram
482 3078 714 3136 Domino
745 3081 828 3135 vel
879 3079 1174 3149 prolaturi?
1218 3080 1317 3131 nisi
1338 3078 1551 3131 diabolo
1584 3077 1788 3145 utique,
1838 3072 1927 3143 qui

348 3172 658 3229 delictorum
686 3181 739 3227 et
766 3173 1013 3227 incentor
1037 3180 1119 3226 est
1153 3178 1207 3226 et
1246 3170 1491 3225 delator:
1537 3168 1652 3236 Ipse
1693 3168 1834 3221 enim
1875 3176 1933 3220 ut

2302 1948 2425 2015 ﬁlia.-
2458 1945 2728 2003 Ceraunia:
2758 1958 2782 1985 ο
2812 1947 3048 2002 Ruricius
3078 1946 3367 2019 epist-Opus.

2106 2060 2173 2116 Ut
2218 2059 2479 2130 pictorem
2517 2058 2671 2113 vobis
2711 2071 2865 2114 antea
2901 2075 3005 2113 non
3047 2060 3465 2114 transmitterem
3514 2059 3626 2115 haec

2039 2153 2056 2190 τ
2084 2152 2299 2218 refecit;
2328 2151 2446 2221 quia
2466 2151 2699 2206 adventu
2722 2151 2844 2206 novi
2864 2151 3061 2222 judicis
3093 2160 3143 2207 te
3170 2161 3479 2221 occupatam
3508 2166 3629 2208 esse

2032 2244 2256 2309 credidi,
2285 2253 2446 2312 atque
2472 2244 2543 2297 ita
2565 2244 2897 2309 deterritam,
2928 2253 2985 2296 nt
3006 2243 3072 2300 de
3096 2244 3177 2299 his
3207 2246 3365 2300 rebus
3394 2246 3630 2313 cogitare

2034 2355 2138 2393 non
2171 2337 2366 2407 possis.
2420 2336 2524 2394 Sed
2556 2353 2675 2406 quas
2703 2337 2813 2392 Deo
2855 2337 3086 2407 protritio
3124 2352 3218 2391 vos
3256 2345 3310 2392 et
3349 2337 3542 2392 litteris
3576 2346 3630 2393 et

2035 2432 2294 2484 relatione
2357 2440 2658 2484 vestrorum
2706 2444 2771 2485 ex
2827 2429 3088 2484 sententia
3136 2444 3298 2499 agere
3343 2443 3406 2484 ac
3454 2424 3631 2486 valere

2033 2521 2290 2592 cognovi,
2334 2522 2654 2576 salutatione
2703 2521 2952 2591 praelata,
3002 2521 3292 2590 pictorem,
3340 2521 3630 2591 quamlibet

2035 2617 2121 2672 hic
2163 2628 2303 2672 esset
2343 2626 2655 2681 occupatus,
2685 2630 2806 2669 cum
2856 2612 3119 2682 discipulo
3162 2614 3460 2680 destinavi;
3508 2615 3629 2682 quia

2034 2710 2196 2764 malui
2248 2723 2382 2764 mea:
2409 2706 2689 2762 detrahere
2741 2706 3070 2770 necessitati,
3118 2706 3257 2761 unde
3304 2716 3496 2761 vestrae
3547 2720 3632 2760 sa-

2034 2803 2336 2859 tisfacerem
2369 2802 2632 2872 petitioni.
2660 2802 2763 2855 Sed
2792 2802 2911 2871 quia
2944 2810 2997 2856 et
3028 2792 3356 2871 propositum
3391 2811 3626 2856 vestrum

2033 2906 2088 2951 et
2115 2904 2357 2951 nostrum
2388 2895 2559 2962 poscit
2584 2892 2839 2957 ofﬁcium,
2866 2893 2947 2946 itis
2970 2893 3369 2948 venerationem
3396 2901 3630 2947 vestram

2036 2990 2219 3059 paucis
2251 3004 2470 3043 monere
2501 2988 2837 3055 praesumpsi,
2873 2996 2933 3041 ut
2971 3000 3136 3054 opere
3180 2987 3328 3041 illius
3354 2987 3419 3041 ad
3464 3002 3630 3056 agen-

2035 3080 2157 3134 dam
2200 3080 2598 3150 pmnitentiatn,
2641 3090 2695 3134 et
2728 3095 2862 3132 nova
2894 3080 3017 3132 novi
3050 3078 3281 3133 hominis
3311 3080 3632 3135 vestimenta

2035 3176 2291 3229 sumenda
2323 3174 2503 3242 capias
2542 3173 2870 3242 exemplum,
2909 3188 3014 3241 quo
3046 3173 3253 3227 facilius
3286 3174 3335 3227 in
3378 3185 3429 3228 te
3458 3174 3628 3230 Adam

351 3279 626 3333 peccemus
656 3264 893 3333 instigat,
925 3264 1039 3334 ipse
1064 3278 1184 3318 cum
1217 3261 1636 3331 peccaverimus.
1677 3267 1925 3323 accusat;
1955 3273 2003 3336 (ς
2036 3276 2275 3322 vetustus
2324 3268 2569 3333 intereat,
2615 3273 2670 3321 et
2714 3265 3009 3320 vivilicator
3050 3274 3330 3335 exsurgat;
3378 3266 3633 3333 quemath

353 3365 404 3410 ut
431 3356 542 3412 ideo
566 3359 624 3412 in
651 3355 997 3411 confessione
1028 3354 1313 3410 criminum
1358 3368 1387 3407 a
1433 3352 1587 3406 nobis
1637 3350 1931 3421 praevenia-

350 3456 429 3503 tur
456 3448 505 3502 in
527 3448 758 3513 saeculo,
794 3462 861 3503 ne
890 3456 1077 3503 contra
1104 3461 1204 3500 nos
1228 3444 1422 3500 habeat
1451 3445 1590 3513 quod
1617 3443 1854 3515 proferat
1879 3445 1928 3498 in

350 3538 535 3606 futuro.

937 3616 1329 3699 EPISTJXIII.

350 3726 655 3783 Beatissimis
697 3738 743 3782 et
792 3730 843 3782 in
874 3725 1076 3782 Christo
1124 3725 1490 3781 uenerabilibus
1539 3726 1786 3792 fratribus
1814 3722 1932 3780 Far.-

422 3801 594 3855 damio
628 3809 653 3838 'I
694 3810 741 3853 et
766 3798 942 3853 Vilico
972 3798 1273 3869 presbyteris
1298 3797 1534 3850 Ruricius
1563 3798 1848 3867 episwpus.

411 3912 719 3982 Quamlibet
746 3913 954 3967 litteras
986 3910 1335 3967 fraternitatis
1366 3919 1558 3965 vestr.e
1589 3925 1684 3979 per
1712 3897 1738 3948 δ
1761 3910 1937 3965 subsi-

352 4011 626 4067 diaconem
650 4012 965 4065 contimtum
992 4027 1094 4065 non
1121 4012 1476 4081 perciperem,
1506 4020 1683 4064 tamen
1716 4008 1811 4062 has
1837 4021 1937 4075 ego

354 4117 407 4156 ac
436 4119 525 4169 per
555 4105 735 4174 ipsum
766 4102 831 4155 ad
878 4117 974 4157 vos
996 4101 1186 4157 alicam
1216 4102 1504 4171 instigante
1553 4101 1762 4164 direxi;
1796 4109 1853 4153 ut
1884 4107 1939 4153 et

355 4196 614 4254 desiderio
661 4197 1045 4261 satisfacerem,
1089 4206 1143 4251 et
1190 4195 1456 4251 scribendi
1510 4193 1711 4247 aditum
1769 4191 1937 4261 prius,

355 4289 492 4355 prior
518 4298 737 4358 utpote,
772 4287 1151 4357 patefacerem,
1198 4302 1263 4342 ne
1294 4288 1344 4340 in
1376 4294 1648 4357 posterum
1681 4284 1829 4339 locus
1857 4298 1943 4337 re-

356 4379 681 4451 linqueretur
708 4377 1075 4445 excusationi;
1107 4387 1160 4433 et
1184 4393 1267 4433 res
1294 4378 1603 4445 voluntatis,
1630 4374 1946 4430 difﬁdentia:

356 4479 405 4524 et
462 4468 799 4525 verecundiae
843 4485 963 4524 esse
1026 4469 1315 4523 diceretur.
1366 4469 1602 4523 Salutem
1665 4468 1841 4536 itaque
1890 4466 1945 4518 in

358 4561 563 4619 Christo
595 4562 823 4616 Domino
854 4561 1135 4631 plurimam
1166 4560 1288 4615 dico
1315 4560 1628 4615 beatitudini
1654 4570 1865 4625 vestrae,
1890 4567 1947 4613 et

2037 3359 2255 3414 modum
2288 3358 2378 3412 ille
2412 3358 2646 3427 parietes
2675 3356 2838 3410 variis
2866 3356 3110 3410 colorum
3154 3355 3289 3411 fucis
3320 3357 3630 3411 multimoda

2034 3463 2150 3507 arte
2194 3450 2466 3521 depingit,
2519 3451 2587 3504 ita
2636 3463 2732 3503 vos
2784 3447 3017 3502 animam
3070 3459 3339 3512 vestram,
3390 3464 3507 3517 qua:
3554 3458 3635 3505 est

2038 3543 2293 3613 templum
2328 3541 2453 3608 Dei,
2491 3540 2718 3596 diversis
2749 3540 3006 3597 virtutum
3038 3540 3327 3609 generibus
3355 3540 3635 3608 excolatis,

2038 3647 2095 3691 ut
2145 3652 2270 3691 \‘ere
2314 3635 2381 3690 de
2434 3636 2657 3704 spiritali
2708 3634 2872 3689 domo
2929 3642 3102 3688 vestra
3156 3633 3471 3703 spiritaliter
3513 3648 3634 3688 cum

2040 3732 2299 3800 propheta
2347 3728 2528 3783 dicere
2575 3726 2790 3796 possitis
2835 3743 2847 3779 :
2905 3724 3139 3794 Domine,
3192 3726 3351 3781 dilexi
3407 3727 3637 3779 decorent

2040 3822 2363 3875 habitationis
2391 3835 2509 3887 tute,
2532 3831 2577 3876 et
2608 3823 2773 3874 locum
2796 3820 3121 3874 habitationis
3142 3820 3323 3889 gloriae
3343 3830 3444 3875 tua:
3467 3821 3637 3893 (Psal.

2038 3933 2165 3979 xxv,
2197 3917 2265 3981 8;
2296 3916 2406 3969 Act.
2441 3930 2534 3978 vtI,
2562 3914 2674 3981 48).
2725 3913 2858 3981 Quia
2888 3913 3181 3967 secundum
3237 3913 3402 3980 ipsius
3429 3913 3639 3973 Domini

2044 4013 2212 4066 nostri
2261 4012 2618 4075 sententiam,
2664 4010 2783 4063 Non
2825 4011 2878 4063 in
2909 4025 3062 4062 manu
3094 4009 3248 4079 factis
3277 4009 3468 4060 habitat
3504 4007 3641 4062 Deus

2043 4106 2179 4176 (Act.
2206 4119 2338 4167 xvtt,
2360 4103 2476 4171 24),
2512 4118 2609 4156 nec
2641 4102 2694 4155 iu
2725 4101 3085 4156 tabernaculis
3117 4100 3215 4177 viri
3243 4101 3640 4169 beneplacitum

2043 4200 2123 4263 ei;
2161 4197 2255 4251 sed
2295 4194 2691 4264 bcneplatritum
2720 4205 2803 4247 est
2837 4193 2887 4247 ei
2915 4208 3078 4261 super
3111 4192 3367 4247 timentes
3402 4208 3479 4258 se,
3507 4201 3560 4247 et
3590 4196 3640 4248 in

2045 4306 2109 4344 eo
2140 4289 2226 4359 qui
2268 4296 2451 4357 sperat
2492 4285 2543 4339 in
2584 4285 2973 4339 misericordia.
3029 4286 3091 4336 Et
3144 4286 3256 4351 ipse
3301 4284 3491 4338 iterum
3541 4301 3639 4341 nos

2048 4399 2141 4453 per
2167 4382 2479 4451 prophetam
2513 4379 2706 4433 docere
2742 4378 2993 4448 dignatur
3019 4396 3029 4429 :
3057 4375 3246 4432 Caelum
3277 4378 3402 4431 mihi
3432 4377 3642 4433 thrr-uus

2048 4487 2142 4541 est,
2169 4484 2303 4529 terra
2330 4484 2495 4528 autem
2524 4470 2800 4526 seabellum
2824 4472 3010 4545 pedum
3042 4488 3268 4524 meorum
3296 4488 3312 4524 :
3335 4489 3488 4542 quam
3520 4473 3643 4525 ntihi

2050 4572 2219 4623 sedem
2265 4567 2626 4637 cedi/icabitit,
2699 4575 2787 4618 aut
2835 4566 2950 4635 quis
2976 4567 3068 4619 erit
3131 4566 3268 4619 locus
3318 4567 3644 4636 requirtiouis

358 4669 531 4722 spero,
584 4663 644 4707 ut
688 4668 796 4720 me,
846 4654 984 4707 sicut
1013 4653 1166 4707 decet
1195 4652 1586 4707 ecclesiastictts
1617 4652 1781 4713 viros,
1833 4665 1934 4704 non

2039 4678 2187 4738 interc,
2236 4676 2401 4714 nonne
2449 4659 2555 4712 haec
2597 4658 2769 4711 omnia
2811 4657 2929 4725 fecit
2972 4673 3155 4710 manus
3201 4658 3349 4711 mea?
3376 4665 3464 4710 aut
3494 4671 3643 4723 super

359 4743 537 4810 labiis,
568 4743 663 4799 sed
694 4743 856 4799 corde
882 4743 1148 4813 diligatis;
1182 4754 1235 4799 et
1271 4745 1335 4798 de
1368 4758 1452 4797 me
1482 4745 1703 4797 caritate
1732 4742 1941 4797 sincera

361 4834 410 4890 in
439 4837 675 4907 alloquio
724 4836 947 4907 pristina
997 4838 1176 4891 dicere
1223 4835 1579 4906 praesumatis.
1607 4835 1741 4903 Quia
1780 4836 1821 4887 si
1855 4837 1944 4890 illa

364 4925 545 4983 fuisset
593 4943 740 4994 vera,
786 4938 1188 4997 permanserat;
1244 4936 1299 4983 et
1336 4928 1380 4982 si
1432 4930 1618 4982 luisset
1651 4938 1672 4969 ε
1721 4937 1941 4995 mutata,

363 5034 560 5079 mutata
607 5038 713 5078 non
745 5021 939 5076 fuerat.
984 5025 1023 5075 Α
1053 5021 1204 5091 cujus
1236 5029 1414 5075 tamen
1454 5020 1609 5076 fuerit
1644 5030 1795 5090 parte
1825 5037 1943 5075 mu-

367 5125 492 5182 tata,
520 5125 573 5171 et
602 5114 942 5170 conscientiae
972 5125 1169 5168 nostrae
1212 5114 1479 5178 noverint,
1510 5124 1563 5169 et
1594 5113 1948 5168 conscientia-

367 5224 478 5263 rum
525 5209 767 5279 cognitor
807 5207 925 5262 sine
970 5216 1240 5262 assertore
1288 5209 1593 5277 cognoscit;
1648 5224 1807 5277 quem
1849 5223 1950 5279 ego

370 5305 553 5354 testem
574 5280 803 5355 adhibeo
825 5298 1145 5369 professioni
1168 5313 1301 5353 mete
1326 5317 1338 5351 :
1370 5313 1468 5353 nec
1489 5299 1556 5354 de
1587 5300 1737 5354 initio
1763 5301 1952 5355 simul-

372 5393 489 5446 tatis
511 5409 592 5447 me
612 5407 731 5448 esse
761 5392 1108 5461 culpabilem,
1140 5407 1240 5446 nec
1270 5391 1320 5445 in
1359 5392 1520 5448 corde
1545 5408 1666 5448 meo
1691 5395 1948 5466 quidquid

374 5494 544 5539 actum
592 5496 674 5541 est
706 5485 975 5540 dietumve
1007 5484 1297 5552 resedisse,
1353 5485 1474 5555 quia
1520 5487 1632 5543 scio
1682 5489 1835 5542 nobis
1881 5491 1951 5546 ab

446 5652 471 5680 ι
502 5641 732 5696 Fuerunt
759 5641 1055 5713 presbyteri
1078 5640 1378 5697 dioeceseos
1406 5641 1824 5708 Lemovicensis,
1855 5644 1945 5713 qui

376 5726 497 5838 gum
524 5713 734 5769 Ruricio
757 5728 947 5770 eorum
981 5713 1237 5782 episeopo
1278 5713 1399 5767 lites
1425 5715 1573 5783 prius
1622 5713 1950 5771 habuerunt.

422 5800 535 5838 asa.

458 5811 535 5838 δῦ.

453 5854 476 5892 δ
512 5854 662 5910 Forte
690 5857 1047 5911 subdiaconem
1078 5853 1408 5910 Contimtum.

2049 4771 2195 4820 quem
2224 4753 2382 4804 alium
2413 4750 2705 4820 respiciam,
2733 4749 2832 4801 nisi
2863 4764 3015 4814 super
3034 4746 3297 4814 humilem,
3330 4759 3373 4802 et
3396 4748 3639 4817 quietum,

2051 4854 2097 4898 et
2121 4853 2411 4897 trementem
2438 4857 2695 4895 sermones
2723 4856 2859 4893 meos
2886 4836 3040 4909 (Isai.
3068 4855 3209 4905 LXVI,
3235 4840 3313 4909 t).
3346 4839 3412 4892 Et
3446 4841 3495 4907 ip
3528 4856 3556 4893 e
3592 4844 3641 4894 in

2053 4936 2345 5006 Evangelia
2374 4934 2632 4989 Dominus
2658 4933 2886 4987 clamat:
2928 4931 3099 4985 Venite
3125 4935 3191 4986 ad
3222 4948 3321 4998 me,
3354 4949 3528 4985 omnes
3559 4934 3644 5001 qui

2054 5028 2299 5083 laboratis
2338 5035 2384 5081 et
2427 5026 2624 5080 onerati
2665 5024 2808 5090 estis,
2850 5032 2897 5075 et
2926 5038 3018 5091 ego
3045 5021 3271 5091 rc/iciam
3304 5039 3387 5076 vos
3420 5022 3640 5089 (Matth.

2057 5136 2131 5188 ιι,
2153 5119 2271 5189 28),
2300 5128 2351 5174 et
2378 5119 2579 5188 reliqua
2604 5131 2722 5187 quae
2744 5123 3059 5186 sequuntur.
3091 5116 3153 5168 Et
3178 5114 3318 5178 ideo,
3345 5116 3395 5169 in
3429 5114 3558 5169 Chri
3593 5128 3644 5171 ιο

2059 5215 2287 5269 Domino
2314 5213 2593 5267 Carissima
2632 5225 2784 5265 soror
2820 5224 2882 5263 ac
2923 5208 3051 5272 lilia,
3087 5208 3323 5278 pristinae
3355 5223 3643 5265 conversa-

2060 5307 2219 5373 tionis
2253 5306 2543 5360 ambitione
2573 5304 2834 5374 deposita,
2866 5301 3219 5356 humilitatem
3260 5299 3425 5356 debes
3465 5299 3643 5353 cordis

2061 5400 2304 5465 induere,
2342 5397 2762 5453 misericordiam
2797 5393 3159 5464 indigentibus
3190 5392 3453 5456 fenerare,
3487 5390 3645 5446 casti-

2062 5500 2223 5547 tatem
2263 5506 2370 5546 non
2410 5490 2582 5545 solum
2624 5491 2889 5559 corp'ris,
2942 5486 3036 5542 sed
3081 5487 3272 5540 anima:
3324 5494 3642 5553 procurare;

2134 5654 2156 5683 ε
2193 5644 2302 5699 Hoc
2325 5652 2406 5700 est
2434 5644 2561 5699 alia.

2094 5754 2099 5760 .
2130 5714 2156 5752 ά
2192 5715 2307 5768 Vox
2340 5716 2625 5777 mendosa;
2668 5715 2801 5769 forte
2827 5712 3124 5783 insequella.

2066 5816 2069 5817 ν
2136 5796 2159 5824 ³
2195 5786 2268 5839 De
2296 5803 2353 5839 ea
2384 5787 2631 5855 superius
2661 5787 2818 5855 epist.
2855 5788 2905 5853 1,
2939 5784 3032 5839 lib.
3064 5797 3100 5836 I.

2141 5855 2156 5892 ί
2194 5856 2352 5913 Forte
2380 5873 2456 5911 res
2488 5858 2626 5917 fecit.
