4080 6350
404 431 472 490 95
1757 430 1839 485 RU
1856 429 2007 483 RlCIl
2048 429 2354 487 EPISCOPI
3250 506 3255 511 Ξ
3586 417 3647 472 Uti

407 544 548 619 quOd
566 549 847 618 adjuvaute
872 548 1094 601 Domino
1127 553 1181 598 ut
1206 545 1481 614 acquirere
1503 546 1679 600 valeas
1710 545 1907 614 pariter
1933 554 1989 599 et
2011 547 2063 605 A
2090 549 2182 602 sed
2225 547 2437 602 Patrem
2466 556 2707 614 uestrum,
2747 547 2833 617 qui
2862 547 2916 599 in
2956 545 3091 600 ctelis
3125 554 3195 599 est
3222 542 3437 614 (Matth.
3472 559 3526 608 v,
3560 538 3667 597 iftt‘

404 640 696 703 custodire,
734 638 1074 708 jejtmandum
1121 645 1204 691 est
1231 638 1447 707 saepius,
1487 648 1541 692 et
1573 652 1786 706 semper
1821 651 1980 691 oran-

403 728 554 795 dum,
602 730 724 799 quia
773 728 939 782 Adam
988 728 1215 796 paradisi
1274 740 1330 781 et
1386 737 1568 782 custos
1615 728 1888 796 delegatur
1928 735 1982 782 et

404 821 623 876 colonus
666 819 814 891 (Gen.
851 835 909 884 ll,
948 820 1060 888 15),
1108 821 1316 875 scilicet
1359 829 1416 873 ut
1457 820 1681 875 haberet
1726 820 1979 889 operaudi

405 918 681 972 materiam
715 916 933 971 libertas
974 917 1179 971 arbitrii
1213 925 1268 971 et
1319 916 1459 985 quod
1488 918 1793 971 orationum
1838 917 1979 972 obti-

404 1011 607 1063 nuisset
653 1006 942 1071 industria,
987 1008 1259 1076 parcitatis
1305 1006 1624 1062 abstinentia
1669 1008 1977 1062 custodiret.

404 1096 512 1152 Sed
558 1098 805 1165 quoniam
860 1097 1096 1165 neglexit
1141 1097 1241 1151 sibi
1289 1112 1505 1153 servare
1546 1098 1828 1167 jejunium,
1888 1113 1982 1167 per

401 1186 888 1255 concupiscentiam
924 1187 1139 1240 vetitam
1170 1187 1348 1240 amisit
1385 1194 1440 1241 et
1466 1188 1629 1241 vitam
1670 1196 1724 1241 et
1766 1189 1983 1242 immor-

401 1277 678 1333 talitatem.
732 1276 843 1332 Sub
878 1285 905 1313 ει
938 1276 1253 1332 Hierobabel
1296 1293 1475 1332 muros
1515 1279 1846 1334 Hierusalem
1891 1295 1988 1335 re-

399 1369 541 1423 versi
587 1368 654 1421 ad
708 1367 1062 1436 captivitatem
1123 1370 1480 1436 reparabant,
1538 1386 1657 1425 cum
1709 1372 1787 1426 eis
1838 1382 1980 1427 esset

399 1467 584 1512 contra
622 1458 950 1526 alienigenas
986 1474 1082 1527 pro
1108 1461 1420 1515 eorumdem
1463 1476 1733 1516 murorum
1772 1474 1981 1517 resum-

402 1552 610 1605 ratione
656 1561 950 1615 certamen,
1000 1552 1359 1619 operabantur
1405 1553 1611 1621 dextra,
1662 1563 1717 1609 et
1768 1555 1982 1609 sinistra

402 1644 710 1711 pugnabant
756 1642 835 1711 (II
890 1642 1072 1697 Esdra:
1100 1660 1169 1707 tv,
1199 1644 1288 1713 17)
1326 1662 1338 1697 :
1381 1644 1587 1700 scilicet
1621 1654 1826 1700 scutum
1860 1647 1981 1701 ﬁdei

320 1782 325 1787 .
403 1734 533 1789 lreva
587 1744 768 1790 contra
818 1735 1155 1791 adversarios
1210 1736 1642 1804 prtetendentes,
1697 1747 1750 1792 et
1795 1738 1981 1793 dextra

403 1826 662 1880 bonorum
708 1841 927 1894 operum
975 1836 1228 1895 tanquam
1278 1828 1513 1897 lapidum
1563 1830 1982 1897 compositurum

2085 640 2250 710 Cujus
2270 650 2350 695 est
2376 649 2431 695 et
2456 649 2514 695 ut
2531 639 2709 703 detur,
2732 648 2785 693 et
2809 654 2968 694 omne
2992 637 3133 708 quod
3158 637 3335 691 datur.
3366 634 3499 701 Quia
3521 634 3669 703 juxta

2087 734 2402 801 Apostolum
2431 750 2442 785 :
2474 732 2645 787 Omne
2674 730 2855 785 datum
2891 731 3085 785 bonum
3118 746 3147 782 a
3177 743 3389 783 sursum
3422 724 3490 782 de
3519 727 3673 780 Patre

2088 825 2346 881 luminum
2388 826 2696 889 descendit,
2728 841 2759 879 a
2793 838 2899 895 quo
2939 832 2992 878 et
3031 823 3276 895 voluntas
3318 820 3590 883 tribuitur,
3621 827 3674 874 et

2088 926 2372 987 praestatur
2399 917 2643 973 effectus.
2675 916 2806 984 Quia
2834 914 3148 986 paenitentia
3176 929 3281 968 non
3313 912 3529 968 nomine
3556 922 3673 965 tan-

2087 1018 2197 1064 tum
2235 1008 2547 1076 obtinenda,
2579 1008 2674 1063 sed
2706 1015 2827 1063 actu
2862 1016 2942 1062 est
2964 1005 3325 1076 exsequenda.
3355 1003 3674 1058 Pmnitentia

2086 1116 2191 1155 non
2234 1108 2315 1155 est
2366 1115 2561 1154 nomen
2612 1102 2863 1163 otiosum,
2913 1114 3033 1168 quae
3084 1113 3147 1151 ex
3197 1096 3457 1166 qualitate
3496 1094 3675 1163 operis

2090 1193 2331 1263 possidet
2364 1193 2631 1247 laboriosa
2661 1190 3001 1246 vocabulum.
3036 1189 3150 1244 Non
3180 1188 3326 1243 enim
3357 1196 3532 1256 potest
3566 1202 3676 1255 per

2086 1285 2264 1338 nitens
2308 1283 2435 1348 dici,
2482 1283 2572 1350 qui
2620 1280 2926 1352 paenitenda
2969 1278 3277 1345 committit,
3322 1276 3417 1332 sed
3462 1276 3551 1330 ille
3588 1278 3677 1345 qui

2090 1376 2361 1445 praeterita
2424 1383 2638 1445 peccata
2697 1373 2778 1427 vel
2830 1372 3063 1426 maculas
3118 1369 3416 1425 humilitate
3474 1368 3679 1428 cordis.

2088 1467 2418 1535 subjectione
2457 1466 2717 1535 corporis,
2772 1465 3032 1519 bonorum
3092 1477 3313 1531 operum
3370 1459 3677 1523 sedulitate,

2088 1560 2397 1614 assiduitate
2413 1558 2735 1621 orationum,
2752 1555 3147 1611 continuatione
3168 1553 3479 1623 gemituum,
3497 1565 3680 1620 pecto-

2087 1653 2162 1707 ris
2187 1652 2517 1715 contusione,
2541 1651 2891 1719 lacrymarttm
2918 1646 3223 1715 profusione
3253 1644 3449 1713 detegit
3491 1640 3681 1714 {deter-

2088 1743 2212 1816 git];
2242 1754 2295 1798 ut
2318 1744 2485 1813 possit
2526 1741 2705 1797 dicere
2739 1756 2859 1796 eum
2899 1740 3155 1809 propheta
3203 1756 3215 1790 :
3266 1737 3344 1791 Ne
3384 1736 3682 1789 memineris

2088 1836 2379 1903 iniquitates
2419 1844 2620 1888 nostras
2654 1835 2892 1899 antiquas
2934 1830 3104 1903 (Psal.
3131 1845 3352 1894 Lxxvut,
3377 1829 3455 1899 8),
3500 1828 3682 1896 utiqtte

403 1918 600 1973 mtenia
629 1927 1021 1983 construentes,
1046 1918 1138 1974 sed
1181 1928 1235 1974 et
1266 1918 1365 1988 ipsi
1404 1919 1505 1973 viri
1532 1920 1622 1989 qui
1651 1920 1985 1975 aediﬁcabant

2095 1942 2192 1981 non
2239 1926 2600 1996 quotidianas.
2649 1925 2714 1978 Et
2746 1924 2869 1977 illud
2905 1941 2918 1977 :
2954 1922 3205 1976 Laboravi
3243 1923 3295 1975 in
3325 1921 3513 1990 gemitu
3547 1935 3680 1985 meo,

403 2026 522 2064 cum
550 2010 823 2078 prophetis
844 2011 975 2077 suis,
1004 2026 1166 2081 super
1188 2011 1398 2066 lumbos
1422 2013 1580 2067 cincti
1607 2012 1983 2082 operabantur,

403 2102 543 2171 quod
567 2109 620 2155 et
642 2101 897 2156 Dominus
923 2102 974 2156 in
998 2101 1287 2172 Evangelio
1316 2103 1605 2158 observare
1631 2120 1727 2159 nos
1751 2106 1987 2174 prmcipit

403 2194 587 2247 dicens
617 2209 633 2248 :
666 2194 784 2249 Sint
810 2196 969 2248 lumbi
994 2196 1145 2249 vestri
1170 2198 1450 2264 prwcincti,
1481 2206 1529 2251 et
1561 2198 1784 2251 lucerna:
1812 2209 1988 2273 vestra:

404 2288 637 2341 ardentes
662 2287 812 2357 (Luc.
842 2305 937 2352 xu,
962 2290 1052 2357 55)
1089 2306 1102 2342 :
1134 2290 1449 2358 praecinctus
1478 2299 1561 2346 est
1592 2292 1804 2357 lumbis,
1834 2293 1986 2358 cujus

404 2394 529 2432 caro
558 2377 786 2434 castitati
828 2380 1038 2447 militat,
1070 2391 1123 2435 et
1152 2396 1256 2435 non
1300 2381 1538 2447 libidini;
1585 2392 1637 2437 et
1666 2398 1816 2437 mens
1849 2384 1987 2437 illius

404 2478 652 2539 tanquam
692 2464 887 2526 ardens
936 2473 1152 2527 lucerna
1185 2474 1485 2544 praefulget,
1515 2492 1673 2545 quam
1708 2477 1988 2544 praeceptis

404 2562 515 2615 suis
551 2560 795 2618 Christus
838 2564 1101 2620 accendit.
1144 2566 1276 2632 Quia
1318 2572 1432 2621 haec
1472 2568 1648 2621 omnia
1694 2569 1986 2623 secundum

404 2656 719 2724 Apostolum
764 2657 814 2709 itt
850 2657 1013 2726 figura
1045 2661 1210 2712 nostri
1258 2658 1393 2713 facta
1421 2670 1546 2714 sunt
1583 2658 1634 2731 (Ι
1667 2660 1785 2713 Cor.
1819 2677 1872 2723 x,
1907 2661 1985 2729 6);

406 2746 546 2801 scire
594 2761 690 2801 nos
734 2750 1018 2813 convenit,
1075 2750 1217 2819 quod
1263 2750 1495 2821 quandiu
1550 2753 1732 2807 steculi
1786 2752 1989 2806 actibus

406 2836 599 2891 fuimus
649 2840 911 2907 occupati,
950 2848 1198 2910 tanquam
1230 2840 1535 2912 Babyloniis
1563 2852 1615 2897 et
1646 2843 1755 2912 regi
1799 2859 1983 2897 eorum

406 2930 599 2998 captivi
630 2946 658 2983 a
688 2932 870 2985 Judaaa
901 2933 1144 3003 producti
1179 2932 1230 2988 in
1260 2933 1491 2989 hostium
1525 2935 1742 3005 regione
1770 2938 1988 2991 servivi-

406 3035 545 3086 mus,
574 3022 714 3077 unde
744 3039 838 3091 per
863 3024 1230 3092 paenitentiam
1268 3025 1334 3079 ad
1371 3027 1618 3096 patriam,
1661 3027 1758 3082 ltoc
1790 3036 1891 3094 est,
1924 3029 1987 3081 ad

405 3112 677 3167 cmlestem
708 3113 1039 3170 Hierusalem
1080 3126 1304 3172 matrem
1350 3117 1587 3172 omnium
1626 3118 1858 3173 ﬁdelium
1901 3134 1988 3173 re-

407 3214 695 3271 vertentes,
725 3206 981 3261 debemus
1019 3210 1166 3262 omni
1211 3210 1468 3264 virtutum
1505 3226 1705 3280 genere
1740 3226 1990 3280 reparare

2093 2018 2271 2071 lavabo
2297 2035 2384 2087 per
2410 2017 2641 2087 singulas
2684 2027 2851 2069 noctes
2877 2014 3060 2067 lectum
3089 2029 3254 2066 meum
3294 2010 3467 2082 (Psal.
3496 2026 3570 2077 vr,
3602 2009 3682 2079 7).

2092 2108 2158 2161 Et
2194 2126 2204 2161 :
2238 2109 2502 2178 Lacrymt's
2538 2109 2659 2161 meis
2702 2118 2912 2161 stratum
2944 2122 3109 2159 meum
3152 2103 3330 2173 rigabo
3362 2100 3575 2173 (lbid.).
3620 2102 3685 2158 El

2091 2201 2281 2254 iterum
2316 2216 2330 2253 :
2360 2198 2635 2269 [fugiebant
2668 2215 2697 2249 a
2722 2199 2911 2270 gemitu
2940 2197 3109 2249 cordis
3139 2195 3236 2249 mei
3270 2193 3439 2262 (Psal.
3468 2208 3684 2257 xum,

2091 2293 2170 2363 9).
2215 2293 2280 2346 Et
2325 2292 2513 2345 iterum
2549 2307 2567 2345 :
2603 2290 2856 2357 Quoniam
2910 2288 3201 2357 iniquitates
3244 2302 3381 2338 meas
3424 2301 3515 2354 ego
3564 2301 3686 2355 pro-

2092 2386 2272 2437 nuntio
2302 2396 2348 2437 et
2378 2384 2611 2452 cogitabo
2652 2399 2744 2451 pro
2792 2391 2995 2452 percolo
3034 2396 3141 2433 meo
3171 2377 3361 2448 (Ibid.,
3394 2377 3506 2446 19).
3562 2377 3685 2433 Sint

2092 2476 2214 2529 ideo
2246 2476 2331 2530 bic
2369 2474 2589 2529 crimina
2632 2483 2810 2527 nostra
2851 2481 2975 2527 ante
3005 2486 3122 2538 nos,
3166 2479 3220 2524 et
3248 2478 3433 2523 contra
3474 2482 3595 2534 nos,
3628 2478 3688 2523 ut

2094 2570 2146 2621 in
2173 2568 2261 2622 die
2302 2567 2487 2637 jndicii
2524 2581 2643 2620 esse
2694 2580 2797 2618 non
2847 2564 3072 2634 possint,
3120 2570 3174 2615 et
3220 2560 3350 2615 illud
3394 2559 3553 2615 etiam
3599 2559 3687 2613 hic

2091 2659 2251 2730 positi
2281 2673 2401 2712 cum
2432 2657 2620 2711 ﬁducia
2650 2656 2825 2710 dicere
2858 2669 3158 2710 mereamur
3188 2670 3198 2704 :
3230 2651 3484 2704 Delictum
3514 2665 3687 2701 meum

2094 2768 2186 2821 ego
2230 2766 2499 2820 cognosco,
2545 2758 2591 2803 et
2638 2750 2921 2815 injustitias
2968 2763 3105 2800 meas
3154 2763 3255 2799 non
3301 2745 3475 2816 operui
3506 2741 3685 2812 (Psal.

2094 2859 2243 2908 xxxi,
2270 2840 2346 2910 5).
2394 2840 2534 2907 Dixi,
2580 2839 2938 2910 pronuntiabo
2972 2838 3229 2892 adversus
3262 2851 3347 2891 me
3387 2842 3442 2890 et
3469 2833 3691 2903 injusti-

2096 2937 2195 2990 tias
2222 2948 2368 2989 meas
2400 2933 2648 3001 Domino,
2679 2944 2733 2989 et
2766 2942 2819 2988 tu
2848 2932 3100 2988 remisisti
3149 2930 3474 3000 impietatem
3505 2928 3691 2983 cordis

2093 3028 2220 3083 mei.
2266 3028 2484 3082 Certum
2532 3038 2615 3082 est
2665 3027 2805 3096 quod
2856 3027 2907 3079 in
2958 3035 3215 3095 quantum
3279 3023 3481 3078 tibide
3520 3022 3691 3092 priori

2093 3122 2503 3178 conversatione
2547 3120 2902 3190 displicueris,
2956 3120 3009 3173 in
3060 3126 3267 3173 tantum
3300 3115 3526 3171 Domino
3572 3115 3691 3185 pla-

2093 3214 2267 3284 cebis,
2302 3222 2356 3269 et
2387 3216 2439 3268 in
2483 3223 2739 3283 quantum
2788 3211 2881 3267 tibi
2926 3210 3211 3280 placueris,
3262 3210 3336 3263 illi
3379 3209 3494 3263 sine
3523 3206 3693 3261 dubio

407 3294 665 3364 collapsa,
707 3297 911 3353 sarcire
955 3298 1200 3366 discissa,
1242 3300 1423 3357 delere
1466 3303 1756 3371 prreterita,
1798 3318 1988 3358 cavere
2020 3302 2065 3366 C
2095 3306 2428 3375 displicebis,
2457 3305 2546 3372 qui
2573 3304 2704 3359 dicit
2736 3320 2751 3356 :
2778 3304 3043 3371 Quoniam
3083 3301 3309 3369 dissipat
3345 3314 3465 3354 ossa
3508 3299 3692 3353 homi-

409 3386 715 3456 praasentia,
747 3402 935 3457 parare
962 3400 1213 3456 ventura;
1260 3402 1315 3446 ut
1344 3408 1440 3462 per
1470 3393 1848 3463 benignitatem
1891 3395 1992 3451 Do-

409 3478 538 3533 mini
566 3494 597 3534 a
625 3479 846 3549 pristina
877 3490 1217 3551 peccatorum
1251 3487 1557 3555 captivitate
1585 3487 1849 3554 distracti,
1887 3505 1993 3543 non

408 3570 821 3641 Babyloniorum
876 3573 1017 3643 regi,
1076 3576 1169 3629 sed
1204 3576 1333 3644 Regi
1382 3578 1643 3632 caelorum
1684 3576 1898 3633 Christo
1942 3581 1992 3634 iu

409 3662 768 3730 Hierusalem,
796 3679 1019 3733 quaeque
1050 3668 1448 3737 congregationi
1491 3678 1795 3724 sanctorum
1828 3671 1995 3726 aediﬁ-

409 3760 562 3808 catur
589 3755 799 3821 civitas,
842 3758 1163 3813 serviamus.
1211 3760 1277 3814 Et
1305 3760 1503 3815 idcirco
1533 3760 1723 3817 faciem
1755 3772 1990 3817 nostram

411 3845 688 3915 debemus,
726 3849 893 3917 magis
936 3849 1185 3919 lacrymis
1225 3850 1423 3921 rigare,
1454 3865 1611 3922 quam
1656 3852 1902 3918 lavacris,
1939 3862 1996 3907 nt

411 3936 588 3992 dicere
628 3952 748 3993 cum
797 3940 1053 4008 propheta
1104 3943 1411 4010 possimus:
1447 3942 1581 4007 Quia
1620 3943 1838 3997 cinerem
1865 3945 1995 3998 sicut

413 4045 596 4099 panem
623 4032 1010 4098 manducabam,
1038 4043 1085 4087 et
1112 4045 1288 4103 potum
1318 4052 1485 4090 meum
1515 4053 1627 4090 cum
1663 4039 1789 4107 ﬂetu
1816 4038 1994 4091 misce-

411 4123 525 4175 bam
557 4122 726 4195 (Psal.
752 4140 824 4191 Cl,
851 4126 960 4197 10).
1009 4127 1274 4184 Debemus
1317 4145 1514 4199 corpus
1557 4140 1798 4185 nostrum
1840 4131 1993 4185 inde-

411 4215 568 4272 fessis
600 4219 789 4286 vigiliis
813 4228 867 4272 et
892 4222 1159 4276 continuis
1184 4224 1435 4278 edomare
1460 4225 1697 4293 jejuniis,
1728 4234 1784 4278 ut
1810 4241 1994 4279 vctum

414 4319 726 4364 exercentes
766 4311 906 4365 inter
945 4312 1174 4368 animam
1212 4330 1538 4386 carnemque
1572 4317 1854 4384 judicium,
1889 4335 1994 4371 nou

413 4413 539 4453 caro
578 4398 880 4457 dominetur
920 4403 1152 4471 spiritui,
1191 4407 1285 4460 sed
1323 4407 1531 4475 spiritui
1572 4421 1698 4462 caro
1729 4409 1866 4463 victa
1904 4409 1997 4463 de-

416 4494 638 4548 serviat.
685 4494 851 4563 Cujus
899 4498 973 4551 rei
1026 4498 1329 4569 exemplum
1378 4494 1532 4554 nobis
1557 4500 1837 4567 Dominus,
1869 4502 1996 4556 dum

414 4600 509 4656 per
535 4587 783 4656 angelum
814 4588 878 4642 ad
906 4588 1047 4659 Agar
1073 4590 1222 4646 Sara:
1251 4592 1495 4647 ancillam
1541 4593 1792 4662 loquitur,
1824 4594 1994 4662 dedit,

2098 3412 2224 3451 num
2254 3397 2354 3451 sibi
2378 3396 2701 3467 placentium
2727 3392 2902 3469 (Psal.
2930 3410 3050 3459 cn,
3075 3393 3153 3463 7).
3186 3394 3251 3448 Et
3279 3392 3399 3448 ideo
3429 3401 3684 3460 tanquam

2097 3489 2424 3544 severissimi
2468 3502 2721 3543 censores
2766 3486 2951 3555 culpas
2999 3494 3209 3541 nostras
3252 3485 3303 3539 in
3344 3497 3442 3537 nos
3472 3483 3570 3552 ipsi
3600 3481 3692 3535 di-

2097 3582 2336 3635 strictius
2366 3579 2720 3642 vindicemus,
2753 3588 2808 3633 et
2837 3578 2935 3648 ipsi
2968 3578 3123 3632 nobis
3156 3593 3250 3647 per
3280 3575 3523 3629 diversos
3563 3587 3690 3627 cor-

2098 3672 2242 3742 poris
2287 3672 2555 3726 cruciatus
2597 3680 2823 3726 tortores
2854 3668 3253 3741 quodammodo
3293 3668 3586 3723 existamus
3632 3674 3691 3721 et

2092 3765 2335 3834 judices;
2379 3764 2511 3820 etin
2552 3764 2642 3818 illo
2669 3764 2825 3833 justas
2867 3762 3278 3817 examinationis
3306 3770 3547 3830 tempore
3576 3773 3689 3814 non

2100 3858 2293 3913 habeat
2333 3859 2388 3912 in
2434 3873 2528 3913 nos
2554 3857 2714 3928 Regis
2761 3858 3046 3922 sententia,
3096 3857 3233 3923 quod
3282 3856 3519 3920 damnet,
3548 3868 3690 3921 quos

2092 3948 2202 4017 jam
2249 3948 2335 4003 hic
2380 3947 2745 4016 castigationis
2776 3948 2895 4001 vitae
2936 3947 3215 4016 disciplina
3261 3946 3516 4013 correxit,
3560 3942 3690 4013 quia

2092 4040 2266 4110 justus
2297 4050 2351 4096 et
2379 4039 2682 4095 misericors
2706 4040 2867 4109 judex
2894 4040 2973 4095 bis
2999 4054 3103 4093 non
3125 4036 3329 4107 judicat
3352 4037 3402 4092 in
3428 4035 3688 4105 idipsum,

2097 4132 2199 4188 hoc
2242 4143 2343 4197 est,
2392 4133 2441 4187 ei
2478 4147 2537 4188 se
2581 4132 2800 4188 exhibet
2841 4132 3045 4195 mitem,
3094 4144 3249 4199 quem
3301 4129 3564 4183 invenerit
3600 4126 3691 4181 hic

2098 4240 2217 4278 esse
2272 4240 2382 4293 prae
2434 4236 2770 4294 peccatorum
2834 4223 3199 4279 satisfactione
3255 4221 3556 4285 crudelem;
3610 4220 3692 4274 illi

2100 4314 2410 4381 benignum,
2454 4330 2610 4384 quem
2660 4315 2712 4369 in
2755 4316 2855 4369 hac
2890 4314 2995 4369 vita
3035 4312 3345 4383 cognoverit
3379 4311 3478 4365 sibi
3518 4310 3690 4364 fuisse

2100 4405 2431 4471 districtum;
2464 4406 2758 4461 secundum
2792 4406 2917 4461 illud
2947 4405 3311 4474 evangelicum
3345 4421 3356 4455 :
3391 4402 3492 4467 Qui
3513 4401 3691 4471 perdi-

2104 4497 2235 4549 derit
2261 4496 2485 4549 animam
2508 4509 2714 4567 prapter
2738 4514 2837 4562 me,
2867 4497 3083 4550 inveniet
3112 4510 3223 4549 eam
3246 4492 3461 4563 (Matth.
3488 4509 3541 4556 ι,
3566 4492 3689 4560 '58).

2104 4586 2200 4642 Vel
2229 4588 2355 4641 illud
2394 4606 2405 4639 :
2437 4586 2583 4641 Beati
2611 4590 2699 4658 qui
2730 4604 2862 4642 nunc
2889 4587 3089 4659 lugetis,
3118 4587 3239 4656 quia
3269 4585 3497 4639 ridebitis
3531 4583 3687 4654 (Luc.

417 4694 539 4749 quae
560 4679 831 4735 dominam
860 4696 1007 4735 suam
1031 4682 1283 4739 deserere
1312 4685 1572 4739 maluerat
1597 4700 1755 4755 quam
1787 4686 1993 4754 audire,
2026 4676 2079 4737 D
2104 4694 2176 4743 vt,
2204 4678 2319 4749 21).
2366 4679 2537 4734 Breve
2586 4689 2669 4734 est
2714 4678 2858 4734 enim
2899 4694 3059 4732 omne
3090 4676 3230 4747 quod
3271 4677 3323 4730 in
3358 4675 3459 4729 hoc
3487 4674 3691 4729 mundo

416 4770 601 4826 dicens
639 4772 689 4827 ei
734 4788 748 4825 :
787 4773 1073 4830 Revertere
1113 4784 1168 4830 et
1208 4785 1324 4830 esto
1364 4776 1571 4831 subdita
1617 4777 1849 4832 domina:
1895 4786 1997 4833 tuae

418 4862 572 4933 (Gen.
603 4880 710 4931 xvt,
738 4865 817 4935 9).
874 4866 943 4921 Ut
991 4866 1074 4921 his
1130 4867 1397 4923 laboribus
1452 4869 1699 4924 omnibus
1749 4878 1802 4924 et
1847 4870 2001 4924 bonis

416 4957 667 5025 operibus
712 4958 890 5012 dedita
937 4957 1109 5028 possis
1154 4973 1274 5014 esse
1320 4968 1374 5013 et
1422 4960 1829 5015 conversatione
1876 4975 1999 5029 per-

418 5047 578 5112 fecta,
620 5056 674 5102 et
712 5050 1048 5104 confessione
1091 5049 1306 5115 devota,
1344 5060 1397 5104 et
1438 5051 1491 5104 in
1532 5066 1696 5120 regno
1733 5052 1894 5119 patris
1926 5051 2001 5105 tui

418 5140 560 5195 illius
581 5142 648 5197 de
670 5156 774 5212 quo
797 5143 1051 5197 Dominus
1079 5143 1132 5197 in
1156 5142 1442 5213 Evangelio
1467 5144 1596 5197 dicit
1624 5162 1634 5195 :
1661 5143 1837 5197 Nolite
1863 5145 2002 5197 vobis

418 5250 595 5287 vocare
614 5243 807 5305 patrem
832 5251 981 5305 super
1010 5243 1219 5299 terram,
1253 5251 1382 5287 unus
1412 5236 1543 5287 enim
1573 5243 1643 5288 est
1675 5245 1817 5303 pater
1840 5245 2001 5289 vester

423 5324 636 5395 (Matth.
658 5340 808 5391 mu,
842 5326 919 5395 9);
949 5325 1238 5379 secundum
1267 5340 1460 5379 nomen
1495 5333 1638 5379 tuum
1668 5325 1718 5379 in
1747 5326 1832 5380 illa
1867 5328 1995 5379 bea-

423 5426 594 5471 torum
644 5416 795 5471 turba
840 5432 963 5469 vera
1008 5415 1290 5485 splendere
1318 5414 1600 5481 Ceraunia,
1646 5426 1699 5471 et
1747 5417 1993 5471 vocabuli

420 5511 492 5565 ttti
545 5519 727 5564 auctor
767 5510 996 5563 existere
1039 5525 1052 5561 :
1099 5508 1165 5562 de
1193 5522 1296 5577 quo
1325 5508 1610 5576 splendore
1638 5522 1857 5577 operum
1892 5508 1997 5563 Do-

422 5603 598 5657 minus
636 5601 763 5656 dicit
791 5619 804 5653 :
835 5600 927 5656 Sic
956 5601 1121 5653 luceat
1159 5599 1248 5652 lux
1284 5610 1445 5652 vestra
1483 5615 1652 5651 coram
1683 5598 1992 5667 hominibus,

419 5704 473 5747 ut
501 5693 703 5747 videant
732 5711 883 5763 opera
912 5702 1073 5747 vestra
1099 5691 1249 5757 bona,
1277 5701 1323 5747 et
1352 5692 1698 5762 magniﬁcent,
1731 5708 1838 5749 non
1878 5708 1994 5763 vos,

510 5884 535 5912 ⁸
562 5870 861 5929 Zorobabel.

2104 4774 2297 4843 agitur,
2330 4775 2441 4829 sive
2477 4773 2697 4839 bonum,
2727 4773 2841 4828 sive
2880 4772 3099 4835 malum,
3128 4773 3268 4825 sicut
3304 4767 3691 4838 experimentis

2105 4864 2363 4919 Dominus
2407 4875 2495 4919 aut
2547 4863 2794 4933 promisit
2844 4872 2936 4917 aut
2980 4864 3146 4917 voluit
3190 4862 3297 4930 jam
3336 4858 3571 4930 probari.
3624 4859 3690 4911 Et

2104 4956 2302 5011 idcirco
2359 4956 2425 5009 ad
2492 4954 2835 5010 sustinendas
2880 4969 2975 5024 pro
3024 4954 3116 5007 Dei
3168 4967 3352 5006 amore
3407 4962 3689 5018 pres-suras

2103 5056 2411 5101 constantes
2450 5060 2569 5101 esse
2608 5045 2887 5100 debemus.
2930 5044 3061 5110 Quia
3090 5043 3134 5097 si
3174 5042 3241 5097 ad
3274 5055 3554 5110 vesperum
3591 5038 3687 5093 de-

2105 5140 2399 5195 morabitur
2425 5139 2599 5201 ﬂetus,
2623 5147 2678 5191 et
2698 5137 2765 5190 ad
2795 5137 3109 5189 matutinum
3137 5135 3319 5189 laetitia
3344 5132 3688 5202 subsequitur

2106 5232 2278 5304 (Psal.
2310 5248 2455 5294 xxix,
2494 5231 2573 5299 6).
2634 5232 2815 5299 itaque
2850 5242 2991 5283 nonc
3038 5243 3279 5282 seramus
3320 5229 3371 5282 in
3411 5227 3681 5297 lat‘rymis,

2103 5325 2244 5396 quod
2273 5313 2410 5378 'tunc
2439 5333 2701 5378 metemus
2742 5324 2793 5376 itt
2830 5338 2929 5391 gau
2952 5306 3231 5392 liis(Psal.
3263 5336 3420 5387 cxxv,
3452 5321 3527 5389 6).
3561 5320 3687 5374 [lare

2106 5431 2272 5486 pauca
2306 5416 2372 5470 ad
2399 5415 2800 5470 confortandam
2835 5414 2991 5468 ﬁdem
3023 5420 3253 5468 vestram
3287 5429 3383 5482 pro
3424 5411 3679 5467 exhorta-

2104 5510 2264 5564 tionis
2314 5509 2503 5562 solatio
2548 5508 2687 5561 dicta
2736 5507 3026 5573 sufﬁciunt,
3077 5521 3196 5576 qua:
3239 5506 3367 5561 licet
3415 5506 3530 5573 ipse
3577 5519 3682 5558 non

2102 5600 2313 5669 faciam,
2357 5612 2533 5655 tamen
2557 5610 2616 5654 ut
2644 5610 2697 5653 et
2728 5614 2821 5654 vos
2856 5598 3023 5669 agatis
3062 5600 3337 5653 exhortor.
3388 5597 3511 5653 Scio
3539 5597 3681 5652 enim

2102 5692 2465 5750 exhortationi
2496 5692 2725 5762 positam
2753 5705 2875 5748 esse
2908 5689 3242 5757 mercedem;
3275 5690 3397 5761 quia
3425 5688 3682 5760 legimus:
