4080 6350
352 330 420 389 9⁸1

1645 324 2119 382 EPISTOLARUM
2165 324 2291 378 LIB.
2335 323 2395 376 ll.
2466 320 2475 327 ’
3564 333 3635 391 98

363 449 519 503 Flere
549 464 668 502 cum
697 448 934 519 ﬂentibus
964 446 1138 516 (Hom.
1174 460 1267 511 xu,
1303 444 1415 515 15).
1449 442 1517 497 Et
1552 457 1621 497 ne
1644 443 1779 497 forte
1810 453 1863 495 tu
1891 441 1944 495 in
1972 444 2027 504 Α
2049 440 2243 496 choata
2294 453 2541 494 sermone
2590 455 2800 509 semper
2847 455 2899 498 et
2947 444 3051 500 fota
3099 458 3200 516 est,
3244 452 3404 510 debet
3449 463 3629 530 augeri

365 544 563 614 judicio
588 543 799 599 diceres
834 561 847 596 :
880 542 1101 610 Qutzsit'i
1143 542 1230 611 qui
1258 541 1414 594 simul
1444 556 1638 594 mecum
1683 539 1951 591 contrista-

368 646 527 702 retur,
569 646 615 689 et
658 636 909 705 nonfuit,
952 645 998 688 et
1039 633 1354 688 consolantes
1385 651 1484 700 me,
1541 643 1588 686 et
1634 648 1735 685 non
1781 631 1953 684 inveni

312 734 317 741 '
373 727 748 797 (Psat.r.xvnt,
773 728 890 798 21).
941 727 1262 783 Perfectiora
1292 743 1423 781 vero
1462 735 1621 795 atque
1656 725 1857 794 majora
1902 726 1955 779 in

292 804 305 841 ⁸
371 820 667 888 Scripturis
708 820 921 886 divinis,
969 819 1108 875 unde
1148 821 1247 874 ista
1282 820 1533 889 decerpta
1566 827 1710 883 sunt,
1758 820 1958 873 instru-

374 924 553 968 menta
596 913 867 983 perquire,
896 913 941 967 si
976 912 1058 967 vis
1098 922 1187 966 aut
1226 924 1399 982 erepta
1449 912 1726 979 perﬁcere,
1758 920 1848 965 aut
1890 910 1956 965 ad

376 1005 611 1074 pollicita
637 1003 939 1074 pervenire.
971 1003 1124 1058 Dabit
1152 1004 1243 1059 tibi
1281 1003 1457 1059 taliter
1482 1004 1742 1074 quaerenti
1772 1004 1959 1057 Domi-

376 1113 477 1152 nus
506 1098 786 1152 scientiam
815 1097 1013 1167 pariter
1041 1107 1094 1151 et
1120 1098 1394 1164 virtutem,
1419 1105 1480 1151 ut
1504 1106 1559 1153 et
1593 1097 1728 1152 lecta
1758 1096 1959 1152 intelli-

376 1204 491 1259 gas,
534 1199 589 1244 et
616 1190 883 1245 intelleCIa
922 1188 1210 1243 custodias.
1256 1188 1388 1244 Nam
1421 1197 1571 1258 pater
1597 1188 1960 1258 orphanorum

377 1293 430 1337 et
471 1281 671 1336 arbiter
721 1280 997 1335 viduarum
1038 1294 1159 1334 cum
1207 1290 1261 1335 te
1294 1281 1361 1336 de
1401 1296 1461 1336 se
1494 1290 1697 1335 tantum
1743 1295 1961 1351 sperare

378 1371 724 1443 compererit,
764 1380 818 1428 et
855 1372 1069 1442 pupillis
1112 1373 1217 1426 tuis
1257 1373 1452 1429 tribuet
1496 1383 1716 1443 paterna
1768 1372 1963 1442 pietate

378 1460 708 1533 prresidium,
742 1469 799 1518 et
839 1472 889 1517 te
923 1462 1355 1524 remuneratione
1388 1462 1584 1532 judicis
1614 1463 1867 1534 perducet
1895 1462 1962 1518 ad

378 1569 680 1625 praemium.

989 1665 1207 1724 EPIST.
1250 1666 1343 1722 XV

418 1780 641 1836 Domino
671 1789 847 1837 sancto
876 1791 925 1837 et
951 1783 1235 1851 apostolico
1271 1799 1330 1836 ac
1360 1784 1486 1837 mihi
1517 1800 1624 1852 pra:
1651 1786 1845 1839 ca'teris
1876 1787 1927 1839 in

2057 534 2320 604 corporali
2369 535 2594 601 visione,
2648 553 2751 591 non
2800 540 2985 607 minui,
3029 553 3082 596 et
3124 559 3367 604 crescere
3415 550 3628 623 intuitu,

2058 642 2176 697 quae
2203 627 2363 697 coepit
2393 627 2575 681 affatu.

2657 742 2870 798 EPIST.
2913 744 3052 801 XVI.

2062 833 2282 889 Domino
2324 834 2524 889 sublimi
2567 852 2859 913 semperque
2899 841 3169 913 magnifico
3210 845 3360 913 fratri
3391 845 3637 905 Turencio

2576 907 2815 961 Ruricius
2845 907 3128 979 episcopus.

2137 996 2313 1067 Exigit
2374 998 2591 1054 solliciti
2643 1000 2821 1056 cordis
2878 1002 3133 1072 affectus,
3192 1016 3248 1061 ut
3297 1009 3640 1080 imperitioris

2066 1100 2341 1158 promatur
2369 1092 2591 1149 affatus:
2634 1108 2734 1148 nec
2778 1094 3048 1151 erubescit
3074 1100 3410 1159 .rusticitatis
3448 1119 3643 1175 Oppre-

2066 1183 2265 1252 brium,
2310 1183 2602 1239 dummodo
2630 1185 2848 1255 impleat
2886 1189 3125 1244 caritatis
3155 1191 3459 1261 imperium.
3494 1200 3643 1252 Sicut

2066 1285 2284 1331 sanctus
2318 1276 2593 1345 apostolus
2641 1277 2807 1333 dicit:
2842 1278 3081 1351 Perfecta
3117 1284 3304 1337 caritas
3324 1287 3464 1354 foras
3492 1290 3643 1346 mittit

2069 1368 2297 1423 timorem
2341 1366 2403 1438 (I
2431 1367 2588 1423 Joan.
2621 1385 2690 1435 tv,
2749 1371 2858 1439 18).
2917 1373 3050 1439 Quia
3103 1374 3259 1445 longe
3316 1379 3507 1433 melius
3566 1390 3649 1437 est

2070 1460 2369 1527 proximum
2399 1460 2622 1531 diligere
2644 1462 2851 1517 sincere
2883 1478 3041 1534 quam
3068 1467 3360 1536 praedicare
3391 1471 3646 1540 perfecte.

2070 1552 2343 1621 Siquidem
2387 1555 2555 1608 multo
2594 1555 2771 1622 plures
2811 1558 3153 1613 inveniuntur
3200 1562 3250 1616 in
3297 1566 3497 1623 mundo
3536 1569 3650 1624 elo-

2070 1645 2305 1712 quentiae
2335 1645 2516 1714 lepore
2547 1647 2752 1713 przediti
2784 1663 2941 1718 quam
2979 1650 3279 1708 dilectionis
3311 1657 3491 1726 vigore
3530 1675 3651 1728 per-

2073 1738 2217 1793 fecti.
2260 1738 2391 1806 Quia
2434 1741 2570 1794 sicut
2598 1739 2738 1809 quod
2779 1741 2976 1798 bonum
3016 1756 3099 1799 est
3128 1760 3307 1801 rarum
3339 1758 3441 1818 est,
3467 1751 3537 1805 ita
3568 1768 3650 1807 ar-

1996 1832 2045 1892 Β
2071 1829 2236 1883 duum
2258 1830 2400 1899 quod
2443 1840 2725 1886 aeternum.
2770 1833 3025 1889 Proclivis
3066 1851 3321 1909 namque,
3365 1842 3519 1908 juxta
3544 1843 3652 1899 Do-

490 1924 643 2007 lendo
675 1933 890 1994 patrono
911 1934 956 1979 et
992 1940 1139 1995 papa
1167 1934 1193 1962 λ
1216 1925 1412 1979 Ai'onio
1455 1924 1692 1998 episc0po
1728 1928 1970 1982 Ruricius

490 2011 781 2066 eprswpus.

468 2106 609 2161 Ante
651 2120 878 2176 paucum
924 2116 1136 2175 tempus
1184 2108 1388 2163 litteras
1432 2120 1627 2165 vestra:
1676 2112 1975 2168 sanctitatis

382 2202 588 2269 accepi,
620 2200 809 2269 quibus
832 2201 993 2254 etiam
1022 2200 1089 2254 de
1118 2200 1519 2259 inofficiositate
1552 2207 1681 2259 tanti
1714 2205 1974 2262 habuistis

384 2290 733 2346 aﬂectuosius
778 2306 1160 2357 commonerc,
1213 2294 1455 2350 dicentrs
1505 2311 1519 2347 :
1568 2297 1708 2351 Nihil
1754 2298 1976 2354 caritate

386 2384 746 2453 przestantius.
779 2384 932 2451 Quod
972 2400 1072 2454 ego
1120 2387 1274 2442 valde
1320 2405 1502 2443 verum
1534 2406 1652 2446 esse
1691 2395 1973 2464 confirmo,

386 2486 439 2532 et
482 2478 778 2531 secundum
811 2478 1149 2546 Apostolum,
1194 2480 1338 2535 illam
1380 2483 1654 2537 caritatem
1694 2485 1815 2539 dico
1858 2502 1978 2542 esse

385 2568 679 2639 perfectam
720 2580 772 2624 et
802 2568 1107 2637 sublimem,
1152 2587 1264 2643 qua:
1292 2576 1354 2625 de
1402 2576 1553 2629 corde
1577 2592 1727 2645 puro.
1781 2587 1825 2629 et
1858 2594 1981 2631 con-

386 2664 602 2717 scientia
633 2664 785 2729 borta,
832 2673 879 2717 et
910 2664 1011 2732 ﬁde
1055 2682 1155 2719 non
1189 2666 1309 2734 ﬁcta
1340 2670 1565 2735 procedit
1597 2668 1650 2739 (I
1674 2670 1808 2723 Tim.
1834 2688 1870 2737 t,
1898 2673 1974 2743 5),

386 2768 528 2821 quin,
555 2752 703 2823 juxta
735 2753 980 2809 eumdem
1010 2757 1347 2824 Apostolum,
1397 2760 1592 2828 patiens
1622 2772 1712 2825 est,
1765 2763 1980 2834 benigna

391 2858 487 2913 est,
541 2864 653 2916 qua:
704 2866 806 2903 non
855 2850 1097 2918 inﬂatur,
1164 2869 1264 2905 non
1312 2855 1601 2918 tumulatur,
1654 2872 1753 2910 non
1800 2860 1981 2926 qumrit

391 2955 509 3009 quae
533 2957 625 2994 sua
653 2949 795 3006 sunt,
823 2957 924 2995 non
951 2944 1138 3011 gaudet
1182 2960 1328 3012 super
1375 2946 1659 3014 iniquitate,
1695 2951 1981 3019 congaudet

387 3041 559 3086 autem
606 3032 830 3098 veritati,
885 3035 1059 3086 omnia
1110 3035 1293 3101 credit,
1350 3039 1520 3090 omnia
1558 3050 1728 3105 sperat
1772 3039 1826 3111 (1
1859 3041 1981 3097 Cor.

388 3140 511 3189 χιιι,
551 3124 585 3177 4
628 3124 783 3196 seq.).
845 3124 911 3179 Et
966 3126 1089 3180 inde
1144 3136 1245 3192 est,
1296 3129 1756 3201 quodnunquam
1805 3132 1980 3187 cadet.

2075 1925 2207 1979 mini
2247 1927 2588 1993 sententiam,
2623 1938 2675 1981 et
2721 1928 2843 1982 trita
2872 1928 2958 1983 via
2990 1940 3072 1985 est
3102 1948 3220 2002 qua:
3260 1938 3555 2004 praecipitat
3601 1940 3653 1995 in

2075 2017 2403 2085 gehennam;
2462 2018 2659 2073 arctior
2703 2034 2830 2074 vero
2858 2029 2913 2075 et
2959 2020 3227 2079 difficilior
3250 2042 3368 2096 qua
3406 2030 3657 2086 sublimat

2076 2110 2139 2162 ad
2167 2109 2410 2179 gloriam.
2442 2110 2571 2175 Quae
2600 2113 2798 2164 causa?
2830 2110 2930 2165 nisi
2958 2113 3081 2181 quia
3109 2115 3193 2168 illa
3228 2118 3380 2171 multi
3409 2121 3658 2189 gradiun-

2078 2210 2183 2265 tur,
2214 2202 2311 2253 hac
2342 2201 2522 2268 pauci;
2546 2209 2601 2254 et
2620 2201 2739 2256 ideo
2770 2202 3086 2259 imminente
3110 2205 3220 2275 jam
3255 2213 3532 2276 praesentis
3558 2216 3657 2270 mvi

2076 2292 2329 2357 termino,
2368 2301 2422 2345 et
2464 2292 2595 2346 senii
2631 2292 2718 2347 die
2749 2308 3124 2367 usquequaque
3153 2299 3353 2366 vicino,
3392 2304 3531 2358 sicut
3562 2322 3660 2362 nos
3714 2350 3720 2358 .

2077 2386 2236 2439 etiam
2265 2383 2422 2437 docet
2445 2384 2694 2439 caesaries
2715 2384 2958 2454 detonsa,
2991 2390 3070 2444 vel
3094 2394 3359 2460 convenit,
3390 2411 3458 2451 ne
3488 2398 3542 2451 in
3572 2414 3662 2454 ve-

2078 2475 2285 2531 teribus
2334 2477 2490 2530 annis
2531 2476 2786 2545 juvenilia
2836 2479 2971 2533 facta
3019 2483 3356 2553 meditemur,
3407 2498 3566 2558 atque
3610 2492 3664 2547 in

2079 2565 2325 2621 confecto
2372 2580 2628 2637 corpore,
2670 2576 2725 2621 et
2774 2570 2935 2626 corde
2974 2572 3245 2644 decrepito
3289 2577 3665 2636 adolescentia:

2082 2666 2267 2726 regnet
2283 2657 2497 2726 cupido,
2521 2657 2587 2712 de
2603 2674 2707 2728 qua
2729 2660 2914 2728 judicii
2936 2672 3176 2734 tempore
3205 2667 3259 2721 in
3281 2668 3372 2723 illo
3390 2672 3666 2728 tremendo

2083 2759 2298 2803 aeterna:
2317 2749 2736 2818 dispensationis
2766 2757 3040 2823 examine,
3071 2758 3284 2825 quando
3316 2760 3404 2815 ille
3428 2761 3666 2817 omniUm

2085 2842 2386 2900 mortalium
2412 2845 2564 2898 teStis
2590 2852 2645 2899 et
2676 2844 2842 2913 judex
2890 2863 2996 2900 non
3028 2850 3201 2903 solum
3238 2853 3426 2907 merita
3467 2853 3667 2922 ponde-

2083 2942 2297 2989 raturus
2326 2944 2379 2989 et
2409 2935 2570 3004 facta,
2598 2949 2779 2990 verum
2808 2938 2967 2991 etiam
3008 2941 3167 2994 verba
3207 2950 3289 2996 est
3332 2944 3669 3004 discussurus

2086 3035 2140 3080 et
2185 3036 2327 3091 vota,
2353 3026 2500 3094 juxta
2545 3026 2983 3095 pollicitationem
3024 3044 3199 3100 suam,
3259 3048 3413 3104 aquae
3468 3037 3671 3109 frigidas

2089 3118 2387 3186 praebitiOni
2417 3118 2637 3173 daturus
2666 3131 2747 3174 est
2779 3124 3054 3190 praemium
3078 3124 3293 3194 (Matth.
3327 3145 3379 3193 κ,
3411 3129 3527 3199 41),
3550 3134 3671 3189 aliis

391 3215 610 3270 pauens
638 3225 738 3280 εει,
772 3216 894 3285 quia
925 3226 1108 3271 ροηιη
1138 3220 1459 3273 (curationes
1502 3222 1681 3276 εωουιί
1727 3224 1808 3278 νει
1851 3241 1974 3293 pro-
2002 3220 2048 3282 (ζ
2082 3210 2147 3265 de
2179 3212 2335 3265 otiosi
2366 3212 2517 3267 verbi
2543 3212 2757 3269 levitate
2783 3215 3133 3284 supplicium;
3165 3234 3285 3275 reos
3316 3238 3413 3277 nos
3439 3225 3539 3280 etsi
3563 3242 3672 3280 non

395 3306 561 3360 cellas
600 3306 652 3359 in
699 3307 862 3361 Deum
913 3308 1089 3361 defixa
1140 3318 1342 3377 perstat
1383 3310 1699 3378 immobilis;
1752 3314 1977 3386 benigna

392 3408 498 3461 est,
544 3399 665 3469 quia
716 3400 1084 3469 proximorum
1135 3403 1464 3471 profectibus
1507 3404 1826 3470 delecratur;
1874 3426 1981 3465 non

391 3490 642 3555 inﬂatur,
674 3493 792 3561 quia
841 3507 945 3547 non
991 3494 1233 3563 superbit
1273 3495 1487 3562 humili;
1524 3513 1628 3551 non
1678 3500 1980 3569 tumulatur,

389 3584 520 3653 qlia
571 3584 811 3640 invidere
856 3586 1026 3640 nescit
1065 3587 1292 3655 mquali;
1344 3604 1450 3642 mu
1495 3590 1685 3659 quaerit
1724 3606 1842 3662 qua:
1887 3608 1983 3648 sua

390 3685 545 3744 sunt,
576 3677 701 3732 dum
730 3678 879 3746 juxta
910 3679 1113 3733 Domini
1158 3680 1475 3735 sententiam
1506 3683 1608 3738 sibi
1637 3685 1797 3739 etiam
1830 3684 1986 3740 mini-

394 3784 521 3826 mos
558 3773 856 3840 anteponit,
897 3782 950 3827 et
974 3773 1200 3829 aliorum
1241 3775 1522 3829 commoda
1559 3777 1674 3831 suis
1721 3787 1987 3832 mercatur

396 3863 792 3927 incommodis;
826 3879 932 3917 non
963 3864 1157 3933 gaudet
1195 3878 1355 3932 super
1402 3866 1701 3936 iniquitate,
1734 3868 1855 3936 quia
1898 3870 1989 3923 lae-

401 3953 507 4008 tari
552 3953 654 4008 nisi
685 3955 903 4008 fratrum
939 3957 1291 4024 prosperitate
1323 3971 1426 4011 non
1460 3958 1642 4023 novit;
1692 3960 1991 4028 congaudet

399 4057 582 4102 autem
611 4048 844 4113 veritati,
873 4049 992 4117 quia
1020 4049 1245 4103 amicum
1280 4051 1509 4112 sincera,
1542 4065 1646 4106 non
1695 4052 1863 4107 fucata
1905 4054 1986 4109 di-

399 4138 639 4195 lectione
675 4141 981 4200 veneratur',
1026 4153 1122 4193 nec
1162 4139 1292 4192 falsa
1330 4139 1636 4196 adulatione
1675 4143 1988 4211 subsannat,

401 4230 498 4286 sed
527 4246 656 4285 vero
686 4231 890 4285 honore
920 4231 1281 4285 concelebrat.
1328 4231 1519 4286 Omnia
1561 4235 1750 4301 credit,
1785 4236 1907 4304 quia
1939 4238 1992 4291 in

401 4321 599 4377 divinis
621 4321 885 4378 mandatis
906 4322 1288 4391 promissisque
1321 4324 1561 4391 cnnfidit,
1584 4335 1637 4379 et
1672 4325 1791 4380 ideo
1816 4328 1994 4382 omnia

401 4414 671 4483 speravit,
729 4415 852 4484 quia
907 4429 1002 4483 pro
1056 4414 1291 4469 minimis
1346 4430 1557 4486 magna,
1621 4432 1718 4485 pro
1774 4418 1996 4475 caducis

404 4520 690 4578 perpetua,
720 4523 817 4577 pro
854 4508 1236 4577 temporalibus
1268 4517 1467 4563 aeterna
1508 4510 1608 4563 sibi
1650 4511 1993 4566 retribuenda

2083 3303 2150 3357 de
2182 3306 2469 3373 perpetrati
2507 3304 2754 3359 facinoris
2786 3307 3077 3376 voluptate,
3124 3310 3314 3366 saltent
3356 3319 3423 3368 de
3469 3330 3668 3371 concu-

2085 3396 2356 3465 piscentia:
2386 3396 2656 3450 voluntate
2688 3398 2995 3453 constituat.
3045 3401 3177 3467 Quia
3204 3404 3289 3469 qui
3323 3406 3504 3458 viderit
3550 3424 3668 3460 mu-

2087 3489 2260 3542 lierem
2281 3489 2346 3540 ad
2377 3490 2855 3560 concupiscendum,
2895 3492 3004 3559 iam
3042 3494 3316 3549 utter/tatus
3360 3507 3433 3551 est
3469 3515 3582 3553 eant
3620 3500 3674 3552 in

2087 3582 2239 3635 corde
2275 3598 2368 3635 suo
2403 3581 2615 3652 (Matth.
2649 3599 2700 3647 v,
2733 3582 2846 3653 28).
2887 3584 3036 3651 Quod
3059 3597 3111 3641 et
3151 3588 3217 3641 de
3246 3590 3404 3644 rebus
3429 3592 3674 3646 omnibus

2088 3676 2208 3730 aliis
2259 3677 2508 3731 similiter
2554 3678 2842 3732 observare
2898 3693 2993 3733 nos
3037 3682 3310 3746 convenit,
3356 3691 3415 3737 ut
3454 3684 3675 3752 singulis

2088 3768 2410 3835 appetentize
2444 3770 2683 3837 partibus
2718 3770 3001 3825 imbecillis
3033 3771 3191 3839 hujus
3219 3776 3461 3843 corporis
3490 3792 3677 3845 ampu-

2091 3860 2216 3913 tatis
2245 3859 2438 3912 talibus
2479 3859 2755 3926 membris,
2781 3862 2857 3914 sic
2888 3861 3115 3927 debiles,
3154 3874 3205 3917 et
3244 3873 3418 3921 tamen
3462 3867 3673 3939 integri,

2092 3949 2270 4021 potius
2299 3949 2628 4002 introeamus
2670 3951 2722 4003 in
2755 3964 3000 4019 regnum,
3025 3966 3183 4019 quam
3221 3955 3380 4022 salvi,
3413 3966 3470 4011 et
3498 3968 3674 4012 tamen

2094 4041 2312 4110 perditi,
2344 4041 2397 4093 in
2426 4049 2685 4094 aeternum
2708 4042 3052 4109 projiciamur
3076 4042 3401 4100 incendiuru.
3434 4046 3530 4102 His
3556 4064 3675 4103 om-

2095 4133 2253 4187 nibus
2288 4132 2573 4186 salubriter
2600 4136 2938 4201 pertractatis
2964 4148 3019 4189 et
3061 4136 3162 4191 rite
3208 4142 3522 4209 perSpectis,
3552 4144 3677 4197 dum

2097 4224 2403 4279 tribuuntur
2447 4223 2693 4289 induciae,
2741 4224 3070 4283 declinemus
3114 4243 3143 4282 a
3187 4230 3349 4296 malo,
3382 4242 3435 4287 et
3480 4233 3679 4289 bonum

2098 4316 2433 4371 incessanter
2472 4328 2758 4385 operemur
2801 4315 2941 4387 (Gal.
3001 4335 3074 4385 vr,
3127 4322 3249 4390 10‘);
3305 4323 3683 4383 obliviscamur

2102 4408 2395 4478 praeterita,
2421 4418 2828 4464 contemnamus
2854 4413 3158 4482 pmsentia,
3187 4415 3359 4469 futura
3386 4418 3680 4486 cupiamus,

2104 4502 2481 4557 obliviscamur
2507 4504 2561 4555 in
2591 4501 2765 4568 factis,
2794 4506 3140 4561 recordemur
3165 4507 3218 4561 in
3242 4510 3602 4577 conscientiis,
3630 4522 3687 4567 ut

405 4616 517 4655 non
552 4599 789 4670 ambigit.
835 4599 1115 4669 Nunquam
1143 4600 1316 4665 cadit;
1346 4602 1467 4671 quia
1499 4601 1772 4657 humilitas
1804 4604 1982 4658 habert

2104 4609 2262 4649 omne
2294 4605 2567 4663 peccatum
2597 4596 2751 4651 nobis
2781 4598 3040 4653 moriatur
3068 4599 3121 4653 in
3152 4598 3281 4668 vita,
3315 4603 3456 4658 vivat
3492 4604 3547 4658 in
3576 4618 3689 4675 pte-

405 4708 517 4746 non
562 4700 737 4760 potest
777 4704 983 4755 casum,
1014 4705 1147 4754 cum
1192 4690 1384 4745 habeat
1432 4706 1647 4761 semper
1688 4707 1995 4760 ascensum,

404 4797 461 4839 et
506 4799 627 4838 cum
672 4785 868 4854 jugiter
910 4784 1121 4839 excelsa
1175 4784 1481 4849 meditetur,
1538 4785 1778 4841 habitare
1822 4798 2001 4842 tamen

406 4879 464 4931 in
505 4875 820 4930 sublimibus
860 4889 967 4930 non
998 4875 1303 4945 praesumit;
1350 4891 1470 4929 cum
1520 4877 1859 4931 conversatio
1887 4876 2004 4946 ejus

412 4970 679 5021 habeatur
711 4968 763 5019 in
793 4966 964 5034 ctelis,
1000 4967 1113 5036 ipsa
1148 4976 1323 5021 tamen
1353 4966 1561 5021 videtur
1589 4966 1865 5023 adhaerere
1899 4977 2007 5023 ter-

412 5064 595 5126 renis;
644 5062 864 5116 excelsa
911 5075 1074 5130 opera
1122 5069 1301 5115 mente
1347 5060 1551 5129 dejecta
1606 5060 1830 5126 habens,
1869 5062 2008 5117 unde

411 5156 681 5225 glorietur
712 5155 765 5208 in
792 5154 1040 5222 Domino,
1072 5168 1169 5207 nec
1199 5164 1374 5208 tamen
1401 5154 1686 5207 extollatur
1711 5155 1761 5207 iu
1788 5157 2004 5211 smeulo.

418 5248 551 5303 llzec
575 5248 692 5316 quia
715 5247 921 5317 jussisti
946 5248 1201 5313 scribere,
1228 5260 1331 5302 non
1356 5262 1451 5316 pro
1475 5248 1777 5302 eruditione
1802 5258 2009 5314 nostra,

415 5340 514 5395 sed
547 5354 643 5408 pro
669 5339 977 5409 dignatione
1002 5349 1201 5405 vestra,
1232 5339 1566 5408 praesumpsi.
1603 5338 1851 5394 Vestrum
1886 5355 2013 5395 vero

417 5442 506 5487 est
531 5445 629 5486 nos
651 5430 879 5485 educere
906 5431 1104 5496 verbis,
1130 5439 1185 5485 et
1209 5430 1274 5485 ad
1300 5431 1436 5484 hanc
1465 5430 1709 5486 eamdem
1739 5432 2011 5486 caritatem

404 5538 721 5596 provocare
751 5538 964 5595 semper
993 5524 1274 5592 exemplis.
1314 5522 1447 5591 Quia
1478 5522 1716 5591 dilectio,
1746 5540 1863 5594 quae
1892 5534 2017 5579 ante

418 5618 790 5689 cognitionem
852 5626 1036 5673 mutuo
1079 5620 1218 5673 inter
1262 5617 1512 5673 absentes
1570 5617 1880 5688 epistolario
1931 5619 2011 5672 in-

500 5810 527 5838 ⁶
563 5803 859 5871 EpiscOpus
884 5800 979 5856 fuit
1001 5802 1328 5858 Arelatensis
1351 5802 1417 5859 de
1440 5816 1545 5870 quo
1573 5801 1729 5870 epist.
1759 5800 1811 5855 8.
1838 5798 1995 5852 Dus.

2105 4686 2361 4743 nitentia:
2394 4704 2535 4743 nunc
2560 4689 2889 4744 seminemus
2920 4690 2972 4743 in
3002 4691 3150 4759 ﬂetu,
3180 4695 3320 4763 quod
3348 4697 3687 4763 postmodum

2107 4792 2371 4837 metamus
2403 4782 2457 4835 in
2486 4782 2696 4851 gaudio.
2723 4783 2855 4849 Quia
2886 4791 3097 4852 tempus
3136 4784 3294 4854 hujus
3317 4787 3441 4843 vitae
3478 4798 3692 4860 tempus

2110 4880 2194 4928 est
2220 4872 2417 4941 operis,
2442 4872 2557 4927 dies
2582 4888 2710 4927 vero
2742 4874 3106 4930 retributionis
3132 4887 3339 4947 tempus
3365 4889 3447 4935 est
3479 4882 3688 4951 messis,

2111 4967 2324 5035 quando
2364 4965 2480 5019 sine
2516 4964 2678 5019 dubio
2719 4966 2821 5021 hoc
2849 4969 3137 5038 unicuique
3166 4972 3443 5039 apparebit
3488 4974 3542 5028 in
3578 4990 3695 5044 ger-

2114 5058 2279 5121 mine,
2308 5056 2448 5126 quod
2478 5071 2617 5112 nunc
2641 5060 2843 5127 spargit
2870 5058 2923 5112 in
2953 5061 3175 5114 semine.
3209 5062 3356 5117 Sicut
3386 5064 3459 5119 ait
3481 5067 3695 5136 quidam

2114 5162 2418 5206 sanctorum
2446 5168 2458 5204 :
2492 5150 2835 5221 Respondebit
2864 5152 2989 5205 mihi
3016 5170 3133 5208 cras
3162 5156 3369 5226 justitia
3408 5174 3519 5212 mea
3545 5157 3696 5229 (Gen.

2120 5261 2249 5311 xxx,
2280 5244 2390 5315 53).
2422 5245 2553 5299 Cras
2579 5245 2763 5315 utique
2788 5245 2929 5300 diem
2961 5248 3375 5304 resurrectionis
3404 5251 3698 5321 appellans.

2123 5337 2248 5393 lltrc
2274 5352 2389 5398 vos.
2420 5337 2611 5392 fratres
2633 5337 2838 5405 optimi,
2877 5354 2983 5392 non
3028 5340 3317 5408 pontificali
3364 5344 3698 5408 auctoritate.

2122 5431 2215 5487 sed
2274 5431 2507 5486 fraterna
2567 5432 2761 5501 pietate
2815 5431 3041 5487 fidenter
3081 5434 3320 5491 scribere
3368 5434 3699 5490 unanimitati

2124 5535 2338 5590 vesrrte,
2362 5524 2587 5580 ciritate
2616 5524 2876 5591 dictante,
2909 5528 3369 5597 praesumpsimus,
3402 5529 3489 5596 qui
3515 5535 3575 5580 ut
3611 5540 3698 5581 vo-

2126 5619 2209 5675 bis
2236 5620 2318 5675 vel
2343 5618 2482 5675 circa
2512 5634 2607 5675 vos
2639 5634 2745 5674 non
2794 5618 3069 5675 dictatoris
3109 5619 3407 5689 ingenium,
3462 5618 3556 5675 sed
3589 5634 3684 5688 ger

3654 5880 3701 5901 ,ια’
