4080 6350
408 428 512 490 101

1662 412 2152 473 ιιιιιετοιιιιυιι
2197 409 2326 468 LIB.
2369 411 2434 468 ll.

3597 411 3697 468 102

402 548 585 599 nostra
600 537 898 592 siculetnos
921 532 1220 588 dimittitnus
1243 529 1553 584 debitoribus
1574 528 1758 582 nostris
1781 526 1993 601 (Matth.
2026 529 2075 591 Α
2103 540 2286 582 rarum
2321 524 2487 580 reddo
2517 532 2760 582 mutuum
2804 524 3174 598 sospitationis
3204 525 3437 582 ofﬁcium
3469 534 3524 582 et
3552 527 3695 582 sicut

403 649 490 700 vr,
526 631 636 700 η).
661 629 874 700 Quibus
901 626 1079 681 verbis
1105 623 1407 680 durissimis
1441 637 1540 678 nos
1567 621 1792 677 vinculis
1829 622 1999 692 illiga-

405 739 558 790 rnus,
577 724 675 777 nisi
694 721 835 792 quod
865 719 1183 790 pollicemur
1210 717 1527 786 implemus:
1556 715 1647 785 qui
1675 724 1730 770 et
1755 730 1851 784 per
1877 729 2004 784 pro-

409 817 632 889 phetam
660 815 738 868 sic
764 812 891 867 dicit
917 829 931 865 :
978 810 1149 864 Homo
1173 809 1368 864 homini
1399 817 1528 862 teut
1559 807 1712 871 iram,
1749 814 1796 860 et
1834 822 1866 859 a
1895 803 2001 858 Do-

408 913 560 964 mino
598 909 776 978 quierit
814 906 1065 960 medelam
1093 901 1283 976 (Et-cli.
1326 917 1510 966 xxviii,
1556 902 1634 970 5).
1667 900 2002 969 Quapropter

405 1019 514 1075 pro
543 1003 778 1068 Baxone,
809 999 898 1069 qui
938 999 1001 1051 ad
1032 996 1312 1053 ecclesiam
1337 1007 1363 1034 α
1399 1010 1600 1051 usercte
1629 994 1889 1064 confugit,
1921 994 2003 1048 in-

409 1108 686 1152 tercessor
703 1094 934 1156 accedo;
958 1105 1183 1161 sperans
1208 1103 1266 1145 ut
1289 1090 1515 1160 primum
1548 1104 1646 1158 pro
1669 1087 1759 1144 Dei
1786 1087 1997 1152 timore,

409 1190 613 1246 deinde
632 1204 728 1260 pro
759 1200 938 1244 nostra
962 1185 1346 1240 intercessione
1372 1185 1468 1252 ipsi
1496 1197 1714 1252 parcere
1741 1179 1999 1250 digneris.

407 1282 584 1352 Cujus
632 1281 966 1335 absolutione
993 1287 1047 1333 et
1087 1278 1138 1331 iu
1189 1276 1345 1330 nobis
1378 1275 1568 1330 tollere
1607 1271 1998 1332 confusionem,

409 1386 472 1431 et
489 1375 641 1431 Vobis
671 1373 895 1445 potestis
913 1385 1222 1440 comparare
1249 1368 1572 1423 mercedem.

1025 1479 1248 1536 EPIST.
1279 1478 1399 1533 XX.

606 1578 838 1632 Ruricius
867 1575 1133 1643 episcopus
1160 1568 1421 1639 Capilluto
1453 1567 1560 1636 ﬁlio
1591 1566 1829 1619 salutem.

490 1693 698 1762 Ingrata
724 1688 850 1743 mihi
881 1696 962 1742 est
1002 1683 1332 1752 frequentior
1358 1678 1617 1744 agritudo
1648 1691 1824 1730 vesra
1845 1691 1858 1740 ;
1883 1691 2002 1744 qua:

403 1787 546 1846 mihi
564 1785 721 1838 etiam
738 1781 945 1834 videtur
957 1793 1075 1833 esse
1091 1773 1438 1831 commonitio
1455 1771 1652 1835 divina,
1678 1783 1778 1838 qua
1804 1767 2007 1821 mavult

405 1878 673 1932 Dominus
695 1880 880 1928 noster
909 1885 1003 1941 pro
1025 1884 1120 1923 sua
1150 1867 1346 1936 pietate
1371 1862 1669 1932 largissima
1695 1868 2004 1927 peceatores

404 1969 680 2037 castigare
727 1979 885 2034 quam
927 1961 1184 2031 perdere;
1232 1965 1288 2011 ut
1314 1970 1449 2026 quos
1481 1968 1744 2008 ammrum
1775 1965 1996 2006 suorum

405 2059 796 2128 :rtaslongava
821 2051 967 2108 nouh
991 2049 1355 2117 convenit,vel
1386 2045 1665 2101 convincat
1693 2043 1999 2108 inﬁrmitas,

405 2162 472 2207 ut
501 2151 772 2219 deponant
798 2146 978 2202 saeculi
1013 2144 1256 2214 byssum,
1291 2149 1344 2195 et
1383 2147 1599 2193 sumant
1630 2136 1886 2191 Ecclesiae
1917 2151 2008 2188 ve-

406 2244 753 2306 stimentum,
779 2236 922 2306 quod
949 2245 1025 2289 est
1055 2233 1314 2295 cilicium,
1352 2229 1692 2285 contritionis
1727 2227 2004 2282 indicium.

412 2333 555 2398 Quia
593 2348 679 2385 cor
722 2332 997 2384 contritum
1034 2336 1081 2380 et
1128 2325 1454 2378 huniiliatum
1491 2321 1628 2374 Deus
1671 2337 1772 2373 non
1816 2319 2006 2387 aperuit

411 2426 542 2495 (Ps.
576 2443 626 2492 ι,
659 2425 771 2492 19).
796 2422 888 2487 Ille
919 2422 1060 2475 enim
1093 2421 1234 2474 vadit
1257 2419 1322 2471 ad
1353 2416 1574 2479 caelum,
1600 2416 1688 2484 qui
1717 2428 1774 2467 se
1801 2412 2006 2467 collidit

407 2521 482 2572 ad
521 2521 713 2573 solum.
757 2516 889 2582 Quia
928 2515 1014 2583 qui
1056 2529 1110 2565 se
1145 2512 1337 2565 exultat
1359 2506 1735 2569 humiliabitur,
1770 2514 1813 2557 et
1840 2503 1927 2573 qui
1955 2518 2006 2555 se

412 2613 658 2666 humilia!
695 2609 1006 2664 exal‘abitur
1045 2604 1258 2676 (Matth.
1298 2617 1444 2666 χχιιι,
1476 2601 1584 2667 19.).
1620 2597 1772 2653 Unde
1802 2607 1855 2651 et
1878 2595 2008 2649 dicit

409 2705 687 2775 ptenitens
734 2702 823 2756 ille
863 2698 1172 2769 perfectus:
1225 2693 1451 2748 Adlttesit
1499 2691 1786 2762 pavimento
1833 2687 2007 2739 anima

412 2813 560 2859 mea,
598 2794 831 2855 Domine,
861 2791 1060 2857 vit-iﬁca
1087 2804 1163 2840 me
1191 2785 1469 2840 secundum
1493 2781 1694 2836 verbum
1718 2788 1860 2832 tuttur
1885 2776 2002 2848 (Ps.

419 2886 748 2954 cxvrnﬁb’).
782 2883 920 2949 Quid
950 2891 1053 2946 est,
1089 2879 1385 2933 secundum
1414 2874 1633 2929 verbum
1676 2882 1848 2936 tuum,
1903 2869 2002 2922 nisi

419 2981 715 3036 secundum
761 2977 1168 3046 promissionem
1217 2968 1396 3025 tuam?
1444 2966 1584 3036 quod
1623 2966 1712 3036 qui
1743 2979 1924 3017 coram
1955 2975 2005 3018 te

415 3085 642 3146 peccata
670 3088 694 3126 s
733 3087 760 3125 a
793 3070 1025 3133 deﬂerit,
1056 3075 1411 3135 compunctus
1442 3061 1494 3116 in
1529 3059 1750 3126 mundo,
1801 3067 1855 3112 tu
1881 3072 2002 3110 cum

414 3166 674 3238 perducis
702 3165 751 3218 in
777 3179 962 3231 regno,
995 3161 1080 3213 ubi
1109 3159 1275 3229 possit
1309 3156 1562 3222 deinceps
1588 3161 1804 3206 cantare
1847 3164 2003 3203 secn-

418 3275 517 3316 rus
550 3277 562 3311 :
594 3256 797 3310 Audivi:
830 3253 1096 3313 Dominus.
1129 3261 1174 3304 et
1212 3251 1446 3302 misertus
1490 3254 1561 3299 est
1605 3242 1729 3295 mihi
1765 3258 1784 3293 :
1827 3240 1998 3293 Domi;

421 3370 525 3406 rtus
555 3353 712 3414 Iactus
732 3358 806 3402 est
827 3348 1034 3418 adjutor
1055 3359 1216 3396 meus.
1244 3340 1537 3395 Couvertisti
1567 3338 1822 3403 planctum
1847 3350 2009 3386 meum

418 3445 474 3497 in
505 3443 749 3512 gaudium
778 3439 902 3490 milii
932 3453 948 3489 :
979 3433 1271 3489 conscidisti
1311 3447 1513 3484 saccum
1551 3443 1739 3494 meum,
1779 3435 1823 3480 et
1874 3440 2010 3493 prte-

416 3533 627 3588 ciuast'sti
656 3547 731 3583 me
757 3529 933 3582 lirtitia
966 3525 1140 3595 (Psal.
1175 3539 1319 3586 χχιιι,
1353 3521 1463 3589 12).
1495 3520 1643 3575 Unde
1670 3517 1869 3572 suadeo
1895 3517 2008 3584 pie-

420 3629 518 3682 tati
549 3633 842 3688 vestra:,ut
874 3622 1012 3692 quod
1053 3621 1354 3689 cogitastis,
1401 3618 1656 3678 celerius,
1703 3614 1814 3666 lleo
1867 3611 2012 3681 adju-

417 3730 605 3780 vante,
638 3722 717 3770 lat:
741 3718 860 3769 atis.
896 3716 1028 3781 Quia
1055 3727 1200 3766 mors
1237 3727 1340 3764 non
1383 3709 1576 3773 tardat,
1621 3709 1737 3776 ipso
1784 3706 2010 3759 Domino

421 3813 640 3866 dicente
674 3828 684 3860 :
723 3809 804 3860 Ne
843 3806 1057 3860 tardet-is
1095 3803 1316 3857 converti
1345 3803 1411 3854 ad
1446 3799 1638 3865 Deum,
1679 3814 1767 3852 nrc
1802 3796 2010 3862 differas

421 3905 488 3957 de
533 3903 616 3954 die
654 3901 704 3952 in
733 3901 866 3951 diem
914 3896 1100 3965 (Ereti.
1136 3911 1184 3957 v,
1213 3894 1287 3961 8).
1330 3893 1515 3949 Subito
1555 3892 1696 3945 cnim
1745 3890 1890 3942 venit
1933 3890 2010 3942 ira

423 4000 546 4067 ejus
588 4005 640 4050 et
680 3995 730 4048 in
781 4006 1021 4059 tempore
1061 3990 1302 4043 vindicta:
1342 3987 1616 4056 disperdct
1656 3997 1728 4039 te.
1782 3987 2012 4054 Ideoipte

423 4092 555 4146 dum
589 4099 797 4157 tempus
843 4087 1118 4148 habemus,
1164 4092 1545 4136 convertamur
1584 4079 1648 4132 ad
1696 4079 2008 4141 Dominum,

426 4190 484 4236 ut
512 4198 618 4234 non
646 4195 764 4232 cum
807 4179 906 4232 hoc
935 4175 1131 4230 mundo
1158 4173 1494 4226 damnemur.
1539 4170 1671 4236 Quia
1705 4173 1817 4222 sine
1848 4167 2010 4222 dubo

426 4275 500 4330 illi
546 4273 851 4327 misericors
894 4269 1034 4321 Deus
1078 4282 1229 4322 suum
1266 4271 1481 4334 praestat
1515 4261 1804 4328 auxilium,
1852 4275 2009 4330 quem

425 4360 572 4423 circa
607 4373 868 4434 praecepta
901 4376 992 4415 sua
1025 4361 1197 4414 cernit
1225 4367 1504 4412 attentum.

1026 4472 1237 4527 EPIST.
1285 4470 1423 4526 XXI.

643 4569 882 4626 Ruricius
922 4567 1186 4637 episcopus
1216 4562 1460 4632 Eufrasio
1488 4575 1507 4597 "
1533 4564 1787 4633 episcopo.

2109 617 2174 672 ad
2219 633 2315 672 vos
2360 633 2545 672 rumor
2577 622 2847 688 pervenit,
2894 619 3224 676 sufﬁcienter
3264 637 3351 677 me
3393 621 3691 677 secundum

2107 708 2505 764 miserationem
2537 708 2796 775 divinam,
2837 725 2942 765 non
2991 711 3284 766 secundum
3333 712 3527 766 merita
3574 727 3690 767 mea

2110 802 2420 857 tribulatum
2452 817 2571 858 csse
2607 803 2869 872 signiﬁco.
2912 802 3043 870 Quia
3078 803 3190 871 ipse
3221 804 3310 872 qui
3341 805 3483 858 cibat
3513 805 3690 877 lacry-

2108 894 2211 949 mis
2234 895 2284 948 in
2309 893 2526 948 minima
2553 909 2800 948 mensura
2823 891 2990 963 (Psal.
3022 909 3199 959 Lxxtx,
3219 897 3298 962 6),
3329 896 3690 965 castigationi,

2103 985 2252 1056 juxta
2285 986 2536 1054 pietatem
2571 1000 2720 1039 suam
2741 1030 2754 1052 ,
2791 1001 2885 1052 pro
2920 985 3290 1041 imbecillitate
3321 998 3538 1053 nostra,
3580 1002 3697 1044 mo«

2109 1079 2233 1133 dum
2264 1079 2471 1145 statuit,
2501 1095 2566 1133 ne
2597 1078 2880 1135 infirmitas
2912 1089 3093 1133 nostra
3127 1081 3176 1134 in
3209 1095 3398 1135 manus
3426 1095 3540 1136 suae
3569 1096 3691 1136 cor-

2108 1172 2352 1239 reptioue
2381 1171 2656 1227 deiecerit.
2693 1172 2922 1241 ideoque
2955 1172 3184 1241 propitia
3217 1173 3561 1228 miseratione
3595 1188 3692 1228 sua

2103 1266 2213 1334 jam
2247 1263 2666 1318 commodiorem
2712 1279 2833 1320 esse
2878 1280 2962 1317 me
3002 1265 3221 1326 nuntio;
3270 1265 3694 1319 conso'ationem

2110 1356 2262 1410 vobis
2290 1356 2453 1410 vestri
2487 1358 2732 1410 nul-roris
2775 1356 2960 1425 pagina
2992 1355 3271 1410 deferente
3303 1356 3693 1424 transmittens,

2110 1447 2283 1514 utqui
2331 1448 2464 1501 esus
2513 1447 2785 1501 laboribus
2819 1447 3016 1501 nostris
3065 1460 3163 1517 pro
3211 1446 3436 1500 caritate
3481 1459 3698 1516 compa-

2115 1545 2329 1608 tieutes,
2363 1541 2482 1595 sitis
2516 1541 2713 1595 Izl‘lilitc
2741 1539 2793 1594 in
2827 1539 2920 1596 Dei
2952 1539 3170 1594 nomine
3197 1538 3265 1594 de
3301 1548 3514 1609 recepta
3548 1539 3698 1594 inco-

2109 1635 2354 1690 lumitate
2406 1634 2732 1706 participes,
2788 1634 2955 1704 ipsius
3003 1633 3236 1689 lectione
3285 1630 3534 1704 dispono.
3589 1630 3696 1686 Ora

2112 1744 2208 1799 pro
2241 1745 2345 1784 me.

2695 1819 2908 1874 EPIST.
2963 1818 3129 1875 XXII.

2116 1910 2338 1966 Romilio
2365 1913 2740 1967 devinctissimo
2779 1928 3074 1980 semperque
3116 1912 3390 1984 magni/ica
3421 1911 3552 1968 Vero
3587 1912 3698 1966 Ru-

2671 1984 2828 2037 ricius
2855 1984 3140 2052 episcopus.

2188 2095 2418 2151 Rclcctis
2451 2097 2643 2151 litteris
2676 2097 2892 2168 pietatis
2925 2107 3140 2162 vestras,
3191 2098 3300 2152 Deo
3349 2099 3546 2170 gratias
3593 2100 3698 2174 egi,

2114 2190 2256 2259 quod
2290 2205 2386 2244 vos
2417 2191 2563 2259 prius
2589 2191 2903 2256 revaluisse,
2945 2205 3103 2262 quam
3136 2191 3434 2246 infirmatos
3464 2208 3585 2249 esse
3614 2177 3702 2251 ea-

2114 2297 2231 2336 rum
2264 2283 2525 2337 relati0ue
2554 2283 2800 2352 cognovi.
2851 2281 3005 2348 Quod
3048 2282 3198 2338 vobis
3241 2292 3346 2336 tam
3393 2283 3703 2355 frequenter

2112 2388 2184 2428 ac.
2211 2376 2378 2438 idn-rc,
2411 2375 2642 2444 propitio
2673 2375 2848 2444 potius
2881 2376 2990 2429 Deo
3011 2391 3168 2446 quam
3203 2376 3373 2432 oll’cns
3398 2397 3430 2446 ι,
3462 2377 3698 2432 confido.

2114 2468 2158 2532 ρ
2196 2470 2244 2520 i:
2284 2486 2433 2538 quem
2471 2469 2641 2539 diligit
2677 2467 2924 2522 Dominus
2967 2470 3178 2539 corripit
3227 2468 3404 2541 (Prov.
3449 2485 3538 2535 ιιι,
3587 2470 3700 2542 li).

2109 2559 2346 2627 Cas:igat
2389 2569 2569 2613 autem
2614 2575 2829 2614 omnem
2877 2560 3043 2614 lilium
3091 2576 3250 2631 quem
3294 2561 3483 2630 recipit
3511 2560 3700 2630 (Hebr.

2112 2666 2204 2713 xu,
2231 2650 2307 2718 6).
2357 2651 2410 2704 lu
2441 2650 2617 2705 divina
2652 2651 2831 2722 itaque
2865 2666 2960 2704 vo;
2991 2651 3274 2722 disciplina
3303 2661 3586 2723 sust-optes
3618 2669 3702 2708 se-

2111 2744 2236 2798 dula
2270 2745 2566 2798 admonitio
2598 2755 2651 2800 ct
2682 2745 2827 2802 mitis
2856 2745 3113 2800 ostendit.
3160 2745 3294 2814 Quia
3342 2755 3560 2818 paterna
3593 2747 3704 2802 elc-

2111 2838 2308 2893 mentii
2343 2841 2542 2892 mavult
2583 2854 2679 2909 per
2709 2838 3020 2893 multimoda
3056 2841 3397 2896 incommoda
3431 2841 3704 2910 negligen-

2108 2938 2216 2985 tem
2240 2931 2510 3000 corrigere
2533 2931 2898 3004 liliutn,quam
2926 2931 3115 3000 punire
3140 2942 3478 3000 peccantem;
3506 2933 3704 2988 mavult

2113 3035 2388 3078 nutantem
2421 3039 2482 3078 ac
2510 3023 2730 3078 dubium
2761 3023 2826 3078 ad
2857 3025 3132 3079 servitium
3161 3039 3316 3082 suum
3347 3024 3570 3080 habenis
3600 3024 3703 3094 pia:

2107 3115 2496 3180 moderationis
2536 3115 2826 3182 attrahere,
2877 3131 3035 3185 quam
3083 3115 3446 3170 errabundum
3501 3125 3556 3170 et
3609 3133 3704 3187 pr

2111 3207 2290 3260 sa-culi
2316 3205 2604 3275 prcccipitia
2630 3206 2928 3278 lapsantem
2950 3206 3158 3262 acriore
3178 3207 3404 3262 verbere
3426 3223 3699 3263 coercere.

2035 3277 2084 3341 ε
2114 3297 2234 3366 Ipse
2281 3309 2362 3350 est
2411 3298 2551 3351 cnim
2604 3277 3102 3367 indulgentissimus
3155 3298 3564 3367 paterfamilias,
3615 3300 3704 3367 qui

2113 3394 2345 3442 animam
2379 3404 2530 3443 suam
2563 3388 2712 3459 ponit
2743 3404 2838 3458 pro
2870 3388 3059 3443 ovibus
3089 3390 3220 3442 suis.
3270 3388 3389 3457 Ipse
3420 3400 3499 3444 est
3533 3390 3704 3444 llOIlUS

2115 3491 2285 3550 pater,
2319 3481 2406 3549 qui
2437 3496 2598 3537 ovem
2640 3481 2910 3550 perditam
2947 3480 3014 3534 ad
3053 3481 3236 3535 caulas
3263 3481 3560 3535 dominicas
3592 3497 3704 3536 ma-

2115 3574 2228 3628 vult
2263 3573 2494 3642 propriis
2526 3573 2766 3628 humeris
2797 3581 3079 3642 reportare
3109 3571 3390 3637 sollicitus,
3421 3587 3580 3642 quam
3611 3571 3706 3626 sti-

2113 3666 2274 3722 mulis
2304 3665 2616 3735 urgentibus
2663 3679 2921 3720 revocare
2948 3665 3247 3722 districtos.
3297 3664 3334 3732 l;
3355 3679 3416 3720 so
3441 3674 3524 3720 est
3555 3676 3705 3734 pater

2113 3760 2254 3828 pius,
2283 3758 2374 3827 qui
2407 3759 2546 3812 male
2572 3757 2795 3829 prodigo
2825 3758 2959 3825 lilio,
2985 3767 3039 3814 et
3085 3769 3366 3828 praecepta:
3391 3759 3704 3814 substantia:

2112 3852 2194 3908 de.
2215 3852 2407 3912 octori.
2437 3850 2500 3906 ad
2525 3865 2586 3907 se
2607 3850 2692 3906 vel
2719 3865 2843 3905 sero
2866 3851 3112 3906 redeunti
3144 3867 3250 3904 non
3278 3851 3451 3904 solum
3477 3852 3704 3905 crimina

2113 3943 2381 4002 anteriora
2411 3957 2515 3999 neu
2549 3942 2805 4011 imputat,
2842 3957 3026 3996 verum
3059 3941 3223 3996 etiam
3255 3941 3472 4009 praemia
3505 3943 3701 4000 auiissa

2114 4034 2455 4102 multiplicat,
2484 4033 2612 4088 dum
2643 4034 2784 4088 ulnis
2815 4034 2982 4098 fovet,
3016 4033 3212 4087 osculis
3242 4035 3559 4102 permulcet,
3585 4051 3704 4088 mu-

2115 4123 2334 4178 neribus
2375 4123 2544 4189 ditat,
2592 4123 2836 4178 doctrina
2881 4123 3196 4188 conﬁrmat,
3247 4139 3352 4177 non
3395 4133 3601 4178 tantiun
3635 4123 3701 4178 ad

2115 4214 2231 4283 ejus
2260 4215 2565 4282 indignatus
2595 4213 2936 4279 abscessum,
2983 4222 3240 4283 quantum
3274 4213 3484 4268 lctatus
3516 4215 3582 4268 ad
3615 4229 3702 4269 re-

2115 4307 2284 4361 ditum
2303 4305 2456 4378 (Luc.
2485 4307 2594 4377 xv).
2633 4306 2749 4376 Ipse
2777 4307 2922 4362 enim
2945 4307 3136 4361 borum
3159 4308 3396 4362 omnium
3427 4310 3701 4362 nominum

2117 4402 2169 4455 in
2221 4418 2279 4456 se
2323 4399 2546 4458 effectus
2593 4399 2925 4470 affectusque
2973 4401 3244 4471 suscepit,
3295 4410 3350 4454 ut
3395 4401 3525 4455 sicu'
3581 4401 3708 4454 «ii-it

2117 4498 2430 4568 Apostolus,
2463 4495 2756 4551 multifario
2797 4495 3086 4564 multisque
3133 4494 3520 4564 modis(llebr.
3566 4512 3609 4549 ι.
3661 4497 3709 4566 ι)

2120 4605 2216 4645 nos
2245 4591 2482 4646 erudiret
2503 4589 2702 4653 verbis,
2730 4588 3022 4644 instrueret
3041 4587 3359 4657 disciplinis.
3395 4597 3710 4656 provoCarct

501 4689 710 4744 Gratias
739 4701 840 4757 ago
870 4683 1245 4739 sincerissima:
1287 4682 1340 4734 in
1367 4681 1582 4734 Christo
1622 4678 1848 4732 Domino
1888 4691 2006 4747 ger-

2123 4684 2420 4750 bencliciis,
2451 4682 2772 4739 informaret
2799 4681 3085 4750 exemplis,
3119 4682 3498 4738 reconciliaret
3529 4694 3706 4750 prece.

425 4802 460 4841 n
483 4783 672 4838 anitati
703 4788 916 4843 vestra),
947 4775 1089 4849 quod
1135 4778 1343 4845 perlato
1389 4774 1548 4829 ttedio
1589 4771 1654 4826 ad
1686 4786 1780 4826 Vos
1809 4780 2012 4837 nostro,

426 4877 711 4930 conti-etim
740 4889 838 4928 nos
867 4871 1062 4927 litteris
1082 4868 1273 4924 vestris
1305 4867 1522 4921 visitare
1555 4865 1686 4920 tanti
1716 4863 2011 4928 habuistis;

391 4970 518 5037 -qui
561 4969 687 5021 dum
731 4964 1056 5020 infirmitatis
1102 4970 1302 5014 nostra:
1347 4957 1762 5012 sollicitudinem
1805 4956 2014 5024 geritis,

429 5061 715 5118 sanitatem
747 5057 907 5112 vestri
938 5052 1171 5126 pectoris
1199 5050 1531 5121 approbatis.
1579 5049 1714 5116 Quia
1744 5047 1885 5104 sicut
1914 5045 2014 5118 ipsi

431 5153 626 5208 melius
655 5152 842 5215 nostis,
869 5147 1017 5203 Finis
1043 5149 1280 5218 praeepti
1305 5155 1378 5199 est
1398 5148 1582 5198 caritas
1604 5144 1666 5200 de
1685 5143 1837 5198 corde
1860 5159 2013 5212 puro,

431 5254 477 5299 rt
508 5245 816 5297 conscientia
848 5241 1007 5304 bona,
1049 5251 1093 5294 et
1122 5239 1226 5310 ﬁde
1254 5255 1352 5291 non
1379 5237 1500 5306 ﬁcta
1529 5233 1583 5307 (Ι
1607 5233 1740 5288 Tim.
1780 5251 1818 5299 ι,
1843 5236 1921 5301 5).
1951 5234 2019 5296 Et

434 5338 525 5408 qui
570 5336 746 5390 visitat
792 5334 1060 5392 inﬁrmum
1111 5333 1163 5388 in
1213 5330 1501 5386 dilectione
1549 5328 1808 5384 ﬁrmatur.
1865 5326 2016 5387 Unde

434 5428 761 5501 peculiarius
793 5441 976 5496 spero,
1011 5435 1066 5479 ut
1090 5439 1246 5494 quem
1279 5423 1554 5492 requiritis
1582 5419 1854 5484 altaribus,
1887 5436 2015 5476 ora-

432 5523 672 5580 tionibus
699 5521 992 5591 adjuvetis.
1039 5517 1407 5585 Redeuntibus
1435 5518 1611 5586 itaque
1639 5517 1837 5585 gerulis
1870 5517 2014 5572 litte-

509 5681 537 5709 ⁸
559 5670 718 5727 Forte
746 5668 988 5726 Ecclesite
1013 5669 1204 5721 uiscera
1230 5667 1314 5721 vel
1365 5677 1584 5731 uterum,
1611 5694 1676 5708 -
1705 5665 1810 5721 Nisi
1867 5667 2019 5721 malis

438 5746 617 5813 legere
652 5739 914 5802 Userclta',
942 5754 1134 5813 nomen
1158 5739 1589 5813 geographicum.
1619 5738 1773 5792 Eutr.

515 5815 541 5852 δ
564 5814 724 5868 Forte
751 5813 1000 5865 convincit
1027 5811 1108 5866 vel
1137 5811 1372 5862 correxit.

517 5895 537 5923 ε
577 5883 700 5939 Fuit
730 5883 844 5953 gille
895 5886 1254 5936 Arvernorum
1307 5881 1587 5952 epiSCOpus
1639 5880 2007 5944 tluodec‘imus,

2124 4777 2414 4832 redimeret
2443 4775 2714 4844 passione,
2749 4774 3047 4829 vivilicaret
3078 4782 3272 4841 morte,
3307 4773 3712 4828 immortalitate

2123 4870 2369 4933 donaret,
2411 4866 2729 4937 justilicaret
2775 4867 3194 4931 resurrectione,
3243 4865 3558 4920 ascensione
3588 4881 3711 4935 pir-

2124 4971 2284 5018 taret.
2320 4961 2383 5014 Et
2408 4958 2782 5016 reconciliatos
2805 4973 2900 5029 per
2925 4959 3244 5030 sanguinem
3275 4974 3453 5026 suum,
3479 4959 3531 5014 in
3559 4975 3702 5026 eam,

2125 5069 2153 5107 a
2183 5070 2286 5124 qua
2322 5052 2716 5117 excideramus,
2749 5050 2918 5105 Patris
2946 5050 3169 5119 gratiam
3199 5049 3541 5110 reformaret.
3589 5049 3710 5121 Ipse

2120 5149 2254 5201 enim
2282 5155 2356 5200 est
2383 5145 2526 5214 apud
2556 5143 2764 5199 Patrem
2791 5145 3091 5214 propitiatio
3123 5151 3298 5197 nostra
3323 5142 3501 5210 (Joan.
3526 5158 3594 5209 tt,
3629 5143 3711 5214 2),

2120 5243 2239 5296 sine
2285 5240 2588 5295 cessatione
2636 5252 2932 5309 suggerens
2961 5238 3146 5308 pietati
3176 5253 3332 5297 suas:
3382 5237 3564 5306 Patrr,
3610 5253 3713 5292 non

2119 5335 2284 5388 solum
2316 5348 2406 5401 pro
2437 5331 2516 5385 his
2545 5347 2690 5401 rogo,
2733 5332 2820 5386 sed
2853 5347 2946 5401 pro
2991 5331 3068 5385 his
3103 5334 3189 5401 qui
3225 5333 3470 5390 credituri
3502 5341 3620 5387 sunt
3658 5333 3712 5385 in

2121 5442 2199 5479 me
2225 5440 2316 5496 per
2341 5423 2546 5477 verbum
2588 5423 2797 5478 illarum
2829 5419 3008 5493 (Joan.
3055 5439 3195 5486 χιιι,
3231 5422 3312 5493 9).
3361 5422 3537 5488 Pater,
3571 5421 3707 5490 colo,

2121 5521 2204 5574 ubi
2243 5534 2335 5591 ego
2376 5534 2514 5584 sum,
2561 5526 2609 5572 et
2655 5517 2752 5588 ipsi
2801 5518 2901 5570 sint
2949 5533 3144 5578 mecum
3172 5515 3334 5588 (Ibid.
3360 5515 3476 5586 24).
3529 5513 3709 5580 Pater,

2126 5667 2419 5737 Aprunculi
2455 5681 2753 5725 successor.
2804 5670 3176 5728 Divionensem
3217 5670 3399 5726 sedem
3435 5668 3544 5740 jam
3582 5679 3711 5730 ante

2126 5749 2510 5812 occupaverat,
2560 5740 2739 5812 ibique
2767 5741 3112 5810 Quintianum
3147 5743 3442 5812 Gothorum
3489 5741 3711 5800 insidias

2127 5809 2418 5880 fugientem
2452 5809 2755 5868 humaniter
2788 5809 3012 5880 recepit.
3070 5814 3124 5865 lii
3169 5827 3216 5863 in
3249 5811 3571 5882 episcopatu
3603 5812 3713 5868 Ar-

2123 5896 2412 5935 vernorum
2443 5884 2700 5937 successit
2728 5882 3052 5950 Apollinaris
3079 5881 3280 5936 Sidonii
3313 5880 3475 5938 filius.
3513 5885 3668 5937 BASN.
