4080 6350
538 365 645 421 105

534 568 654 636 Ipse
696 570 852 626 nobis
895 570 1129 640 quatidie
1174 584 1269 639 per
1311 573 1615 640 apostolum
1668 587 1824 627 suum
1875 574 2108 627 clamat:

535 661 711 716 Nolite
740 663 947 731 diligere
975 662 1241 730 mundum,
1269 680 1430 733 neque
1452 681 1512 718 ea
1535 681 1648 735 qua:
1673 668 1725 721 in
1747 668 1938 721 mundo
1955 677 2074 721 sunt
2094 685 2114 732 ;

530 754 618 822 qui
648 753 780 805 enim
803 752 970 820 diligit
996 754 1265 822 mundum,
1295 771 1397 809 non
1424 766 1495 810 est
1525 759 1714 811 caritas
1741 757 1915 812 Patris
1944 760 1999 812 in
2029 776 2108 814 eo.

535 844 666 910 Quia
696 859 837 896 omne
865 844 1002 909 quod
1031 845 1084 897 in
1122 846 1323 903 mundo
1343 857 1439 913 est,
1474 850 1885 920 concupiscentia
1914 852 2106 917 carnis,

530 936 937 1004 concupiscentia
967 936 1254 1005 oculorum,
1304 948 1351 993 et
1396 942 1635 1011 superbia
1682 944 1798 997 vitte
1842 944 2104 1011 humanae,

526 1044 636 1096 qua:
662 1044 763 1081 non
802 1040 873 1082 est
909 1029 971 1082 de
1005 1028 1182 1097 Patre,
1225 1031 1314 1084 sed
1339 1030 1402 1085 de
1427 1034 1619 1087 mundo
1649 1043 1745 1088 est.
1793 1035 1859 1089 Et
1888 1037 2108 1091 mundus

526 1120 725 1186 transit,
768 1129 812 1173 et
858 1122 1266 1191 concupiscentia
1292 1126 1424 1194 ejus.
1472 1124 1573 1190 Qui
1601 1135 1771 1179 autem
1809 1126 1993 1196 fecerit,
2019 1143 2107 1180 vo-

525 1213 773 1266 luntatem
804 1211 918 1277 Dei,
951 1220 1117 1265 manet
1143 1214 1196 1266 in
1225 1226 1492 1281 internum,
1523 1216 1652 1270 sicut
1687 1226 1732 1270 et
1768 1215 1908 1272 Deus
1935 1227 2104 1275 manet

524 1305 575 1357 in
607 1313 851 1357 aeternum
877 1302 929 1375 (1
966 1300 1122 1357 Joan.
1158 1320 1228 1371 ιι,
1270 1306 1334 1359 l6
1370 1304 1525 1377 seq.).
1573 1306 1691 1375 Ipse
1732 1309 1785 1363 in
1814 1309 2104 1381 Evangelio

523 1394 795 1449 blanditiis
822 1395 1040 1461 invitat,
1073 1398 1383 1453 muneribus
1412 1409 1697 1467 provocat,
1727 1399 2103 1458 adhortatione

522 1486 796 1550 sollicitat,
825 1485 1011 1542 dicens
1036 1505 1049 1539 :
1091 1487 1269 1541 Venite
1297 1490 1364 1542 ad
1395 1507 1502 1556 me,
1543 1506 1716 1546 omnes
1743 1494 1829 1563 qui
1859 1494 2102 1549 laboratis

523 1589 568 1634 et
598 1581 794 1635 onerati
824 1581 939 1635 estis
962 1580 1173 1652 (Matth.
1201 1582 1416 1653 31,28),
1465 1595 1518 1638 et
1562 1583 1788 1654 reliqua.
1839 1585 1910 1641 Ut
1949 1587 2101 1656 quasi

520 1674 701 1743 jugum
730 1672 1053 1727 salutaribus
1073 1672 1364 1729 subdentes
1386 1674 1519 1729 colla
1543 1677 1849 1747 prmeeptis,
1878 1676 2099 1734 salutari

522 1779 619 1820 suo
664 1764 924 1819 libertatis
967 1772 1021 1819 et
1064 1764 1448 1821 misericordia:
1478 1769 1659 1822 currui
1689 1767 2096 1839 subjungamur,

521 1865 576 1912 ct
622 1856 744 1911 ideo
791 1855 1111 1910 auderemus
1160 1866 1499 1914 revocantem
1547 1859 1732 1927 sequi,
1775 1861 1960 1917 audire
1987 1860 2098 1917 cla-
2128 1875 2176 1938 Β

522 1956 787 2012 mentem,
830 1946 1193 2002 blandientem
1222 1949 1381 2003 modo
1410 1964 1514 2003 non
1543 1963 1831 2020 spernere;
1877 1967 1945 2007 ne
1974 1966 2099 2008 sen-

522 2042 713 2096 tiamus
745 2040 1083 2111 postmodum
1110 2040 1436 2111 judicantem
1466 2061 1477 2095 :
1522 2058 1629 2114 quo
1662 2043 1909 2114 judicio?
1948 2046 2098 2103 Sicut

519 2147 634 2204 ipse
658 2134 709 2188 in
735 2133 1027 2204 Evangelio
1052 2149 1384 2202 praemonere
1404 2144 1459 2191 et
1479 2136 1676 2193 docere
1695 2137 1947 2209 dignatus
1972 2150 2054 2197 est
2079 2160 2091 2196 ε

518 2226 645 2280 tium
668 2226 721 2278 in
742 2227 1022 2295 ntajestatis
1042 2241 1149 2280 sure
1173 2228 1289 2280 sede
1311 2211 1594 2284 consideret
1616 2229 1831 2299 (Matth.
1850 2249 1957 2299 XIX,
1976 2234 2093 2305 28),

517 2317 730 2386 quando
760 2332 865 2371 non
896 2318 1070 2372 solum
1101 2318 1291 2373 merita
1321 2319 1711 2401 ponderaturus
1739 2333 1793 2379 et
1824 2326 1982 2391 facta,
2006 2341 2096 2382 ve-

518 2425 640 2464 rum
670 2406 831 2465 etiam
862 2411 1022 2466 verba
1055 2424 1137 2466 est
1167 2412 1505 2470 discussurus
1533 2425 1588 2471 et
1616 2425 1760 2472 vota.
1810 2420 1977 2487 Quem
2010 2420 2097 2478 hic

517 2518 661 2556 nunc
686 2501 880 2557 viderit
906 2504 1159 2558 salutaria
1189 2520 1282 2558 sua
1313 2518 1576 2577 prmcepta
1604 2510 1894 2581 negligere,
1926 2520 1980 2567 et
2004 2513 2096 2570 ad-

518 2594 842 2649 monitiones
898 2608 1021 2649 suas
1068 2596 1450 2654 saluberrimas
1488 2600 1715 2669 superba
1762 2612 1940 2659 mente
1968 2620 2097 2661 con-

519 2695 787 2751 temnere,
829 2700 935 2741 non
975 2686 1151 2741 solum
1181 2703 1303 2743 cum
1334 2691 1511 2745 stultis
1551 2706 1580 2745 a
1616 2693 1780 2760 janua
1810 2692 1957 2766 regni
1986 2712 2096 2754 cte-

518 2779 665 2834 lestis
694 2778 939 2834 excludet
964 2778 1178 2850 (Matth.
1205 2797 1333 2848 xxv,
1362 2780 1443 2851 5),
1476 2798 1662 2839 verum
1690 2786 1853 2841 etiam
1886 2798 2093 2857 partem

516 2870 679 2939 ipsius
700 2886 821 2925 cum
846 2870 1147 2926 inﬁdelibus
1168 2873 1473 2943 deputabit;
1500 2885 1556 2930 ut
1575 2891 1695 2931 cum
1717 2880 1910 2949 quibus
1932 2882 2094 2938 habet

514 2962 567 3017 in
594 2964 791 3017 saeculo
820 2963 1153 3029 societatem,
1174 2980 1295 3019 cum
1325 2965 1510 3021 iisdem
1537 2967 1589 3022 in
1616 2977 1875 3026 .eternum
1902 2972 2093 3030 habeat

513 3055 812 3124 portionem
837 3054 989 3125 (Luc.
1018 3072 1109 3137 sit,
1139 3057 1253 3126 46).

1072 3212 1285 3269 EPIST.
1332 3215 1519 3271 XXIII.

752 3322 894 3380 Filio
921 3326 1220 3383 Constantio
1243 3338 1269 3366 ⁸
1290 3329 1533 3386 Ruricius
1559 3334 1846 3403 episcopus.

573 3459 875 3528 Quamlibet
910 3462 1152 3529 Baccho,
1196 3466 1548 3535 symphoniis,
1583 3476 1639 3523 et
1667 3470 1894 3525 diversis
1921 3475 2084 3527 Inusi-

504 3552 603 3617 cis,
634 3566 734 3607 nec
770 3566 876 3607 non
913 3551 1073 3608 e’tiam
1112 3565 1165 3610 et
1203 3556 1499 3626 puellarum
1530 3558 1710 3614 choris
1750 3571 1802 3615 te
1844 3562 2080 3619 deditum

500 3659 620 3699 esse
643 3647 1015 3715 cognoverim,
1050 3658 1225 3705 tamen
1253 3652 1374 3720 quia
1405 3651 1601 3707 bonum
1632 3664 1714 3708 est
1734 3654 1802 3709 ab
1825 3656 1927 3723 his,
1952 3657 2078 3713 dum

500 3737 752 3805 pervalde
781 3736 947 3794 fervet
982 3739 1363 3808 adolescentia,
1395 3744 1676 3813 aliquoties
1706 3748 1993 3814 respirare,
2022 3757 2076 3803 et

496 3831 665 3899 magis
716 3831 941 3887 Domino
985 3847 1213 3902 vacare,
1260 3851 1419 3905 quam
1466 3837 1703 3903 Libero,
1759 3840 2073 3909 parentibus

493 3936 702 3993 quoque
746 3938 962 3995 operam
1010 3925 1177 3993 dare,
1230 3944 1387 3999 quam
1438 3932 1720 3998 cantibus;
1776 3922 1971 3990 moneo
2015 3945 2074 3990 ut

490 4016 745 4084 crastino,
773 4019 913 4089 quod
942 4020 1042 4075 erit
1071 4030 1256 4090 quarta
1286 4022 1439 4089 feria,
1461 4024 1629 4081 Briva:
1660 4028 1955 4097 temporius
1987 4039 2068 4084 ta-

489 4122 640 4175 men,
681 4110 821 4179 quod
853 4112 1200 4169 tel‘acturum
1230 4115 1447 4171 minime
1472 4118 1662 4186 credo,
1695 4119 1823 4173 mihi
1851 4120 2068 4190 jejunus

414 4214 423 4222 '
488 4212 761 4255 OCCOI'I‘IIS.

555 4411 583 4441 ⁸
603 4403 995 4471 Constantium,
1024 4421 1180 4474 quem
1210 4414 1267 4460 ut
1293 4420 1493 4460 smcu.o
1520 4408 1681 4463 nimis
1708 4410 1947 4466 deditum
1978 4414 2057 4468 in-

486 4484 671 4543 crepat
715 4474 799 4528 liic
842 4475 1119 4542 Ruricius,
1161 4476 1358 4545 quique
1401 4480 1570 4546 magis
1611 4479 1806 4535 Libero
1836 4484 2060 4539 vacabat

484 4559 644 4614 quam
673 4546 917 4610 Domino,
954 4562 1054 4601 nec
1077 4548 1264 4600 diebus
1297 4547 1446 4599 festis
1470 4548 1685 4615 jejunus
1715 4552 1899 4606 aderat
1925 4565 2058 4611 tem-

1863 367 2115 427 RURICII
2153 372 2458 429 EPISCOPI

535 478 739 549 ignosce
756 477 882 543 illis,
899 479 1126 534 nesciunt
1145 478 1280 532 enim
1302 478 1426 547 quid
1445 479 1641 549 faciunt
1658 479 1814 549 (Luc.
1829 497 1983 550 χχιιι,
1998 484 2110 554 54).
2142 494 2196 550 Α

3702 378 3798 441 104

2752 490 2781 529 ι’
2818 491 3036 549 EPIST.
3078 490 3264 547 XXIV.

2286 602 2441 656 Aliud
2496 602 2656 670 mihi,
2704 604 2815 659 Deo
2857 614 2993 661 teSte
3035 604 3390 676 promiseras,
3437 604 3578 674 quod
3625 606 3792 675 ipsum

2212 692 2440 749 deberes
2465 694 2676 762 colere,
2706 710 2813 750 non
2848 706 2869 734 α
2906 697 3161 762 Januum;
3198 696 3350 766 cujus
3375 695 3613 750 criminis
3637 698 3789 752 etiam

2211 802 2298 841 me
2347 788 2426 843 vis
2473 804 2593 844 esse
2628 798 2975 857 consortem,
3026 798 3082 844 ut
3121 805 3221 860 ego
3249 789 3315 843 ad
3356 790 3498 844 hunc
3555 805 3787 845 errorem

2210 879 2494 935 colendum
2526 879 2749 936 delicias
2778 882 3201 947 subministrem,
3254 891 3309 936 et
3335 882 3515 936 oleum
3548 881 3787 937 incendio

2209 970 2611 1039 superfundam.
2629 971 2782 1039 Quod
2803 982 2996 1027 neutro
3019 982 3261 1027 nostrum
3287 974 3501 1029 noveris
3518 974 3782 1043 expedire.

2207 1062 2312 1117 Sed
2335 1062 2483 1119 dices
2508 1063 2763 1131 fortasse,
2795 1065 3074 1120 Pollicitus
3106 1081 3183 1121 es.
3213 1064 3327 1133 Quo
3356 1082 3449 1121 ore
3489 1082 3517 1120 a
3547 1082 3633 1121 me
3669 1083 3785 1133 pro-

2209 1153 2367 1209 missa
2396 1156 2685 1226 perquiris,
2714 1172 2834 1211 cum
2860 1166 2915 1212 tu
2942 1168 3275 1214 sacramenta
3297 1157 3614 1213 violaveris?
3637 1156 3783 1213 Unde

2206 1244 2358 1300 dabis
2388 1248 2596 1302 veniam
2629 1264 2763 1304 mea:
2790 1250 3155 1319 promissioni,
3185 1250 3417 1319 quandiu
3440 1259 3493 1305 te
3523 1249 3641 1303 huic
3667 1265 3780 1304 ser-

2208 1337 2320 1391 vire
2350 1352 2653 1408 cognovero
2701 1336 2728 1377 ἀ
2763 1341 3018 1409 parsioni.
3052 1340 3127 1396 Ne
3156 1340 3476 1396 conﬁrmare
3508 1339 3780 1395 videamur

2205 1440 2437 1500 pactum,
2468 1432 2620 1501 cujus
2640 1434 3085 1503 reprehendimus
3115 1435 3211 1489 lae
3225 1451 3308 1489 υιιι
3330 1451 3345 1500 ;
3370 1442 3426 1489 et
3444 1435 3613 1489 simus
3630 1448 3781 1489 scan-

2204 1523 2348 1590 dalo,
2384 1534 2407 1561 θ
2438 1524 2590 1595 cujus
2618 1540 2740 1582 esse
2764 1527 3021 1582 debemus
3052 1526 3319 1598 exemplo.

2778 1639 2994 1696 EPIST.
3035 1639 3205 1695 XXV.

2485 1732 2725 1787 Ruricius
2753 1732 3042 1801 Apollinari
3086 1750 3180 1787 suo
3207 1732 3422 1787 salutem
3454 1729 3498 1785 τ.

2272 1824 2406 1890 Quia
2441 1824 2610 1879 nostri
2640 1839 2821 1880 curam
2844 1840 3057 1894 semper
3082 1840 3268 1894 gerere
3298 1840 3392 1894 pro
3427 1832 3609 1879 mutua
3642 1824 3776 1879 carl-

2204 1923 2316 1971 tate
2340 1915 2653 1986 dignamiui,
2696 1916 2872 1972 indico
2899 1915 3144 1971 sollicitm
3171 1916 3354 1986 pietati
3397 1926 3452 1973 et
3491 1916 3592 1986 piae
3627 1915 3777 1971 solli-

2201 2005 2419 2061 citudini
2444 2016 2666 2075 vestrm,
2717 2023 2816 2063 nos
2843 2023 2951 2064 non
2975 2023 3195 2079 parvum
3225 2008 3470 2079 quidem,
3501 2009 3624 2077 sed,
3667 2009 3776 2065 Deo

2202 2098 2452 2168 propitio,
2486 2099 2881 2170 voluptuosum,
2916 2114 2945 2153 a
2969 2099 3123 2155 vobis
3151 2116 3447 2165 reversum,
3482 2102 3777 2169 sumpsisse

2202 2191 2470 2259 negotium
2492 2232 2507 2258 ,
2547 2192 2687 2261 quod
2715 2192 2869 2247 nobis
2898 2192 3182 2262 plurimum
3215 2194 3468 2262 prodesse
3498 2194 3698 2263 possit,
3729 2194 3774 2249 si

2199 2290 2291 2337 aut
2322 2282 2666 2339 intentionem
2694 2284 3017 2350 intellectus,
3041 2293 3136 2338 aut
3164 2286 3490 2340 intellectum
3515 2300 3773 2355 sequere-

2200 2382 2286 2428 tur
2335 2375 2622 2445 ingenium.
2656 2376 2785 2433 Sine
2835 2392 2994 2432 causa
3024 2376 3166 2432 enim
3214 2377 3342 2432 solis
3386 2386 3559 2433 ortum
3600 2392 3774 2434 caecus

2201 2475 2497 2536 exspectat.
2538 2468 2633 2523 Ille
2673 2468 2886 2539 quidem
2916 2468 3217 2525 videntibus
3256 2484 3465 2539 semper
3505 2470 3771 2535 exoritur;

2200 2573 2309 2612 non
2354 2559 2695 2614 cernentibus
2742 2575 2871 2615 vero
2919 2560 3076 2629 jubar
3105 2561 3309 2631 ipsius,
3352 2562 3501 2631 quasi
3546 2562 3774 2619 nubibus

2197 2664 2410 2718 semper
2449 2651 2703 2720 operitur.
2736 2661 2762 2699 ι
2803 2651 3024 2709 Sollium
3065 2655 3205 2709 enim
3237 2665 3477 2710 uestrum
3518 2657 3773 2713 domuum

2199 2751 2506 2811 patremque
2534 2756 2892 2813 communem,
2922 2760 3079 2812 quem
3118 2745 3577 2802 transcribi-udum
3608 2750 3774 2803 subli-

2196 2833 2368 2888 mitati
2394 2844 2582 2889 vestrae
2610 2834 2823 2890 dedisse
2850 2851 2935 2891 me
2964 2836 3227 2903 dixeram,
3258 2838 3538 2906 legendum
3569 2843 3770 2911 recepi.

2195 2924 2359 2995 Cujus
2389 2927 2545 2981 lectio
2576 2927 2712 2982 sicut
2735 2927 2866 2983 mihi
2888 2930 3159 2999 antiquum
3203 2942 3464 2999 restaurat
3489 2933 3772 3004 allectum,

2194 3018 2265 3072 ita
2298 3034 2407 3088 prze
2437 3019 2762 3074 obscuritate
2790 3020 3054 3076 dictorum
3080 3038 3183 3077 non
3212 3025 3454 3080 accendit
3476 3029 3769 3097 ingenium.

2194 3108 2498 3175 Quamlibet
2540 3111 2712 3179 ipsum
2756 3120 2877 3180 post
2906 3120 3012 3166 tam
3054 3113 3198 3183 longi
3241 3117 3494 3186 temporis
3539 3122 3770 3189 spatium

2194 3199 2428 3255 caritatis
2458 3199 2746 3270 igniculum
2780 3201 3024 3257 scintillis
3062 3205 3171 3258 suis
3204 3205 3343 3260 inter
3376 3208 3664 3266 oblivionis
3696 3216 3769 3269 la.

2198 3289 2349 3343 villas
2377 3276 2650 3360 utcunque
2695 3292 3022 3348 relucentem
3045 3335 3059 3359 ,
3103 3309 3479 3367 nonnunquam
3512 3312 3565 3357 et
3592 3308 3769 3375 suspi-

2196 3380 2351 3435 riosis
2380 3381 2593 3436 ﬂetibus
2615 3384 2933 3452 excitemus,
2961 3397 3013 3440 et
3040 3386 3306 3443 interdum
3347 3392 3587 3450 dulcibus
3615 3400 3768 3456 nobis

2192 3472 2404 3527 ﬂetibus
2444 3474 2752 3544 irrigemus;
2812 3492 2917 3547 quo
2959 3487 3134 3534 tamen
3168 3480 3259 3535 illo
3308 3483 3477 3540 imbre
3520 3490 3768 3555 perfusus

2192 3573 2392 3632 quanto
2424 3565 2589 3634 magis
2614 3566 2864 3634 inlicitur,
2901 3576 3046 3624 tanto
3075 3573 3243 3641 magis
3268 3574 3593 3643 incenditur;
3638 3584 3765 3650 quia

2188 3671 2284 3726 per
2306 3656 2657 3728 lacrymarum
2672 3661 2878 3729 cepiam
2903 3662 3286 3720 desideriorum
3301 3675 3461 3736 atque
3474 3671 3763 3729 all'ectuum

2184 3750 2380 3805 crescit
2408 3751 2615 3806 ﬁamma
2638 3792 2651 3816 ,
2682 3768 2788 3807 non
2824 3755 3024 3810 deﬁcit.
3059 3756 3209 3813 Hunc
3237 3775 3396 3829 ergo,
3429 3764 3472 3817 si
3502 3763 3764 3825 Dominus

2185 3842 2286 3911 pia:
2339 3841 2631 3898 deﬁnitioni
2664 3854 2855 3900 vestrae
2886 3845 3120 3913 tribuet,
3155 3859 3209 3903 ut
3245 3850 3441 3916 fautor,
3474 3854 3759 3928 ell‘ectum,

2180 3937 2332 3990 vobis
2370 3939 2722 4007 praesentibus
2755 3954 3070 4007 percensere
3111 3940 3304 3997 festino
3333 3952 3388 3999 et
3430 3946 3568 4000 efﬁci
3600 3948 3761 4005 disci-

2180 4028 2334 4097 pulus
2364 4030 2429 4083 de
2457 4030 2733 4099 magistro.
2756 4031 2886 4098 Quia
2921 4046 3023 4086 non
3056 4047 3139 4087 me
3180 4034 3346 4103 pudet
3382 4036 3541 4090 etiam
3574 4038 3626 4094 in
3659 4041 3760 4098 hac

2176 4129 2354 4186 retatc,
2386 4136 2485 4176 nec
2517 4122 2655 4193 piget
2681 4122 2927 4192 discipuli
2956 4125 3193 4194 arripere
3222 4126 3559 4196 industriam,
3597 4131 3757 4189 dum-

2173 4216 2335 4270 modo
2393 4216 2581 4272 atl‘ecta
2635 4227 2792 4274 aetate
2835 4220 2968 4275 artis
3031 4235 3329 4292 consequar
3389 4223 3751 4295 disciplinam.

2164 4417 2296 4483 ciso,
2327 4418 2465 4497 apud
2503 4420 2858 4497 Mediolanum
2876 4427 3165 4497 relegatus
3194 4441 3278 4489 est
3307 4451 3321 4489 :
3360 4435 3520 4491 rediit
3561 4440 3755 4495 Arver-

2162 4504 2284 4569 nam
2338 4490 2609 4560 profugus.
2646 4490 3193 4577 DeindeVocladensi
3232 4490 3417 4574 prtelio
3446 4490 3749 4577 adfuit—,ibi

2164 4566 2349 4644 ipsum
2381 4577 2508 4644 cum
2560 4566 2793 4644 maritimo
2831 4567 3193 4644 Arvernorum
3234 4566 3442 4644 'p0pulo
3479 4566 3752 4638 corruisse

483 4615 856 4697 plo,"laudavit
890 4619 1085 4714 sa'apius
1114 4616 1537 4714 Sidonius|.)Fuit
1558 4620 1639 4701 vir
1666 4621 1952 4714 singplaris
1977 4627 2053 4714 in-
2084 4622 2136 4683 Ι)
2162 4615 2355 4714 ιξξεθι-ἱι
2375 4615 2602 4714 Savaro.
2636 4615 3751 4714 sediiéiuiii'éiiéi'aﬁiit'iﬁiirﬁ'

481 4686 653 4754 genii,
685 4686 881 4761 quique
904 4688 1209 4761 eloquentia
1239 4701 1336 4740 sua
1363 4686 1618 4745 Romanis
1648 4686 1884 4761 partibus
1911 4697 2053 4749 mul-

481 4764 593 4809 tum
636 4758 850 4825 proluit.
904 4756 1026 4812 Fuit
1054 4757 1298 4813 eminens
1336 4769 1492 4827 poeta
1534 4756 1704 4815 sacrm
1742 4756 2055 4822 litteraturae

481 4827 773 4907 studiosus,
791 4838 907 4907 erat
926 4828 1492 4907 autembugdunensis
1513 4834 1792 4907 presbyter
1806 4837 2055 4907 maleque

481 4897 764 4966 episcopus
786 4901 979 4953 dicitur
1004 4899 1070 4953 ab
1098 4899 1320 4953 Isidoro.
1358 4897 1529 4956 Vitam
1559 4903 1615 4958 S.
1644 4897 1897 4961 Germani
1923 4897 2056 4962 scri-

480 4968 585 5035 psit
611 4968 840 5047 elcganti
853 4970 1023 5047 style.
1060 4970 1156 5024 Est
1178 4970 1342 5024 altera
1367 4970 1433 5024 ad
1460 4988 1581 5027 eum
1605 4974 1804 5031 Ruricii
1833 4978 2054 5047 epistola

480 5052 704 5092 numero
730 5040 818 5094 42.
851 5041 1010 5095 Basn.

550 5107 578 5145 ι)
607 5107 831 5181 Ῐὶἀθιιιι-
852 5125 971 5165 esse
1000 5110 1195 5181 scripta
1224 5110 1561 5169 ad‘eumdem
1589 5115 1981 5175 Constantium.

554 5191 575 5216 ο
607 5178 764 5233 Forte
788 5179 1002 5235 Ianum.

550 5247 573 5284 ἀ
604 5247 765 5323 Eone
793 5253 1016 5323 portioni
1052 5252 1133 5306 vel
1163 5268 1405 5323 personte.

552 5328 577 5391 ξ
607 5319 765 5375 Forte
794 5319 995 5391 quibus.

556 5389 577 5427 τ
620 5389 937 5460 Apollinaris
979 5392 1075 5449 fuit
1121 5395 1264 5452 illius
1308 5396 1647 5453 celeberrimi
1687 5400 2050 5458 Arvernorum

479 5460 711 5542 episcopi
738 5461 895 5542 illius.
918 5461 1067 5519 Hunc
1088 5465 1321 5542 laudavit
1347 5469 1590 5523 Ruricius
1606 5479 1862 5542 tanquam
1889 5476 2052 5542 patris

477 5532 712 5608 vestigiis
737 5533 1084 5589 inhtnrentem
1118 5555 1129 5588 :
1157 5538 1314 5608 Cujus
1336 5554 1421 5592 vos
1449 5555 1553 5592 esse
1582 5532 1739 5605 ﬁlios,
1766 5559 1867 5597 non
1887 5532 2052 5599 solum

478 5603 806 5682 generositate
829 5608 1101 5674 prosapiae,
1134 5603 1300 5661 verum
1330 5611 1479 5682 etiam
1502 5620 1548 5682 et
1574 5603 1872 5681 eloquentia:
1892 5618 2049 5682 ﬂore,

479 5674 672 5725 etomni
695 5674 935 5727 virtutum
960 5693 1137 5744 genere
1151 5680 1507 5745 contprobatis.
1532 5674 1859 5739 Laudaverat
1886 5674 2052 5741 Iiliuni

517 5751 664 5823 ater;
698 5760 794 5825 nos
821 5752 995 5825 tamen
1018 5756 1196 5825 natum
1227 5749 1544 5825 degenerem
1577 5766 1696 5806 mox
1728 5770 1911 5810 sumus
1939 5773 2059 5825 pro-

518 5815 671 5867 aturi.
710 5816 993 5871 Victorium
1026 5818 1212 5875 ducem
1244 5815 1531 5876 in'ltaliam
1566 5835 1819 5893 secutus,
1864 5815 2051 5883 eo'oc-

2160 4700 2336 4755 dinam
2373 4704 2557 4777 habuit
2601 4720 2850 4777 uxorem:
2895 4707 2984 4761 illa
3017 4727 3146 4767 vero
3182 4700 3301 4768 etim
3332 4700 3752 4777 sedaui'ar'iér'.

2162 4786 2351 4861 [lorum
2399 4775 2567 4857 obitu_
2606 4776 3075 4861 Eulrasii__vacar_e
3115 4785 3361 4852 audiret,
3414 4775 3751 4861 electumque

2163 4842 2521 4925 Quintianum,
2539 4846 2728 4930 ipsum
2754 4847 2885 4902 adiit
2905 4853 3126 4930 supplex
3152 4870 3313 4911 orans
3337 4842 3394 4912 ut
3414 4842 3745 4930 Apollinaris

2159 4915 2467 5001 episcopatu
2504 4917 2909 5001 “Arvernorum.
2940 4915 3215 5001 gauderet.
3264 4929 3439 4984 Cessit
3466 4915 3746 5001 'precﬁibns

2159 4983 2449 5072 Placidipa:
2476 4986 2837 5072 Quintianus.
2882 4983 3209 5072 Apollinaris
3248 5015 3364 5072 vero
3411 4983 3748 5072 strait}"}é§}

2160 5056 2449 5141 muneribus
2469 5056 2523 5139 in
2549 5060 2842 5141 episcOpatu
2867 5056 3259 5141 suc_cessit_,__quo
3287 5068 3501 5141 abutens
3525 5056 3747 5141 quatuor

2160 5126 2683 5213 mensibus“mi_gravit
2714 5126 2783 5183 ad
2809 5134 3077 5213 steculum.
3114 5126 3254 5192 Vixit
3285 5140 3441 5209 igitur
3467 5126 3746 5213 Apollina-

2158 5197 2233 5280 [ιδ
2264 5207 2379 5264 post
2408 5197 2741 5280 Y‘ocladen‘se
2778 5202 3021 5280 praelium
3040 5248 3054 5272 ,
3101 5218 3287 5263 contra
3301 5197 3493 5280 “quam
3518 5197 3533 5213 ’
3552 5197 3747 5270 asserit

2158 5266 2379 5353 Savaro.
2414 5268 2641 5353 Fui_tque
2671 5266 2809 5326 ﬁlius
2838 5266 3072 5345 degener
3119 5281 3207 5348 qui
3239 5266 3429 5337 obla'tis
3464 5266 3581 5353 regi
3626 5266 3744 5339 mu;

2157 5337 2377 5423 neribus
2428 5337 2669 5423 δεύει-ξιιμ
2721 5337 2944 5423 parente
2974 5337 3287 5423 occupatam
3320 5337 3746 5423 tenuitfeaque

2157 5408 2380 5493 abusus.
2407 5421 2513 5493 est.
2542 5408 2735 5493 Filium
2766 5415 2951 5493 habuit
2976 5408 3263 5493 Arcadium
3283 5464 3297 5486 ,
3341 5408 3743 5493 cujus'igua'via

2158 5478 2418 5563 Arvernia
2444 5480 2541 5535 fuit
2567 5483 2859 5563 devastata.
2891 5488 3068 5563 Mater
3089 5478 3356 5563 Placidina
3378 5478 3436 5548 e't
3459 5478 3617 5549 soror
3651 5478 3744 5563 pa;

2160 5550 2255 5628 tris
2276 5551 2479 5628 Alcima
2503 5556 2908 5628 comprehensa:
2933 5560 3072 5627 apud
3104 5560 3403 5619 Cadurcum
3427 5550 3742 5628 ttrbent,'rc-

2159 5619 2254 5699 bus
2284 5621 2474 5699 ablatis
2497 5619 2685 5699 exsilio
2715 5637 2841 5681 sunt
2862 5619 3249 5699 condemnauit,
3280 5634 3395 5697 ipse
3415 5650 3547 5690 vero
3574 5619 3741 5691 Arca-

2156 5689 2298 5761 dius,
2332 5695 2789 5777 secuerisauctor,
2824 5700 3087 5777 Bituriges
3116 5689 3266 5777 petiit
3280 5689 3471 5777 (UGreg.
3494 5689 3667 5774 Tum,
3699 5705 3739 5759 l.

2156 5776 2243 5829 ιιι,
2284 5780 2327 5836 c.
2358 5765 2480 5836 712).
2512 5766 2601 5820 Sic
2622 5767 2916 5836 degeneres
2948 5765 3171 5828 heroum
3196 5765 3314 5830 ﬁlii.
3341 5765 3499 5831 ΒΑΞΝ.

2231 5843 2253 5878 κ
2279 5834 2554 5891 Sidonium
2584 5834 2855 5907 intelligit,
2891 5856 3049 5908 quem
3075 5845 3279 5901 Solium
3312 5848 3402 5902 alii
3441 5856 3659 5902 vocant.
