4080 6350
273 357 378 432 €05

1615 355 1964 422 .EPISTOLA
2003 356 2196 415 XXIX.

3440 367 3538 425 I06

278 480 427 534 Prius
445 475 584 534 enim
610 476 838 546 quilibet
859 475 1018 532 debet
1045 475 1254 531 discere
1283 489 1443 544 quam
1474 473 1690 530 docere.
1723 474 1858 540 Quia
1886 503 1940 563 Α
1965 490 2076 530 ram
2107 475 2238 539 Deo,
2283 483 2337 530 et
2379 479 2583 549 angelis
2610 479 2726 548 ejus
2749 519 2766 548 ,
2811 494 2875 536 ac
2915 484 3326 552 congregatione
3362 487 3541 540 carnis

278 586 618 643 praepropere
648 571 888 626 doctoris
915 579 1134 639 usurpat
1161 568 1531 638 supercilium,
1562 569 1664 623 nisi
1690 567 1856 622 disci;

277 666 382 734 puli
433 664 728 733 susceperit
755 672 880 718 ante
925 663 1259 717 famulatum.
1306 661 1444 729 Quid
1473 661 1617 716 enim
1664 661 1860 734 justius

277 773 434 827 quam
465 767 520 810 ut
561 755 675 822 ipse
707 755 783 811 sis
829 751 1037 824 paterni
1077 754 1344 823 interpres
1363 753 1560 819 eloquii
1581 795 1596 817 ,
1623 753 1715 822 qui
1743 752 1863 808 uni-

277 865 429 905 versa
459 864 578 920 qua:
609 849 699 904 ille
727 849 1074 917 conscripsit,
1103 863 1207 902 non
1240 856 1345 902 tam
1373 847 1441 902 de
1469 847 1670 901 codicis
1693 862 1862 900 mem-

277 945 464 1006 brana,
497 956 656 1010 quam
687 939 753 996 de
777 941 952 996 cordis
981 948 1132 1009 potes
1161 941 1352 1009 pagina
1394 938 1673 1008 proferre?
1698 938 1865 1007 Cujus

278 1049 372 1088 vos
402 1047 521 1088 esse
553 1032 691 1086 ﬁlios
723 1048 828 1085 non
851 1031 1022 1085 solum
1051 1031 1412 1100 generositate
1442 1030 1738 1099 prosapiae,
1771 1043 1864 1085 ve-

277 1140 394 1178 rum
447 1124 608 1182 etiam
657 1131 712 1176 et
738 1121 1057 1190 eloquentiae
1103 1123 1268 1184 ﬂore,
1323 1129 1376 1174 et
1419 1120 1563 1174 omni
1609 1120 1862 1174 virtutum

276 1230 476 1284 genere
515 1214 881 1282 comprobatis
923 1233 935 1266 :
979 1228 1098 1282 qua:
1130 1213 1265 1266 bona
1308 1213 1460 1267 vobis
1491 1228 1597 1267 non
1628 1220 1734 1266 tam
1768 1210 1867 1265 do-

277 1311 448 1362 etriua
502 1305 767 1368 contulit,
798 1319 956 1375 quam
986 1314 1194 1360 natura.
1247 1303 1382 1371 Quia
1429 1304 1576 1358 rivus
1620 1304 1688 1358 de
1720 1304 1865 1358 fonte

277 1411 640 1466 prorumpens
669 1396 794 1452 licet
837 1395 1051 1451 ﬁueudo
1096 1396 1366 1466 proﬁciat,
1399 1405 1450 1450 et
1480 1395 1865 1465 plenitudinem

276 1487 548 1544 currendo
575 1488 876 1557 conquirat,
901 1487 1107 1542 auctori
1139 1497 1315 1541 tamen
1347 1486 1488 1539 unde
1509 1487 1671 1540 sumit
1704 1499 1866 1540 voca-

278 1582 489 1649 bulum,
523 1581 684 1636 debet
712 1588 768 1636 et
795 1580 1066 1636 meritum.
1099 1581 1266 1648 Quem
1301 1580 1346 1634 si
1379 1579 1555 1634 divina
1585 1579 1866 1634 clementia

279 1687 451 1742 usque
474 1671 538 1724 ad
573 1672 675 1726 hoc
706 1683 914 1741 tempus
940 1686 1224 1738 superesse
1259 1671 1546 1734 voluisset,
1595 1671 1728 1726 sicut
1757 1671 1867 1738 jam

283 1773 397 1819 tum
427 1765 493 1818 de
516 1772 691 1818 vestra
723 1763 1018 1817 imitatione
1049 1763 1346 1826 laetabatur,
1379 1763 1448 1815 ita
1483 1777 1622 1815 nunc
1651 1760 1718 1816 de
1747 1776 1868 1828 per-

1967 569 2128 622 totius
2148 582 2427 636 apparere.
2455 571 2643 627 Saluto
2671 573 2849 642 itaque
2873 576 3272 632 unanimitatem
3296 587 3459 644 tuam,
3488 589 3544 637 et.

1969 673 2100 727 rogo
2141 669 2196 713 ut
2221 675 2316 727 pro
2343 676 2428 715 me
2459 677 2615 718 orare
2640 664 2891 732 digneris,
2916 667 3180 738 simulque
3207 683 3328 725 cum
3348 685 3540 741 oppor-

1964 759 2148 806 tunum
2177 751 2327 807 vobis
2357 752 2542 822 fuerit,
2575 770 2672 811 nos
2696 759 2826 812 tanti
2854 758 3094 816 habeatis
3122 762 3358 820 visitare.
3389 763 3541 823 Vale.

2513 906 2729 964 EPIST.
2773 909 3004 966 XXVIII.

2267 1021 2510 1076 Ruricius
2548 1022 2793 1094 Eufrasio
2820 1034 2846 1062 ει
2873 1041 2969 1079 suo
2995 1027 3228 1087 salutem.

2039 1142 2201 1197 Miror
2226 1145 2563 1198 sanctitatem
2587 1153 2820 1200 vestram
2851 1156 2970 1217 post
2991 1157 3254 1204 tantorum
3283 1159 3336 1206 et
3362 1154 3548 1214 talium.

1968 1236 2205 1291 virorum
2242 1236 2438 1305 judicia
2471 1238 2647 1306 potius
2677 1254 2832 1308 quam
2874 1244 3130 1310 rescripta
3157 1243 3380 1299 inscitia:
3411 1260 3547 1302 mea)

1969 1331 2228 1396 quaesisse
2256 1333 2595 1385 sententiam.
2631 1333 2780 1399 Quod
2805 1348 2900 1387 vos
2930 1334 3098 1404 magis
3130 1351 3224 1404 pro
3255 1341 3547 1392 necessitu-

1969 1418 2096 1473 dine
2121 1435 2277 1488 quam
2309 1424 2628 1477 necessitate
2650 1421 2841 1478 fecisse
2861 1424 3119 1492 conjicio;
3150 1440 3215 1478 ne
3236 1426 3388 1494 cujus
3415 1430 3547 1484 tanti
3591 1440 3598 1447 '

1973 1511 2179 1566 habetis
2219 1512 2542 1582 praecipuum
2567 1515 2620 1567 in
2651 1515 2828 1569 animo
2861 1524 3042 1570 tenere
3071 1517 3268 1570 cultum
3297 1558 3310 1581 ,
3341 1518 3549 1572 videre-

1971 1601 2098 1655 mini
2171 1603 2223 1656 in
2275 1604 2486 1672 negotio
2543 1606 2948 1673 praetermisisse
2995 1622 3334 1662 coissetisum.
3397 1609 3550 1665 Unde

1971 1681 2166 1761 gratias
2188 1707 2288 1764 ago
2339 1694 2624 1749 individua:
2673 1697 2799 1749 mihi
2855 1699 2905 1750 in
2945 1696 3159 1751 Christo
3211 1701 3550 1764 germanitati

1972 1795 2164 1840 vestrae
2185 1826 2198 1847 ,
2228 1786 2366 1852 quod
2398 1787 2467 1840 ita
2496 1787 2563 1841 de
2593 1788 2742 1840 nobis
2771 1803 3095 1856 przesumere
3121 1798 3176 1842 et
3205 1791 3442 1854 judicare
3469 1792 3551 1844 di-

276 1856 515 1952 Ῐέθίίθηθ
545 1855 833 1952 8³¹¹¹Ῐ9ῗέ⁸ί
1007 1870 1156 1924 spem
1179 1854 1245 1952 ³ξ¹
1270 1869 1381 1910 ’θω
1403 1869 1652 1910 “emeres
1683 1868 1869 1923 pem"
1897 1874 1947 1936 B
1972 1878 2226 1947 gnamini,
2260 1887 2315 1932 ut
2348 1863 2479 1932 nihil
2510 1854 2799 1934 habeamus
2825 1890 2918 1934 aut
2948 1882 2998 1933 in
3022 1881 3260 1936 caritatis
3292 1882 3552 1952 simplici-

277 1950 467 2012 uisse;
512 1963 612 2002 nec
642 1947 745 2002 sibi
773 1945 1035 2003 invideret
1056 1946 1316 2017 aequalem
1338 1988 1352 2012 ,
1385 1961 1543 2017 quem
1588 1953 1865 2016 optaverat

275 2057 403 2096 esse
435 2040 737 2096 meliorem.

831 2188 1062 2250 'EPIST.
1109 2195 1296 2252 XXVI.

353 2308 660 2376 Quamlibet
708 2321 803 2376 per
846 2307 1124 2362 diaconem
1173 2306 1380 2362 Justum
1424 2321 1528 2361 non
1575 2307 1862 2363 meruerim

280 2399 489 2454 litteras
544 2399 758 2467 benigni
815 2401 1046 2467 pectoris
1090 2409 1144 2453 et
1192 2397 1520 2452 facundioris
1570 2401 1813 2468 accipere
1843 2441 1859 2464 ,

279 2491 476 2560 quibus
503 2500 558 2542 et
587 2490 888 2544 erudiretur
915 2490 1219 2559 ingenium,
1250 2498 1301 2542 et
1331 2489 1650 2544 desiderium
1685 2505 1865 2558 pasce-

279 2592 452 2637 retur.
505 2582 614 2649 Ego
663 2591 877 2647 tamen,
929 2581 1017 2649 qui
1066 2581 1205 2634 malo
1230 2580 1556 2635 affectuosus
1603 2582 1861 2644 rusticus,

280 2688 444 2743 quam
487 2673 720 2727 urbanus
761 2674 951 2742 itnpius
973 2673 1226 2741 judicari,
1258 2673 1525 2728 scribendi
1555 2674 1868 2742 opportuni-

281 2774 448 2817 tatem
480 2761 610 2816 mihi
637 2762 818 2832 perire
847 2777 950 2817 non
983 2778 1170 2832 passus
1195 2779 1346 2828 smn;
1378 2773 1561 2833 utpote
1603 2763 1692 2833 qui
1735 2764 1866 2818 mihi

282 2856 488 2909 nollem
513 2897 528 2922 ,
568 2871 673 2910 non
719 2856 891 2909 dicam
922 2856 1258 2910 occasionem
1297 2856 1597 2922 scribendi,
1645 2855 1738 2910 sed
1766 2870 1868 2911 nec

284 2947 506 3002 videndi
539 2962 630 3000 vos
654 2987 669 3011 ,
707 2947 862 3000 unius
900 2948 1090 3000 saltem
1140 2947 1286 3001 horae
1326 2949 1554 3017 spatium
1599 2948 1864 3016 deperire.

285 3040 519 3109 Ideoque
549 3039 694 3094 salve
726 3039 1011 3107 plurimum
1043 3041 1192 3104 dico,
1221 3048 1276 3093 et
1314 3055 1444 3108 rogo
1476 3049 1535 3093 ut
1573 3040 1688 3094 sine
1715 3053 1863 3094 eom-

285 3133 432 3188 muni
465 3132 816 3199 detrimento,
847 3142 901 3186 et
930 3132 1208 3202 utriusque
1234 3133 1570 3200 compendio,
1605 3147 1700 3187 nos
1725 3147 1866 3188 sem.

1973 1977 2081 2024 tate
2135 1969 2415 2024 subdolum
2450 2012 2463 2033 ,
2518 1980 2610 2024 aut
2654 1972 2705 2024 in
2733 1972 2973 2026 veritatis
3019 1973 3247 2042 puritate
3293 1973 3547 2029 fucatum.

1967 2063 2158 2118 Reddo
2189 2064 2368 2132 itaque
2397 2063 2634 2117 debitum
2688 2065 3052 2118 unanimitatis
3081 2065 3315 2119 officium
3341 2107 3355 2122 .
3388 2076 3440 2120 et
3483 2066 3554 2120 de

1967 2170 2124 2210 causa
2149 2172 2250 2224 qua
2279 2155 2408 2210 mihi
2438 2156 2678 2210 scribere
2701 2156 2901 2225 dignati
2929 2156 3078 2220 estis,
3108 2155 3248 2210 idem
3281 2172 3366 2211 me
3407 2157 3554 2226 quod

1965 2256 2021 2301 et
2052 2249 2245 2302 fratres
2277 2257 2489 2301 nostros
2539 2249 2739 2300 sentire
2783 2247 3042 2315 signiﬁco.
3085 2247 3190 2301 Sed
3234 2247 3360 2315 quid
3413 2247 3554 2301 facto

1965 2356 2099 2412 opus
2137 2341 2237 2405 sit,
2281 2342 2359 2396 vel
2393 2341 2518 2410 quid
2550 2341 2678 2395 mihi
2712 2341 3046 2410 potissimum
3081 2341 3194 2396 ﬁeri
3246 2341 3442 2396 debere
3473 2343 3554 2396 vi-

1967 2433 2175 2497 deatur,
2223 2448 2318 2502 per
2345 2432 2619 2487 diaconem
2671 2443 2905 2488 vestrum
2939 2434 3104 2487 verbo
3154 2431 3381 2486 ﬁdeliter
3425 2435 3552 2504 inti:

1967 2525 2128 2590 mari,
2160 2524 2378 2589 quia....
2410 2542 2484 2578 m.
2517 2525 2613 2579 fuit
2643 2525 2838 2580 litteris
2867 2524 3124 2580 indicare.
3153 2526 3255 2580 Ora
3297 2542 3391 2596 pro
3443 2542 3550 2582 tne.

2528 2681 2744 2738 EPIST.
2788 2682 2978 2740 XXIX.

2291 2795 2530 2848 Ruricius
2562 2793 2842 2848 Eracliano
2869 2811 2958 2849 suo
2999 2799 3230 2851 salutem.

2040 2930 2138 2997 Qui
2167 2943 2224 2983 se
2257 2944 2404 2982 reum
2440 2928 2507 2983 de
2537 2929 2714 2982 ofﬁcio
2744 2943 2862 2982 esse
2885 2931 3189 2996 cognoscit,
3224 2946 3371 2999 prius
3418 2949 3553 3001 sup.

1971 3021 2170 3089 plicare
2199 3019 2356 3075 debet
2386 3035 2544 3088 quam
2585 3019 2777 3072 audeat
2818 3019 3068 3074 salutare.
3104 3020 3233 3086 Quia
3276 3022 3412 3074 sicut
3455 3023 3527 3076 im

1972 3123 2200 3180 portune
2231 3113 2531 3166 occurritur
2553 3111 2864 3179 imputanti,
2899 3111 2968 3163 ita
2998 3120 3296 3180 Opportune
3329 3115 3527 3168 remitti

286 3239 406 3293 per,
440 3225 839 3294 opportunitate
863 3201 1127 3294 porrecta,
1162 3224 1352 3279 litteris
1379 3226 1571 3280 vestris
1598 3226 1870 3282 illustrare
1900 3241 1944 3294 λ,
1974 3213 2060 3259 ων
2082 3202 2383 3259 εοηίίιθηιίο
2435 3201 2503 3256 Et
2550 3201 2670 3257 ideo
2701 3217 2798 3256 "03
2844 3209 3080 3256 “05mm
3115 3204 3165 3256 ίη
3212 3204 3383 3272 Palam
3433 3220 3554 3272 IWO'

287 3274 601 3384 aggessi:
619 3274 1868 3386 'sane;“iis.5;.ii.i1{."g;.;.:.3{g;j

1976 3297 2226 3352 duximus
2269 3311 2462 3351 noxam
2488 3340 2501 3363 ,
2535 3304 2596 3349 ut
2641 3295 2851 3351 facilius
2879 3297 3156 3364 pervenire
3199 3298 3459 3365 possinms
3487 3299 3554 3352 ad

287 3425 396 3464 non
427 3408 756 3476 expenditis;
779 3409 920 3476 quod
945 3408 1192 3473 tribuitis,
1217 3423 1320 3462 non
1343 3409 1617 3473 amittitis;
1645 3417 1701 3464 et
1725 3409 1868 3479 quod

288 3503 448 3557 nobis
481 3504 533 3554 in
567 3500 750 3557 charta
781 3501 1166 3568 transmittitis,
1195 3500 1467 3556 vobiscum
1501 3501 1552 3558 iu
1582 3500 1746 3558 corde
1785 3515 1870 3558 re-

288 3607 488 3652 IIIICIIS.

852 3708 1063 3765 EPIST.
1110 3706 1317 3762 XXVII.

625 3822 866 3876 Ruricius
898 3822 1157 3876 Ummacio
1185 3838 1277 3875 suo
1307 3821 1539 3876 salutem.

360 3939 452 3991 Sic
482 3953 509 3990 a
543 3937 742 4004 pietate
771 3949 944 3991 vestra
977 3937 1218 4002 discessi,
1246 3937 1386 4005 quod
1418 3951 1446 3988 a
1489 3935 1636 3988 vobis
1662 3933 1870 4003 penitus

287 4042 399 4081 non
429 4029 649 4082 recessi.
692 4028 750 4080 ln
780 4027 964 4084 eadem
993 4041 1088 4081 vus
1127 4035 1276 4096 parte
1326 4025 1558 4080 hominis
1602 4023 1872 4078 interioris

288 4120 545 4186 exhibui,
593 4120 645 4174 in
677 4134 781 4189 qua
802 4121 954 4174 vobis
984 4123 1234 4174 remansi.
1270 4116 1393 4172 Scio
1419 4117 1540 4187 quia
1567 4115 1757 4170 ibidem
1787 4129 1872 4169 re-

290 4210 489 4273 mansi,
519 4211 660 4264 unde
683 4225 768 4264 me
789 4225 886 4264 nec
905 4209 1179 4263 insidiator
1210 4209 1458 4275 antiquus
1479 4207 1668 4275 potuit,
1699 4219 1872 4272 neque

290 4316 489 4356 recens
508 4301 817 4356 consiliator
853 4299 1188 4372 [conciliator]
1209 4299 1510 4354 excludere.
1537 4297 1688 4353 Unde
1709 4296 1870 4352 etiam

289 4395 556 4450 sententia
603 4395 746 4448 illius
789 4409 882 4447 vos
931 4394 1305 4464 sapientissimi
1351 4392 1652 4447 Salomonis
1688 4390 1873 4445 admo-

289 4503 397 4544 neo
433 4506 444 4539 :
492 4485 628 4551 Fili,
663 4502 727 4539 ne
763 4486 1081 4553 derelinquas
1123 4486 1345 4538 amicum
1383 4486 1647 4552 antiquum
1671 4523 1686 4548 ,
1714 4497 1872 4534 novus

287 4581 435 4637 enim
464 4595 559 4633 non
587 4580 679 4634 erit
702 4578 886 4634 similis
907 4579 1002 4632 illi.
1041 4578 1231 4631 Vinum
1251 4594 1432 4632 novum
1462 4578 1652 4629 amicus
1678 4590 1870 4638 novus;

1975 3390 2206 3444 veniam.
2231 3387 2364 3454 Quia
2389 3402 2495 3443 non
2521 3388 2840 3457 relinquitur
2867 3388 3015 3442 locus
3047 3388 3402 3454 imputationi,
3431 3406 3551 3443 ctuti

1972 3481 2151 3536 aditus
2191 3481 2423 3549 patuerit
2454 3479 2752 3549 deploranti
2776 3519 2792 3545 ,
2842 3481 3131 3534 secundum
3165 3481 3306 3534 illam
3338 3490 3554 3534 senten-

1972 3574 2099 3627 tiam
2135 3589 2148 3626 :
2181 3572 2275 3627 Dic
2301 3581 2356 3626 tu
2386 3571 2532 3640 prior
2575 3563 3065 3640 iniquitates'tuas,
3127 3579 3184 3625 ut
3223 3561 3546 3640 justiﬁceris.

1973 3663 2088 3718 Non
2118 3663 2261 3717 enim
2295 3662 2603 3732 praevalebit
2627 3664 2929 3717 accusantis
2961 3662 3187 3731 invidia,
3217 3663 3304 3716 ubi
3338 3664 3552 3718 humili-

1975 3765 2055 3808 tas
2085 3756 2420 3822 prtecesserit
2447 3755 2819 3823 supplicantis.
2846 3756 3200 3822 Quamobrem
3230 3771 3326 3811 nos
3349 3757 3414 3809 ‘si
3442 3757 3553 3825 jatn

1973 3845 2280 3901 excusando
2333 3845 2588 3899 diluimus
2614 3846 2824 3914 culpam
2853 3886 2866 3908 ,
2904 3849 3182 3900 veniamus
3221 3836 3551 3901 ad‘causam.

1975 3937 2212 3991 Salutem
2235 3951 2364 4005 ergo
2387 3945 2586 3990 tantam
2609 3937 2840 3991 dicimus
2863 3940 3042 4005 pietati
3069 3947 3282 4003 vestrae,
3299 3931 3550 4005 quautam

1974 4037 2152 4099 potest
2170 4027 2392 4082 affectus
2433 4022 2764 4096 intelligere,
2802 4037 2856 4082 et
2883 4042 2985 4079 non
3017 4035 3187 4095 potest
3217 4042 3394 4082 sermo
3425 4043 3552 4097 pro-

1976 4123 2149 4184 ferre;
2200 4129 2457 4190 quantam
2486 4120 2688 4174 sentire
2732 4133 3049 4189 possumus,
3089 4128 3145 4174 et
3164 4112 3280 4174 non
3312 4120 3552 4175 valemus

1975 4227 2272 4283 exponere;
2303 4221 2555 4280 quantam
2585 4222 2760 4280 pmest
2800 4206 3080 4266 interioris
3101 4227 3253 4266 mens
3274 4203 3554 4268 desiderio

1976 4308 2229 4363 calefacta
2281 4307 2592 4375 concipere,
2626 4313 2680 4360 et
2704 4320 2810 4359 non
2842 4313 3016 4374 potest
3056 4305 3230 4374 lingua
3271 4306 3555 4360 exterioris

1975 4413 2238 4456 asserere.
2267 4397 2416 4454 Unde
2431 4400 2628 4468 gratias
2646 4407 2866 4466 agentes
2885 4397 3051 4465 ipsius
3069 4399 3304 4452 caritatis
3326 4401 3552 4464 auctori,

1975 4495 2064 4561 qui
2111 4507 2228 4548 eam
2276 4491 2329 4568 in
2369 4490 2620 4547 cordibus
2648 4491 2844 4546 vestris
2883 4498 2963 4545 est
2993 4480 3245 4568 dignatus.
3285 4475 3553 4555 inserere.

1976 4578 2192 4640 Oremus
2219 4564 2282 4638 ut.
2307 4582 2634 4657 praecipuum
2656 4596 2750 4636 sua
2773 4580 2800 4619 ι)
2828 4582 3091 4650 largitatio
3111 4563 3305 4636 munus
3324 4583 3377 4634 in
3401 4582 3556 4658 [tubis

290 4683 589 4741 reterascet,
623 4682 669 4727 et
700 4690 816 4725 cum
844 4673 1090 4726 suavitate
1120 4673 1252 4725 bibes
1297 4673 1427 4725 illud
1451 4671 1614 4738 (Eccl.
1651 4686 1724 4736 Ix,
1761 4668 1872 4736 M).
1903 4657 1954 4718 D
1979 4659 2268 4732 custodire.
2292 4691 2527 4742 semper,
2559 4684 2614 4728 et
2657 4674 2850 4743 iugiter
2881 4674 3128 4740 dignetur
3163 4689 3380 4743 augere,
3421 4675 3554 4740 Quia

290 4765 360 4817 Et
391 4764 511 4817 ideo
532 4780 624 4817 nos
645 4775 1038 4818 veterascatnus
1054 4765 1104 4816 in
1119 4763 1381 4824 amicitiis,
1400 4761 1527 4816 etde
1547 4761 1632 4814 die
1654 4760 1706 4813 in
1731 4760 1871 4813 diem

287 4855 574 4910 affectibus
618 4857 958 4910 innovemur.
990 4855 1140 4922 Quod
1173 4856 1215 4908 si
1248 4855 1448 4908 amicus
1496 4853 1875 4921 relinquendus

291 4964 402 5001 non
441 4958 544 5012 e5t,
574 4956 773 5016 quanto
798 4949 968 5017 magis
997 4956 1169 5015 pater,
1219 4949 1304 5016 qui
1343 4947 1563 5010 erudiit,
1597 4944 1685 5015 qui
1711 4947 1876 4999 nutri-

289 5040 411 5102 vit,
465 5038 554 5106 qui
606 5039 894 5106 adjuvante
923 5037 1150 5092 Domino
1189 5038 1254 5092 ad
1298 5037 1652 5093 sacerdotium
1711 5050 1877 5104 usque

291 5128 590 5197 perduxit:
637 5129 721 5185 cui
761 5130 986 5185 fortasse
1009 5132 1168 5184 etiam
1195 5130 1351 5200 juxta
1396 5130 1624 5185 divinam
1666 5128 1876 5184 miseri-

289 5223 546 5278 cordiam
595 5223 727 5277 lucis
773 5223 928 5277 istius
968 5222 1194 5278 debetur
1250 5227 1437 5279 usura!
1485 5225 1587 5280 Sed
1621 5226 1735 5278 hrec
1779 5239 1878 5293 ego

289 5313 616 5371 beatitudini
649 5325 755 5370 tua:
784 5315 983 5383 scribo,
1037 5332 1140 5371 non
1168 5318 1314 5387 quasi
1348 5317 1544 5385 aliquid
1581 5318 1876 5386 imputans,

286 5417 389 5462 aut
424 5409 759 5476 exprobrans
786 5453 798 5475 ,
854 5408 947 5464 sed
986 5418 1045 5463 ut
1073 5410 1180 5464 ﬁlio
1203 5411 1519 5472 carissimo,
1566 5425 1720 5479 quem
1765 5413 1880 5464 sine

289 5499 409 5554 ullo
441 5512 598 5553 nzvu
635 5501 790 5568 cupio
819 5499 872 5555 in
905 5501 1005 5556 hoc
1035 5502 1234 5557 mundo
1279 5501 1567 5571 impietatis
1600 5501 1875 5567 incedere,

287 5605 344 5651 et
378 5608 588 5666 purutn
613 5604 772 5665 atque
816 5597 1213 5652 immaculatum
1246 5597 1299 5653 in
1328 5597 1418 5652 illo
1437 5596 1524 5653 die
1563 5595 1746 5665 judicii
1792 5610 1882 5653 co-

363 5788 390 5816 η
427 5778 513 5834 De
544 5791 606 5832 eo
635 5778 696 5833 ad
726 5778 880 5843 epist.
904 5779 992 5832 20.

672 5875 936 5935 Pnaon.
959 5865 964 5870 ’
1020 5869 1231 5933 LVIII.

1975 4769 2144 4834 juxta
2173 4766 2488 4834 Apostolum
2537 4765 2649 4833 ipsa
2680 4775 2761 4819 est
2787 4765 3112 4818 eminentior
3143 4765 3228 4818 via
3260 4780 3376 4834 qua:
3411 4767 3558 4820 ducit

1981 4859 2045 4912 ad
2070 4859 2256 4912 vitam.
2287 4856 2438 4924 Quod
2469 4865 2732 4922 superest,
2761 4855 3296 4928 specialiterqumso,
3331 4864 3555 4931 utlcomo

1984 4938 2128 5004 muni
2163 4939 2386 5018 patrono
2414 4948 2567 5002 nobis
2597 4948 2836 5017 quotidie
2865 4947 3195 5016 supplicetis.
3226 4947 3357 5014 Quia
3376 4988 3390 5013 ,
3418 4949 3558 5002 sicut

1981 5027 2459 5112 legitis,multum
2488 5041 2628 5095 valet
2649 5040 2821 5094 oratio
2856 5040 2985 5107 justi
3025 5038 3271 5112 assidua.‘
3306 5039 3373 5092 Et
3418 5041 3560 5094 sicut

1984 5134 2097 5203 ipse
2127 5117 2382 5187 Dominus
2411 5115 2697 5186 noster-in
2734 5123 3198 5199 Evangelio'dicit
3230 5129 3296 5183 de
3334 5130 3426 5183 illo
3467 5130 3558 5200 qui

1987 5212 2092 5280 tres
2125 5237 2290 5293 panes
2319 5223 2386 5276 ab
2420 5222 2592 5276 amico
2633 5236 2730 5275 suo
2761 5222 2931 5275 noctis
2963 5231 3221 5300 tempore,
3253 5221 3561 5290 importune

1986 5318 2199 5388 quidem
2221 5358 2235 5382 ,
2278 5316 2372 5370 sed
2398 5315 2699 5378 Salubriter,
2729 5315 2870 5384 quod
2900 5316 3224 5384 improbitati
3264 5314 3559 5382 przestitnm

1987 5410 2146 5465 fuerit
2164 5397 2477 5473 insist'entis,
2509 5407 2964 5478 quod'negabatur
2985 5407 3233 5462 amicitiis
3251 5407 3552 5477 flagitantis.

1989 5501 2209 5577 Reliqua
2244 5515 2338 5570 per
2359 5485 2675 5576 portitorem
2698 5499 2860 5574 verbo
2884 5499 3156 5569 mandavi,
3185 5514 3301 5570 qua:
3342 5499 3556 5565 longum

1987 5595 2112 5651 fuit.
2141 5581 2349 5667 litteris
2388 5591 2645 5649 indicare.
2707 5590 2860 5650 Unde
2907 5591 3045 5649 sicut
3087 5591 3405 5663 principium
3446 5585 3558 5654 epi-

1999 5851 2001 5854 ι
2059 5773 2086 5814 b
2116 5773 2278 5831 Forte
2309 5773 2523 5854 largitio.

2226 5859 2230 5866 ’
3148 5859 3206 5919 Ἐ
