4080 6350
514 370 618 433 107

1859 361 2115 423 κυκιωι
2153 356 2453 418 EPISCOPI

3678 359 3779 426 108

515 482 667 540 stola:
712 481 985 548 continet,
1017 493 1145 548 rogo
1180 485 1239 534 ut
1286 490 1385 548 pro
1420 475 1671 533 tarditate
1708 477 1918 532 veniam
1970 476 2099 555 dare
2124 477 2179 543 Α
2207 470 2563 539 nigredinem,
2595 478 2665 525 tta
2716 484 2857 527 nunc
2900 482 3002 529 suo
3053 468 3215 542 pullis
3268 471 3509 528 vestibus
3557 487 3778 543 operum

514 575 824 649 dignemini.
860 572 1005 630 Vale.

538 706 546 714 ς
1088 662 1302 720 EPIST.
1344 662 1517 718 XXX.

692 760 934 817 Mitt:
961 756 1227 828 cpiscopus
1251 753 1509 823 Capilfuto
1540 754 1656 823 ﬁlio
1682 752 1918 807 salutem.

586 872 795 930 Gratias
851 883 951 939 ago
1013 868 1197 938 pietati
1226 874 1423 925 vestra:
1480 865 1621 936 quod
1682 880 1769 921 me
1816 864 2102 920 consulere

509 972 573 1020 «ιη
610 976 635 1003 λ
666 962 898 1020 civitatis
926 960 1266 1016 ordinatione
1292 959 1618 1030 dignemini;
1654 973 1774 1014 cum
1814 958 1966 1014 vobis
1994 959 2103 1012 suf-

514 1070 523 1105 ι
552 1072 693 1120 rere,
720 1056 833 1110 Deo
846 1052 1105 1124 propitio,
1130 1051 1262 1107 satis
1283 1051 1601 1121 abundeque
1630 1051 1864 1120 possitis.
1894 1051 1956 1105 Et
1978 1050 2100 1105 ideo

512 1149 632 1213 quia
666 1146 810 1215 quod
842 1144 994 1201 vobis
1008 1154 1064 1198 et
1088 1143 1344 1199 fratribus
1373 1142 1568 1197 vestris
1596 1140 1793 1211 placet,
1809 1140 1966 1197 nobis
1989 1141 2102 1196 dis-

516 1240 720 1303 plicere
762 1251 868 1291 non
902 1234 1081 1291 debet.
1124 1234 1267 1289 Bene
1312 1233 1507 1298 facitis,
1542 1240 1602 1288 ut
1632 1231 1901 1287 hominem
1942 1246 2100 1302 quem

517 1327 819 1383 communis
844 1338 1141 1380 consensus
1166 1322 1349 1394 elegit,
1376 1323 1661 1378 ordinetis.
1685 1322 1792 1378 Sed
1813 1322 2102 1377 admonete

518 1423 665 1476 illum
690 1428 747 1475 ut
767 1417 980 1474 veritati
1000 1416 1235 1481 studeat,
1262 1431 1369 1470 non
1391 1415 1640 1479 falsitati;
1676 1415 1816 1483 paci,
1846 1428 1951 1468 non
1982 1428 2103 1482 per-

518 1514 739 1577 ditioni;
768 1510 1089 1581 disciplina,
1114 1524 1220 1563 non
1249 1506 1569 1573 discordiae;
1592 1505 1810 1561 utilitati
1842 1505 2066 1575 publica:
2084 1545 2097 1565 .

519 1625 630 1663 nun
663 1608 881 1674 privatas
908 1602 1216 1671 cupiditati;
1244 1600 1493 1670 justitim,
1528 1614 1636 1653 non
1666 1599 1887 1668 rapinas.
1918 1598 2103 1683 ;l‘uea-

522 1712 607 1753 tur
654 1698 859 1761 bonos,
890 1692 1139 1750 emendet
1168 1707 1291 1747 reos
1322 1710 1335 1747 :
1365 1692 1591 1747 miseros
1638 1706 1746 1745 non
1778 1689 1967 1755 faciat,
2004 1688 2102 1743 sed

521 1788 793 1845 defendat.
820 1786 1069 1853 Corrigat
1095 1793 1277 1839 sontes
1299 1822 1314 1849 ,
1353 1782 1619 1837 custodiat
1647 1783 1995 1847 innocentes;
2042 1788 2098 1833 ut

2202 561 2321 615 luce
2375 560 2681 617 candescat.
2730 560 2987 616 Peccator
3023 562 3167 617 enim
3214 577 3317 631 qua
3348 562 3436 618 die
3486 578 3781 622 conversus

2202 656 2541 724 ingemuerit,
2577 664 2702 708 tunc
2727 654 2907 709 salvus
2936 654 3062 709 erit.
3092 654 3396 710 Dummodo
3432 655 3583 725 juxta
3613 659 3780 712 sancti

2202 745 2354 803 Pauli
2380 748 2607 818 apostoli
2634 748 2977 811 sententiam,
2996 748 3131 803 sicut
3153 748 3495 806 exhibuimus
3522 750 3779 807 hactenus

2204 853 2428 907 corpora
2466 850 2648 894 nostra
2692 840 2902 894 servire
2926 840 3149 905 smeulo,
3176 849 3233 895 et
3277 841 3547 912 iniquitati
3586 843 3651 897 ad
3682 844 3782 898 iui-

2203 932 2485 1002 quitatem,
2521 933 2590 986 ita
2618 947 2763 986 nunc
2793 931 3144 988 exhibeamus
3191 932 3429 988 membra
3458 943 3641 989 nostra
3669 948 3785 990 ser-

2204 1024 2321 1079 vire
2358 1024 2579 1093 jnstitia:
2612 1025 2665 1079 in
2694 1024 3168 1081 sanctificationem
3200 1026 3379 1096 (Rom.
3413 1042 3465 1081 vt
3488 1068 3503 1092 ,
3532 1025 3642 1098 15).
3675 1027 3784 1083 Nec

2205 1117 2374 1172 simus
2415 1117 2565 1186 quasi
2595 1115 2843 1171 timentes
2884 1116 3068 1181 Deum,
3100 1117 3244 1171 aliud
3275 1119 3614 1174 sermonibus
3646 1136 3783 1188 prae-

2205 1207 2513 1272 tendentes,
2542 1206 2684 1260 aliud
2714 1207 2969 1262 habentes
3009 1208 3061 1261 in
3104 1208 3373 1275 moribus;
3419 1212 3563 1265 aliud
3593 1223 3774 1267 osten-

2207 1307 2381 1355 tantes
2406 1300 2457 1353 in
2487 1298 2900 1364 vestibus,aliud
2924 1300 3131 1354 actibus
3157 1302 3571 1370 comprobantes
3593 1318 3661 1359 uc
3681 1318 3782 1358 nos

2206 1388 2450 1445 mordeat
2494 1404 2673 1443 sermo
2720 1388 2811 1444 ille
2858 1388 3191 1455 Dominicus,
3230 1392 3330 1447 sub
3355 1394 3554 1447 vestitu
3602 1396 3785 1450 ovium

2205 1482 2448 1553 luporum
2478 1482 2676 1537 rabiem
2720 1470 3099 1553 contegentes.’
3124 1484 3259 1551 Quia
3291 1486 3480 1541 oculus
3513 1486 3603 1543 ille
3646 1487 3785 1543 divi-

2204 1591 2327 1642 nus,
2358 1575 2494 1629 sicut
2520 1575 2779 1641 scriptum
2808 1585 2914 1641 est,
2945 1574 3090 1630 omni
3122 1575 3240 1631 loco
3270 1577 3441 1631 honos
3480 1578 3788 1647 speculatur

2204 1674 2259 1722 et
2282 1667 2474 1721 malos.
2493 1666 2623 1721 Sine
2641 1667 2823 1733 dubio,
2838 1681 2995 1736 quem
3022 1667 3090 1721 ad
3116 1683 3175 1723 se
3192 1668 3402 1738 integro
3420 1669 3583 1724 corde
3605 1680 3787 1727 trans-

2205 1758 2287 1814 ire
2333 1759 2692 1827 conspexerit,
2738 1759 2852 1828 ipse
2897 1759 2949 1812 in
2982 1773 3076 1814 cor
3117 1759 3262 1815 illius
3294 1760 3408 1831 jugi
3455 1761 3790 1818 habitatione

522 1880 594 1934 ita
641 1892 805 1947 agens
836 1849 1007 1945 magis
1032 1873 1214 1928 futuro
1242 1874 1412 1942 possit
1440 1871 1651 1942 placere
1692 1869 1896 1940 judicio
1942 1884 2100 1941 quam
2133 1855 2182 1925 Ι
2207 1849 2603 1947 ἀθθθθξίάῗίν-ιξί
2629 1849 3029 1947 θομίιθδίίξωτὲ
3057 1866 3164 1947 “°_"
3192 1862 3394 1947 eam}:
3423 1855 3510 1947 οιξί
3550 1870 3610 1910 εθ
3649 1870 3791 1925 imi“

526 1969 796 2040 praesenti.

1094 2076 1308 2133 EPIST.
1338 2076 1533 2131 XXXI.

525 2175 742 2229 Domino
770 2173 957 2229 illustri
988 2184 1282 2253 semperque
1305 2168 1581 2251 magniﬁco
1627 2168 1737 2236 [ilio
1776 2166 1803 2205 ι’
1850 2166 2104 2239 Agricola:

1021 2240 1264 2296 Ruricius
1292 2240 1575 2312 episcopis.

595 2365 830 2421 Releclis
858 2363 1050 2419 litteris
1078 2358 1418 2418 sublimitatis
1438 2367 1653 2425 vestrae,
1669 2358 1865 2429 gratias
1886 2356 1996 2412 Deo
2018 2357 2101 2426 egi

525 2458 665 2530 quod
697 2472 792 2511 vos
825 2456 971 2525 prius
1017 2452 1311 2509 revaluisse
1359 2450 1696 2506 ordinatione
1726 2449 1913 2519 ipsius,
1943 2463 2100 2517 quam

526 2551 819 2607 infirmatos
866 2564 985 2605 esse
1029 2546 1275 2616 cognovi,
1306 2553 1360 2598 et
1390 2543 1545 2598 nobis
1589 2542 1910 2599 anxietatem
1945 2540 2102 2596 tolle-

528 2652 631 2706 ret,
663 2650 718 2696 et
737 2640 888 2695 vobis
943 2637 1194 2693 redderet
1236 2635 1565 2704 SOSpllaletll.
1595 2632 1764 2700 Quam
1815 2640 1993 2686 tamen
2022 2630 2105 2685 in-

528 2734 833 2787 firmitatem
875 2730 1024 2784 vobis
1053 2728 1345 2783 clementer
1375 2725 1596 2789 illatam,
1648 2723 1876 2795 propitio
1930 2722 2105 2791 potius

530 2839 689 2893 quam
744 2822 880 2876 irato
922 2820 1040 2889 ipso
1091 2818 1317 2873 Domino
1372 2825 1586 2882 nostro,
1640 2830 1739 2885 pro
1786 2814 1941 2869 solita
1990 2814 2106 2882 ejus

529 2918 745 2985 pietate,
792 2910 1043 2982 conjicio.
1076 2909 1165 2966 Sie
1209 2908 1353 2964 enim
1404 2907 1649 2977 legimus,
1681 2905 1822 2976 quod
1852 2905 2105 2974 corripiat

532 3004 788 3061 Dominus
814 3018 973 3072 quem
1018 3000 1224 3070 diligit;
1272 2998 1445 3069 diligit
1481 3005 1659 3053 autem
1692 3012 1905 3053 omnem
1936 2997 2106 3051 filium

530 3113 691 3171 quem
728 3096 919 3167 recipit
963 3094 1145 3167 (Hebr.
1178 3109 1275 3161 ιιι,
1310 3093 1385 3156 6).
1428 3092 1579 3159 Quod
1634 3092 1795 3148 etiam
1847 3092 1898 3146 in
1926 3091 2101 3158 vobis,

532 3200 784 3261 quantum
834 3188 1014 3253 audio,
1047 3203 1106 3241 re
1136 3186 1418 3254 probatur;
1450 3194 1511 3239 ut
1537 3184 1798 3243 ordinatis
1826 3182 2106 3245 allectibus

533 3284 746 3347 vestris,
773 3296 928 3337 suum
970 3279 1121 3335 vobis
1167 3279 1462 3334 insinuaret
1513 3276 1783 3343 allectum,
1819 3286 1876 3332 et
1922 3276 2107 3333 habitu

533 3380 820 3445 animoque
866 3380 1093 3438 mutato,
1120 3372 1303 3442 jugnm
1336 3372 1487 3427 vobis
1514 3386 1625 3427 suat
1666 3370 1902 3431 leuitatis
1931 3372 2106 3441 impo-

535 3475 706 3529 neret,
728 3474 788 3520 ut
814 3464 1035 3520 salutari
1063 3464 1243 3518 currui
1296 3477 1397 3518 suo
1454 3463 1591 3517 colla
1637 3462 1947 3531 subdentes,
1979 3462 2107 3517 dum

535 3557 904 3614 mandatorum
935 3569 1153 3610 suorum
1186 3554 1302 3609 leve
1331 3569 1467 3609 onus
1495 3553 1739 3620 evehitis,
1763 3562 2109 3624 peccatorum

535 3666 749 3722 gravem
778 3647 1044 3705 sarcinam
1087 3644 1391 3713 deponatis.
1422 3644 1549 3700 Ηωε
1574 3654 1657 3699 est
1695 3645 1839 3700 enim
1886 3646 2109 3699 mutatio

536 3744 778 3798 dextera
809 3739 1043 3803 Excelsi,
1066 3737 1192 3794 dum
1216 3736 1284 3793 de
1305 3736 1676 3807 peccatoribus
1700 3736 1895 3806 justos,
1926 3737 1993 3793 de
2018 3752 2111 3792 ex-

540 3836 738 3890 traneis
767 3832 1112 3898 domesticos,
1140 3832 1341 3885 amicos
1369 3829 1467 3886 sibi
1519 3828 1697 3885 facere
1750 3828 2000 3899 dignatur
2043 3844 2112 3884 ex

538 3930 728 3984 servis.
761 3926 1022 3998 Superest
1050 3936 1108 3981 ut
1156 3939 1299 3980 nunc
1342 3923 1752 3980 conversionem
1784 3938 1940 3994 quam
1982 3939 2110 3995 pro-

538 4022 735 4078 tulistis
766 4020 819 4076 in
852 4026 1021 4084 veste,
1056 4017 1293 4089 probetis
1323 4017 1374 4071 in
1420 4016 1614 4081 corde;
1646 4025 1701 4070 et
1728 4014 1843 4071 haec
1872 4030 2113 4071 commu-

539 4114 665 4168 tatio
688 4112 1209 4169 interindumentum
1235 4117 1471 4165 vestrum
1496 4108 1755 4164 habeatur
1768 4115 1825 4164 et
1842 4108 2109 4173 animum;

539 4214 595 4258 it
632 4204 767 4258 sicut
806 4202 898 4257 ille
938 4201 1037 4256 sub
1064 4198 1306 4256 candidis
1351 4199 1597 4255 vestibus
1625 4198 1809 4254 habuit
1840 4200 2115 4269 hucusque

615 4412 640 4439 ει
672 4402 796 4456 Haec
826 4415 950 4465 vox,
981 4408 1041 4453 ut
1069 4406 1221 4466 puto,
1248 4405 1497 4464 corrupta
1520 4404 1623 4449 est.

611 4470 637 4509 δ
672 4472 791 4525 Fuit
843 4465 1086 4538 Agricola
1152 4467 1251 4538 vir,
1282 4467 1527 4530 illustris,
1572 4465 1710 4521 Aviti
1762 4465 2117 4538 imperatoris

543 4542 700 4619 filius,
733 4536 931 4619 fiedicii
963 4540 1147 4604 frater,
1167 4537 1255 4619 qui
1290 4546 1397 4619 tum
1426 4551 1607 4619 comes
1637 4536 1996 4619 magisterque
2024 4538 2120 4590 mi-

2204 1942 2412 2013 paravit
2452 1940 2834 2001 habitaculum.
2866 1940 3082 1997 Gratias
3130 1943 3308 2014 itaque
3335 1944 3562 2001 Domino
3591 1958 3784 2001 nostro

2204 2045 2366 2101 super
2396 2042 2500 2086 tam
2534 2032 2881 2087 inenarrabili
2936 2033 3053 2102 ejus
3108 2035 3346 2091 bonitate
3395 2037 3447 2091 in
3493 2054 3787 2095 commune

2204 2120 2523 2187 referamus,
2541 2124 2627 2191 qui
2658 2124 2862 2178 mavult
2882 2139 3069 2185 servos
3095 2141 3315 2182 nionere
3335 2145 3492 2196 quam
3521 2130 3783 2200 perdere;

2205 2216 2499 2287 corrigere,
2545 2231 2703 2285 quam
2738 2216 2958 2286 punire;
3006 2225 3060 2272 et
3091 2231 3187 2288 pro
3225 2234 3386 2275 usura
3438 2221 3616 2277 brevis
3662 2224 3790 2278 vita:

2204 2317 2463 2378 perpetua
2507 2321 2671 2376 regna
2708 2307 2930 2363 donare.
2957 2308 3111 2375 Quod
3164 2321 3431 2379 superest,
3462 2311 3638 2367 saluto
3669 2312 3788 2381 plu-

2206 2400 2423 2468 rimum,
2451 2410 2504 2455 et
2527 2400 2775 2453 ancillam
2806 2408 3041 2454 vestram
3067 2401 3218 2457 vobis
3256 2403 3512 2472 peculiari
3543 2404 3788 2459 insinua-

2207 2492 2353 2548 tione
2382 2493 2732 2548 commendo:
2762 2493 3054 2562 quamlibet
3075 2493 3177 2549 hoc
3202 2496 3350 2550 salva
3380 2506 3558 2552 vestra
3590 2499 3792 2567 pietate

2205 2601 2311 2641 non
2341 2594 2523 2655 egeat;
2557 2592 2614 2638 ut
2641 2598 2748 2655 quo
2779 2599 2895 2638 eam
2925 2586 3200 2653 suscipere
3246 2591 3377 2643 tanti
3412 2586 3675 2643 habuistis
3704 2588 3786 2643 af-

2207 2675 2369 2741 fectu,
2393 2689 2608 2743 semper
2653 2674 2904 2741 foveatis,
2939 2675 3253 2746 indultuque
3310 2676 3556 2747 largitate
3605 2679 3790 2734 divina

2207 2775 2463 2838 utrosque
2491 2782 2589 2821 nos
2608 2767 2708 2822 sibi
2732 2769 2935 2837 paravit
2961 2769 3255 2835 obnoxios;
3289 2783 3385 2825 vos
3417 2784 3547 2826 avos
3582 2772 3790 2827 faciens

2208 2876 2303 2917 sua
2344 2861 2690 2925 fecunditate,
2714 2876 2811 2915 nos
2838 2875 3085 2930 proavos.
3117 2862 3374 2918 Domnam
3407 2863 3567 2919 filiam
3616 2879 3793 2919 meatu

2207 2953 2472 3010 desiderio
2522 2963 2576 3009 ct
2621 2955 2843 3019 honore,
2896 2969 3002 3024 quo
3052 2955 3272 3024 dignum
3306 2968 3408 3024 εει,
3457 2958 3680 3027 sospite.
3714 2959 3797 3015 οι)

2207 3050 2381 3119 cujus,
2421 3048 2466 3102 si
2512 3047 2734 3103 facultas
2789 3056 2934 3102 esset
2990 3047 3320 3115 ambulandi,
3377 3059 3495 3106 erat
3545 3050 3799 3107 voluntas

2226 3140 2622 3211 promptissima
2676 3153 2771 3192 vos
2818 3138 3073 3204 visendi;
3125 3148 3183 3194 ut
3230 3154 3388 3210 quam
3447 3141 3799 3199 interioribus

2132 3222 2183 3297 (ἒ
2212 3231 2382 3288 oculis
2414 3245 2511 3302 pro
2534 3229 2813 3285 affinitatis
2852 3229 3021 3299 ipsius
3063 3231 3439 3300 conjunctione
3460 3232 3573 3303 jugi
3604 3248 3791 3289 recor-

2212 3326 2431 3381 datione
2456 3324 2842 3393 conspicimus,
2874 3324 3229 3380 exterioribus
3260 3341 3628 3383 eerneremus.
3657 3329 3800 3399 Opto

2212 3421 2349 3477 bene
2374 3432 2521 3488 agas.

2768 3550 2987 3607 EPIST.
3022 3550 3237 3606 XXXII.

2212 3666 2436 3724 Domino
2464 3674 2644 3720 sancto
2664 3674 2712 3718 et
2737 3663 3039 3736 apostolico,
3069 3666 3303 3736 omnique
3328 3680 3361 3718 a
3388 3671 3465 3719 me
3504 3665 3702 3721 honore
3750 3680 3799 3723 et

2285 3752 2454 3791 amore
2481 3734 3006 3806 specialius‘colendo
3050 3736 3201 3804 fratri
3249 3735 3471 3791 Ctesario
3505 3747 3527 3775 ε
3551 3738 3800 3807 epist-apo

2289 3807 2548 3862 Ruricius.
3660 3866 3665 3873 ν

2288 3920 2481 3976 Frater
2501 3928 2557 3974 et
2577 3919 2964 3990 conpresbyter
2985 3928 3168 3976 noster
3196 3920 3493 3991 Capiiiutus
3512 3922 3803 3992 dupliciter

2221 4014 2321 4070 hac
2363 4014 2480 4069 vice
2510 4011 2665 4067 nobis
2708 4022 2890 4082 gratus
2939 4012 3202 4083 apparuit,
3237 4013 3362 4068 dum
3405 4024 3461 4069 et
3488 4014 3603 4084 ipse
3633 4017 3793 4072 nobis

2214 4110 2326 4180 jam
2375 4109 2465 4165 diu
2512 4105 2848 4163 desideratus
2892 4105 3149 4171 occurrit,
3177 4115 3234 4161 et
3284 4107 3572 4177 quamdam
3629 4111 3802 4165 vestri

2220 4200 2561 4271 praesentiam
2601 4196 2754 4252 nobis
2798 4212 2895 4267 per
2934 4202 3139 4251 vestras
3186 4197 3392 4253 litteras
3423 4212 3799 4269 repraesentat.

2226 4394 2497 4471 equidem,
2526 4394 2899 4471 abrogatajlla
2925 4397 3043 4471 jura
3074 4397 3253 4471 denuo
3283 4397 3612 4455 instaurassc
3632 4399 3804 4471 Sym-

2227 4464 2472 4520 machum
2524 4464 2732 4535 ipsique
2770 4464 3004 4523 Czesario
3051 4467 3245 4522 utenda
3292 4471 3643 4526 concessisse.
3680 4464 3805 4527 'Sed

2227 4536 2548 4591 effluxerunt
2592 4539 2716 4593 anni
2765 4549 2888 4593 octo
2914 4555 2943 4594 a
2983 4538 3211 4594 concilio
3238 4538 3527 4607 Agatheusi
3560 4542 3627 4595 ad
3655 4543 3805 4597 vica-

544 4606 2118 4697 Inumerame-_'_'1""a,.i9-1"13i§ﬂammasin
2144 4631 2199 4697 ι)
2226 4607 2750 4697 {etstiers'asrse
2768 4606 3624 4697 restitit“ese-Eiet?iam
3646 4614 3802 4697 nisus

541 4697 633 4736 sus
682 4681 888 4737 Gothos
937 4688 1175 4747 gesserat
1209 4719 1222 4741 .
1281 4678 1424 4732 illius
1475 4692 1716 4731 sororem
1770 4676 2115 4746 Papianillam

546 4768 765 4807 uxorem
796 4751 1024 4806 duxerat
1066 4749 1319 4804 Sidonius
1367 4747 1711 4817 Apollinaris,
1754 4758 1811 4801 ut
1853 4756 2002 4817 patet
2045 4764 2113 4805 ex

540 4840 627 4893 cp.
664 4823 700 4877 1.
735 4838 793 4888 ιι,
823 4837 908 4890 ep.
938 4819 1023 4874 η.
1048 4819 1208 4893 pass.

619 4905 639 4931 ο
668 4886 967 4962 Scripserat
996 4890 1060 4943 ad
1092 4889 1361 4962 Ruricium
1390 4887 1656 4962 Cagsarius
1691 4897 1749 4941 ut
1788 4886 2017 4942 concilio
2047 4904 2113 4943 ex

540 4964 785 5017 universa
796 4959 1093 5016 Gothorum
1114 4959 1316 5013 ditioue
1331 4959 1549 5027 Agathre
1564 4966 1860 5013 convocato
1876 4972 2113 5026 praesens

539 5035 776 5088 adesset.
823 5032 1059 5086 Habetur
1086 5029 1206 5097 ejus
1228 5030 1453 5097 epistola
1477 5028 1871 5097 interepistolas
1907 5027 2108 5093 Fausti,

539 5103 787 5172 superius
808 5102 978 5159 editas
1011 5098 1377 5172 (Videiufra).
1397 5098 1823 5172 celeberrimum
1852 5098 1949 5172 fuit
1978 5098 2110 5172 illud

540 5168 843 5241 concilium,
869 5172 921 5226 in
944 5168 1045 5241 quo
1062 5168 1351 5241 Galliarum
1371 5169 1653 5241 primatem
1684 5183 1743 5224 se
1761 5171 1981 5241 gerebat
1999 5170 2113 5239 epi-

541 5258 736 5312 scopus
767 5239 1120 5303 Arelatensis,
1153 5240 1240 5309 qui
1268 5239 1493 5312 concilia
1533 5239 1867 5312 convocabat
1897 5239 2113 5312 illisque

540 5309 789 5383 praeerat.
835 5313 1090 5383 Autumat
1124 5312 1203 5364 vir
1244 5309 1930 5383 eruditissimusABaluzgius
1973 5310 2113 5383 hanc

540 5379 847 5454 dignitatem
873 5381 1107 5454 Caesarie
1130 5379 1449 5454 auctoritate
1493 5380 1789 5450 pontificali
1819 5380 1988 5437 fuisse
2013 5380 2111 5454 de-

541 5449 844 5510 utandatam
882 5462 935 5506 et
958 5449 1233 5505 sancitam.
1263 5450 1367 5505 Sed
1396 5465 1461 5504 eo
1494 5449 1755 5519 tempore,
1786 5466 1926 5506 anno
1964 5452 2111 5507 scili.

543 5534 629 5581 cet
657 5523 783 5585 506,
837 5519 1189 5592 Symmachus
1242 5520 1495 5592 Romanae
1550 5522 1693 5576 sedis
1746 5522 1963 5588 praesul,
1988 5522 2107 5590 jura

544 5597 690 5664 prius
724 5590 916 5649 ﬂoni'o
965 5591 1258 5664 Arelatensi
1304 5590 1559 5664 episcopo
1604 5606 1861 5664 concessa
1899 5592 2111 5663 penitus

542 5660 912 5734 abrogaverat,
945 5660 1374 5734 constitutionem
1426 5660 1620 5734 Leonis
1661 5663 1837 5731 magni
1867 5660 1986 5717 a'se
2026 5678 2113 5717 re-

545 5730 780 5789 stitutam
831 5730 1262 5796 continuaverat,
1294 5745 1543 5784 asserens
1597 5730 1767 5789 levem
1802 5734 2110 5789 inconstan-

544 5812 757 5875 tcmuue
815 5803 1047 5859 animum
1099 5800 1343 5867 pontiﬁci
1393 5814 1498 5857 non
1551 5804 1880 5865 convenire;
1929 5817 2111 5861 verum

2225 4678 2543 4733 auctoritate
2592 4688 3007 4749 contemptoque
3057 4678 3281 4749 Romani
3324 4678 3567 4749 ’pratsulis
3596 4682 3800 4749 edicto,

2225 4748 2511 4803 concilium
2543 4750 2847 4816 Agathense
2891 4748 3193 4804 convocans
3220 4748 3487 4805 Caesarius
3524 4753 3592 4806 ad
3632 4748 3801 4808 Ruri?

2222 4818 2365 4874 cium
2392 4818 2679 4893 utadesset
2706 4820 3017 4893 scripserat.
3049 4820 3242 4874 Renuit
3272 4819 3536 4893 Ruricius,
3562 4838 3628 4877 eo
3653 4824 3805 4893 quod

2225 4904 2331 4944 non
2349 4888 2493 4962 satis
2528 4887 2677 4962 firma
2703 4887 3032 4962 valetudine
3085 4900 3356 4962 uteretur,
3388 4892 3480 4946 sed
3524 4887 3705 4962 potius
3733 4910 3806 4950 eo

2222 4958 2364 5028 quod
2389 4973 2447 5012 se
2468 4972 2496 5011 a
2518 4958 2752 5013 Cmsario
2771 4960 3078 5028 despectum
3101 4960 3373 5023 crederet;
3392 4958 3617 5018 aberant
3635 4964 3804 5019 etiam

2223 5027 2465 5098 plerique
2494 5030 2818 5098 eprovincia
2848 5030 3155 5091 Viennensi,
3178 5031 3292 5098 qui,
3320 5033 3568 5098 quamvis
3586 5034 3806 5091 Alarico

2222 5099 2443 5172 subditi,
2474 5113 2654 5154 coram
2694 5101 3001 5172 Arelatensi
3022 5099 3251 5172 praesule
3294 5101 3465 5172 fasces
3510 5103 3805 5162 demittere

2218 5168 2492 5240 nolebant,
2529 5179 2583 5225 et
2614 5173 2825 5239 propria
2853 5170 2972 5236 jura
3017 5168 3045 5224 εἰ
3078 5170 3405 5240 Symmacho
3434 5187 3627 5228 recens
3662 5189 3804 5231 con-

2216 5239 2421 5298 firmata
2448 5240 2814 5297 venditabant.
2849 5241 3020 5296 Iratus
3045 5239 3230 5296 eorum
3261 5241 3507 5297 absentia
3531 5242 3808 5303 Caesarius

2215 5310 2386 5380 legem
2418 5308 2598 5385 sanxit
2629 5326 2731 5380 qua
2759 5311 3032 5385 ferehatur
3066 5322 3127 5385 ut
3150 5312 3661 5385 si-_metropolitanus
3689 5318 3810 5385 cpi-

2216 5393 2412 5457 scapus
2435 5380 2500 5435 ad
2522 5382 3009 5457 comprovinciales
3029 5382 3281 5451 epistolas
3307 5380 3581 5457 direxerit,
3608 5385 3665 5457 in
3682 5380 3811 5457 qui-

2216 5448 2327 5523 bus'
2361 5462 2587 5523 eos‘aut
2616 5448 2680 5506 ad
2701 5448 3104 5523 ordinationem
3148 5455 3339 5510 summi
3383 5448 3676 5523 pontificis,
3702 5448 3810 5512 'aut

2216 5521 2573 5598 ad‘synodum
2606 5521 2815 5598 invitet,
2842 5524 3134 5594 postpositis
3156 5524 3629 5598 emnibus,_excepta
3658 5521 3807 5598 gravi

2216 5591 2510 5660 inﬁrmitate
2530 5593 2787 5660 corporis,
2818 5591 2906 5647 aut
2936 5594 3274 5662 praeceptione
3312 5596 3476 5663 regia,
3504 5591 3571 5650 ad
3612 5591 3807 5651 co'nstio

2218 5671 2379 5715 tutam
2401 5662 2530 5716 diem
2552 5664 2728 5717 adesse
2749 5680 2847 5718 non
2877 5664 3143 5730 (ti/ferant.
3169 5663 3281 5717 Hoc
3311 5662 3584 5720 decretum
3613 5682 3640 5720 a
3671 5682 3807 5723 con-

2219 5733 2344 5804 cilio
2371 5733 2556 5804 latum,
2590 5743 2701 5804 tum
2752 5734 2912 5804 etiam
2941 5734 3159 5804 Caesarii
3208 5734 3443 5804 querelae
3475 5737 3543 5792 de
3591 5736 3808 5796 Ruricii

2219 5802 2477 5869 absentia,
2512 5803 2632 5861 huic
2680 5802 2919 5872 epistolae
2950 5802 3595 5863 dederunt'occasionem.
3633 5806 3806 5871 fissa.
