4080 6350
278 300 398 358 ’109

3388 250 3435 275 ὀν

1617 292 1951 352 EPISTOLA
1991 294 2225 353 XXXIV.

289 411 411 476 Quo
438 406 698 463 redeunte
743 407 843 461 has
875 405 1100 462 reddere
1140 408 1443 477 procuravi,
1490 406 1684 477 quibus
1728 409 1879 465 debi-
1902 409 1960 473 Δ
1987 410 2050 465 ﬁt
2075 412 2283 475 servi;'
2311 421 2367 469 ut
2396 414 2564 483 possit
2591 414 2931 486 impassibilis
2970 416 3100 485 pati,
3148 412 3551 485 incompreboui-

292 510 407 555 tum
442 497 758 553 beatitudini
789 506 981 552 vestra:
1018 498 1265 566 rependo
1314 498 1554 555 caritatis
1605 499 1866 556 ofﬁcium.

288 590 444 660 Quod
484 604 611 643 vero
658 588 909 653 scribitis,
940 604 1036 643 cur
1080 592 1146 644 ad
1190 592 1481 661 synodum,
1513 594 1654 647 sicut
1708 595 1876 649 collo-

285 683 436 738 cutio
464 681 643 736 habuit
667 691 871 748 nostra,
907 696 1011 736 non
1041 684 1309 750 venerim,
1346 685 1468 740 fecit
1497 686 1599 741 hoc
1648 687 1875 743 inﬁrmi—

274 786 397 843 tas,
426 790 530 830 non
558 775 827 830 voluntas.
859 775 961 844 Ipsi
988 778 1130 831 enim
1162 778 1400 833 recolere
1446 778 1669 848 potestis
1713 795 1873 850 quam

291 867 493 922 fessum
524 881 609 920 me
655 866 953 935 Burdigalia
1002 864 1173 939 [forte
1218 867 1526 941 Burdigali]
1584 870 1867 935 videritis;

289 968 350 1015 et
377 959 479 1013 hoc
506 958 717 1030 hyeme,
746 960 960 1028 quando
983 973 1105 1015 esse
1136 960 1286 1015 soleo
1314 962 1502 1016 fortior
1528 963 1706 1019 solito.
1739 965 1871 1032 Quia

287 1053 493 1108 astivis
538 1052 726 1107 diebus
756 1052 915 1107 etiam
948 1053 998 1106 in
1024 1053 1254 1123 hOSpitio
1286 1070 1427 1123 meo,
1459 1066 1513 1112 et
1543 1058 1675 1113 locis
1722 1059 1871 1130 frigi-

285 1144 398 1210 dis,
424 1145 590 1213 ipsam
622 1144 1147 1201 consucludinariam
1176 1146 1537 1203 inﬁrmitatem
1562 1160 1864 1207 sustentare

283 1237 383 1290 vix
422 1235 609 1299 valeo;
655 1250 721 1290 ne
749 1236 944 1300 dicam,
974 1237 1114 1306 quod
1141 1237 1259 1292 illos
1306 1249 1475 1296 cretus
1516 1239 1734 1314 [wstus]
1784 1259 1869 1298 re-

284 1328 467 1397 giOnis
491 1328 630 1381 illius
658 1327 794 1382 ferre
823 1329 1111 1397 quiverim,
1142 1331 1186 1385 si
1232 1332 1519 1387 venissem.
1556 1332 1705 1390 Unde
1756 1351 1868 1388 ma-

288 1419 376 1488 gis
407 1433 568 1488 spero
598 1427 655 1472 ut
699 1434 794 1486 pro
823 1436 909 1474 me
935 1436 1092 1475 orare
1134 1422 1451 1491 dignemini,
1485 1433 1539 1479 et
1562 1426 1627 1478 ad
1661 1434 1868 1494 tempus

286 1510 455 1577 aliud,
486 1511 628 1580 quod
664 1511 939 1575 inlimatis,
972 1513 1016 1567 si
1052 1513 1186 1568 Deus
1213 1513 1373 1568 vitam
1401 1517 1649 1583 cesserit,
1677 1518 1862 1573 venire

288 1604 474 1671 vultis,
510 1606 662 1659 nobis
692 1620 787 1674 per
824 1604 1096 1660 hominem
1136 1615 1371 1661 vestrum
1414 1609 1672 1663 maturius
1723 1609 1871 1664 indi-

286 1698 445 1752 cetis.
473 1697 606 1764 Quia
637 1697 841 1751 litteras
888 1709 1092 1753 vestras
1135 1698 1201 1753 ad
1235 1714 1318 1754 me
1360 1700 1521 1755 modo
1565 1702 1869 1757 tardissime

1977 506 2146 561 sibilis
2192 509 2332 576 capi,
2365 509 2679 565 immortalis
2725 511 2882 575 mori,
2920 511 3010 579 qui
3060 517 3288 566 mortem
3333 524 3551 567 occant-

1978 600 2155 655 bendo
2200 601 2511 670 perimeret,
2556 614 2614 657 ut
2669 604 2833 658 vitam
2881 603 3214 674 resurgendo
3256 613 3553 673 repararet:

1977 692 2082 747 Sed
2115 693 2240 761 quid
2270 709 2371 763 ego
2411 694 2613 751 oblitus
2645 696 2770 760 mei,
2799 696 2988 751 avidus
3009 698 3109 762 tui,
3137 697 3290 767 quasi
3339 700 3408 754 de
3455 699 3552 754 hu+

1971 780 2272 849 juseemodi
2341 785 2504 841 rebus
2558 794 2733 842 tecum
2795 787 3150 856 colloquens,
3201 797 3256 843 et
3319 788 3449 844 inde
3498 791 3553 845 in

1976 870 2301 928 desiderium
2355 875 2430 929 tui
2481 876 2852 931 vehementius
2895 877 3306 946 perardesceus,
3360 880 3553 936 restim

1976 980 2145 1031 gnere
2190 967 2335 1022 sitim
2382 983 2556 1023 meam
2600 969 2746 1024 velut
2774 968 3006 1038 quodam
3046 970 3345 1026 dilectionis
3373 970 3556 1028 rivulo

1975 1056 2259 1123 festinans,
2288 1059 2654 1115 inscrutabilia
2684 1068 2739 1114 et
2766 1060 3036 1116 inaccessa
3069 1070 3399 1133 pertentans,
3417 1063 3549 1132 quid

1976 1153 2184 1220 loquar,
2212 1151 2301 1222 qui
2356 1152 2563 1221 loquar,
2590 1153 2678 1207 cui
2731 1152 2918 1223 loquar
2954 1166 3063 1209 non
3088 1153 3391 1211 considero.
3441 1155 3552 1211 Sed

1975 1241 2145 1307 dabit,
2185 1251 2244 1297 ut
2288 1244 2521 1307 conﬁdo,
2573 1243 2783 1299 veniam
2848 1244 3037 1312 pietas,
3076 1260 3238 1315 quam
3270 1247 3559 1302 committit

1974 1331 2219 1387 affectus.
2252 1333 2382 1399 Quia
2410 1335 2608 1389 caritas
2638 1335 2816 1389 omnia
2861 1336 3119 1391 sustinet.
3166 1335 3327 1391 Salve
3376 1337 3555 1406 itaque

1975 1425 2261 1493 plurimum
2317 1425 2438 1481 dico
2486 1426 2759 1481 individuo
2815 1426 2945 1481 mihi
2996 1429 3200 1496 pectori
3256 1437 3463 1494 vestro,
3494 1437 3553 1484 et

1974 1530 2105 1585 rogo
2140 1524 2198 1571 ut
2225 1532 2323 1585 pro
2361 1532 2447 1572 me
2476 1518 2807 1573 incessanter
2836 1533 2993 1574 orare
3023 1518 3338 1589 dignemini,
3370 1522 3556 1577 simul-

1973 1620 2078 1675 que
2096 1608 2259 1663 etiam
2290 1617 2494 1676 partem
2519 1610 2765 1677 corporis
2790 1612 2917 1675 mei,
2948 1626 3040 1677 per
3070 1627 3228 1681 quam
3271 1613 3423 1668 vobis
3453 1613 3553 1669 has

1975 1701 2148 1768 trado,
2183 1702 2438 1770 peculiari
2467 1704 2829 1759 insinuatione
2875 1706 3214 1765 commendo.
3252 1715 3310 1760 ut
3336 1708 3390 1761 in
3418 1706 3548 1773 illis,

290 1788 511 1843 venisse
558 1789 820 1858 signiﬁco.
866 1788 1000 1856 Quia
1053 1790 1150 1843 t-tsi
1197 1807 1302 1844 non
1335 1807 1429 1860 pro
1475 1792 1751 1861 dignitate,
1785 1793 1869 1848 vel
1899 1783 1950 1847 Β
1976 1807 2254 1864 quam-ne
2280 1793 2515 1861 diligatis
2540 1794 2747 1863 integre
2774 1794 3156 1863 comprobetis.
3196 1794 3347 1861 Quos
3395 1797 3549 1852 vobis

298 1894 399 1948 pro
428 1887 604 1942 atate,
637 1894 741 1933 non
769 1878 1025 1934 debemus
1080 1880 1283 1936 tardius
1311 1896 1469 1951 quam
1501 1884 1593 1937 alii
1640 1898 1875 1939 commo-

288 1971 437 2038 neri,
465 1971 556 2039 qui
589 1969 816 2025 fortasse
857 1972 948 2042 (ut
973 1972 1147 2025 minus
1191 1972 1423 2038 prudens
1462 1974 1669 2044 dicam)
1703 1991 1876 2032 mere-

294 2062 493 2117 bantur
540 2061 753 2115 ambiri.
787 2062 921 2132 Quia
945 2062 989 2116 si
1021 2062 1139 2118 aliis
1170 2079 1363 2119 nomen
1412 2066 1621 2121 urbium
1655 2076 1875 2135 prteStat

288 2153 613 2219 auctoritas,
648 2152 801 2209 nobis
826 2153 1196 2209 auctoritatem
1224 2153 1441 2211 demere
1463 2170 1569 2211 non
1605 2155 1765 2219 debet
1793 2173 1877 2212 ur-

296 2242 381 2298 bis
434 2242 727 2298 humilitas.
777 2244 1054 2314 Siquidem
1107 2245 1273 2299 multo
1322 2246 1545 2313 melius,
1603 2247 1877 2317 multoque

295 2335 625 2391 eminentius
650 2345 755 2403 est,
785 2337 1054 2393 civitatem
1081 2337 1148 2393 de
1174 2338 1474 2407 sacerdote,
1507 2354 1666 2402 quam
1693 2355 1877 2397 sacer-

294 2426 478 2483 dotem
509 2425 578 2482 de
605 2427 823 2482 civitate
851 2442 1095 2484 noscere.

828 2538 1049 2641 EPIST.
1077 2585 1318 2641 XXXIII.

292 2702 516 2758 Domino
544 2708 721 2755 sancto
755 2709 804 2754 et
839 2699 1123 2768 apostolico
1149 2700 1372 2771 mihique
1423 2700 1475 2753 in
1524 2700 1728 2755 Christo
1770 2701 1877 2755 Do-

364 2774 503 2826 mino
546 2771 767 2842 speciali
804 2773 945 2825 cultu
984 2771 1270 2842 a/feetuque
1317 2772 1512 2825 steteris
1553 2772 1873 2842 prtrferendo

371 2841 585 2914 patrem
614 2841 808 2896 Sedulo
848 2842 1083 2913 episcopo
1110 2841 1353 2896 Ruricius
1376 2841 1662 2912 episcopus.

364 2979 502 3033 Dum
528 2975 797 3033 scribendi
823 2975 977 3030 vobis
1015 2975 1190 3030 omnis
1242 2975 1476 3045 pectoris
1529 2974 1638 3030 mei
1669 2974 1880 3029 animus

290 3084 388 3126 vos
406 3070 600 3125 sitiens
627 3068 965 3124 occasionem
993 3067 1300 3137 frequenter
1332 3065 1879 3136 inquirit,aliquando

1974 1899 2042 1940 eo
2074 1885 2304 1939 arbitror
2355 1886 2467 1941 fore
2513 1886 2773 1951 cariores,
2796 1888 2918 1955 quia
2967 1902 3140 1942 meam
3169 1887 3321 1943 vobis
3370 1903 3555 1944 secum

1975 1974 2220 2031 deferunt
2244 1976 2568 2044 portionem.
2595 1976 2805 2042 Quibus
2833 1976 3089 2046 quidquid
3114 1977 3319 2047 dignati
3341 1978 3553 2035 fueritis

1976 2066 2274 2121 dilectionis
2297 2066 2630 2135 impendere,
2647 2067 2802 2122 nobis
2830 2081 2924 2122 vos
2941 2067 3189 2123 conferre
3216 2068 3545 2138 cognoscite.

1979 2159 2117 2225 Quia
2143 2159 2206 2223 si,
2235 2158 2383 2227 juxta
2415 2168 2659 2213 sanctum
2701 2158 3038 2226 Apostolum,
3069 2158 3237 2212 minus
3267 2159 3547 2213 membrum

1978 2252 2163 2320 majori
2194 2250 2248 2303 in
2270 2239 2446 2303 dolore
2470 2248 2795 2319 compatitur,
2827 2256 2875 2301 et
2906 2248 3075 2316 majus
3099 2250 3278 2318 procul
3306 2248 3460 2303 dubio
3488 2249 3546 2302 in

1975 2341 2189 2395 minoris
2213 2341 2545 2411 prosperitate
2562 2339 2763 2392 ltetatur
2790 2336 2842 2407 (Ι
2859 2336 2979 2392 Cor.
3002 2354 3102 2405 xu,
3122 2338 3241 2408 26).
3264 2338 3329 2393 Et
3353 2339 3425 2395 ita
3450 2340 3550 2395 de-

1979 2452 2126 2493 mum
2150 2436 2226 2503 ﬁt,
2241 2444 2301 2490 ut
2320 2435 2569 2490 omnibus
2586 2448 2966 2505 usquequaque
2986 2433 3245 2489 membris
3270 2433 3323 2488 in
3344 2447 3475 2502 pace
3493 2442 3552 2490 et

1979 2530 2157 2600 quiete
2169 2528 2503 2597 compositis,
2518 2537 2702 2597 caput,
2719 2528 2882 2583 totius
2902 2529 3143 2596 corporis
3160 2536 3338 2583 rector
3353 2536 3411 2583 ut
3430 2536 3556 2599 pote

1980 2633 2035 2678 et
2055 2622 2377 2687 dominator,
2405 2621 2655 2677 exsultet.
2698 2620 2753 2674 In
2776 2634 2883 2690 quo
2910 2620 3085 2687 capite
3110 2618 3291 2675 omnia
3314 2618 3554 2675 membra

1977 2714 2233 2784 iubentur
2261 2712 2521 2781 aspicere,
2554 2710 2766 2767 dicente
2794 2710 3053 2779 propheta
3083 2726 3097 2763 :
3133 2708 3391 2779 Sapientis
3417 2710 3554 2765 oculi

1979 2810 2033 2864 iu
2051 2810 2214 2877 capite
2242 2805 2536 2881 ejus(Eccl.
2562 2822 2624 2873 ll,
2664 2806 2782 2875 id).
2814 2802 2965 2873 Quod
2992 2805 3126 2859 alius
3157 2804 3414 2874 prepheta
3440 2806 3558 2861 evi-

1983 2900 2174 2955 denter
2202 2898 2423 2967 exponit
2472 2897 2659 2952 dicens
2687 2913 2699 2949 :
2737 2894 2890 2949 Oculi
2915 2895 3015 2948 mei
3056 2909 3251 2963 semper
3279 2894 3348 2949 ad
3378 2892 3556 2949 Domi-

1983 2990 2259 3060 num,quia
2281 2988 2387 3057 ipse
2406 2987 2570 3041 evellit
2594 2987 2655 3040 de
2675 2986 2853 3055 laqueo
2884 2984 3033 3054 pedes
3066 2982 3388 3054 meos(Psal.
3407 2998 3553 3049 xxiv,

1988 3081 2098 3152 15).
2129 3080 2197 3135 Et
2226 3081 2413 3134 iterum
2450 3096 2462 3131 :
2492 3072 2573 3130 Ad
2601 3086 2647 3130 te
2676 3076 2831 3130 levavi
2853 3075 3029 3130 oculos
3052 3091 3209 3140 meos,
3231 3076 3319 3145 qui
3360 3076 3558 3129 habitas

293 3166 543 3221 diuturna
589 3161 937 3219 meditatione
991 3169 1327 3231 pertractans
1377 3161 1579 3229 reperit
1624 3159 1877 3214 idoneum

1984 3176 2033 3229 in
2053 3144 2173 3228 calo
2192 3172 2365 3246 (Psal.
2381 3186 2551 3235 cxxu,
2568 3168 2643 3238 l).
2666 3170 2950 3239 Erigamns
2975 3169 3153 3237 itaque
3169 3144 3357 3224 oculos
3378 3167 3557 3223 cordis

296 3259 631 3327 portitorem,
653 3270 748 3326 per
766 3269 923 3326 quem
950 3263 1004 3309 et
1024 3254 1236 3309 silentia
1260 3255 1418 3324 longe
1448 3252 1865 3319 disrumperem,

294 3359 349 3407 et
374 3350 474 3404 sibi
506 3347 772 3418 Spiritales
801 3345 1019 3401 delicias
1064 3344 1358 3415 postulare,
1409 3344 1521 3399 oris
1565 3345 1731 3398 vestri
1786 3358 1879 3397 cu-
1918 3395 1926 3405 _

293 3442 445 3510 piens
498 3453 623 3494 rore
673 3437 930 3507 reSpergi.
960 3436 1036 3491 De
1086 3449 1213 3505 qua,
1270 3434 1459 3501 credo,
1506 3434 1595 3489 siti
1650 3443 1870 3489 sanctus

295 3533 577 3588 Psalmista
600 3530 807 3585 dicebat
832 3545 848 3584 ξ
878 3528 1062 3582 Anima
1108 3544 1219 3582 mea
1250 3527 1381 3581 sicut
1423 3536 1558 3581 terra
1586 3527 1697 3581 sine
1744 3543 1881 3594 aqua

298 3623 593 3694 tibi(Psal.
636 3638 800 3688 cstu,
834 3620 922 3691 6).
952 3619 1042 3674 Illa
1088 3620 1339 3674 nimirum
1389 3633 1522 3689 aqua
1572 3617 1879 3677 aridilalem

298 3715 540 3784 corporis
565 3713 647 3767 sui
677 3712 1010 3781 restinguere
1038 3709 1215 3765 sobria
1248 3709 1507 3764 ebrieta'e
1532 3708 1867 3775 desiderans,

304 3809 369 3864 de
397 3823 502 3879 qua
532 3806 790 3861 Dominus
820 3814 1003 3860 noster
1032 3804 1083 3858 in
1118 3805 1409 3873 Evangelio
1430 3804 1662 3858 clamare
1690 3802 1879 3873 digna-

304 3910 385 3959 tur
410 3919 424 3956 :
457 3899 519 3956 Si
550 3901 661 3969 quis
693 3900 824 3965 sitit,
846 3899 1007 3952 veniat
1033 3907 1079 3951 et
1102 3896 1254 3950 bibat.
1304 3895 1546 3949 Flumina
1572 3897 1705 3949 enim
1734 3912 1881 3961 aqua:

302 3994 421 4048 sive
472 3992 537 4047 de
581 4000 751 4045 ventre
801 3993 911 4057 eius
952 3991 1121 4059 ﬂuunt
1178 3988 1372 4059 (Joan.
1424 4002 1515 4051 vn,
1551 3986 1675 4057 ⁵58).
1728 3986 1875 4041 lianc

306 4098 489 4154 aquam
538 4081 887 4137 Samaritanus
922 4079 1081 4135 etiam
1114 4079 1254 4134 idem
1295 4077 1551 4132 Dominus
1594 4075 1873 4142 offerebat,

307 4174 403 4231 hoc
423 4183 527 4241 est,
550 4171 807 4228 Ecclesiae
838 4185 901 4226 ex
931 4169 1176 4240 gentibus
1205 4166 1598 4238 congreganda:
1645 4166 1828 4222 dicens
1858 4185 1871 4221 :

309 4267 444 4336 Aqua
463 4280 615 4335 quam
640 4278 730 4334 ego
758 4262 908 4329 dabo,
944 4261 1029 4331 ﬁet
1060 4262 1113 4315 in
1141 4276 1199 4315 eo
1235 4261 1348 4329 fons
1375 4273 1522 4327 aqum
1546 4256 1778 4311 salientis
1827 4257 1881 4311 in

312 4361 457 4413 vitam
500 4368 741 4413 (sternam
770 4353 963 4424 (Joan.
997 4369 1047 4408 tv
1068 4351 1112 4423 ).
1143 4352 1292 4407 lianc
1314 4366 1504 4421 aquam
1535 4350 1578 4404 si
1607 4348 1723 4419 quis
1751 4347 1881 4402 lide‘

310 4452 376 4507 lis
401 4464 504 4507 non
547 4457 705 4522 gustu
748 4454 950 4501 tantum
1000 4458 1209 4499 summo
1262 4452 1416 4496 tenus
1464 4455 1556 4495 ore
1603 4439 1879 4505 libaverit,

316 4543 409 4597 sed
432 4544 551 4598 totis
592 4541 787 4596 animae
828 4537 1124 4593 visceribus
1165 4546 1423 4607 appetens
1470 4532 1698 4588 conviva
1751 4547 1884 4587 sor-

318 4635 523 4704 buerit,
574 4632 818 4704 protinus
862 4630 914 4684 in
960 4627 1169 4683 laudem
1238 4624 1445 4681 Domini
1495 4624 1880 4695 omnipotentis

314 4728 569 4797 erumpit;
634 4733 689 4780 et
738 4722 841 4777 hoc
896 4720 1117 4790 incipiet
1169 4727 1381 4773 ructare
1437 4715 1578 4785 quod
1646 4714 1877 4780 biberit;

314 4820 449 4877 sicut
480 4816 817 4875 beatissimus
846 4811 1173 4883 evangelista
1222 4819 1380 4879 atque
1427 4806 1741 4877 discipulus,
1790 4804 1883 4875 qui

314 4926 474 4982 super
519 4917 702 4981 pectus
750 4905 959 4962 Domini
1009 4903 1322 4959 recumbere
1366 4901 1582 4965 meruit,
1618 4897 1875 4969 mysteria

319 5004 463 5074 regni
488 5002 721 5059 caelestis
749 4998 971 5063 audivit,
1002 5005 1055 5052 et
1082 4997 1135 5051 in
1163 4993 1308 5049 illam
1345 5006 1533 5048 vocem
1565 5005 1725 5061 quam
1756 4997 1881 5044 ante

322 5096 492 5152 nullus
519 5094 781 5159 audierat,
811 5089 1059 5146 clamavit
1086 5106 1100 5143 ε
1130 5086 1194 5141 In
1214 5086 1469 5156 principio
1493 5092 1601 5138 erat
1632 5082 1883 5148 Verbum,

323 5197 373 5244 et
411 5187 624 5244 Verbum
666 5194 775 5241 erat
826 5181 964 5253 apud
992 5180 1181 5245 Deum,
1228 5187 1274 5233 et
1322 5176 1465 5234 Deus
1506 5185 1615 5230 erat
1663 5173 1887 5229 Verbum

325 5280 502 5349 (locu.
534 5296 574 5344 ι,
604 5276 691 5349 1).
748 5275 863 5331 Hoc
914 5281 1033 5331 erat
1078 5272 1207 5328 illud
1262 5270 1520 5337 Verbum,
1570 5266 1710 5337 quod
1768 5266 1886 5320 sine

324 5380 559 5440 tempore
596 5383 627 5423 a
680 5368 837 5423 Patre
880 5363 1138 5437 genitum,
1171 5363 1225 5416 in
1280 5370 1523 5429 tempore
1572 5365 1782 5412 creatur
1818 5370 1885 5411 ex

324 5469 510 5528 matre,
538 5469 594 5515 ut
623 5467 833 5515 creator
874 5455 1023 5510 ﬁeret
1048 5471 1063 5520 ;
1094 5463 1153 5509 ut
1182 5467 1302 5508 esse
1330 5449 1495 5522 possit
1543 5446 1887 5503 humanitatis

326 5552 559 5619 quaedam
584 5548 783 5622 portio,
808 5546 1101 5602 divinitatis
1148 5543 1310 5599 totius
1358 5539 1663 5611 plenitudo;
1694 5545 1748 5592 et
1775 5536 1888 5606 plc-

331 5642 615 5697 nitudinem
647 5638 991 5695 humanitatis
1038 5635 1211 5704 portio
1241 5634 1354 5703 ipsa
1408 5629 1760 5685 humanitatis
1791 5641 1886 5682 sua

332 5738 571 5805 passione
596 5733 907 5794 redimeret;
930 5733 1051 5787 dum
1074 5732 1244 5797 imago
1272 5727 1553 5785 invisibilis
1574 5725 1693 5794 Dei,
1718 5724 1890 5786 forma

1984 3265 2153 3319 nostri
2182 3263 2255 3318 ad
2275 3261 2546 3318 Christum
2577 3271 2630 3316 et
2655 3262 2707 3315 in
2755 3261 2938 3315 mundi
2981 3260 3132 3316 istius
3162 3270 3320 3316 nocte
3368 3276 3557 3317 manus

1983 3364 2191 3411 nostras
2220 3348 2470 3424 cperibus
2500 3352 2784 3407 fructuosis
2809 3352 3130 3408 extollamus
3156 3351 3222 3406 ad
3248 3351 3556 3424 Dominum,

1982 3452 2038 3500 et
2066 3446 2179 3515 ipse
2220 3452 2378 3511 caput
2408 3454 2650 3498 nostrum
2682 3458 2800 3498 esse
2845 3443 3117 3514 dignetur,
3148 3454 3202 3497 et
3255 3458 3353 3497 nos
3380 3443 3561 3497 adlue-

1982 3552 2102 3591 rere
2128 3535 2289 3605 capiti
2318 3543 2526 3600 nostro,
2560 3544 2617 3589 ut
2648 3535 2734 3589 illa
2762 3535 3005 3602 corporis
3035 3535 3114 3587 sui
3150 3534 3390 3589 membra
3434 3549 3557 3589 esse

1984 3643 2308 3694 mereamur,
2361 3616 2418 3683 ut
2445 3627 2511 3681 de
2556 3626 2657 3681 hoc
2686 3628 2881 3681 smculo
2912 3624 3269 3693 discedentes,
3306 3635 3557 3695 tanquam

1982 3722 2129 3776 exitu
2176 3720 2336 3775 Israel
2382 3720 2451 3775 de
2498 3719 2725 3791 [Egypto
2768 3720 2948 3774 dicere
2992 3718 3318 3787 redemptori
3373 3729 3559 3774 nostro

1983 3813 2249 3882 possimus
2272 3830 2285 3865 :
2319 3811 2548 3867 Adhwsit
2574 3821 2687 3880 post
2708 3822 2755 3865 te
2791 3811 2963 3865 anima
2989 3826 3131 3873 mea;
3158 3826 3236 3864 me
3257 3819 3422 3864 autem
3446 3827 3559 3865 sus—

1984 3904 2116 3973 cepit
2164 3904 2371 3957 dextera
2396 3908 2485 3957 tua
2540 3900 2714 3973 (Psal.
2745 3917 2873 3967 un,
2897 3900 2984 3969 9).
3016 3897 3146 3952 Cum
3188 3913 3249 3953 ea
3280 3898 3467 3954 diebus
3497 3913 3559 3955 ac

1983 3993 2231 4048 noctibus
2273 3991 2436 4046 fuerit
2474 3992 2527 4045 in
2566 3991 2810 4060 corporis
2842 3990 3001 4057 hujus
3030 4002 3248 4043 carcere
3278 3988 3556 4056 meditata,

1984 4084 2126 4141 unde
2156 4099 2263 4140 non
2300 4082 2659 4141 confundatur
2686 4082 2754 4137 ad
2782 4091 2928 4137 vota.
2954 4081 3059 4136 Ora
3086 4095 3182 4151 pro
3202 4095 3313 4137 me.

2518 4240 2733 4298 EPIST.
2776 4239 3018 4296 XXXIV.

1986 4359 2207 4413 Domino
2231 4367 2404 4412 sancto
2430 4366 2475 4411 et
2502 4340 2780 4428 apestolico
2803 4354 3023 4428 mihique
3041 4354 3094 4428 in
3114 4352 3333 4407 Domino
3351 4352 3563 4428 speciali

2056 4430 2199 4483 cultu
2234 4423 2744 4496 a/fectuque't‘teteris
2779 4424 3097 4496 prwferendo
3131 4437 3343 4495 patrono
3370 4423 3562 4477 S.dato

1907 4520 1967 4589 β
2058 4501 2293 4569 episwpo
2322 4499 2561 4553 Ruricius
2585 4498 2871 4566 episcopus.

2060 4612 2162 4667 Per
2188 4613 2471 4667 arciatrum
2516 4608 2870 4682 [archiatrum]
2910 4607 3203 4663 Palladium
3246 4607 3450 4662 litteras
3482 4606 3559 4662 fe-

1984 4704 2142 4762 eundi
2157 4704 2335 4760 cordis
2355 4713 2409 4759 et
2434 4702 2647 4757 facundi
2668 4701 2778 4756 oris
2805 4701 3006 4770 accepi,
3027 4713 3146 4768 qua:
3176 4712 3271 4754 nos
3299 4698 3366 4753 ad
3398 4698 3559 4753 visio-

1986 4815 2109 4856 nem
2130 4807 2365 4853 mntuam
2390 4805 2517 4852 voto
2546 4795 2779 4865 pectoris
2804 4793 3117 4849 invitabant.
3155 4792 3261 4847 Sed
3284 4791 3407 4862 quid
3439 4792 3561 4845 faci-

1987 4906 2127 4957 mus,
2164 4889 2305 4960 quod
2335 4887 2619 4944 desideriis
2654 4884 2949 4941 animorum
2994 4890 3297 4940 nostrorum
3350 4883 3569 4940 diversa

1986 4983 2351 5041 membrorum
2368 4981 2568 5037 resistit
2585 4978 2902 5035 inﬁrmitas?
2922 4978 3049 5033 dum
3071 4991 3165 5031 vos
3186 4976 3463 5033 nimietate
3480 4993 3569 5032 ro-

1997 5076 2160 5142 busti,
2188 5088 2285 5129 nos
2320 5075 2576 5129 tenuitate
2608 5072 2752 5127 exesi
2782 5071 3023 5140 corporis
3059 5069 3379 5140 impedimur
3401 5087 3414 5124 :
3439 5070 3566 5125 dum

1994 5180 2089 5221 vos
2113 5166 2292 5232 alieni,
2323 5174 2380 5221 et
2404 5174 2631 5235 quatuor
2665 5162 2829 5233 pedes
2850 5161 2989 5216 ferre
3012 5170 3283 5231 nequeunt
3304 5161 3566 5230 pondero-

1994 5274 2113 5323 sos;
2146 5274 2234 5315 me
2254 5258 2413 5314 etiam
2434 5256 2630 5327 proprii
2652 5264 2705 5311 et
2724 5254 2832 5311 duo
2851 5254 3116 5309 sustinere
3137 5269 3247 5323 prae
3268 5253 3568 5310 defectione

1993 5355 2085 5410 vix
2104 5361 2344 5421 possunt.
2366 5350 2484 5418 Quo
2498 5348 2556 5403 ﬁt
2571 5356 2629 5403 ut
2642 5347 2865 5413 implere
2892 5345 3190 5400 communia
3209 5355 3331 5399 vota
3346 5359 3568 5415 nequea-

1993 5459 2133 5499 mus.
2169 5442 2279 5512 Ego
2309 5441 2450 5496 enim
2478 5439 2653 5512 (testis
2681 5446 2763 5493 est
2787 5435 3070 5507 Dominus)
3103 5435 3242 5506 quod
3288 5436 3333 5490 si
3362 5426 3587 5487 valuis?

1944 5538 1950 5545 ’
1994 5552 2129 5602 sem,
2149 5536 2214 5590 ad
2237 5533 2498 5604 synodum
2517 5531 2816 5589 condictam
2835 5530 2979 5585 omni
3004 5528 3251 5583 aviditate
3272 5527 3560 5581 venissem.

1996 5627 2102 5685 Sed
2133 5640 2253 5682 mea
2275 5624 2529 5694 disposita
2559 5622 2764 5678 itineris
2787 5622 3059 5676 voluntate
3084 5616 3375 5672 necessitas
3403 5614 3565 5669 imbe-

1997 5717 2229 5776 cillitatis
2258 5715 2507 5771 inhibuit.
2548 5713 2683 5783 Quia
2713 5726 2866 5768 acres
2895 5704 3103 5773 laerem]
3155 5703 3389 5772 regionis
3428 5704 3570 5764 illius
