4080 6350
488 385 581 445 iii

1162 360 1195 399 ”
1804 382 2095 441 nomen
2133 382 2436 442 EPISCOI’I

3633 384 3760 444 ’-ιη

480 498 784 570 praesertim
817 510 916 555 nec
940 507 1179 569 tempore
1220 495 1363 555 ferre
1391 511 1497 553 non
1530 505 1770 569 poteram
1796 513 1809 549 :
1843 496 1985 566 quod
2010 505 2065 552 et
2090 492 2142 564 λ
2168 495 2330 552 dendi
2359 503 2485 550 sunt
2512 495 2768 565 disparati
2794 509 3042 567 corpore,
3060 512 3181 554 cum
3200 499 3469 569 pariterin
3488 514 3555 554 eo
3574 510 3761 559 mente

482 608 590 649 vos
616 592 688 648 ita
720 593 943 648 credere
964 591 1197 654 conﬁdo,
1243 599 1299 647 et
1332 604 1527 660 pravos
1554 590 1621 644 ad
1651 588 1794 643 aliud
1819 588 2064 644 derivare

482 700 594 740 non
644 684 850 739 dubito.
893 681 986 737 His
1032 683 1212 751 itaque
1254 682 1603 749 sufﬁcienter,
1668 689 1727 735 ut
1773 681 2060 749 potuimus,

484 778 750 844 indicatis,
780 774 1098 830 salutatione
1136 776 1300 830 animi
1327 775 1696 830 desideranter
1725 773 1987 844 impensa,
2014 771 2062 827 si

482 870 698 938 dignum
729 868 944 934 ducitis,
994 867 1265 922 transmisi
1309 867 1462 923 vobis
1504 866 1802 927 caballum,
1844 864 2059 937 qualem

479 959 631 1014 vobis
657 957 892 1013 sciebam
932 971 1054 1011 esse
1082 957 1464 1025 necessarium,
1506 957 1918 1011 mansuetudine
1947 954 2057 1025 pla-

476 1052 678 1115 cidum,
707 1050 965 1105 membris
988 1050 1241 1116 validum,
1262 1051 1470 1106 ﬁrmum
1493 1050 1709 1115 robore,
1738 1050 1907 1104 forma
1926 1065 2064 1117 pra:-

477 1151 732 1210 stantem,
782 1145 982 1197 tactura
1030 1142 1409 1211 compositum,
1457 1141 1650 1197 animis
1686 1148 2058 1212 temperatum,

475 1236 594 1290 scil.
626 1249 727 1291 nec
754 1235 1004 1289 tarditate
1045 1234 1277 1305 pigrum,
1308 1249 1412 1289 nec
1433 1234 1720 1289 velocitate
1750 1248 2060 1304 praeprope-

474 1343 635 1395 rum;
664 1328 749 1381 cui
793 1326 974 1382 fremis
998 1341 1065 1381 ac
1093 1326 1342 1381 stimulus
1377 1327 1447 1380 sit
1488 1326 1726 1381 sedentis
1756 1325 2057 1391 arbitrium,

472 1420 559 1474 cui
585 1418 652 1474 ad
682 1418 1017 1474 evehendum
1046 1433 1183 1473 onus
1226 1428 1281 1474 et
1324 1418 1462 1474 velle
1506 1428 1756 1489 suppetat
1787 1417 1985 1484 pariter
2006 1426 2061 1472 et

472 1524 635 1577 posse
661 1528 672 1562 :
698 1510 765 1565 ita
799 1520 855 1563 ut
882 1525 982 1565 nec
1009 1508 1166 1566 cedat
1193 1509 1534 1580 superposi'o
1568 1524 1667 1564 nec
1691 1508 1924 1579 deponat
1954 1509 2057 1564 im-

475 1600 729 1668 positum.
754 1600 1013 1665 Superest
1055 1610 1110 1653 ut
1142 1601 1423 1669 rescripto,
1462 1598 1733 1671 quomodo
1762 1599 1913 1654 vobis
1941 1599 2058 1665 pla-

472 1704 610 1755 ceat,
640 1693 905 1748 indicetis.
924 1693 1230 1759 Quamlibet
1259 1694 1326 1746 ita
1352 1693 1711 1749 deindividno
1739 1693 1870 1748 mihi
1890 1693 2058 1748 corde

470 1800 812 1854 pra'sumnm,
858 1787 999 1855 quod
1032 1784 1183 1840 vobis
1210 1786 1371 1840 etiam
1402 1787 1538 1841 mala
1573 1802 1602 1840 a
1634 1802 1720 1841 me
1746 1788 2054 1852 commissa;

470 1891 579 1932 non
607 1877 781 1932 dicam
814 1876 1127 1932 transmissa
1156 1877 1544 1946 eomplaceant.
1592 1878 1761 1932 Tanta
1800 1887 1885 1933 est
1911 1878 2053 1933 enim
2083 1863 2131 1925 Β

468 1971 665 2040 integri
708 1968 789 2026 vis
835 1970 1037 2025 amoris
1080 1978 1139 2023 ut
1183 1969 1235 2024 in
1281 1970 1513 2024 amicum
1564 1968 1724 2040 [forte
1752 1968 1939 2041 amico]
1981 1969 2053 2024 nil

469 2062 790 2130 displiceat,
828 2077 949 2117 eum
981 2056 1150 2132 magis
1178 2061 1376 2116 malum
1406 2059 1692 2129 displicere
1732 2060 1948 2117 debeat.
1989 2060 2056 2117 Et

418 2170 421 2177 '
469 2156 595 2211 hinc
622 2155 751 2211 illud
772 2166 879 2223 est,
902 2155 1044 2225 quod
1061 2148 1268 2224 judicia
1290 2154 1564 2210 hominum
1592 2162 1684 2208 aut
1708 2168 1894 2209 amore
1918 2168 2052 2224 pra:-

463 2248 770 2319 pediantur,
812 2256 903 2302 aut
946 2246 1071 2302 odio
1113 2254 1171 2301 ut
1213 2260 1358 2301 recta
1398 2260 1504 2302 non
1543 2246 1900 2316 proferantur.
1935 2246 2043 2304 Vos

463 2352 615 2405 vero,
654 2354 786 2407 quos
820 2352 917 2393 nec
946 2337 1128 2393 odium
1159 2344 1463 2407 exasperat,
1516 2354 1614 2392 nec
1645 2338 1940 2392 inﬂammat
1968 2337 2050 2393 in-

463 2431 629 2497 vidia,
660 2442 708 2485 et
737 2430 889 2498 iocos
920 2440 1134 2486 nostros
1170 2431 1401 2485 libenter
1426 2432 1670 2500 accipite,
1702 2432 1849 2488 etde
1878 2434 2050 2503 508ρί-

467 2529 578 2574 tate
608 2528 786 2574 vestra
816 2519 902 2574 vel
930 2521 1138 2574 actibus
1181 2520 1466 2575 afﬂuenter
1495 2523 1762 2587 instruitc,
1813 2532 1873 2577 ut
1919 2524 2046 2577 dum

462 2624 556 2665 rus
578 2610 776 2665 diutius
799 2610 1045 2680 legimus,
1068 2610 1341 2679 copiosius
1360 2610 1685 2665 imbuamur.
1699 2611 1800 2666 Ora
1819 2627 1916 2683 pro
1937 2628 2042 2668 me.

1013 2756 1230 2845 liPlS'l‘.
1270 2789 1487 2846 xxxv.
1553 2827 1556 2829 Α

465 2899 665 2954 Damno
712 2910 890 2955 sancto
918 2912 964 2956 et
998 2905 1300 2969 apostolico,
1346 2901 1472 2957 "tibi
1513 2903 1565 2957 in
1590 2903 1790 2959 Christo
1826 2905 2042 2960 Domino

530 2973 819 3054 specialiter
848 2974 1149 3041 excolendo,
1182 2977 1332 3045 fratri
1352 2974 1577 3030 ϐαβαί-ἑο
1602 2985 1627 3012 τι
1649 2978 1908 3047 episcopo,
1934 2976 2043 3032 Ru-

531 3060 621 3096 τισι
632 3060 688 3096 US
710 3059 994 3115 εριεεορησ.

528 3180 625 3246 Qui
657 3181 971 3234 occasiones
993 3180 1261 3236 scribendi
1291 3183 1445 3237 nobis
1476 3184 1701 3238 invicem
1735 3201 1831 3253 pro
1858 3194 2037 3240 mutua

454 3274 674 3327 caritate
702 3273 1037 3341 inquirimus,
1063 3275 1272 3329 oblatas
1297 3277 1705 3344 prretermittere
1737 3294 1840 3332 nntt
1872 3278 2040 3333 debe-

454 3381 604 3430 mus;
636 3374 695 3419 ttt
721 3364 965 3420 conferat
990 3366 1142 3420 nobis
1174 3366 1459 3437 quamdam
1492 3369 1792 3438 praesentiae
1842 3370 2042 3439 portio-

454 3476 577 3517 nem
608 3475 786 3517 sermo
819 3461 1101 3517 meditator
1124 3462 1287 3535 [forte
1310 3462 1609 3536 mediator];
1637 3465 1725 3535 qui
1755 3466 2036 3534 emittitur,

452 3552 551 3611 nec
573 3555 864 3622 amittitur;
914 3556 1182 3621 tribuitur,
1215 3565 1269 3611 et
1301 3557 1567 3624 habetur;
1625 3558 1832 3614 videtur
1863 3556 2043 3639 disce-ﬁ

451 3649 604 3717 dere,
632 3664 730 3703 nec
760 3649 996 3714 recedit;
1044 3664 1071 3699 a
1106 3665 1190 3704 me
1220 3649 1486 3719 dirigitur,
1517 3666 1545 3704 a
1578 3661 1631 3706 te
1660 3638 1976 3719 suscipitur;
2006 3669 2037 3709 a

451 3755 540 3793 me
563 3740 835 3803 scribitur,
862 3753 894 3793 a
927 3750 977 3792 te
1000 3738 1213 3809 legitur,
1263 3755 1361 3794 nec
1393 3751 1569 3796 tamen
1596 3740 1883 3809 dividitur;
1915 3759 2036 3799 cum

449 3830 602 3901 quasi
634 3829 856 3897 divisus,
893 3831 1097 3900 integer
1126 3840 1305 3886 tamen
1338 3832 1612 3902 utriusque
1657 3833 1823 3890 corde
1854 3844 2039 3891 tenea-

448 3931 557 3975 tur.
589 3920 722 3988 Quia
751 3921 900 3976 vcrbi
929 3937 1077 3976 more
1106 3920 1273 3976 divini
1307 3922 1554 3993 traditur,
1595 3933 1650 3979 et
1690 3910 1795 3980 neu
1823 3927 2038 3997 egredi-

447 4022 569 4079 tur;
615 4011 887 4067 oonfertur
936 4012 1215 4085 indigenti,
1265 4022 1320 4069 ct
1350 4031 1454 4069 non
1500 4016 1738 4072 aufertur
1789 4016 2043 4087 auctori;

446 4104 761 4174 accipientis
802 4106 1007 4160 lucrum
1039 4107 1158 4161 sine
1202 4106 1486 4179 dispendio
1518 4108 1822 4179 Iargientis;
1854 4113 2031 4168 ditans

447 4201 683 4270 inopem,
702 4214 801 4253 nec
816 4210 1098 4255 attenuans
1116 4216 1504 4270 possessorem.
1529 4202 1760 4273 Ideoque
1783 4200 2039 4262 veniente

445 4288 539 4342 illo
581 4299 774 4358 nepote
798 4304 917 4344 meo
938 4290 1248 4346 dulcissimo
1278 4292 1579 4346 Partliemio
1609 4294 1705 4349 bas
1734 4304 1830 4364 per
1851 4296 2028 4365 ipsum

444 4380 574 4435 dare
599 4395 703 4433 non
733 4379 945 4444 distuli;
980 4394 1035 4433 nt
1062 4391 1115 4436 et
1138 4397 1311 4436 meam
1341 4384 1677 4449 praesentiam
1706 4389 1858 4442 vobis
1889 4390 2033 4444 litte-

443 4471 518 4541 ris
539 4469 871 4533 exhibercm,
920 4480 972 4525 et
1000 4472 1170 4540 ipsum
1219 4456 1418 4539 pariter
1447 4476 1879 4533 commendarem
1904 4497 1917 4534 :
1942 4481 2028 4536 cui

443 4560 699 4629 quidquid
724 4560 923 4631 dignati
950 4561 1156 4617 fueritis
1180 4562 1482 4618 dilectionis
1511 4565 1841 4635 impendere,
1872 4569 2026 4625 nobis

446 4671 542 4718 vos
567 4664 895 4725 praesentare
918 4656 1191 4711 noveritis.
1215 4656 1493 4724 Simulque
1516 4659 1676 4733 etiam
1710 4662 2025 4729 peculiarins

441 4763 572 4818 rogo
617 4757 674 4803 ut
713 4762 808 4818 pro
846 4762 941 4818 me
982 4748 1217 4818 ipsisque
1247 4749 1555 4819 pignoribus
1596 4753 1792 4807 nostris
1850 4754 2041 4825 inces-,

442 4849 625 4894 santer
652 4839 837 4908 oretis,
888 4854 987 4894 nec
1032 4838 1323 4907 impediant
1367 4840 1613 4899 aliectum
1657 4859 1897 4900 amorum
1929 4862 2037 4919 no-r

444 4939 677 4985 SIIOI‘UIII
707 4931 877 5000 spatia
909 4929 1183 4999 interiecta
1215 4932 1524 5009 regionum;
1554 4935 1673 5005 quia
1706 4938 1796 5008 qui
1840 4939 1892 4992 in
1919 4938 2023 4995 Do-

440 5022 609 5086 mino,
642 5019 728 5090 qui
761 5034 997 5090 pra‘seus
1027 5029 1109 5077 est
1132 5020 1346 5094 ubique,
1390 5038 1451 5082 se
1475 5024 1723 5097 diligunt,
1769 5044 1874 5085 non
1902 5044 2021 5086 cre-

406 5192 416 5269 ‘
512 5275 535 5300 ι·
569 5267 634 5316 ile
666 5280 730 5319 eo
760 5266 1027 5334 superius.

510 5334 535 5373 δ
569 5336 683 5414 Fuit
713 5336 791 5388 vir
823 5338 1014 5414 nobilis
1038 5336 1391 5414 Par-themins,
1418 5342 1507 5414 qui
1525 5352 1707 5410 postea
1730 5344 2017 5414 vixitapud

438 5405 1188 5481 TIICUtIeliel'IIIlll‘AIISH'RSIE
1226 5424 1401 5480 regem
1436 5405 1497 5466 in
1527 5405 1722 5481 gratia,
1768 5417 1859 5468 sed
1890 5405 2013 5470 eum

439 5487 459 5529 t
494 5479 635 5554 iiuna
667 5477 1026 5554 pt°.ett-r_ieg_es
1042 5477 1330 5554 exegisset,
1356 5477 1565 5537 mortuo
1583 5477 1731 5554 rege,
1753 5485 1804 5539 in
1831 5487 2014 5554 populi

437 5548 618 5623 minim
667 5556 721 5600 et
767 5548 996 5615 pericula
1050 5551 1278 5623 maxima
1324 5553 1529 5606 incidit.
1579 5548 1865 5623 Papianilla
1903 5548 2015 5610 fuit

436 5618 554 5693 ejus
583 5634 736 5675 uxor.
767 5634 1074 5693 quamcum
1104 5620 1275 5674 aulico
1304 5624 1535 5677 Ausanio
1558 5618 1881 5693 peremerat.
1906 5629 2013 5681 Sti-

437 5691 597 5743 muiis
648 5691 828 5744 eonsei
865 5691 988 5743 utne
1048 5704 1433 5757 compunctus,
1504 5691 1569 5747 in’
1604 5710 1725 5751 arca
1777 5698 2012 5753 inclusus

435 5774 466 5813 a
512 5762 705 5835 populo
750 5762 997 5835 'l‘rcveris
1035 5772 1277 5835 repertus
1321 5774 1423 5829 est.
1464 5764 1647 5835 Sputis
1692 5780 2008 5835 perunctus,

438 5834 629 5895 unguis
658 5847 850 5901 Caesus,
896 5832 1086 5915 vinctis
1114 5842 1238 5903 post
1281 5844 1489 5911 tergum
1526 5832 1775 5896 manibus
1811 5839 1877 5895 ad
1917 5832 2011 5897 eos

2164 587 2473 659 iungantur.
2503 586 2606 643 Ora
2633 603 2731 657 pro
2753 602 2861 644 me.
3054 600 3057 603 ‘
3223 613 3226 617 ~

2712 721 2927 779 EPIST.
2970 725 3212 782 XXXVI.

2167 810 2407 865 Ruricius
2433 812 2697 884 episcOpus
2736 814 3046 869 dulcissimis
3086 821 3351 887 nepotibus
3380 820 3407 860 ι’
3452 822 3758 883 Par-.lzemio

2162 900 2167 904 >
2749 894 2795 938 ct
2833 887 3162 955 Papianillw.
3206 896 3211 899 ’
3640 906 3644 910 ’

2166 992 2169 999 ’
2238 992 2521 1065 Postquam
2554 996 2723 1065 pietas
2769 1007 2949 1054 vestra
2995 999 3264 1067 discessit,
3318 1003 3597 1060 dimidium
3629 1023 3758 1065 esse

2165 1106 2251 1145 nae
2279 1090 2481 1156 sentio;
2530 1093 2651 1162 quia
2690 1093 2978 1148 maximam
3005 1095 3111 1149 mei
3138 1106 3369 1168 partem,
3400 1098 3503 1154 hoc
3532 1110 3637 1168 est,
3670 1102 3757 1157 in-

2173 1184 2423 1237 teriorem
2453 1171 3033 1252 ltominem,residentc
3053 1202 3301 1259 corpore,
3332 1191 3609 1247 vobiscum
3640 1209 3755 1250 am-

2165 1275 2378 1356 bulasse
2402 1293 2687 1346 cognosco,
2732 1279 2801 1333 ita
2832 1288 3007 1337 tamen
3035 1282 3176 1352 quod
3222 1293 3276 1338 et
3322 1300 3419 1340 vos
3447 1287 3500 1340 in
3532 1296 3755 1356 pectore

2165 1353 2309 1432 meo,
2337 1370 2478 1439 quod
2517 1369 2601 1425 bic
2648 1372 2931 1435 remansit,
2980 1378 3523 1455 manerexconspicio.
3563 1380 3755 1436 Saluto

2162 1459 2339 1531 itaque
2366 1460 2701 1517 dulcedinem
2737 1473 2989 1530 vestram,
3019 1477 3073 1521 et
3101 1474 3161 1520 ut
3186 1468 3472 1525 verborum
3505 1457 3753 1528 meorum

2162 1567 2428 1609 memores
2459 1553 2577 1608 sitis
2617 1554 2906 1623 admoneo,
2955 1559 3080 1626 quia
3111 1572 3320 1616 certum
3359 1570 3444 1618 est
3474 1578 3570 1618 vos
3594 1564 3752 1633 juxta

2161 1642 2467 1699 Salomonis
2497 1646 2820 1702 sententiam
2861 1662 3017 1717 posse
3061 1650 3113 1705 in
3156 1651 3310 1707 bonis
3339 1653 3450 1708 Deo
3479 1653 3752 1722 dirigento

2160 1734 2443 1806 proﬁcere,
2471 1735 2519 1790 si
2543 1737 2817 1795 seniorum
2842 1741 3067 1797 consilia
3098 1753 3149 1799 et
3176 1745 3347 1801 amori
3373 1746 3669 1804 habeantur
3693 1760 3751 1807 et

2160 1827 2277 1883 usui
2306 1837 2431 1898 apto
2460 1828 2599 1886 bene
2623 1831 2811 1901 agatis.

2692 1970 2907 2027 EPIST.
2952 1965 3208 2028 XXXVII.

2380 2140 2384 2144 ,
2451 2084 2696 2140 Ruricius
2720 2085 2987 2158 cpiscopus
3012 2087 3164 2159 fratri
3189 2098 3211 2126 ε
3245 2086 3458 2144 Pet.....

2156 2186 2169 2270 ς
2224 2194 2356 2262 Quia
2388 2197 2696 2254 obedientia
2742 2199 3023 2255 sacriﬁciis
3060 2200 3377 2265 antefertur,
3427 2202 3624 2260 ideirco
3654 2221 3751 2275 ru-

2152 2285 2437 2357 sticitatem
2467 2304 2647 2363 meam,
2674 2289 2815 2345 malo
2852 2290 3079 2361 prodere
3107 2307 3268 2361 quam
3299 2293 3524 2364 perdere
3549 2295 3750 2352 carita-

2151 2384 2256 2456 tem
2287 2393 2301 2432 :
2336 2377 2566 2433 Scientia
2634 2381 2767 2435 enim
2813 2380 2986 2452 inﬂat,
3014 2383 3223 2449 caritas,
3282 2392 3339 2440 ut
3389 2384 3504 2458 ipsi.
3538 2386 3742 2446 melius

2150 2462 2341 2535 nostis,
2382 2471 2608 2540 wdi/icat
2655 2470 2712 2540 (I
2752 2472 2871 2529 Cor.
2916 2489 3030 2551 vtn,
3077 2474 3150 2545 1).
3199 2476 3559 2542 Quamobrem
3616 2482 3747 2550 quia

2145 2561 2383 2630 iussistis
2412 2571 2471 2617 ut
2511 2579 2607 2618 vos
2646 2579 2742 2635 per
2787 2565 3025 2636 singulas
3053 2567 3365 2623 occasiones
3403 2579 3456 2624 et
3491 2569 3560 2625 de
3605 2572 3746 2628 meis

2147 2652 2356 2707 actibus
2409 2653 2639 2709 facerem
2681 2657 2961 2723 certiores,
3010 2666 3066 2712 et
3110 2658 3436 2714 desiderium
3473 2673 3740 2732 vestrum,

2146 2745 2287 2815 quod
2338 2745 2466 2799 mini
2495 2761 2602 2802 non
2647 2764 2768 2803 meo
2806 2751 3020 2814 merito,
3074 2749 3169 2805 sed
3210 2751 3452 2821 generali
3493 2763 3549 2807 et
3578 2753 3744 2811 insita

2146 2837 2299 2895 vobis
2316 2837 2613 2911 dilectione
2628 2839 2953 2909 dependitis,
2973 2842 3209 2912 alloquio
3233 2852 3584 2912 temperarem
3606 2861 3621 2909 ;
3651 2860 3745 2901 me

2146 2927 2364 2998 quidem
2392 2928 2508 2984 Deo
2537 2931 2768 3000 prepitio
2799 2931 3066 2998 fotiorsm,
3108 2932 3203 2988 sed
3252 2933 3386 2989 heu!
3437 2935 3653 3004 plenum
3681 2946 3742 2992 et

2144 3034 2305 3094 omne
2336 3020 2678 3089 hospitiolum
2710 3034 2951 3079 nostrum
2979 3024 3208 3081 diversis
3254 3025 3609 3083 incommodis
3651 3028 3739 3084 Ia-

2148 3115 2343 3183 borare
2390 3116 2655 3185 signiﬁco.
2702 3117 3030 3174 Peculiarius
3060 3133 3191 3193 rogo
3232 3121 3489 3176 attentius
3510 3120 3740 3193 Domino

2070 3235 2117 3302 α
2148 3210 2485 3281 supplicetis,
2534 3221 2590 3264 ut
2616 3211 2706 3281 qui
2739 3213 2907 3284 nobis,
2929 3215 3353 3273 incolumitatem
3385 3217 3578 3275 vestris
3607 3235 3737 3276 ora-

2149 3303 2380 3383 tionibus
2407 3301 2742 3373 reddidistis,
2774 3314 2827 3359 et
2857 3307 2939 3361 bis
2968 3322 3126 3374 Opem
3155 3322 3217 3363 ac
3248 3308 3511 3366 medelam
3541 3312 3739 3368 divina

2146 3395 2530 3465 misericordiae
2558 3396 2962 3454 intercessionis
2989 3407 3184 3456 vestrae
3211 3401 3509 3471 patrocinio
3551 3402 3738 3473 confe:

2145 3487 2298 3551 ratis.
2322 3485 2427 3543 Ora
2455 3502 2553 3557 pro
2576 3503 2687 3559 me.
2752 3544 2753 3547 η

2659 3624 2877 3684 EPIST.
2920 3626 3203 3686 XXXVIII.

2140 3733 2376 3791 Dominis
2398 3737 2698 3812 sublimibus
2725 3750 2773 3793 et
2800 3742 3085 3812 magniﬁcis
3113 3743 3235 3811 ﬁliis
3254 3724 3521 3799 .Eudumio
3541 3757 3591 3803 et
3618 3746 3732 3804 Mc-

2166 3825 2173 3837 '
2561 3810 2739 3865 lautia:
2770 3810 3009 3867 Ruricius
3035 3815 3323 3885 episcopus.
3604 3815 3611 3823 ’
3722 3826 3728 3834 “

2154 3992 2155 3997 η
2208 3920 2376 3987 Quam
2407 3922 2586 3991 gravis
2610 3922 2738 3977 milii
2761 3908 3006 3979 orbitatis
3030 3936 3221 3982 vestra:
3246 3927 3313 3981 sit
3351 3927 3525 3984 luctus
3574 3930 3731 3987 testis

2137 4021 2220 4069 est
2250 4014 2482 4084 pectoris
2516 4015 2618 4068 mei
2647 4016 2895 4071 conscius
2916 4016 3087 4085 Deus;
3117 4018 3255 4088 quod
3283 4020 3459 4075 verbis
3482 4016 3730 4078 sublimié

2138 4107 2228 4159 tati
2259 4114 2449 4160 vestra:
2500 4105 2739 4163 indicare
2770 4122 2874 4161 non
2919 4124 3157 4178 pass-nn.
3207 4109 3342 4166 Nam
3373 4112 3445 4166 ita
3487 4113 3729 4169 animum

2135 4213 2310 4253 tnenm
2335 4198 2538 4252 doloris
2561 4200 2721 4252 vestri
2754 4200 2930 4268 passio
2959 4201 3238 4270 sauciavit,
3291 4217 3354 4257 ac
3383 4203 3431 4258 si
3463 4220 3626 4259 unum
3660 4205 3729 4263 de

2136 4290 2365 4357 propriis
2391 4287 2674 4343 aiiectibus
2708 4290 2869 4363 [forte
2912 4292 3170 4366 omnibus]
3200 4294 3574 4363 perdidissem,
3602 4298 3726 4367 quia

2135 4398 2221 4436 me
2265 4380 2416 4436 vobis
2465 4384 2768 4452 proximum
2832 4394 2887 4439 et
2946 4386 3342 4455 quodammodo
3399 4389 3726 4459 consangui-

2136 4490 2293 4529 neum
2328 4475 2465 4530 bene
2494 4490 2706 4531 mecum
2737 4476 2944 4546 agendo
2975 4477 3197 4532 fecistis.
3226 4478 3402 4550 Atque
3453 4481 3575 4537 ideo
3602 4481 3725 4552 quia

2100 4568 2343 4645 ilabores
2369 4579 2421 4625 et
2450 4571 2723 4639 angustias
2754 4580 2966 4625 nostras
3000 4569 3307 4641 frequenter
3358 4575 3409 4629 in
3440 4574 3591 4630 vobis
3626 4590 3723 4645 pro

2134 4669 2311 4717 vestra
2338 4650 2664 4731 dignatione
2704 4652 3228 4733 suscipitis,‘justum
3274 4674 3357 4718 est
3396 4675 3448 4720 et
3489 4682 3587 4719 nos
3633 4682 3720 4722 ve-

2130 4756 2278 4822 stris,
2308 4768 2428 4807 cum
2456 4753 2772 4820 acciderint,
2791 4753 3113 4824 participare
3129 4754 3468 4810 mtmoribus.
3494 4755 3547 4813 Si
3573 4759 3716 4812 enim

2126 4848 2275 4912 juxta
2300 4847 2541 4917 Apostoli
2573 4845 2624 4921 (l
2656 4847 2773 4902 Cor.
2806 4862 2897 4914 xu,
2925 4849 3021 4918 26)
3050 4832 3394 4917 sententiam,
3424 4852 3581 4905 unius
3602 4868 3721 4909 curo

2126 4939 2275 5008 puris
2319 4937 2557 4993 membra
2587 4939 2690 4996 sibi
2714 4939 2963 5007 invicem
3008 4941 3405 5010 compatiuntur
3432 4952 3485 4996 et
3510 4943 3714 4998 condo-

2126 5030 2260 5109 Ient,
2282 5030 2442 5086 decet
2463 5045 2559 5087 nos
2585 5046 2819 5103 quoque,
2850 5046 3036 5088 eorum
3059 5031 3397 5090 incommoda
3419 5048 3564 5105 saepe
3591 5050 3712 5106 per-

2128 5276 2363 5356 lumnam
2397 5275 2660 5343 lapidibus
2686 5278 3043 5356 obrutnsest.
3074 5280 3197 5336 Fuit
3224 5282 3392 5356 altera
3418 5282 3712 5356 Papianilla

2122 5345 2313 5400 eodem
2347 5356 2613 5416 tempore,
2657 5349 2751 5420 sed
2800 5350 2939 5405 Aviti
2981 5345 3620 5420 imperatorisﬁliafab
3644 5374 3710 5416 ea

2121 5429 2279 5497 quam
2311 5419 2701 5497 emn_coujuge
2727 5419 2907 5497 laudat
2947 5421 3049 5497 bie
3064 5422 3312 5479 Ruricius
3349 5419 3599 5497 tanquam
3627 5430 3715 5484 din

2126 5485 2156 5541 .1
2180 5485 2345 5541 idiqu
2373 5485 2726 5554 animae‘sum,
2773 5490 3163 5548 diversissima.
3209 5485 3483 5552 Attonitus
3529 5498 3711 5557 forsan

2122 5568 2313 5637 stupes
2340 5558 2498 5637 talem
2531 5562 2724 5625 virmn,
2759 5562 2933 5637 qualis
2961 5562 3059 5616 fuit
3089 5564 3182 5619 ille
3209 5564 3568 5637 Partitemius,
3594 5570 3712 5625 lau-

2121 5628 2235 5682 dari
2266 5628 2646 5703 abepiscnpo;
2690 5642 2744 5685 at
2776 5628 3077 5701 episcopus
3127 5638 3287 5689 homo
3327 5645 3430 5703 est,
3480 5628 3709 5699 et'nihil

2120 5699 2394 5773 immania
2422 5716 2478 5755 se
2504 5702 2735 5757 alienum
2772 5699 2936 5773 putat.
2977 5705 3135 5760 liam.

2148 5822 2149 5825 η
2195 5782 2213 5805 θ
2254 5771 2375 5845 Hinc
2402 5787 2496 5825 vos
2533 5774 2582 5845 i_n
2620 5790 2717 5829 tns.
2761 5771 2831 5829 ita
2879 5791 3135 5841 οκιηόδδίι
3178 5787 3256 5831 est
3298 5789 3356 5837 ut
3399 5782 3610 5845 nescias
3635 5798 3706 5843 an

2120 5841 2402 5912 legendum
2435 5846 2505 5898 sit
2528 5842 2683 5899 Ρειιο
2714 5860 2778 5900 an
2807 5844 2982 5901 f’etur.
3017 5862 3082 5903 an
3110 5847 3285 5904 Peml.
3592 5841 3605 5845 ⁷
3695 5841 3705 5871 ⁵
