4080 6350
315 368 414 429 M3

1704 365 2036 429 EPISTOLA
2077 367 2211 431 xu.
2662 390 2672 404 ρ
2914 320 3026 437 ηιξ.-
3079 320 3130 418 ς’

2897 300 2901 306 .
2923 285 2988 322 nec

3474 378 3577 438 ιη

310 489 584 556 cipiamus.
615 482 868 540 Dolemus
898 485 1076 557 itaque
1105 497 1252 540 casm
1280 493 1480 550 vestro,
1515 494 1566 540 et
1590 484 1887 554 planctibus
1917 491 1966 549 Α
1993 489 2110 559 puri
2139 473 2397 545 alimento
2426 489 2746 548 innocentia!
2774 490 3107 562 temperetis.
3142 491 3249 550 Nec
3276 492 3471 549 mirum
3491 507 3575 550 eSt

309 579 498 634 vestris
542 582 806 634 interesse
855 594 951 634 nos
980 578 1273 634 credimus.
1331 578 1438 635 Sed
1481 579 1606 647 quid
1661 578 1894 634 facimus

307 671 508 727 domini
541 671 667 725 lilii?
704 670 964 740 Equidem
997 671 1260 725 voluntati
1290 670 1485 724 divina:
1516 670 1765 726 resistere
1794 687 1893 726 nec

303 779 588 837 possumus
627 779 727 820 nec
771 763 1047 830 debemus,
1100 773 1160 819 et
1189 765 1335 819 omni
1366 763 1726 820 sollicitudine
1756 779 1894 834 pra:-

299 874 514 922 cavere,
559 871 628 912 ne
667 857 790 910 dum
821 856 996 911 dulcia
1031 856 1185 910 nobis
1234 857 1451 926 pignora
1498 858 1664 910 nimio
1704 857 1891 912 dolore

299 952 583 1017 deflemus,
615 949 912 1019 blasphemi
941 948 1155 1019 quidem
1184 958 1240 1002 et
1281 948 1528 1015 iniuriosi
1554 949 1891 1003 inveniamur

300 1045 350 1098 in
384 1044 634 1106 Domino,
677 1053 731 1096 et
759 1045 976 1112 gravius
1007 1042 1214 1096 animas
1242 1051 1456 1096 nostras
1499 1051 1685 1096 auctor
1718 1043 1887 1110 ipsius

296 1137 509 1200 mortis,
543 1135 754 1188 inventa
784 1133 1090 1198 occasione,
1122 1132 1419 1197 confodiat,
1447 1148 1605 1202 quam
1637 1149 1885 1188 carorum

294 1227 588 1282 amissione
633 1226 917 1296 percussit.
971 1224 1204 1294 Ideoque
1256 1225 1305 1276 in
1354 1224 1499 1277 omni
1533 1223 1889 1279 amaritudine

294 1323 375 1378 vel
408 1320 596 1375 dolore
644 1319 708 1373 ad
758 1318 922 1372 Deum
973 1318 1127 1372 nobis
1176 1325 1260 1371 est
1287 1317 1676 1385 refugiendnm,
1729 1326 1784 1372 et
1819 1317 1885 1372 ad

293 1415 442 1468 illum
475 1428 664 1468 omnes
700 1427 858 1466 casus
907 1411 1074 1465 nostri
1115 1419 1228 1464 toto
1257 1410 1422 1464 corde
1470 1410 1761 1474 referendi,
1797 1411 1884 1481 qui

292 1518 448 1560 sanat
478 1506 810 1571 vulneratos,
832 1505 920 1573 qui
954 1505 1158 1558 relevat
1180 1514 1424 1570 maestos,
1457 1505 1545 1570 qui
1579 1504 1887 1557 consolatur

291 1599 545 1652 afﬂictos.
567 1596 634 1650 Et
665 1596 752 1650 illa
777 1594 944 1649 sancti
966 1593 1067 1648 Job
1097 1594 1362 1647 sententia
1395 1594 1614 1647 omnino
1636 1593 1882 1656 dicenda,

290 1700 372 1743 est
409 1705 425 1742 :
461 1688 706 1740 Dominus
738 1687 899 1749 dedit,
934 1685 1186 1739 Dominus
1226 1684 1457 1750 abstulit,
1491 1687 1619 1738 sicut
1663 1685 1884 1739 Domino

289 1780 506 1851 placuit,
537 1780 606 1831 ita
637 1780 830 1850 facturn
863 1788 969 1841 est;
995 1779 1062 1830 sit
1099 1794 1282 1830 nomen
1321 1776 1531 1829 Domini
1569 1777 1883 1830 benedictum

1999 584 2100 638 hoc
2131 593 2309 638 tamen
2340 585 2393 639 in
2425 595 2602 641 vestra
2630 588 2824 642 virtute
2861 589 3196 652 miraculum,
3243 600 3298 642 ut
3341 590 3572 659 diligatis

1996 685 2316 732 venerantes
2363 692 2495 744 vos,
2544 679 2635 748 qui
2685 679 2934 736 odientes
2973 695 3154 736 amare
3193 683 3568 738 consucvistis.

1995 765 2270 839 Siquidem
2319 778 2374 825 et
2419 770 2484 825 ad
2515 773 2812 840 augendam
2849 774 2988 828 circa
3037 788 3134 828 nos
3173 776 3448 829 caritatem
3479 793 3572 830 ve-

1993 874 2182 925 stram,
2205 862 2312 917 duo
2336 863 2534 918 lumina
2563 874 2746 918 nostra
2777 865 3050 930 detinetis,
3073 867 3421 923 Aurelianum
3452 869 3571 924 dico

1992 963 2152 1023 atque
2174 954 2454 1010 Leontium
2489 973 2500 1007 :
2536 972 2633 1026 pro
2653 970 2881 1025 quorum
2910 973 3005 1024 spe
3035 965 3087 1011 et
3110 962 3572 1014 consummatimie

1992 1061 2122 1115 rogo
2145 1057 2202 1100 ut
2233 1048 2598 1102 indesinenter
2632 1048 2824 1102 divinae
2855 1050 3258 1112 misericordiae.
3307 1053 3443 1106 sicut
3474 1069 3569 1107 vos

1991 1141 2206 1193 conlido
2247 1141 2444 1205 facere,
2495 1141 2827 1211 supplicetis,
2873 1149 3072 1197 etcum
3115 1142 3220 1196 illis
3251 1144 3441 1198 iterum
3476 1161 3570 1214 pro

1993 1232 2146 1287 nobis
2175 1248 2390 1301 semper
2423 1234 2618 1297 oretis;
2669 1234 2792 1302 quia
2839 1234 3154 1288 liducialiter
3197 1237 3378 1303 credo,
3428 1236 3570 1303 quod

1992 1325 2305 1394 profectioni
2339 1335 2552 1389 vestrae,
2603 1335 2659 1380 et
2705 1326 2915 1380 illorum
2961 1326 3300 1397 insipientize,
3337 1345 3430 1396 pro
3457 1330 3572 1397 ipsa

1992 1420 2166 1470 adhuc
2196 1419 2571 1482 teneritudine,
2619 1435 2646 1472 a
2678 1419 2940 1474 nutritore
2971 1420 3196 1474 Domino
3229 1422 3299 1475 nil
3329 1431 3567 1490 negetur.

1992 1510 2228 1565 Salutem
2265 1512 2440 1579 itaque
2468 1511 2686 1564 uberem
2719 1511 2842 1565 dico
2867 1515 3048 1580 pietati
3077 1522 3288 1582 vestrae,
3314 1525 3570 1582 quantum

1991 1610 2167 1670 potest
2215 1618 2458 1668 promere
2505 1602 2614 1654 oris
2661 1603 2904 1668 allectus,
2959 1600 3063 1656 non
3105 1615 3361 1674 quantum
3392 1604 3570 1659 cordis

1993 1698 2161 1764 po-cit
2201 1697 2444 1751 allectus.
2479 1698 2542 1750 lit
2581 1713 2711 1766 rogo
2738 1708 2794 1752 ut
2838 1700 3084 1767 prmfatos
3115 1699 3451 1753 dulcissimos
3477 1700 3570 1752 sti-

1991 1791 2162 1841 rnnlos
2197 1790 2430 1857 pectoris
2468 1791 2569 1842 rnei
2597 1800 2784 1844 nostro
2815 1793 3033 1844 nomine
3079 1791 3388 1859 sospitetis;
3442 1806 3570 1846 nos-

290 1873 411 1942 (Job
448 1889 485 1936 t,
522 1871 637 1940 2|).
672 1872 740 1925 Et
771 1871 861 1925 ille
893 1871 993 1924 hoc
1027 1870 1240 1939 quando
1270 1868 1502 1932 dicebat,
1531 1868 1716 1922 decem
1743 1869 1880 1922 filios

1992 1903 2112 1955 que,
2164 1887 2588 1954 quotiescunque
2618 1903 2673 1940 se
2704 1889 3074 1955 opportunitas
3123 1887 3420 1955 porrexerit
3451 1901 3575 1952 ror-

289 1982 415 2020 corn
452 1967 597 2020 omni
633 1965 884 2018 facultate
915 1964 1220 2032 perdiderat
1250 1979 1263 2015 :
1289 1961 1396 2016 Nec
1426 1971 1602 2016 tamen
1633 1963 1878 2029 blasphe-

290 2075 446 2114 mare
487 2070 577 2111 aut
622 2058 820 2112 damno
860 2066 952 2111 aut
999 2057 1186 2111 dolore
1233 2057 1544 2126 compulsus
1592 2067 1692 2111 est.
1729 2058 1879 2112 Sicut

293 2153 428 2208 dicit
456 2152 732 2221 Scriptura
765 2169 776 2203 :
815 2149 880 2203 In
909 2151 1140 2203 omnibus
1174 2166 1284 2218 qua:
1311 2149 1605 2203 accidebant
1649 2152 1715 2214 ei,
1749 2151 1882 2204 nihil

289 2247 518 2316 peccavit
569 2244 718 2298 labiis
745 2241 843 2297 Job
877 2243 996 2314 μοι
1026 2259 1093 2308 ιι,
1119 2242 1236 2313 2|).
1283 2244 1434 2309 Quod
1480 2260 1580 2311 ego
1616 2254 1668 2298 et
1699 2246 1878 2313 pietati

289 2350 487 2394 vestrae
532 2337 769 2392 scribere
821 2353 916 2406 pro
960 2346 1141 2391 mutua
1181 2336 1407 2390 caritate
1454 2337 1793 2405 prmsumpsi,
1826 2348 1881 2390 ut

289 2430 538 2486 dolorem
582 2429 883 2484 animorum
930 2437 1263 2493 vestrorum,
1306 2443 1464 2497 quem
1513 2429 1703 2482 litteris
1748 2428 1883 2482 meis

291 2523 540 2593 mitigare
566 2536 672 2575 non
706 2529 970 2590 poteram,
1021 2520 1103 2574 vel
1129 2519 1324 2573 divinis
1364 2520 1590 2589 eloquiis
1613 2529 1882 2587 utcunque

293 2615 630 2670 moderarer.
687 2613 751 2667 Et
796 2628 945 2679 vere,
997 2613 1041 2665 si
1090 2612 1220 2666 mihi
1269 2612 1421 2681 quasi
1463 2627 1640 2667 vesrro
1668 2613 1883 2666 creditis

297 2709 474 2773 cordi,
505 2723 610 2761 non
640 2707 916 2761 minimum
951 2706 1174 2776 potesris
1217 2720 1414 2774 capere
1445 2706 1510 2760 de
1547 2703 1745 2760 Christi
1781 2704 1884 2758 Do-

296 2803 427 2858 mini
461 2801 737 2856 voluntate
769 2800 1042 2866 solatium,
1083 2799 1225 2869 quod
1255 2809 1517 2869 quatenus
1568 2800 1884 2853 immaturus

299 2894 550 2949 manebat
582 2894 852 2961 interitus,
880 2891 1037 2946 talem
1069 2907 1192 2946 eum
1215 2885 1463 2960 dignatus
1484 2900 1565 2944 est
1587 2904 1880 2955 assumere,

302 2986 537 3056 qualium
561 3000 782 3056 regnum
804 2984 962 3039 docet
983 2999 1102 3039 esse
1124 2982 1414 3046 caelorum;
1440 2992 1495 3036 ut
1519 2993 1574 3037 et
1601 2991 1882 3052 patronum

300 3077 572 3132 haberetis
600 3091 665 3132 ex
697 3075 831 3140 lilio,
863 3083 916 3128 et
942 3075 1118 3128 minus
1140 3074 1392 3128 doleretis
1421 3074 1699 3140 amissum,
1725 3087 1884 3143 quem

300 3185 328 3224 a
355 3171 587 3226 Domino
608 3169 872 3226 videbatis
895 3177 1245 3238 assumptum.
1276 3167 1414 3238 Opto
1441 3171 1577 3223 bene
1605 3169 1796 3238 agatis.

844 3305 1060 3362 EPIST.
1103 3304 1345 3359 XXXIX.

306 3400 526 3455 Domino
555 3409 731 3454 sancto
765 3409 812 3452 et
844 3396 1130 3468 apostolica
1171 3399 1223 3468 in
1256 3397 1459 3450 Christo
1491 3395 1714 3468 Domino
1742 3395 1887 3451 cultu

372 3474 662 3542 aﬂectuque
703 3467 980 3542 specialius
1013 3467 1579 3542 _e:colendorputrono
1629 3467 1888 3521 l’icturino

385 3539 711 3616 [Victorino]
733 3539 975 3611 episc0po
1005 3539 1244 3594 Ruricius
1273 3541 1558 3608 episcopus.

371 3636 567 3692 Frater
617 3645 673 3688 et
717 3632 1121 3703 cornpresbyter
1164 3641 1347 3685 noster
1393 3631 1712 3700 Capillutus,
1765 3631 1887 3686 licet

305 3728 484 3798 apices
517 3737 730 3780 vestros
761 3723 918 3777 nobis
950 3739 1054 3776 non
1077 3721 1331 3776 detulerit
1357 3723 1408 3775 in
1432 3724 1614 3775 charta
1647 3725 1888 3790 relegen-

305 3820 420 3885 dos,
470 3832 650 3873 tamen
697 3817 857 3871 totius
902 3815 1065 3888 [lorte
1117 3813 1306 3886 potius]
1352 3815 1592 3870 exhibuit
1631 3817 1682 3869 in
1725 3816 1888 3871 corde

306 3912 679 3980 conscriptos:
706 3909 845 3963 trude
869 3923 962 3963 eos
992 3923 1088 3962 nec
1116 3909 1198 3961 lur
1226 3908 1458 3971 auferre,
1499 3923 1596 3962 nec
1620 3908 1887 3964 violentus

222 4072 229 4078 _
305 4006 534 4075 eripere,
587 4017 686 4057 nec
716 4003 886 4056 imber
921 4001 1121 4067 eluere,
1171 4015 1270 4055 nec
1301 4010 1537 4055 vetustas
1567 4001 1734 4069 possit
1759 4002 1888 4055 abo-

306 4096 411 4151 lere
439 4097 570 4151 dum
604 4096 731 4148 mihi
767 4093 934 4147 lidelis
987 4093 1272 4147 admodum
1304 4092 1464 4146 vestri
1500 4094 1728 4163 pectoris
1758 4109 1886 4149 con-

304 4202 419 4242 sors
441 4199 494 4243 et
527 4186 893 4240 deditissimus
915 4184 1120 4238 delator
1148 4185 1343 4246 smpius
1391 4185 1638 4248 inculcat,
1678 4193 1733 4238 et
1768 4185 1886 4239 dul-

305 4281 435 4347 cius,
480 4280 714 4349 qualiter
755 4293 840 4331 me
879 4288 931 4331 et
965 4293 1121 4348 quam
1152 4276 1362 4331 assidua
1392 4276 1678 4331 dilectione
1708 4278 1775 4332 de
1801 4294 1887 4335 me

307 4375 606 4427 ruminctis.
642 4371 756 4425 Non
784 4372 923 4440 quod
957 4373 1008 4424 in
1049 4387 1134 4425 me
1163 4371 1234 4425 sit
1263 4371 1401 4425 unde
1431 4371 1668 4426 caritatis
1698 4383 1888 4429 vestra:

304 4477 525 4531 pascere
578 4464 791 4532 possitis
839 4462 1094 4527 esuriem,
1151 4464 1239 4533 qui
1292 4465 1496 4521 solidos
1525 4475 1579 4520 et
1619 4481 1888 4534 nunquam

305 4557 571 4622 perituros
601 4555 752 4609 cibos
780 4563 834 4610 et
876 4555 1118 4624 accipere
1158 4556 1298 4610 soliti
1336 4560 1467 4612 estis
1499 4567 1553 4612 et
1587 4559 1745 4622 dare;
1795 4559 1887 4612 sed

1916 3243 1965 3308 ϐ

1988 1977 2184 2040 titoris,
2213 1977 2603 2032 benedictionis
2631 1987 2825 2032 vestra:
2869 1976 3130 2031 imbribus
3175 1977 3426 2046 irrigetis.
3466 1975 3572 2032 Ora

1987 2059 2084 2139 pro
2114 2084 2217 2124 me.

2596 2159 2810 2216 EPIST.
2851 2159 2962 2214 XL.

2115 2253 2354 2308 Ruricius
2379 2253 2644 2322 episcOpus
2676 2262 2701 2290 ιι
2728 2251 3017 2319 Apollinari
3043 2250 3070 2290 δ
3092 2267 3185 2305 suo
3209 2251 3445 2307 salutent.

1999 2432 2004 2438 .
2057 2365 2295 2420 Allectus
2341 2365 2686 2418 sublimitatis
2727 2373 2916 2418 vestrm
2948 2364 2998 2418 in
3031 2363 3326 2419 visceribus
3372 2363 3573 2420 nostris

1987 2459 2260 2520 violentus
2312 2469 2533 2513 exactor
2579 2470 2700 2522 rsr,
2746 2466 2801 2511 et
2847 2457 3017 2512 amori
3049 2466 3230 2511 vestro
3275 2472 3361 2510 me
3394 2455 3572 2524 potius

1985 2533 2144 2618 quam
2179 2549 2366 2619 pudori
2398 2565 2519 2604 meo
2551 2551 2758 2604 servire
2785 2549 3092 2617 compellit;
3133 2549 3258 2602 dum
3305 2565 3408 2603 non
3439 2563 3574 2602 con-

1987 2641 2230 2706 siderat,
2261 2655 2367 2708 quo
2403 2655 2654 2696 sermone
2681 2681 2696 2705 ,
2737 2655 2840 2709 qua
2873 2641 3096 2710 pagina;
3140 2648 3342 2693 tantum
3379 2639 3571 2693 vestris

1988 2733 2230 2802 imperiis
2267 2733 2644 2802 obsequamur.
2677 2730 2882 2801 Cogitis
2923 2735 3066 2786 enim
3100 2747 3199 2785 nos
3228 2732 3447 2785 auribus
3475 2746 3570 2800 pe-

1988 2827 2122 2879 ritiae
2155 2833 2347 2878 vestra:
2378 2824 2557 2878 verbis
2597 2823 2812 2878 rusticis
2860 2823 3111 2891 injuriam
3153 2824 3460 2892 frequenter
3489 2823 3568 2876 in-

1988 2918 2130 2974 ferre
2153 2963 2169 2986 ,
2219 2919 2348 2972 dum
2397 2918 2576 2986 apices
2605 2925 2821 2972 nostros
2861 2916 3058 2984 saepius
3091 2915 3253 2969 vultis
3286 2915 3530 2982 accipere
3556 2931 3586 2980 ελ

1987 3025 2153 3080 pareo
2184 3009 2442 3064 voluntati
2475 3020 2671 3064 vestra:
2695 3050 2712 3074 ,
2760 3023 2924 3079 pareo
2949 3006 3200 3075 iussioni.
3248 3004 3384 3061 Malo
3427 3005 3574 3060 enim

1988 3103 2056 3158 de
2086 3104 2293 3172 meipso
2320 3103 2413 3157 tibi
2447 3102 2615 3170 magis
2645 3116 2800 3168 quam
2847 3100 2976 3154 mihi
3020 3099 3261 3153 credere.
3296 3099 3426 3163 Quia
3464 3096 3576 3166 pie-

1993 3195 2135 3258 tatis,
2167 3210 2272 3248 non
2306 3194 2582 3262 potestatis
2611 3201 2713 3256 est,
2746 3191 2887 3262 quod
2915 3190 3137 3259 jubetis.
3173 3189 3235 3242 Et
3268 3187 3390 3242 ideo
3411 3227 3426 3250 ,
3457 3202 3576 3255 quas

1994 3289 2368 3358 displicuerint
2398 3287 2750 3343 emendabitis
2784 3285 2967 3354 procul
3009 3283 3173 3338 dubio
3214 3283 3392 3353 potius
3419 3295 3578 3352 quam

1992 3380 2250 3450 prodetis.
2282 3380 2553 3449 Siquidem
2584 3379 2714 3434 nihil
2745 3389 2823 3434 est
2846 3376 3182 3447 imperiosius
3210 3378 3461 3438 caritate;
3493 3374 3579 3431 cui

1989 3477 2214 3544 qu'sque
2259 3483 2370 3527 toto
2417 3473 2581 3527 corde
2627 3488 2685 3527 se
2729 3471 2973 3534 dederit,
3017 3470 3244 3524 liln'nter
3286 3479 3340 3523 et
3369 3467 3578 3522 vincula

1990 3567 2134 3621 illius
2166 3567 2392 3636 impacta
2429 3566 2684 3636 patietur,
2715 3574 2768 3620 et
2796 3580 2957 3619 onera
2993 3563 3138 3618 illata
3170 3562 3419 3632 portabit,
3451 3560 3578 3616 dum

1989 3657 2344 3728 praecipientis
2393 3659 2674 3728 imperium
2719 3673 2823 3711 non
2875 3655 3068 3710 invitus
3098 3654 3290 3724 excipit
3316 3696 3329 3718 ,
3359 3652 3452 3706 sed
3485 3651 3580 3706 de-

1990 3761 2146 3805 votus
2200 3763 2433 3806 exercet.
2499 3750 2779 3804 l’rarstabit
2824 3749 3002 3818 itaque
3056 3748 3230 3801 divina
3279 3745 3578 3801 misericor-

1990 3843 2075 3898 dia
2117 3855 2172 3896 ut
2203 3843 2521 3896 tumultibus
2546 3841 2800 3908 temporis
2833 3841 3006 3909 hujus,
3035 3840 3116 3893 vel
3145 3839 3572 3904 necessitatibus,

1990 3946 2081 3990 aut
2127 3935 2306 3989 dilatis
2354 3935 2406 3989 in
2455 3945 2802 4004 perpetuum,
2833 3943 2920 3985 ant
2951 3947 3235 4000 parumper
3278 3931 3573 3998 oppressis,

1989 4028 2149 4084 citius
2175 4027 2376 4082 fructus
2411 4037 2431 4063 ο
2461 4043 2557 4080 nos
2589 4027 2741 4078 faciat
2773 4025 2840 4078 de
2871 4033 3048 4076 nostra
3081 4036 3301 4090 carpere
3342 4037 3578 4090 prmsen-

1991 4123 2087 4188 tia,
2112 4131 2166 4174 ut
2187 4119 2473 4182 desideria,
2496 4136 2611 4189 qum
2637 4118 2924 4172 incitantur
2951 4115 3246 4179 alTeclibns,
3274 4114 3575 4184 aspectibus

1993 4214 2322 4284 mitigantur.
2342 4211 2498 4267 Finit.

2591 4303 2802 4360 ΕΙ)ΙὲΊῖ
2849 4302 2981 4359 XLI.

1995 4397 2214 4452 Domino
2248 4397 2618 4451 devinctissimo
2661 4407 2705 4449 r'l
2745 4398 2866 4448 nn'ln'
2897 4395 3033 4447 omni
3072 4395 3263 4448 honore
3301 4393 3576 4449 rcnrrabili

2419 4469 2565 4536 fratri
2595 4466 2618 4502 ι¹
2651 4466 2860 4520 Leontio
2893 4467 3152 4520 Ruricius.
3442 4485 3444 4488 '

2072 4560 2279 4614 Gratias
2307 4575 2426 4629 ago,
2447 4561 2584 4629 quod
2598 4571 2648 4614 et
2667 4561 2831 4613 nostri
2847 4573 2971 4612 cura
2982 4577 3028 4610 rrt
3043 4574 3252 4628 gerere,
3271 4568 3322 4613 et
3346 4561 3579 4614 novitate

305 4647 517 4714 quando
542 4646 728 4699 fortior
756 4661 878 4700 esca
906 4645 1155 4710 defuerit,
1186 4649 1501 4702 tenuitatem
1539 4660 1774 4704 nostram
1799 4665 1893 4720 pro
1921 4624 1978 4688 υ
2002 4653 2228 4715 olerum,
2261 4669 2378 4722 qua:
2410 4653 2637 4706 libenter
2668 4652 2864 4705 habere
2893 4667 2992 4705 nos
3020 4651 3211 4716 nostis,
3245 4665 3342 4704 nos
3362 4651 3581 4706 relicero

307 4737 458 4793 lactis
504 4739 697 4810 poculo
745 4739 1028 4806 sorbeatis,
1060 4750 1119 4795 ut
1147 4741 1477 4797 desiderium
1522 4744 1592 4813 pii
1637 4744 1815 4800 cordis
1841 4754 1894 4800 et

373 4945 401 5008 ἒ
422 4937 519 4992 Ms.
535 4979 548 5002 ,
563 4937 888 5008 Apollonari.

376 5007 405 5048 ιι
434 5011 508 5063 lle
538 5007 615 5062 eo
634 5008 700 5063 ad
727 5007 885 5074 epist.
913 5007 1000 5062 25.

375 5090 397 5116 ε
426 5079 570 5147 Lege
594 5096 701 5143 eos,
733 5081 816 5132 vel
846 5095 936 5131 nos
965 5078 1124 5146 faciat
1146 5078 1209 5132 de
1234 5087 1414 5134 vestra.

372 5147 398 5184 ἀ
428 5149 551 5203 Fuit
582 5151 667 5203 il’e
696 5149 947 5203 Leontius
980 5149 1306 5203 Arelatensis
1349 5152 1663 5220 episcopus;
1701 5165 1893 5220 quam-

303 5219 383 5272 vis
415 5222 561 5274 enim
591 5221 658 5272 de
688 5222 856 5288 ipsius
895 5221 1041 5273 obitu
1075 5223 1300 5274 tacuerit
1344 5219 1588 5287 superius
1618 5219 1888 5288 Ruricius,

306 5290 355 5342 id
403 5292 579 5344 solum
627 5295 816 5359 prohat
859 5290 998 5344 illius
1055 5292 1308 5356 epistolas
1355 5292 1647 5346 secundum
1696 5294 1890 5346 seriem

307 5370 605 5427 temporum
661 5377 766 5414 non
813 5374 933 5415 esse
969 5361 1273 5429 dispositas.
1325 5361 1442 5414 Fuit
1492 5363 1703 5430 quidem
1755 5363 1891 5418 alter

306 5430 564 5484 Leontius
593 5429 978 5498 Forojuliensis
1027 5433 1330 5501 episcopus,
1361 5435 1443 5486 cui
1474 5429 1694 5486 concilia
1723 5433 1888 5486 Galli-

305 5516 441 5554 cana
485 5503 813 5556 convocandi
841 5505 927 5566 jus
955 5503 1221 5556 concessit
1268 5501 1375 5557 Leo
1407 5503 1645 5571 Magnus,
1674 5515 1731 5557 ut
1760 5503 1886 5558 Gal-

307 5571 486 5626 lorum
547 5573 754 5626 animos
800 5573 998 5626 Itilario
1043 5573 1339 5628 Arelatensi
1398 5574 1638 5629 addictos
1683 5575 1890 5629 facilius

305 5652 582 5696 avocaret.
629 5643 735 5697 Sed
767 5647 810 5696 is
837 5643 1087 5697 Leontius
1127 5643 1224 5698 fuit
1261 5645 1370 5713 jam
1420 5655 1687 5712 provectae
1717 5647 1891 5699 aetatis

306 5728 453 5766 anno
485 5714 607 5777 445.
650 5723 704 5766 ιιι
733 5723 957 5768 testatur
983 5715 1095 5782 ipse
1123 5714 1250 5770 Leo.
1296 5716 1444 5769 llnnc
1475 5715 1757 5770 Leontium
1797 5731 1892 5767 au-

307 5784 538 5855 tumavit
564 5785 822 5855 Baronius
851 5786 1096 5840 eumdem
1126 5801 1247 5840 esse
1269 5801 1330 5839 ac
1361 5787 1509 5840 illum
1539 5787 1624 5841 cui
1650 5787 1892 5855 epistolas

307 5852 524 5911 Sidonii
550 5866 602 5910 et
645 5854 845 5910 Ruricii
888 5864 1011 5910 sunt
1040 5856 1288 5921 directa;
1331 5857 1424 5914 sed
1451 5858 1656 5914 obierat
1687 5852 1945 5933 procul"

1999 4744 2130 4799 tanti
2160 4743 2449 4806 habuistis;
2484 4743 2625 4810 quod
2656 4753 2708 4796 et
2735 4741 3108 4796 consuetudini
3137 4742 3402 4809 praestatis
3427 4741 3578 4809 pari-

1941 4924 1958 4928 "
2002 4931 2166 4995 iiuhio
2196 4937 2576 5006 Forojuliensis
2603 4937 2853 4992 Leontius
2898 4950 2964 4992 eo
3010 4945 3248 5004 tempore
3272 4921 3480 4989 Sidrinii
3523 4941 3582 4992 et

2001 5012 2237 5073 Ruricii;
2279 5025 2488 5062 coaevus
2522 5024 2647 5062 vero
2695 5011 2793 5062 fuit
2837 5007 3087 5063 Leontius
3132 5006 3458 5061 Arelatensis
3487 5010 3581 5075 qui

2004 5081 2240 5134 ltavenio
2271 5081 2547 5133 successit.
2581 5079 2836 5133 Leontius
2883 5077 3260 5145 Foroiuliensis
3303 5080 3442 5130 circa
3482 5093 3582 5131 an-

2004 5169 2129 5206 num
2171 5149 2275 5205 M‘i
2311 5150 2468 5214 obiit;
2506 5166 2610 5203 non
2659 5151 2702 5202 is
2748 5149 2905 5215 igitur
2932 5163 3051 5202 esse
3084 5151 3251 5214 potuit
3278 5148 3431 5214 cujus
3463 5148 3578 5202 exi-

2005 5233 2116 5276 tum
2165 5221 2327 5275 dellet
2375 5221 2618 5274 Ruricius
2665 5221 2946 5287 episeopus
2993 5220 3060 5271 ab
3089 5232 3230 5272 anno
3264 5219 3389 5272 470.
3426 5221 3580 5272 Errat

2004 5293 2282 5361 tripliciter
2313 5292 2514 5345 Savaro
2542 5292 2630 5358 qui
2663 5289 2945 5344 Leontium
2991 5288 3412 5361 Eorojuliensetn
3453 5304 3578 5344 eum

2001 5359 2120 5418 esse
2152 5371 2359 5431 putaret
2383 5361 2466 5416 cui
2509 5362 2760 5415 Sidonius
2785 5402 2798 5422 ,
2847 5362 2970 5414 item
3005 5359 3228 5431 Faustus
3271 5359 3537 5427 scripsere
3561 5401 3578 5425 ,

1997 5430 2195 5503 quique
2228 5433 2545 5499 subscripsit
2571 5433 2809 5500 cpisto'm
2828 5431 3004 5503 Fausti
3023 5431 3086 5484 ad
3119 5430 3422 5503 Luciferum
3451 5445 3575 5498 pre-

1999 5500 2296 5575 sbyterum,
2327 5503 2562 5575 idquein
2606 5503 2835 5556 concilio
2866 5501 3227 5575 Lugdunenii.
3262 5500 3312 5575 i_'
3342 5501 3388 5554 ls
3419 5515 3574 5575 quem

1997 5567 2180 5628 laudat
2205 5567 2452 5640 Faustus,
2485 5574 2584 5627 fuit
2617 5567 2967 5635 Arelatensis,
2994 5571 3077 5626 cui
3105 5572 3420 5628 commissus
3451 5567 3577 5620 Gal-

1999 5645 2190 5699 liarum
2241 5646 2542 5699 vicariatus.
2585 5645 2641 5696 Υ
2674 5644 2862 5696 Nescio
2891 5643 3015 5713 quid
3055 5640 3574 5713 sibi_\'elit_$ava_rn,

2001 5717 2088 5770 tibi
2118 5717 2276 5770 toties
2305 5715 2607 5770 Luciferum
2643 5707 3012 5784 presbyterum
3045 5711 3291 5784 inculcat.
3315 5707 3444 5784 you
3475 5709 3578 5763 fuit

2001 5785 2217 5842 Lucifer
2263 5787 2518 5841 adversus
2569 5777 2725 5852 quem
2766 5777 2864 5838 tela
2913 5800 3009 5837 sua
3050 5780 3276 5852 νίὺιεινίι
3314 5777 3574 5852 Faustus;

2001 5855 2095 5915 sed
2128 5856 2356 5917 Lucidus
2379 5897 2395 5926 ,
2436 5851 2626 5926 injuria
2674 5857 2726 5912 in
2770 5853 3088 5912 Luciferum.
3125 5851 3395 5906 hominem
3423 5851 3574 5919 igna-
