4080 6350
479 423 583 482 “5

1814 378 2068 466 auatcu
2107 403 2412 462 EPISCOPI

3653 378 3756 445 116

477 546 559 591 ter
586 546 637 589 et
665 534 853 589 amori.
901 533 1130 601 Ideoque
1177 528 1433 583 redeunte
1466 540 1629 595 puero
1656 532 1857 585 vestro,
1888 519 2055 576 reddo
2081 512 2135 582 Α
2162 528 2394 573 vestram
2455 515 2743 587 plurimum
2793 512 3135 583 sospitamus.
3193 510 3259 565 Et
3308 508 3432 580 quia
3468 506 3533 560 de
3575 496 3756 589 no~trti

477 632 813 700 reciprocum
838 624 1201 697 sospitationis
1229 621 1497 686 ofﬁcium;
1530 626 1585 673 et
1613 626 1667 672 ut
1692 616 1759 672 de
1792 624 2062 685 suscepto,

479 724 591 779 Deo
621 721 871 793 proiiitio,
904 718 1079 774 ofﬁcio
1109 716 1473 772 indesinenter
1503 712 1749 784 cogitetis
1776 710 2061 764 admoneo.

477 820 611 886 Quia
644 819 783 872 Deus
814 831 918 869 non
951 812 1159 869 initium
1187 810 1315 867 boni
1345 808 1548 879 operis,
1571 807 1666 862 sed
1698 806 1856 860 ﬁnem
1883 801 2063 873 requi.

477 925 596 965 rere
625 902 1019 976 comprobatur,
1049 905 1236 958 dicens
1260 921 1271 955 :
1297 899 1395 968 Qui
1424 896 1985 975 perseveraveritusque
2012 894 2065 947 in

476 1003 667 1069 finem,
712 1000 793 1053 hic
836 999 1006 1054 salvus
1048 996 1141 1051 erit
1178 992 1395 1065 (Matth.
1426 1008 1482 1057 χ,
1510 991 1627 1060 22).
1668 987 1977 1055 Praestabit,
2010 994 2068 1040 ut

475 1092 766 1158 credimus,
795 1087 1165 1145 misericordia
1190 1086 1376 1155 ipsius,
1403 1094 1459 1139 ut
1487 1082 1574 1154 qui
1598 1077 1893 1150 paenitendi
1916 1076 2067 1131 vobis

474 1186 711 1240 animum
760 1185 1023 1254 inSpirare
1077 1181 1325 1251 dignatus
1376 1184 1499 1241 est,
1549 1176 1664 1244 ipse
1714 1172 1863 1226 vobis
1909 1178 1963 1225 et
2012 1169 2065 1222 in

474 1276 683 1347 agendo
710 1258 959 1330 virtutem
988 1314 1004 1339 ,
1054 1280 1109 1327 et
1136 1272 1189 1326 in
1219 1266 1683 1326 consummatione
1728 1265 1937 1333 plenam
1962 1258 2066 1314 'tri-

457 1367 606 1423 .buat
652 1381 750 1437 pro
798 1381 893 1421 sua
942 1362 1290 1420 miseratione
1338 1358 1709 1416 remissionem
1737 1396 1751 1420 ,
1798 1354 1885 1423 qui
1919 1351 2065 1406 solus

479 1464 656 1525 potest
698 1464 751 1511 et
791 1464 983 1511 Sanare
1028 1461 1278 1523 corrupta
1301 1493 1315 1517 ,
1349 1461 1403 1507 et
1431 1460 1684 1521 reparare
1723 1444 1982 1513 collapsa,
2014 1450 2068 1497 et

477 1544 657 1602 delere
701 1548 985 1603 commissa
1011 1587 1027 1615 ,
1075 1554 1130 1601 et
1159 1542 1360 1599 abdere
1400 1540 1667 1610 prieterita
1693 1578 1707 1603 ,
1742 1549 2087 1618 conservare

478 1639 782 1707 praesentia,
809 1646 864 1693 et
889 1637 1092 1694 donare
1118 1644 1364 1691 ventura.
1389 1632 1552 1688 Finit.

1061 1749 1277 1807 EPIST.
1318 1748 1477 1805 XLII.

770 1845 1011 1900 Ruricius
1038 1844 1104 1897 ad
1132 1842 1374 1897 domuum
1396 1840 1773 1895 Constantium.

548 1936 624 1991 De
653 1935 859 1991 deliciis
892 1934 1217 1990 transmissis
1242 1932 1439 2003 gratias
1462 1945 1581 2001 ago,
1608 1938 1663 1986 et
1705 1937 1959 1999 quantum
1988 1927 2068 1981 in—

478 2024 732 2089 dicastis,
782 2032 986 2081 tantum
1036 2040 1122 2080 me
1169 2033 1515 2091 utrarumque
1558 2020 1735 2074 avium
1765 2018 2066 2086 suscepisse

476 2118 750 2191 signiﬁco;
792 2116 1061 2189 simulque
1101 2119 1260 2173 etiam
1305 2132 1401 2187 per
1434 2130 1630 2185 pueros
1659 2115 1824 2183 ipsos,
1853 2112 1946 2182 qui
1971 2126 2067 2166 no-

475 2211 559 2265 bis
590 2212 703 2266 haec
731 2209 1041 2266 detulerunt
1066 2249 1082 2276 ,
1117 2219 1295 2281 tergus
1324 2223 1587 2279 aprunum
1621 2222 1706 2262 me
1738 2205 1922 2276 pietati
1947 2203 2067 2263 {tuae

476 2303 654 2358 indico
682 2301 1077 2368 transmisisse;
1120 2313 1174 2356 ut
1200 2303 1325 2357 dum
1352 2315 1449 2356 nos
1479 2299 1713 2355 volatilia
1744 2315 1861 2369 quae
1894 2306 2068 2351 trans-

474 2392 665 2448 misisti
712 2390 1048 2456 deliciamur,
1097 2399 1152 2446 tu
1197 2390 1390 2461 bipede
1437 2390 1505 2446 de
1550 2388 1897 2461 quadrupede
1928 2387 2068 2443 facto

475 2482 708 2537 saticris.
742 2483 906 2552 Cujus
938 2490 1115 2537 tamen
1148 2484 1291 2537 malo
1312 2498 1495 2548 carne,
1519 2496 1679 2551 quam
1708 2481 1812 2535 vita
1836 2480 2067 2549 capiaris

476 2574 601 2642 quia
629 2574 721 2643 qui
763 2588 980 2643 semper
1004 2574 1075 2629 de
1122 2572 1472 2629 saecularibus
1515 2574 1747 2641 cogitat,
1791 2582 1844 2627 et
1870 2571 2068 2641 iugiter

475 2673 691 2718 terrena
733 2662 1045 2729 meditatur,
1100 2662 1223 2717 huic
1258 2660 1516 2716 animanti
1566 2662 1838 2730 Scriptura
1887 2659 2065 2713 divina

477 2755 671 2812 merito
723 2765 1087 2825 comparatur.
1140 2755 1276 2822 Quia
1323 2754 1392 2810 de
1455 2753 1702 2808 omnibus
1749 2751 2069 2807 animalibus

475 2851 625 2905 solus
657 2850 817 2905 homo
861 2850 1107 2905 sublimis
1134 2858 1347 2905 creatus
1386 2857 1487 2912 est,
1534 2854 1587 2902 et
1615 2845 1858 2907 eﬁ‘ectus,
1885 2852 1941 2898 ut
1970 2860 2068 2897 au-

474 2951 677 2996 ctorem
724 2955 878 2997 suum
927 2956 1141 3010 semper
1185 2940 1326 2996 ccelo
1374 2943 1609 2995 intentus
1658 2937 1910 3007 aspiciat,
1959 2922 2065 2991 non

476 3031 745 3088 mundalia
771 3047 935 3103 opera
977 3032 1096 3090 solo
1126 3031 1519 3089 incessabiliter
1561 3029 1769 3086 deﬁxus
1795 3036 2064 3086 exerceat.

1054 3146 1270 3204 EPIST.
1314 3146 1498 3203 XLIII.

479 3239 557 3291 Ad
574 3238 816 3331 damnum
833 3239 1157 3294 Ambrosium
1176 3247 1202 3277 ⁸
1215 3239 1511 3309 episcOpum
1525 3239 1765 3295 Ruricius
1777 3239 2065 3309 episwpus.

474 3408 479 3409 γ
548 3329 854 3397 Aposmlica
902 3337 1165 3400 praecepta
1202 3343 1303 3384 nos
1334 3338 1676 3386 commonent
1719 3339 1776 3383 ut
1814 3343 1845 3383 a
1873 3328 2067 3399 quibus

479 3420 657 3475 divina
688 3419 1032 3491 percipimus,
1065 3420 1143 3476 eis
1173 3430 1383 3477 terrena
1414 3421 1768 3493 praebeamus,
1799 3419 1940 3489 quod
1968 3434 2068 3475 nos

480 3511 565 3566 vel
596 3511 649 3565 in
681 3509 781 3567 hac
808 3510 1067 3568 duntaxat
1108 3520 1261 3583 parte
1290 3522 1567 3567 servantes
1586 3553 1603 3579 ,
1634 3526 1733 3581 pro
1762 3510 2067 3568 coelestibus

479 3604 674 3673 epulis,
706 3606 838 3673 quas
871 3602 1025 3659 nobis
1054 3613 1111 3661 et
1135 3617 1386 3660 sermone
1418 3602 1572 3673 vivo,
1604 3610 1659 3658 et
1705 3610 1913 3673 patrum
1962 3609 2070 3655 tra-

481 3695 714 3752 ctatibus
742 3696 1080 3762 ministratis,
1109 3697 1372 3767 legumina
1403 3696 1605 3751 marina
1652 3695 2065 3750 transmisimus.

482 3786 584 3843 Per
622 3788 737 3843 hzec
785 3790 858 3844 nil
909 3804 1008 3845 nos
1057 3789 1256 3845 habere
1301 3790 1575 3860 proprium
1623 3788 2067 3857 comprobantes;

480 3880 743 3951 siquidem
769 3889 824 3937 et
848 3896 878 3936 a
901 3880 1100 3938 divinis
1129 3881 1283 3938 bonis
1311 3896 1516 3947 sumus,
1548 3895 1665 3948 qua:
1693 3894 1785 3935 vos
1818 3878 2068 3945 tribuitis,

482 3972 786 4045 peregrini,
832 3981 887 4028 et
935 3989 1032 4030 nos
1080 3973 1358 4045 peregrina
1404 3971 1834 4027 transmittimus.
1890 3970 2075 4045 Itaque

481 4068 603 4135 quia
632 4081 730 4123 nos
760 4083 789 4121 a
819 4068 1040 4123 marinis
1070 4068 1381 4124 coalestibus
1424 4068 1688 4131 exsulare,
1721 4077 1774 4120 et
1804 4065 1932 4120 solis
1963 4073 2069 4119 ter-

483 4158 629 4215 renis
656 4159 873 4215 sedibus
904 4162 1161 4217 incubare
1189 4160 1581 4230 cognoscimus,
1612 4176 1640 4213 a
1669 4160 1821 4214 vobis
1857 4160 2071 4228 specian

484 4248 587 4303 lius
617 4251 965 4318 postulamus,
996 4259 1054 4305 ut
1082 4252 1196 4305 haec
1226 4252 1397 4306 aliena
1429 4266 1458 4304 a
1496 4251 1650 4304 nobis
1674 4250 1901 4305 libenter
1929 4249 2069 4303 acci-

487 4355 615 4409 pere
638 4380 655 4406 ,
703 4348 758 4395 et
806 4347 982 4394 vestra
1014 4342 1169 4395 nobis
1213 4340 1503 4410 dignemini
1533 4340 1838 4408 frequenter
1867 4339 2071 4407 impen-

487 4430 636 4484 dere.
665 4429 801 4485 Illud
829 4430 896 4485 sit
923 4430 1222 4487 affectionis
1246 4472 1263 4499 ,
1306 4432 1408 4487 hoc
1450 4431 1766 4497 ministerii;
1806 4428 1935 4484 illud
1968 4429 2068 4485 do-

483 4522 673 4593 ctrina:
699 4532 1007 4594 praestatur,
1035 4523 1138 4580 hoc
1165 4523 1369 4593 gratiae.

1055 4637 1267 4694 EPIST.
1319 4636 1501 4691 XLIV.

705 4726 787 4784 Ad
810 4728 1053 4783 damnum
1075 4727 1362 4799 Hispanum
1390 4726 1587 4782 Rurieit'
1617 4727 1859 4797 episcapi.

559 4823 674 4893 Ago
694 4821 890 4893 gratias
908 4819 1055 4890 quod
1078 4821 1203 4875 dum
1226 4819 1380 4875 nobis
1400 4819 1537 4875 dona
1564 4819 1798 4887 nomine,
1820 4834 1878 4874 re
1904 4820 2073 4889 spolia

490 4912 851 4972 transmittitis
874 4953 892 4980 ,
934 4912 1188 4981 pietatem
1220 4920 1451 4968 vestram
1484 4927 1607 4981 erga
1642 4928 1727 4967 me
1766 4912 2070 4968 sincerissi-

491 5020 633 5062 mam
676 5004 1039 5075 comprobatis
1062 5044 1078 5070 ,
1131 5019 1235 5075 qua
1279 5019 1378 5059 nos
1417 5005 1644 5074 amplius
1671 5020 1829 5075 quam
1860 5005 2071 5063 deliciis

489 5087 837 5169 delectamur.
876 5094 1155 5168 Siquidem
1204 5095 1327 5151 inde
1374 5095 1602 5151 esuriem
1647 5097 1885 5165 corporis
1914 5111 2068 5152 com-
2098 5154 2123 5169 _,

2168 612 2401 682 dignaris
2448 584 2569 664 esse
2615 607 2786 662 salute
2831 605 3131 672 sollicitus,
3178 603 3334 673 juxta
3381 607 3502 654 vota
3547 584 3757 682 pietatis

2166 714 2359 759 vestrm
2390 716 2475 756 me
2518 700 2698 755 valere
2737 697 2982 768 signiﬁco
3004 737 3019 762 ,
3068 694 3335 763 simulque
3365 694 3637 763 deposco,
3670 680 3757 747 ubi

2165 805 2405 852 sanctum
2440 793 2633 862 pascha
2669 791 2859 847 facturi
2903 789 3020 845 sitis
3046 831 3060 856 ,
3115 803 3200 842 me
3240 787 3644 842 recurrentibus
3681 787 3737 839 in

2167 884 2408 941 struatis.
2440 882 2605 938 Finit.

2751 992 2967 1049 EPIST.
3012 991 3171 1047 XLV.

2350 1088 2550 1143 Ruricii
2583 1084 2807 1154 episcOpi
2836 1084 2905 1137 ad
2935 1082 3285 1153 presbyterum
3321 1080 3583 1141 Albinum.

2242 1179 2343 1234 Ubi
2369 1178 2438 1234 ad
2468 1194 2552 1233 me
2577 1175 2876 1233 communis
2922 1174 3099 1229 luctus
3129 1172 3301 1229 nuntii
3335 1188 3552 1229 rumore
3579 1189 3760 1244 perve-

2171 1272 2251 1327 nit
2275 1312 2292 1337 ,
2341 1270 2483 1341 quod
2518 1280 2694 1325 tamen
2724 1268 2953 1322 miratus
2982 1281 3102 1320 sum
3130 1306 3146 1330 ,
3177 1264 3320 1336 quod
3350 1280 3457 1319 non
3489 1265 3591 1321 hoc
3623 1272 3765 1337 prius

2171 1376 2235 1415 ex
2264 1358 2639 1431 germanitatis
2668 1366 2858 1413 vestra:
2887 1355 3147 1411 relatione
3168 1355 3419 1425 cognovi,
3440 1356 3554 1426 ipse
3578 1357 3644 1411 ad
3673 1373 3767 1414 vos

2172 1453 2525 1525 requirendos
2555 1451 2807 1508 continuo
2834 1448 3140 1513 venissem,
3167 1446 3272 1503 nisi
3315 1462 3399 1503 me
3426 1447 3637 1503 dierum
3671 1447 3769 1502 ho—

2173 1563 2289 1602 rum
2338 1546 2636 1601 reverentia
2685 1542 3032 1598 retardasset.
3076 1539 3188 1595 Has
3219 1540 3530 1608 transmisi,
3572 1540 3766 1610 quibus

2174 1654 2356 1710 spero,
2389 1647 2448 1692 ut
2472 1652 2558 1693 me
2587 1644 2897 1691 excusatum
2930 1633 3129 1689 habere
3157 1632 3477 1703 dignemini,
3514 1643 3568 1688 et
3601 1634 3763 1689 ﬁlium

2176 1744 2409 1787 neStram
2438 1775 2452 1799 ,
2485 1745 2644 1799 quam
2688 1727 2847 1782 audio
2876 1742 2935 1781 se
2975 1726 3327 1781 vehementer
3371 1723 3615 1796 afﬂigere
3637 1766 3654 1793 ,
3702 1725 3770 1782 ad

2175 1826 2347 1879 vicem
2378 1839 2575 1889 meam,
2606 1830 2714 1876 tam
2753 1835 2817 1875 ex
2866 1821 3072 1874 ratione
3097 1834 3254 1885 quam
3284 1834 3348 1873 ex
3378 1827 3558 1875 vestra
3582 1831 3769 1874 auct0<

2174 1918 2332 1971 ritate
2373 1913 2721 1970 consolemini
2750 1951 2765 1977 ,
2816 1910 2956 1981 quod
2988 1910 3247 1965 Dominus
3293 1920 3475 1966 noster
3517 1912 3582 1967 de
3612 1926 3768 1968 servo

2174 2022 2293 2074 suo,
2338 2016 2393 2062 et
2435 2004 2646 2076 quando
2684 2003 2872 2068 voluit,
2904 2012 2957 2057 ct
2983 2000 3125 2071 quod
3155 2000 3343 2066 voluit,
3374 2000 3520 2057 fecit.
3553 2001 3614 2056 Et
3650 2004 3767 2058 ideo

2173 2112 2360 2156 contra
2394 2100 2721 2153 voluntatem
2760 2095 2966 2149 Domini
2999 2092 3181 2149 venire
3214 2093 3501 2166 videbitur,
3529 2097 3614 2149 cui
3657 2095 3767 2150 dis-

2174 2198 2339 2266 plicet
2369 2194 2547 2247 divina
2579 2188 3093 2260 prmceptiomtique
3122 2186 3298 2243 divina
3324 2203 3338 2253 ;
3379 2186 3505 2258 quia
3535 2187 3767 2243 animum

2178 2295 2412 2340 nostram
2465 2284 2551 2336 ille
2598 2281 2776 2347 solus,
2805 2293 2925 2332 cum
2958 2277 3208 2346 voluerit,
3236 2293 3302 2333 ex
3330 2292 3557 2349 corpore
3591 2288 3765 2351 potest

2175 2380 2428 2441 educere,
2459 2374 2547 2444 qui
2580 2372 2713 2428 fudit
2743 2372 2795 2428 in
2841 2387 3085 2440 corpore.
3135 2372 3197 2425 Et
3231 2370 3432 2425 idcirco
3467 2371 3643 2429 luctus
3672 2373 3767 2427 iste

2176 2473 2410 2534 nimius,
2460 2470 2547 2539 qui
2585 2467 2795 2522 videtur
2840 2479 2958 2520 esse
3004 2464 3234 2545 pietatis,
3279 2462 3445 2533 magis
3472 2479 3535 2518 ex
3566 2463 3767 2520 diaboli

2175 2565 2404 2621 consilio
2446 2578 2601 2633 quam
2636 2576 2700 2615 ex
2748 2559 2943 2628 pietate
2972 2556 3295 2618 descendit;
3339 2564 3393 2609 ut
3443 2572 3562 2609 eum
3615 2556 3768 2611 dolor
3856 2626 3861 2633 ‘

2177 2654 2557 2711 consolationis
2581 2652 2863 2721 impatiens
2889 2647 3122 2718 querelis
3147 2647 3254 2715 suis
3293 2646 3453 2702 Deum
3485 2648 3767 2715 inuia-tuis

2176 2741 2587 2812 exprobrat,qui
2616 2738 3076 2809 praemisitll‘ilium
3099 2752 3191 2807 per
3209 2736 3496 2791 humanam
3511 2737 3755 2790 Ctitiuitio-

2176 2853 2336 2905 nem,
2375 2852 2471 2905 per
2516 2832 2941 2889 incredulitatem
2991 2831 3222 2884 animam
3265 2828 3475 2900 perdat.
3512 2825 3768 2898 Plangnnt

2178 2928 2371 2984 mortui
2410 2936 2650 2981 mortuos
2692 2940 2850 2993 suos,
2887 2938 3024 2994 quos
3064 2932 3461 2978 resurrecturos
3500 2937 3621 2975 esse
3664 2937 3768 2974 non

2176 3018 2441 3087 credunt,
2480 3019 2569 3088 qui.
2619 3016 2850 3071 animam
2886 3029 3004 3069 cum
3044 3028 3205 3068 carne
3231 3014 3496 3067 :I'Slilllmtl
3527 3012 3769 3082 interire,

2174 3111 2370 3183 quibus
2393 3111 2533 3166 nulla
2559 3110 2625 3166 de
2654 3106 2979 3163 beatitudine
3006 3107 3220 3170 anima},
3255 3104 3397 3159 nulla
3428 3104 3494 3157 de
3526 3104 3767 3175 corporis

2175 3204 2568 3260 restauratioue
2618 3192 2806 3255 ﬁducia
2840 3208 2941 3255 est.
2963 3196 3069 3251 Nos
3108 3212 3259 3263 vero,
3290 3196 3378 3265 qui
3410 3210 3560 3264 spem
3592 3210 3767 3247 resura

2176 3298 2431 3354 rectionis
2480 3295 2738 3350 habemus
2783 3292 2837 3346 in
2878 3291 3113 3358 Christo,
3145 3287 3235 3360 qui
3276 3287 3482 3341 animas
3528 3296 3766 3351 nostras,

2171 3394 2323 3461 juxta
2364 3387 2798 3458 pollicitationem
2850 3384 3017 3453 ipsius
3060 3381 3305 3445 Domini,
3354 3379 3407 3433 in
3456 3384 3767 3434 sanctmuttt

2178 3482 2375 3536 ﬁnibus
2415 3479 2681 3535 credimus
2728 3476 3008 3542 collocari;
3055 3475 3120 3528 ad
3174 3475 3341 3544 ipsum
3384 3488 3481 3527 nos
3520 3462 3684 3525 corde
3712 3481 3765 3525 et

2177 3574 2508 3632 orationibus
2561 3574 2938 3637 conferamus;
2980 3581 3031 3624 et
3074 3567 3427 3624 consolationi
3484 3567 3551 3623 de
3601 3568 3764 3638 ipsius

2178 3667 2534 3738 promissione
2572 3665 2877 3733 capiamus,
2922 3659 3065 3731 quod
3096 3658 3376 3714 credentes
3407 3658 3457 3711 in
3488 3672 3546 3712 se
3582 3670 3765 3711 secum

2176 3760 2365 3815 vivere
2405 3759 2580 3812 faciat.
2624 3756 2731 3811 Nec
2756 3755 2895 3811 ullus
2919 3751 3058 3822 apud
3086 3766 3207 3807 eum
3240 3750 3338 3803 nisi
3365 3748 3595 3803 inﬁdelis
3622 3749 3766 3803 mors"

2178 3860 2303 3905 tuus
2342 3850 2629 3921 iudicetur.
2666 3847 2731 3901 Et
2766 3846 2835 3901 ita
2870 3844 3110 3914 planctus
3149 3851 3359 3896 nostros
3382 3882 3396 3906 ,
3438 3842 3576 3894 sicut
3615 3839 3765 3895 Scri-

2178 3961 2331 4015 pmra
2370 3959 2467 3998 nos
2509 3942 2733 4007 edocet,
2785 3947 3175 4007 temperemus,
3214 3935 3397 3990 dicens
3423 3951 3435 3986 :
3465 3930 3658 3986 Luctus
3678 3947 3768 4004 sa:

2179 4038 2362 4108 pientis
2411 4044 2599 4105 septem
2648 4030 2856 4105 diebus,
2902 4027 3049 4097 impii
3087 4041 3204 4080 vero
3260 4041 3431 4079 omna
3488 4023 3599 4076 dies
3655 4022 3766 4075 vix:

2177 4147 2287 4186 sua:
2320 4131 2337 4199 (
2368 4129 2526 4182 Eccti.
2557 4141 2691 4192 χχιι,
2724 4125 2789 4179 I5
2812 4122 2852 4194 ).
2893 4121 3044 4178 Sicut
3072 4120 3267 4174 scimus
3310 4117 3455 4173 illum
3499 4124 3765 4170 mortuum

2177 4236 2428 4290 corpore,
2455 4220 2629 4273 anima
2658 4230 2787 4271 vero
2825 4230 2922 4282 pro
2954 4212 3255 4269 innocentia
3284 4225 3377 4265 sua
3414 4209 3523 4265 Deo
3551 4209 3765 4274 vivere;

2179 4313 2251 4368 ita
2285 4327 2381 4367 nos
2414 4311 2656 4364 viventes
2685 4322 2936 4378 corpore,
2961 4306 3122 4362 corde
3152 4303 3461 4359 moriamur.
3489 4300 3651 4357 Finit.

2752 4439 2965 4497 EPIST.
3008 4438 3193 4494 XLVI.

2502 4536 2698 4591 Ruricii
2727 4533 2950 4607 episcOpi
2977 4534 3047 4588 ad
3082 4532 3444 4587 Taurencium.

2096 4636 2158 4709 ι)
2256 4630 2370 4700 Ago
2393 4629 2592 4700 gratias
2622 4625 3031 4698 promptissima:
3062 4623 3115 4679 in
3142 4622 3371 4677 Domino
3391 4619 3685 4687 devotioni,
3714 4630 3767 4677 et

2181 4723 2561 4781 sincerissima:
2605 4736 2730 4791 erga
2761 4734 2847 4775 me
2879 4717 3086 4773 caritati
3123 4724 3352 4782 vestrae,
3402 4728 3522 4784 qua:
3572 4713 3768 4769 divina:

2184 4815 2438 4873 bonitatis
2470 4812 2747 4878 imitatrix,
2779 4810 2831 4866 id
2855 4809 2997 4879 quod
3029 4824 3113 4863 me
3144 4807 3245 4862 sibi
3280 4805 3537 4877 prospicit
3565 4804 3767 4873 suppli-

2179 4904 2752 4975 candum,priusquam
2783 4912 3024 4970 rogetur,
3044 4908 3099 4953 et
3122 4908 3360 4951 nostrum
3390 4910 3768 4966 prmoccupare

2182 4997 2551 5057 benevolentia
2583 5009 2675 5048 sua
2719 4993 2935 5049 festinat
2977 4990 3244 5049 ofﬁcium;
3288 4989 3413 5042 dum
3447 5004 3548 5040 non
3592 4988 3764 5040 solum

2176 5089 2471 5159 custodire,
2495 5100 2679 5141 verum
2702 5083 2862 5140 etiam
2887 5097 3080 5151 augere
3103 5082 3152 5134 in
3176 5080 3333 5133 istum
3357 5079 3455 5134 sibi
3476 5079 3637 5147 gessit
3668 5078 3768 5150 [iu-

488 5205 803 5261 pescemus,
856 5189 981 5245 hinc
1027 5190 1207 5246 cordis
1252 5208 1265 5243 :
1308 5188 1433 5245 inde
1483 5188 1656 5245 ventri
1699 5166 2140 5271 transitorium?
2180 5180 2355 5258 gessit]
2381 5177 2652 5245 a'ﬁ'cctum,
2682 5192 2839 5249 quem
2889 5175 3087 5231 idcirco
3123 5173 3393 5228 beneﬁciis
3427 5170 3768 5239 anticipjamlo

490 5282 810 5353 porrigimus
870 5291 1080 5351 pastum
1124 5301 1137 5336 :
1181 5281 1306 5336 hinc
1349 5296 1476 5336 vero
1531 5280 1710 5335 animo
1754 5296 2067 5336 mansurum
2116 5286 2133 5352 ξ

492 5371 792 5441 praebemus
838 5370 1109 5428 aﬂ‘ectum.
1140 5370 1371 5427 Proinde
1401 5370 1505 5426 tam
1538 5371 1715 5439 [amori
1757 5386 1914 5441 quam
1952 5387 2071 5426 mu-

492 5463 609 5520 neri
636 5471 816 5521 vestro
857 5464 1055 5534 gratias
1082 5473 1462 5534 repensantes,
1496 5462 1788 5533 reciprocis
1819 5466 2069 5531 pietatem

492 5593 602 5639 tum
630 5626 646 5654 ,
699 5591 1107 5639 transmutatus.
1136 5582 1191 5637 5’
1226 5581 1461 5649 Denique
1499 5578 1794 5634 Arelatensi
1826 5579 2070 5645 concilio,
2148 5632 2151 5637 λ
2185 5588 2360 5645 quens
2405 5578 2504 5627 fuit
2550 5578 2846 5625 litterarum

492 5656 575 5698 nni
627 5654 845 5698 mminit
883 5652 1166 5698 Leontius.
1213 5650 1568 5698 subscrinsit:
1620 5649 1851 5698 abfuisse
1892 5660 2073 5698 autem
2143 5642 2149 5657 ³
2183 5646 2429 5698 epistolas
2448 5641 2654 5697 Concil.
2686 5641 2722 5695 ι.
2752 5655 2822 5693 Iv.
2848 5639 2888 5692 Β

2143 5653 2147 5657 ’
2183 5650 2429 5715 epistola:
2448 5650 2654 5715 Concit.
2688 5650 2722 5715 l_.
2752 5650 3005 5715 IV._BA8N.

489 5656 578 5710 cui
627 5649 845 5725 praefuit
883 5652 1179 5725 Leontius,
1213 5650 1569 5725 subscripsit;
1594 5649 1851 5725 _abfuisse
1892 5660 2074 5703 autem

490 5719 702 5781 videtur
729 5742 759 5782 a
785 5724 1008 5780 concilio
1041 5722 1376 5793 Lugdunensi
1404 5719 1437 5793 ,ί
1471 5719 1610 5793 quod
1644 5720 1854 5793 unicum
1888 5728 2075 5793 tamen

492 5796 941 5851 indiciitSavaro.
987 5790 1371 5848 Cum'Leontio
1408 5790 1707 5844 Arelatensi
1758 5805 1863 5844 non
1913 5790 2079 5844 modo

492 5864 755 5936 episcopis
786 5865 1102 5935 Gatticanis,
1132 5862 1228 5924 sed
1258 5863 1421 5921 etiam
1456 5860 1658 5919 Hilario
1692 5860 1933 5931 pontiﬁci
1960 5858 2076 5919 fre-

2109 5999 2161 6031 la

2184 5274 2457 5339 laetiﬁcat,
2486 5273 2608 5342 quia
2639 5270 2704 5324 ad
2748 5268 3016 5324 modicum
3045 5265 3364 5319 contristare
3394 5263 3669 5317 formidat.
3707 5262 3767 5314 Et

2184 5367 2309 5423 ideo
2339 5363 2540 5420 mavult
2564 5362 2759 5419 oﬁ‘erre
2793 5360 2990 5414 tacenti
3036 5358 3282 5429 gratiam,
3313 5370 3470 5423 quam
3511 5362 3768 5421 prmstme

2189 5458 2429 5531 poscenti
2452 5476 2466 5513 :
2489 5458 2665 5513 sciens
2696 5453 2879 5525 procul
2909 5452 3091 5516 dubio,
3115 5450 3236 5521 plus
3267 5464 3387 5504 esse
3409 5447 3461 5502 in
3493 5462 3559 5501 eo
3588 5445 3771 5501 meriti

2185 5588 2360 5645 quens
2405 5572 2504 5645 fuit
2550 5566 3299 5645 litterarum_commercium.
3354 5560 3629 5614 Habentur
3666 5560 3769 5613 illze

2260 5724 2285 5752 ι
2310 5715 2386 5769 De
2432 5728 2499 5767 eo
2527 5711 2779 5767 Sidonius
2827 5710 2863 5763 Ι.
2904 5724 2983 5772 ιχ,
3009 5721 3095 5773 ep.
3130 5704 3182 5759 6.
3215 5702 3529 5773 Suspicatur
3568 5700 3767 5773 Savare

2185 5787 2355 5841 fuisse
2404 5784 2550 5837 illum
2596 5769 2978 5836 Senonensenr
3011 5769 3336 5845 episcopum
3380 5771 3465 5826 cui
3511 5769 3767 5827 successit

2174 5856 2472 5935 ‘Agraitius.
2502 5853 2657 5908 BASN.
