4080 6350
253 460 347 516 H7

1662 457 1991 519 EPISTOLA
2030 461 2092 519 L.

3424 469 3525 527 Hii

254 576 386 643 animi
435 584 733 642 spontanea
790 536 1120 643 benignitate
1164 573 1432 637 defertur,
1478 586 1635 642 quam
1685 573 1827 642 quod
1858 575 1913 635 Α
1939 576 2179 629 nwristur
2204 577 2407 646 recipiet
2436 578 2635 643 omnia,
2664 594 2820 644 neque
2851 581 3002 634 simul
3030 580 3295 635 descendet
3320 599 3434 636 cunt
3460 599 3523 639 eo

254 682 358 734 pro.
379 665 499 717 ilius
526 663 853 733 indulgetur.
872 662 1150 734 Siquidem
1178 662 1371 718 horum
1401 678 1566 718 unum
1600 678 1704 718 non
1735 664 1836 717 nisi

255 760 576 811 necessitate
622 755 784 812 datur
846 755 1274 817 necessitudini;
1332 755 1475 809 aliud
1522 769 1652 810 vero
1697 770 1840 823 smne

254 854 408 902 cltum
436 848 744 917 precatoris
774 848 976 903 sedula
1002 846 1293 902 dimittitur
1332 847 1657 916 improbitati
1685 834 1837 914 (Luc.

256 955 329 1005 ιι,
345 940 424 1009 8).
443 941 597 996 Unde
610 939 758 995 salve
776 940 1108 1009 reciprocum
1120 939 1327 1007 dicens,
1345 939 1628 1008 depictatis
1646 948 1839 995 vestras

254 1034 616 1100 promissione
676 1046 937 1098 securus,
1004 1032 1233 1099 puellam
1306 1041 1541 1086 vestram
1613 1032 1665 1085 in
1727 1045 1838 1085 rem

253 1122 476 1178 directis
522 1126 702 1193 pueris
754 1125 983 1188 vestris,
1022 1125 1375 1195 consignasse
1415 1123 1660 1194 significo
1695 1142 1708 1177 :
1751 1125 1840 1179 cui

252 1218 468 1273 conﬁdo
523 1218 668 1289 quod
728 1218 873 1288 iusta
923 1218 1363 1288 pollicitationem
1409 1228 1680 1285 vestram,
1732 1233 1841 1273 non

254 1313 432 1366 solum
464 1313 677 1367 veniam
702 1351 719 1377 ,
763 1312 859 1368 sed
882 1312 1045 1367 etiam
1072 1313 1304 1383 gratiam
1336 1326 1436 1381 pro
1462 1320 1641 1366 nostra
1671 1312 1841 1366 inter-

254 1403 500 1457 cessione
529 1402 792 1458 tribuatis.

818 1528 1034 1592 EPIST.
1076 1526 1284 1591 XLVII.

407 1650 650 1703 Ruricius
689 1636 896 1703 domino
926 1649 1198 1705 venerabili
1229 1652 1379 1723 fratri
1412 1660 1437 1688 ι
1466 1650 1678 1707 Joanni.

328 1764 355 1803 ιθ
388 1765 580 1820 nanus
606 1767 907 1822 communis
933 1776 1236 1836 susceptus,
1268 1767 1407 1837 quod
1439 1768 1736 1823 voluntarie
1764 1772 1841 1821 la-

259 1873 382 1913 cere
408 1858 700 1925 debuerat,
731 1859 857 1913 fecit
887 1874 1027 1914 nunc
1057 1862 1374 1914 necessitate
1414 1860 1753 1929 compulsus,
1785 1867 1842 1913 ut

259 1948 323 2003 ad
353 1950 753 2003 venerationem
784 1957 924 2003 tuam
968 1950 1432 2005 commcndatitias
1460 1950 1751 2019 ﬂagitaret,
1784 1958 1837 2005 et
1866 1953 1914 2015 Β

260 2052 317 2093 se
356 2039 545 2109 gratia:
578 2047 713 2103 tuas,
757 2041 858 2096 etsi
905 2050 1125 2109 propter
1166 2040 1541 2111 negligentiam
1585 2056 1736 2096 suam
1778 2042 1847 2097 de

262 2130 541 2199 praeterito
570 2130 838 2200 ingratus,
873 2146 967 2199 per
995 2132 1406 2188 insinuationem
1439 2142 1676 2187 nostram
1707 2147 1851 2189 nunc

262 2230 443 2277 tamen
480 2222 863 2292 gratificandus
908 2225 1192 2293 ingereret.
1238 2224 1402 2294 Cujus
1443 2226 1682 2289 petitioni
1728 2226 1849 2281 ideo

264 2316 565 2385 promptius
595 2318 870 2386 acquievi,
900 2317 1018 2386 quia
1051 2317 1287 2383 credidi,
1328 2320 1466 2375 sicut
1508 2331 1565 2374 et
1606 2319 1847 2385 confido,

264 2422 356 2461 vos
401 2408 652 2477 petitioni
700 2424 833 2463 meae
877 2408 1107 2465 libenter
1146 2425 1402 2465 annuere.
1452 2410 1605 2466 Unde
1650 2412 1850 2466 saluta-

267 2499 407 2553 tione
433 2499 671 2569 dcpensa
704 2514 864 2569 spero
884 2540 900 2565 ,
931 2508 988 2554 ut
1018 2502 1189 2569 ipsum
1216 2516 1317 2571 pro
1344 2502 1731 2558 intercessione
1755 2517 1851 2557 no.

265 2599 371 2645 stra
402 2592 650 2661 recipere
688 2593 821 2647 tanti
855 2592 1120 2648 habeatis.
1164 2595 1230 2649 Et
1262 2595 1385 2664 quia
1412 2594 1546 2662 hoc,
1584 2596 1726 2666 quod
1756 2596 1852 2651 de-

267 2680 408 2747 buit,
455 2682 724 2745 reddidit,
766 2699 953 2738 usuras
987 2684 1063 2739 illi
1090 2684 1384 2739 solidorum
1426 2685 1697 2755 ipsorum,
1743 2702 1850 2741 non

268 2782 472 2828 tantum
504 2789 603 2844 pro
650 2775 899 2843 precibus
943 2775 1169 2840 nostris,
1217 2786 1475 2846 quantum
1524 2792 1619 2846 pro
1657 2777 1852 2833 divinis

269 2867 550 2934 pmeptis
587 2866 794 2921 donare
835 2866 1092 2936 digneris.
1124 2867 1275 2932 Quod
1307 2882 1403 2937 pro
1442 2870 1853 2925 conversatione

270 2967 473 3023 vestra,
502 2974 599 3027 qua
624 2972 740 3024 vos,
769 2957 880 3014 Deo
901 2958 1150 3028 propitio,
1181 2972 1276 3027 per
1294 2959 1409 3013 dies
1431 2959 1671 3028 singulos
1692 2961 1853 3016 audio

270 3050 566 3119 prolicere.
619 3050 738 3105 sine
765 3050 1099 3107 dubitatione
1131 3054 1415 3121 prastetis.
1446 3053 1583 3118 Quia
1612 3054 1728 3120 ipse
1758 3069 1855 3107 uo-

267 3142 384 3209 stis,
415 3141 560 3211 quod
591 3141 683 3196 ille
708 3156 930 3211 regnum
955 3142 1049 3197 Dei
1074 3141 1257 3196 lictitia
1277 3152 1334 3197 et
1357 3142 1711 3213 gratulatione
1732 3158 1854 3214 per-

269 3233 464 3301 cipiet,
508 3240 562 3286 et
605 3235 657 3286 in
705 3242 938 3286 montem
970 3233 1176 3287 Domini
1218 3232 1541 3302 glorificatus
1567 3234 1849 3298 ascendet,

1942 665 2106 735 gloria
2129 665 2308 719 domus
2333 671 2444 735 eius
2467 665 2585 735 (Ps.
2612 683 2795 734 XLVIII,
2818 669 2931 737 Π).
2957 670 3023 724 Et
3044 670 3233 725 iterum
3256 669 3523 726 :Dormie-

1943 764 2062 809 runt
2087 772 2320 810 somnum
2350 773 2528 815 suum.
2556 769 2602 810 et
2633 759 2761 812 nihil
2785 760 3077 813 invenerunt
3111 777 3284 815 omnes
3319 762 3525 815 divitia-

1940 866 2055 902 rum
2084 850 2313 904 manibus
2334 851 2441 904 suis
2467 848 2582 919 (Ps.
2610 866 2768 915 uxv,
2794 851 2873 919 6).
2902 852 3001 919 Qui
3028 852 3316 923 sLbenigni
3344 862 3526 909 essent

1942 944 2134 997 anima:
2154 956 2283 1009 suae,
2310 943 2382 997 illi
2409 944 2584 1012 potius
2614 944 2749 997 bona
2768 958 2862 999 sua
2889 945 3189 1008 crederent,
3217 944 3305 1013 qui
3326 954 3381 999 et
3409 944 3524 999 ido-

1943 1051 2077 1093 neus
2106 1036 2390 1107 tidejussor
2418 1046 2499 1091 est
2530 1050 2855 1106 pauperum,
2899 1048 2953 1092 et
2982 1037 3311 1105 largissimus
3341 1035 3522 1091 reddi-

1945 1137 2029 1182 tor
2050 1143 2351 1182 usurarum.
2379 1128 2494 1183 Non
2522 1142 2650 1198 ergo
2670 1127 2893 1198 cupidus
2915 1128 3007 1193 sis,
3039 1128 3204 1183 frater
3221 1127 3522 1194 carissime,

1945 1234 2086 1275 nunc
2125 1220 2365 1288 recipere
2397 1220 2448 1273 in
2478 1218 2675 1289 duplo;
2716 1218 2859 1289 quod
2906 1218 3165 1275 Dominus
3193 1219 3527 1274 redditurum

1944 1325 2004 1365 se
2036 1311 2127 1365 tibi
2154 1311 2411 1379 promittit
2439 1310 2490 1364 in
2522 1310 2852 1380 centuplum,
2886 1311 3025 1365 unde
3068 1324 3169 1365 nec
3195 1325 3227 1363 a
3265 1310 3404 1365 tinea
3431 1324 3527 1378 po-

1946 1403 2073 1458 teris
2098 1403 2476 1471 pertimescere
2499 1401 2900 1468 exterminium,
2919 1415 3021 1457 nec
3041 1415 3071 1456 a
3094 1400 3213 1456 fure
3234 1399 3529 1456 formidare

1945 1494 2281 1563 dispendium
2311 1492 2523 1562 (Matth.
2555 1506 2665 1558 xix,
2696 1492 2811 1563 29).
2845 1492 2979 1560 Quia
3004 1492 3119 1562 ipse
3148 1492 3406 1547 Dominus
3434 1505 3532 1544 no-

1946 1594 2057 1640 ster
2083 1599 2364 1641 munerum
2392 1598 2610 1639 suorum
2632 1593 2686 1639 et
2708 1583 2927 1654 largitor
2947 1593 3003 1639 et
3021 1593 3205 1639 custos
3231 1593 3335 1639 est.
3366 1581 3529 1637 Finit.

2495 1693 2711 1752 EPIST.
2754 1694 2984 1750 XLVIII.

2132 1790 2433 1859 Aprunculo
2466 1800 2487 1828 ε
2520 1790 2758 1859 episcopo
2795 1788 3035 1843 Ruricius
3062 1789 3345 1859 episcopus;

2017 1905 2206 1974 Exegit
2247 1903 2413 1959 mutui
2455 1905 2653 1959 amoris
2692 1902 2919 1959 affectus
2949 1898 3013 1959 ad
3045 1902 3370 1959 individuam
3401 1906 3539 1982 mili-l

1953 1994 2292 2051 sanctitatem
2321 2004 2554 2050 vestram
2586 1996 2698 2050 sola
2728 2010 2793 2051 ex
2822 2004 2981 2052 causa
3007 1996 3211 2050 liuet-tis
3238 1996 3532 2063 destinare,

1951 2086 2161 2142 etiamsi
2202 2101 2305 2141 non
2338 2102 2397 2142 se
2427 2088 2637 2143 occasio
2672 2095 2971 2157 Opportuna
3011 2087 3328 2157 porrexerit.
3383 2087 3541 2144 Unde

1953 2192 2047 2244 per
2089 2172 2358 2232 hominem
2407 2178 2499 2232 lilii
2531 2174 2635 2233 mei
2677 2174 2881 2233 Leontii
2931 2177 3134 2237 hasad
3180 2179 3541 2250 apostolatuut

1952 2276 2189 2324 vestrum
2216 2266 2357 2333 dedi,
2390 2268 2583 2337 quibus
2614 2270 2965 2338 sospitatione
2995 2268 3247 2341 praelata,
3278 2285 3435 2341 quam
3467 2286 3539 2326 ex

1953 2361 2252 2427 sententia,
2286 2358 2396 2415 Deo
2433 2362 2670 2423 favente,
2706 2360 2961 2432 valeatis,
3002 2362 3235 2433 inquiro.
3264 2361 3397 2430 Quia
3438 2364 3541 2433 ipsi

1954 2452 2125 2507 nostis
2147 2451 2570 2507 incolumitatem
2591 2462 2825 2508 vestram
2852 2460 3092 2507 nostram
3116 2465 3237 2507 esse
3262 2451 3540 2518 laetitiam;

1952 2556 2177 2614 sperans
2202 2552 2278 2610 ut,
2312 2538 2569 2599 redeunte
2590 2545 2838 2616 praefato,
2868 2560 2966 2599 nos
2993 2542 3233 2600 reddatis
3253 2543 3317 2599 de
3342 2545 3542 2601 vestris

1952 2630 2181 2701 actibus,
2208 2634 2436 2705 propitia
2461 2634 2767 2703 Divinitate,
2791 2651 3032 2705 securos,
3054 2632 3191 2706 quos
3211 2630 3401 2694 videtis
3421 2652 3543 2695 esse

1953 2726 2020 2784 de
2049 2728 2403 2799 prosperitate
2431 2724 2711 2785 sollicitos.

2529 2842 2743 2900 EPIST.
2786 2844 2973 2900 XLIX.

2200 2934 2437 2988 Ruricius
2466 2934 2733 3007 episcopus
2763 2933 3030 2991 Ceraunia
3058 2938 3295 2992 salutem.

2028 3024 2104 3081 De
2144 3023 2542 3094 sincerissima,
2588 3042 2690 3097 qua
2730 3042 2831 3083 nos
2871 3043 2967 3098 pro
3004 3028 3330 3101 benignitate
3373 3030 3544 3089 animi

1957 3118 2066 3183 tui,
2098 3132 2201 3173 non
2232 3132 2329 3186 pro
2355 3116 2551 3171 nostris
2582 3117 2787 3173 meritis
2806 3118 3044 3189 dignaris
3070 3120 3317 3176 excolere
3344 3121 3398 3174 in
3427 3120 3531 3176 Do-

1956 3208 2122 3274 mino,
2170 3208 2390 3263 caritate
2428 3207 2703 3265 confidens
2722 3250 2737 3275 ,
2768 3222 2990 3266 securus
3016 3210 3113 3267 bas
3139 3211 3205 3266 ad
3234 3212 3540 3267 veneratio—

268 3299 360 3393 (μδ
405 3326 645 3393 pecuniae
685 3340 794 3380 sua,
838 3339 1052 3379 usuram
1094 3341 1201 3379 mm
1223 3299 1285 3380 'in
1317 3326 1563 3395 presenti
1596 3326 1793 3380 meum
1819 3342 1850 3381 a
1878 3327 1927 3394 α
1958 3317 2082 3395 nem
2120 3312 2261 3395 tuam
2304 3299 2515 3395 direxi,
2550 3300 2743 3373 quibus
2787 3302 2849 3395 in
2873 3302 3097 3395 Domino
3123 3318 3186 3359 ac
3216 3303 3325 3358 Deo
3354 3312 3542 3359 nostro

267 3418 515 3487 proximo
541 3432 640 3472 suo
660 3420 916 3486 exegerit,
951 3417 1044 3471 sed
1069 3431 1097 3471 a
1129 3416 1354 3471 Domino
1373 3418 1762 3487 exspectaverit
1788 3418 1843 3474 in

267 3508 479 3573 luturo';
523 3522 625 3562 nec
658 3522 752 3576 per
779 3500 961 3561 dolosa
991 3504 1251 3563 beneficia
1292 3509 1513 3577 laqueos
1552 3506 1844 3564 laboranti-

267 3597 362 3654 bus
391 3598 569 3668 injicit
601 3598 964 3652 insolubiliunt
994 3597 1293 3654 debitorum
1316 3640 1331 3665 ,
1364 3598 1457 3653 sed
1487 3596 1629 3653 illius
1656 3609 1741 3655 est
1770 3600 1846 3657 fe-

266 3699 484 3746 nerator
508 3699 571 3746 et
594 3682 853 3756 creditor,
882 3682 971 3762 qui
1001 3692 1168 3747 dicit:
1193 3692 1337 3755 date,
1360 3700 1413 3747 et
1434 3692 1646 3747 dabitur
1672 3693 1844 3761 vobis,

267 3790 319 3837 et
352 3798 460 3853 qua
486 3794 743 3837 mensura
772 3783 947 3838 mensi
977 3778 1215 3851 fueritis,
1246 3797 1308 3838 ea
1337 3785 1648 3839 remetietur
1673 3785 1844 3840 vobis.

268 3869 504 3928 inﬁdelis
546 3872 734 3943 utique
778 3883 831 3927 et
876 3872 1089 3943 iniquus
1135 3883 1218 3929 est
1261 3875 1422 3929 etiam
1452 3874 1586 3939 sibi,
1618 3877 1705 3946 qui
1747 3878 1852 3930 hoc

267 3967 402 4035 quod
426 3964 596 4035 elegit
621 3964 1129 4035 concupiscendum,
1162 3978 1270 4020 non
1293 3966 1406 4019 vult
1434 3965 1633 4021 habere
1659 3980 1851 4036 perpe-

268 4064 434 4112 tuum.
466 4056 732 4125 Quamvis
753 4057 897 4111 enim
917 4058 1221 4128 quicunque
1245 4052 1409 4112 multa
1434 4057 1652 4119 condat,
1685 4058 1849 4111 multa

266 4158 591 4221 congreget,
638 4156 694 4204 et
733 4148 940 4204 inﬁnita
982 4149 1212 4206 diversis
1252 4146 1726 4204 nundinationibus
1763 4162 1853 4203 ac-

266 4244 475 4312 quirat,
524 4241 809 4298 mendicus
848 4240 918 4297 de
958 4240 1060 4298 hoe
1101 4240 1304 4297 mundo
1343 4236 1618 4307 discedet,
1651 4242 1751 4295 nisi
1780 4241 1849 4298 de

268 4333 422 4391 rebus
447 4334 571 4390 suis
591 4334 895 4404 portionem
915 4342 1066 4388 suam
1091 4333 1158 4388 ad
1183 4342 1442 4388 mternam
1469 4331 1848 4387 beatitudinem

267 4434 386 4482 ante
425 4425 793 4496 pramiserit,
824 4424 1039 4481 dicente
1078 4422 1303 4480 Domino
1343 4438 1440 4493 per
1489 4423 1801 4494 prophetam
1833 4440 1847 4477 :

268 4517 347 4573 Ne
374 4519 658 4574 timueritis
678 4559 694 4585 ,
726 4533 844 4572 cum
881 4518 1017 4573 dives
1044 4517 1212 4586 {actu
1253 4517 1406 4587 fuerit
1439 4514 1591 4570 homo
1611 4558 1624 4580 ,
1663 4526 1709 4569 et
1736 4532 1849 4569 cum

268 4612 611 4681 rnultiplicata
648 4609 805 4677 fuerit
848 4609 1016 4679 gloria
1050 4609 1229 4663 domus
1262 4608 1392 4677 ejus.
1436 4608 1569 4674 Quia
1598 4622 1698 4661 non
1734 4620 1849 4660 cum

1956 3394 2181 3449 salutem
2211 3392 2433 3449 uberem
2464 3390 2679 3462 dicens,
2711 3393 3013 3462 specialiter
3058 3409 3187 3465 rogo
3216 3402 3273 3448 ut
3316 3408 3381 3450 ea
3420 3410 3544 3465 quas

1956 3499 2051 3556 per
2080 3499 2292 3541 servum
2328 3493 2564 3539 vestrum
2605 3483 2902 3539 Amandum
2949 3483 3113 3539 verbo
3160 3480 3187 3521 ἀ
3219 3485 3451 3555 Speravi,
3492 3485 3543 3539 si

1958 3573 2211 3646 possibile
2234 3582 2338 3641 est,
2362 3574 2515 3629 nobis
2535 3574 2651 3629 sine
2670 3573 2926 3630 dilatione
2945 3586 3201 3645 praestare
3221 3572 3534 3646 dignemini.

1956 3666 2091 3734 Quia
2127 3665 2241 3720 haec
2266 3680 2352 3721 res
2382 3674 2436 3721 et
2463 3680 2561 3720 nos
2589 3665 2830 3722 relevare
2852 3675 3047 3735 potest,
3079 3673 3131 3721 et
3158 3665 3307 3722 vobis
3333 3658 3540 3721 nullum

1959 3765 2134 3827 potest
2165 3756 2356 3812 afferre
2403 3756 2775 3827 dispendium;
2820 3756 2962 3828 quod
3001 3773 3100 3827 ego
3140 3774 3236 3829 pro
3281 3758 3544 3814 beneficio

1956 3847 2189 3903 maximo
2227 3850 2571 3916 computabo.
2618 3849 2815 3903 lterum
2863 3850 2919 3902 in
2966 3864 3071 3919 quo
3104 3849 3405 3917 jusseritis,
3456 3851 3544 3905 vel

1956 3957 2083 3997 usus
2113 3943 2384 4015 exegerit,
2417 3940 2587 3997 vicem
2628 3942 2917 4011 reciprocis
2950 3941 3219 4011 obsequiis
3250 3955 3543 4011 repensare

1955 4031 2294 4089 contendam.

2582 4119 2799 4203 Eptsr.
2838 4120 2900 4177 L.

2048 4202 2289 4271 Ruricius
2318 4215 2585 4286 episc0pus
2616 4214 2861 4269 Censurio
2895 4223 2918 4252 ο
2944 4230 3183 4286 episcOpo
3210 4225 3443 4270 satutem.

2030 4331 2258 4386 Litteras
2287 4329 2585 4385 sanctitatis
2623 4339 2845 4397 vestrae,
2896 4330 2996 4384 etsi
3035 4344 3131 4399 per
3168 4330 3537 4397 occasionem,

1958 4420 2230 4491 accepisse
2262 4436 2348 4477 me
2382 4421 2639 4491 gratulor.
2680 4420 2798 4476 Non
2826 4424 2969 4477 enim
3010 4423 3231 4479 interest
3259 4432 3437 4478 utrum
3472 4438 3540 4479 ex

1960 4515 2278 4571 necessitate
2304 4523 2395 4570 aut
2422 4530 2487 4568 ex
2516 4515 2806 4582 voluntate,
2840 4514 3130 4571 dummodo
3162 4516 3299 4571 inter
3318 4531 3375 4571 se
3405 4516 3542 4572 invi-

1958 4621 2073 4661 cem
2106 4608 2193 4675 qui
2224 4621 2281 4662 se
2304 4606 2527 4675 diligunt
2548 4606 2939 4677 colloquantur,
2967 4617 3022 4662 et
3044 4623 3178 4677 quos
3202 4621 3428 4679 corpore
3461 4609 3541 4663 lo-

335 4776 360 4810 α
392 4769 508 4827 Duo
540 4770 693 4827 fuere
724 4778 852 4824 tunc
874 4767 1132 4838 temporis
1158 4766 1210 4823 in
1238 4764 1423 4823 Galliis
1450 4764 1546 4821 viri
1573 4766 1848 4838 cognomi-
1876 4768 1931 4830 ι)
1954 4756 2123 4838 matre
2142 4758 2391 4838 Arverna
2414 4763 2603 4838 itidem
2636 4772 2816 4838 natum
2846 4762 2980 4838 dixit
3002 4761 3259 4838 Baronius
3280 4779 3369 4817 an.
3404 4760 3535 4829 48$,

264 4856 374 4907 nes,
403 4845 563 4915 prior
601 4841 874 4915 prolessor
903 4835 1002 4895 fuit
1024 4838 1431 4915 grammatices,
1472 4838 1607 4891 alter
1637 4850 1764 4915 vero
1791 4835 1848 4890 in

265 4906 582 4983 episcopum
604 4906 1075 4983 Babilonensem‘a
1116 4909 1606 4983 Patiente_electns.
1640 4906 1849 4983 Ilic_est

266 4976 321 5039 id
350 4976 741 5055 quem‘scribit
766 4980 1034 5055 Ruricius,
1067 4993 1330 5055 quemque
1360 4976 1841 5055 fratrem_appe_lla-

267 5046 484 5110 vit.'llic
514 5053 754 5109 Joannes
779 5046 1094 5105 humanitate
1111 5046 1347 5118 insignis,
1377 5049 1548 5116 inquit
1572 5046 1845 5110 Sidonius,

268 5128 428 5179 lector
455 5122 900 5195 primumrfuerat
921 5129 1063 5195 etes
1087 5120 1291 5195 ratione
1314 5119 1557 5195 minister
1579 5119 1763 5171 altaris
1781 5119 1849 5172 ab

266 5191 506 5252 infantia.
548 5193 753 5250 Deinde
790 5191 1198 5247 archidiaconus
1236 5192 1425 5253 factus.
1452 5191 1501 5242 in
1534 5204 1599 5244 eo
1629 5204 1850 5249 munere

266 5269 527 5333 plurimos
561 5278 733 5335 annos
761 5263 832 5317 ob
859 5261 1170 5335 industriam
1210 5261 1455 5335 detentus
1492 5269 1604 5335 est;
1633 5259 1842 5335 tandem

262 5328 477 5391 secundi
511 5332 724 5401 ordinis
754 5329 1006 5388 sacerdos
1042 5330 1241 5395 factus,
1273 5328 1397 5385 eum
1433 5329 1667 5397 episcopi
1701 5328 1844 5382 laba-

263 5418 497 5461 scentetn
534 5420 590 5460 tn
624 5404 861 5459 Ecclesia
895 5402 1231 5458 Cabilonensl
1269 5401 1602 5468 disciplinain
1641 5410 1845 5452 restau-

263 5489 379 5532 rare
406 5478 653 5539 vellent,
681 5475 987 5543 episcopus,
1012 5472 1142 5529 nihil
1169 5472 1275 5528 tale
1301 5472 1561 5541 cogitans,
1591 5478 1646 5524 ut
1674 5471 1841 5535 aiunt,

263 5546 464 5604 electus
489 5555 599 5604 est.
622 5545 785 5599 BASN.
844 5604 845 5607 η

324 5616 352 5657 δ
386 5620 519 5673 limo
559 5632 663 5671 vox
704 5617 778 5668 ita
817 5611 1010 5669 litteris
1038 5611 1087 5668 M
1123 5620 1178 5667 et
1209 5609 1255 5666 Α
1284 5611 1531 5681 implexis
1574 5618 1845 5665 contracta

263 5699 337 5743 est
375 5700 437 5744 ut
486 5689 777 5757 desperem
816 5685 1028 5753 legere,
1072 5680 1413 5738 divinandum
1463 5682 1639 5753 igitpr.
1688 5680 1848 5736 Forte

265 5762 491 5813 Amicus.

330 5841 353 5869 ε
384 5829 609 5898 Sinnius
651 5825 734 5898 ad
760 5823 1140 5898 eum__scrip_sit
1183 5823 1458 5898 lluricins,
1508 5830 1565 5876 ut
1609 5830 1753 5898 patet
1782 5837 1847 5875 ex

268 5893 513 5969 epistolis
546 5896 643 5966 5i,
668 5896 740 5957 65
777 5904 833 5956 et
870 5894 958 5956 56.
1000 5893 1084 5954 Ad
1120 5908 1244 5952 eum
1286 5894 1556 5966 pertinere
1604 5896 1806 5967 Aprum
1825 5932 1843 5967 ,

1958 4834 1994 4891 I.
2022 4850 2099 4899 vi,
2129 4834 2255 4889 427.
2299 4836 2379 4889 An
2411 4835 2675 4890 intellexit
2713 4831 2973 4887 annalista
3011 4835 3209 4901 Aprum
3239 4846 3359 4888 esse
3388 4848 3539 4887 euut-

1957 4907 2078 4961 dem
2108 4920 2171 4960 ac
2206 4905 2607 4971 Aprunculum,
2638 4905 2723 4959 vel
2761 4904 2928 4970 ipsius
2974 4902 3233 4957 fratrem?
3280 4902 3537 4958 Neutrum

1957 4991 2144 5033 verum
2173 4986 2278 5032 est.
2302 4976 2639 5044 Aprunculus
2661 4990 2763 5029 non
2795 4973 2892 5028 fuit
2916 4974 3208 5044 Arvernus.
3240 4974 3537 5043 Lingonum
3635 4984 3641 5027 έ

1958 5048 2010 5101 iit
2043 5042 2511 5114 Burgundionibus
2536 5046 2716 5099 sedem
2748 5044 2945 5106 tenuit,
2976 5042 3069 5098 sed
3104 5042 3420 5099 Arianordm
3453 5050 3535 5098 l‘u-
3634 5058 3644 5067 ‘

1992 5118 2105 5171 iens
2137 5116 2355 5170 insidias
2386 5117 2744 5170 Arvernorum
2785 5115 3070 5184 episeopus
3091 5153 3107 5179 ,
3140 5123 3258 5181 post
3308 5124 3533 5169 mortem

1998 5186 2159 5241 idonii
2203 5187 2304 5241 luit
2341 5188 2567 5241 electus.
2616 5186 2697 5241 Ab
2731 5200 2798 5239 eo
2835 5194 3012 5239 autem
3044 5192 3158 5239 toto
3195 5185 3331 5239 creto
3356 5184 3536 5241 dill‘ert

1955 5256 2098 5326 Aper
2120 5259 2231 5311 sive
2257 5260 2447 5327 Asper,
2471 5258 2557 5325 qui
2582 5270 2916 5327 nequaquam
2944 5254 3046 5327 fuit
3062 5255 3364 5327 episcopus.
3390 5255 3533 5312 Illius

1955 5323 2205 5396 parentes
2242 5323 2363 5382 vide
2393 5323 2735 5381 enumeratos
2772 5323 2910 5396 apud
2955 5323 3235 5381 Sidonium
3267 5325 3305 5380 Ι.
3337 5342 3411 5392 ιν,
3444 5342 3528 5396 ep.

1951 5400 2040 5463 2i,
2070 5398 2175 5453 959
2201 5413 2289 5467 op.
2323 5397 2594 5452 Sirmond.
2624 5398 2783 5451 Bssn.

2022 5467 2050 5505 ⁸³
2082 5468 2242 5523 Forte
2268 5469 2571 5538 signiﬁcavi.

2028 5549 2051 5575 ο
2080 5538 2199 5593 Fuit
2241 5536 2331 5593 ille
2357 5538 2827 5594 Antissidiorensis
2876 5536 3193 5608 episcopus,
3240 5536 3533 5608 appellatur

1952 5622 1982 5663 a
2027 5609 2248 5664 Sidonio
2289 5608 2597 5679 Censorius,
2644 5618 2878 5663 attamen
2913 5605 3240 5679 presbyter,
3266 5605 3370 5679 _'qui
3416 5605 3533 5679 ejus

1953 5680 2171 5733 nomine
2199 5680 2360 5733 vitam
2390 5678 2446 5735 S.
2480 5674 2733 5735 Germani
2762 5674 3057 5749 inscripsit,
3086 5674 3163 5731 sic
3193 5674 3353 5730 habet
3381 5690 3395 5727 :
3428 5674 3535 5749 Do:

1953 5750 2089 5801 mino
2132 5750 2417 5803 beatissimo
2460 5759 2508 5804 et
2548 5751 2669 5803 milii
2700 5745 2978 5819 apostolico
3026 5748 3215 5819 honors
3259 5745 3537 5819 venerabili

1950 5819 2197 5873 Celtstti'io
2232 5836 2379 5887 papas
2405 5814 2742 5875 Constantius
2757 5828 3011 5889 peccator.
3042 5818 3131 5875 Sic
3162 5814 3412 5871 Ruricius
3438 5830 3537 5872 no-

1951 5904 2080 5949 ster.
2114 5890 2271 5949 Ussit.
