4080 6350
537 337 644 394 H9

534 641 716 694 nerale
740 639 823 692 vel
849 638 1133 691 maximum
1156 637 1325 692 virtus
1349 636 1440 689 diu
1460 637 1617 704 jactus
1643 637 1853 705 pietatis
1875 635 2119 703 indulsit,

534 743 590 786 ut
623 731 710 797 qui
750 745 845 784 nos
874 737 1090 796 aspectu
1124 731 1320 782 carnali
1358 744 1461 781 non
1507 742 1788 797 possumus
1833 730 2075 782 contueri
2094 739 2121 795 ,'

531 823 791 893 Spirituali
839 822 1376 876 cernamus'obtutu.
1427 821 1579 875 Unde
1627 823 1884 876 redeunte
1932 822 2117 890 gerulo

529 914 826 969 litterarum
857 915 952 968 has
973 955 986 978 ,
1015 915 1152 968 sicut
1180 914 1511 982 injunxistis,
1548 914 1771 968 reddere
1799 915 2121 984 procuravi,‘

527 1020 584 1062 nt.
624 1018 677 1061 et
708 1005 1051 1061 sollicitudini
1077 1007 1286 1059 vestrae
1331 1015 1385 1060 et
1427 1014 1622 1058 mutua:
1663 1006 1868 1059 caritati
1915 1006 2116 1074 pariter

528 1099 939 1166 rchionderem.‘
970 1096 1132 1151 Salve
1172 1097 1350 1165 itaque
1379 1095 1695 1164 apostolatui
1724 1104 1906 1150 vestro
1950 1094 2119 1164 pluri-

527 1205 670 1242 nium
702 1187 979 1256 dependo,
1011 1195 1064 1240 et
1093 1187 1194 1240 hoc
1217 1185 1372 1250 'quod
1412 1185 1652 1254 apicibus
1683 1200 1923 1239 mearum
1968 1185 2117 1239 testi-

526 1282 708 1334 monio
751 1279 997 1332 voluistis
1049 1291 1377 1346 agnoscere,
1425 1286 1600 1330 utrum
1649 1276 1872 1331 Sindilla
1922 1290 2115 1346 porcos

525 1369 687 1435 suos,
735 1370 994 1438 prudente
1038 1369 1312 1423 Fmdamio
1344 1368 1702 1437 perdidisset;
1742 1368 1994 1423 noveritis
2027 1384 2114 1425 me

527 1465 665 1532 apud
697 1464 941 1516 homines
963 1476 1144 1527 meos,
1173 1463 1262 1515 ubi
1293 1461 1546 1526 fuerunt,
1577 1457 1863 1530 diligenter
1893 1461 2112 1531 perqui-

526 1551 821 1611 sisse.'Sed
852 1558 991 1608 sicut
1018 1563 1141 1623 ante
1169 1554 1277 1622 jam
1309 1568 1562 1607 noveram
1593 1554 1760 1622 magis
1795 1561 1849 1608 et
1880 1554 2008 1607 istos
2036 1553 2114 1607 la-

526 1651 710 1722 borem
758 1648 984 1702 faciente
1025 1656 1050 1683 δ
1091 1645 1828 1717 paci,Sindill:epcrpessos
1873 1660 2027 1712 esse,
2059 1655 2114 1700 et

528 1745 698 1812 ipsum
731 1756 1074 1819 porcossuos
1104 1753 1199 1810 per
1232 1739 1633 1810 perversitatem
1661 1753 1844 1804 suam,
1885 1739 2012 1792 dum
2044 1738 2113 1794 de

1884 334 2135 391 RURICII
2177 333 2478 392 EPISCOPI

534 444 719 510 eorum
764 454 1039 510 intervalla
1089 451 1492 518 discriminant,
1543 452 1839 506 animorum
1885 467 1946 507 ac
1996 455 2198 517 sen-A

533 539 690 600 suum
722 546 980 614 colloquia
1022 543 1121 597 lida
1152 545 1492 612 conjungant.
1527 544 1658 611 Quia
1698 545 1798 597 hoc
1836 541 2116 614 nobis'ge-
2177 548 2183 554 ’

3697 334 3808 390 ηομ

2832 448 3045 505 EPIST.
3089 447 3198 503 Lll.

2353 589 2359 596 .
2399 544 2642 599 Ruricius
2670 559 2933 614 episcOpus
2966 541 3224 597 Prwsidio
3258 540 3367 610 ﬁlio
3394 539 3628 594 salutem.

2235 663 2239 668 ~
2294 636 2613 705 Plerumque
2657 633 2942 707 [Plerique]
2991 633 3116 688 dum
3169 645 3257 687 me
3301 631 3440 700 apud
3481 629 3796 688 individuam

2221 727 2352 782 mihi
2397 727 3058 782 sublimitatem'vestram
3107 739 3215 780 non
3261 723 3385 778 vita:
3437 723 3662 788 merito,
3706 721 3796 778 sed

2220 809 2574 874 amicitiarum
2601 818 2879 889 privilegio
2905 818 3129 872 multum
3152 829 3312 887 posse
3339 814 3636 881 confidunt,
3657 828 3796 870 com-

2222 913 2562 967 mendatitias
2591 928 2620 968 a
2658 911 2811 967 nobis
2839 912 3032 981 quibus
3070 910 3225 966 vobis
3253 920 3598 974 excusentur,
3627 909 3798 978 inqui-

2219 1013 2345 1058 runt
2374 1022 2387 1056 :
2417 1018 2547 1073 quas
2587 1005 2665 1058 eis
2696 1017 2792 1073 pro
2828 1001 2990 1057 ofﬁcii
3033 1001 3206 1056 nostri
3253 1000 3574 1056 necessitate
3611 1013 3798 1070 negare

2220 1109 2326 1149 non
2358 1109 2672 1164 possumus;
2705 1107 2812 1148 non
2834 1092 3275 1163 praesumptionis
3309 1091 3563 1156 audacia,
3589 1090 3680 1146 sed
3707 1092 3798 1145 mi-

2219 1187 2426 1241 nisterii
2467 1185 2780 1255 disciplina,
2811 1185 2942 1240 dum
2971 1193 3026 1240 et
3055 1184 3162 1239 illis
3195 1184 3480 1254 praesentis
3507 1183 3630 1237 vita:
3657 1183 3799 1237 sola-

2217 1279 2350 1332 tium
2369 1318 2385 1345 ,
2412 1286 2467 1331 et
2498 1277 2651 1333 vobis
2676 1275 2962 1346 providere
2989 1274 3362 1330 desideramus
3389 1283 3626 1329 :eternze.
3660 1272 3730 1328 Ut
3750 1281 3798 1328 et

2218 1370 2296 1424 illi
2335 1385 2431 1440 per
2459 1369 2772 1439 patientiam
2803 1375 3035 1422 vestram
3066 1375 3414 1422 reserventur
3444 1365 3510 1419 ad
3544 1365 3798 1436 paeniten-

2218 1462 2377 1529 tiam;
2418 1471 2472 1517 et
2514 1476 2612 1516 vos
2648 1476 2744 1531 per
2786 1458 3212 1515 misericordiam
3251 1456 3579 1528 perveniatis
3619 1456 3685 1510 ad
3715 1471 3800 1510 ve-

2217 1560 2381 1624 niam,
2414 1557 2554 1612 sicut
2581 1556 2710 1611 dicit
2733 1537 3008 1625 scriptura
3037 1539 3052 1610 ὲ
3086 1552 3219 1619 Quia
3233 1552 3496 1624 judicium
3521 1551 3629 1604 sine
3657 1549 3799 1603 mire

2214 1652 2438 1706 ricordia
2461 1652 2554 1704 erit
2586 1651 2672 1720 qui
2694 1652 2795 1703 non
2817 1649 2991 1718 fecerit
3012 1647 3416 1701 misericordiam
3439 1643 3580 1714 (Jac.
3603 1659 3662 1709 tt,
3690 1643 3800 1712 i5).

2216 1746 2347 1812 Quia
2379 1745 2515 1799 dixit
2538 1765 2550 1798 :
2579 1743 2850 1808 Dimittile,
2882 1751 2930 1796 et
2950 1741 3228 1794 dimittitur
3248 1739 3386 1793 vobis
3413 1737 3566 1809 (Luc.
3589 1752 3664 1803 vi,
3689 1735 3799 1805 57).

525 1837 930 1915 adversapat‘te
960 1848 1080 1888 esse
1113 1849 1171 1886 se
1195 1832 1422 1912 Ῑεξοιίιθῐ.
1452 1830 1697 1885 amiSisse
1722 1830 1971 1910 θοςηφνὶ.
1996 1828 2109 1884 Cal-
2140 1829 2189 1892 B
2217 1835 2407 1891 Procul
2437 1834 2598 1888 dubio
2630 1849 2788 1903 quem
2818 1832 3013 1887 viderit
3048 1830 3133 1885 hic
3159 1832 3337 1886 facere
3365 1829 3505 1899 quod
3537 1827 3799 1898 praecipit,

527 1905 700 2003 terum
734 1911 1007 2003 praefatum
1034 1905 1365 1999 Fmdamium
1398 1923 1472 1976 illi
1512 1922 1742 1996 ingnullo
1769 1903 2108 1990 culpabilem.

524 2001 835 2090 Nanthuod
865 2001 1118 2087 pertulit,
1153 2018 1281 2071 nulli
1313 2016 1416 2070 nisi
1443 2016 1614 2090 debet
1640 2025 1693 2069 et
1731 2014 1981 2068 omnibus
2008 2001 2115 2067 im-l

524 2085 830 2181 putape.'ln
873 2095 979 2180 qua
1019 2096 1212 2174 causa,
1251 2118 1507 2179 quantum
1539 2106 2111 2180 ego'contemplationi

521 2187 729 2274 vestri,
753 2211 808 2256 ut
837 2183 1084 2256 homines
1111 2187 1315 2268 vestri,
1347 2209 1442 2254 aut
1485 2216 1515 2254 a
1545 2200 1784 2254 custodia
1817 2187 2116 2254 liberaren¥

521 2275 630 2370 tur,
661 2282 753 2370 aut
777 2281 968 2364 porcos
985 2279 1204 2368 vestros
1229 2293 1553 2362 reciperent,
1578 2291 1956 2361 laboraverim,
1982 2291 2112 2360 ipsis

520 2388 628 2456 iam
661 2371 1054 2462 referentibus,
1089 2385 1296 2455 plenius
1328 2385 1574 2454 potuistis
1611 2372 1938 2454 agnoscere;
1968 2384 2112 2454 quod

523 2462 808 2552 propterea
836 2491 1057 2530 necesse
1090 2465 1326 2531 nonfuit
1355 2477 1548 2531 litteris
1580 2477 1834 2531 indicare.
1862 2476 2110 2531 Vestrum

522 2557 632 2646 est:
649 2569 923 2622 hominem
955 2583 1140 2621 verum
1173 2567 1315 2635 justc
1339 2552 1425 2621 ab
1466 2567 1625 2635 hujus
1655 2569 1935 2621 calumniae
1966 2569 2116 2635 obje-

523 2647 704 2714 ctione
734 2658 1044 2722 defendere,
1071 2673 1174 2728 qua
1198 2673 1375 2712 meum
1401 2659 1601 2726 injuste
1622 2659 1836 2728 scriptis
1869 2659 2112 2728 agnosci-

525 2753 592 2806 tis
619 2752 908 2806 sustinere.

1151 2839 1362 2896 El’lST.
1406 2840 1491 2896 LI.
1857 2900 1859 2902 .

543 3002 547 3006 γ
622 3002 625 3005 ξ
714 2924 956 2991 Ruricius
981 2935 1245 3008 cpisc0pus
1274 2936 1539 3003 Stephano
1568 2952 1660 2990 suo
1683 2934 1920 2990 salutem.

543 3032 546 3038 '
594 3019 786 3100 lt‘a'me
816 3028 1156 3098 paucissimis
1187 3028 1374 3082 diebus
1416 3029 1479 3081 ad
1510 3029 1712 3082 cultum
1758 3044 1910 3081 suum
1942 3027 2112 3098 pietas

524 3131 716 3177 vestra:
746 3122 1044 3175 sanctitatis
1072 3107 1273 3187 illexit,
1306 3131 1364 3174 ut
1389 3137 1509 3175 cum
1531 3108 1676 3186 vos,
1711 3121 1820 3176 Deo
1849 3105 2116 3192 propitio,

2187 1961 2193 1968 -
2221 1928 2272 1982 in
2303 1926 2481 1979 futuro
2511 1926 2557 1979 ei
2601 1925 2846 1978 restituet
2882 1922 3022 1992 quod
3055 1921 3322 1991 promisit.
3366 1919 3530 1974 Nobis
3571 1918 3713 1974 enim
3743 1917 3800 1973 ilo

2218 2007 2321 2073 lius
2348 2018 2542 2072 veritas
2579 2025 2774 2086 praesto
2799 2024 2913 2079 est,
2945 2015 2988 2068 si
3019 2013 3095 2068 illi
3127 2013 3261 2069 fides
3289 2011 3489 2068 nostra
3509 2026 3612 2067 non
3641 2011 3799 2066 desit.

2218 2110 2370 2166 Unde
2393 2108 2827 2163 manifestissime
2853 2108 3076 2177 potestis
3103 2106 3385 2161 advertere
3412 2104 3803 2160 absolutionem

2217 2189 2535 2257 miserarum
2560 2209 2860 2255 vestrorum
2883 2213 3004 2253 esse
3024 2197 3404 2267 indulgentiam
3431 2204 3801 2266 peccatorum;

2218 2305 2268 2350 et
2302 2295 2404 2349 hoc
2436 2294 2631 2348 vestris
2660 2291 3046 2348 conferendum
3077 2289 3345 2360 precibus,
3376 2290 3515 2360 quod
3547 2303 3640 2343 vos
3673 2303 3803 2358 pra!-

2217 2388 2369 2443 statis
2397 2387 2619 2453 alienis,
2645 2387 2795 2453 juxta
2825 2385 2993 2455 ipsius
3032 2385 3084 2439 in
3123 2383 3409 2452 Evangelia
3443 2385 3800 2438 sententiam:

2220 2480 2330 2544 Quo
2342 2479 2545 2548 judicio
2576 2476 2954 2544 iudicaveritis,
2977 2475 3295 2546 judicabitur
3323 2478 3386 2527 de
3414 2475 3550 2527 vobis
3581 2472 3800 2544 (Matth.

2216 2586 2308 2637 vn,
2338 2571 2418 2640 2).
2451 2571 2698 2641 Idemque
2727 2585 2822 2639 pro
2852 2569 2987 2622 Urso
3014 2578 3067 2622 et
3089 2567 3262 2635 Lupo,
3292 2566 3380 2636 qui
3402 2566 3469 2620 ad
3503 2580 3619 2629 me,
3652 2565 3802 2634 quasi

2216 2661 2368 2716 vobis
2413 2663 2760 2731 peculiarius,
2800 2660 2939 2716 sicut
2964 2659 3213 2730 superius
3239 2658 3383 2723 dixi,
3411 2657 3646 2711 caritatis
3684 2657 3805 2726 jure

2215 2755 2554 2820 devinctum,
2600 2769 2695 2824 pro
2726 2753 3011 2808 criminum
3043 2765 3261 2806 suorum
3294 2750 3680 2806 intercessione
3709 2765 3803 2804 ve-

2217 2857 2438 2912 nerunt,
2484 2855 2733 2916 precator
2775 2844 3008 2910 accedo;
3056 2855 3114 2899 ut
3162 2844 3392 2914 primum
3438 2843 3575 2911 Deo,
3608 2842 3804 2898 deinde

2218 2939 2371 2993 nobis
2397 2939 2522 3004 hoc,
2554 2937 2696 3007 quod
2726 2938 3115 2992 commiserunt
3134 2975 3149 3000 ,
3179 2935 3382 2990 donare
3410 2934 3676 3004 digneris;
3706 2946 3804 2988 nec

2216 3045 2313 3084 nos
2337 3029 2406 3084 de
2434 3045 2621 3086 eorum
2645 3028 2992 3083 damnatione
3017 3025 3333 3090 confundas,
3357 3024 3446 3095 qui
3473 3039 3532 3080 se
3553 3024 3660 3093 jam
3690 3031 3804 3078 tum

2214 3123 2492 3179 absolutos
2515 3137 2655 3190 esse,
2681 3121 2896 3192 quando
2919 3120 2984 3176 ad
3012 3118 3366 3175 humilitatem
3392 3132 3566 3173 meam
3586 3116 3804 3172 deducti

524 3212 687 3269 corde
731 3215 1000 3270 detineam
1025 3257 1039 3280 ,
1091 3226 1144 3269 et
1193 3215 1362 3269 oculis
1411 3216 1606 3268 mentis
1648 3207 1900 3281 intuear;
1935 3211 2112 3270 tamen
2143 3209 2189 3274 Ο
2219 3226 2362 3286 sunt,
2391 3218 2751 3274 crediderunt.

524 3294 972 3375 semper'affectu
1025 3305 1310 3375 instigante
1360 3309 1689 3374 perquiram.
1732 3307 1866 3374 Quia
1907 3307 2118 3362 scilicet

525 3398 692 3451 breve
729 3396 940 3450 videtur
984 3412 1142 3451 omne
1185 3397 1328 3465 quod
1367 3398 1522 3453 dulce
1549 3409 1662 3463 est;
1695 3399 1765 3453 ita
1794 3399 2114 3469 inexplebile

524 3498 610 3542 est
646 3473 805 3542 omne
827 3529 841 3553 ,
872 3488 1015 3558 quod
1054 3502 1220 3542 carne
1258 3487 1477 3560 [carum]
1518 3498 1620 3543 est.
1651 3490 1716 3544 Et
1760 3490 2113 3559 omnipotenti

523 3579 637 3634 Deo
661 3578 861 3648 gratias
883 3593 1044 3648 super
1075 3587 1182 3634 tarn
1214 3581 1514 3635 admirabili
1537 3581 1681 3635 dono
1707 3582 1842 3652 ejus,
1873 3581 2014 3652 quod
2041 3583 2112 3638 ita

521 3670 848 3738 generaliter
888 3672 1062 3726 servis
1106 3671 1217 3726 suis
1261 3672 1497 3727 tribuere
1539 3673 1790 3729 ineffabili
1836 3674 2114 3742 dispensa-

522 3763 672 3839 tione
699 3749 948 3830 dignatus
985 3773 1100 3832 est,
1134 3772 1193 3817 ut
1231 3763 1284 3817 hi
1328 3766 1417 3834 qui
1458 3765 1800 3835 disparantur
1847 3781 2110 3838 corpore,

523 3854 716 3908 animis
743 3856 1129 3925 jungercntur;
1163 3871 1336 3927 neque
1366 3866 1512 3912 esset
1541 3858 1736 3928 aliquid
1772 3841 1876 3912 tam
1907 3859 2114 3930 longin-

522 3933 686 4016 quum
717 3944 934 4001 difficile
963 3947 1104 4018 quod
1134 3949 1396 4003 mentium
1423 3949 1695 4006 obtutibus
1723 3950 1972 4006 obviarit.
2005 3952 2111 4008 Sed

519 4053 618 4110 per
645 4039 822 4095 cordis
847 4041 1093 4096 intuitum
1122 4042 1195 4097 ibi
1220 4058 1280 4098 se
1307 4043 1532 4099 invicem
1563 4044 1845 4115 diligentes
1873 4046 2112 4103 caritatis

519 4133 974 4200 contemplatione
1019 4135 1429 4203 conspicerent,
1472 4138 1559 4191 ubi
1601 4139 1797 4192 caritas
1827 4140 1944 4208 ipsa
1979 4153 2110 4194 con-

521 4223 682 4276 sistit.
711 4224 828 4288 Quo
850 4224 907 4276 fit
934 4232 993 4277 ut
1025 4225 1292 4281 devinctio
1321 4236 1528 4291 vestra,
1568 4215 1685 4297 quae
1725 4231 1776 4283 in
1810 4231 2110 4286 visceribus

520 4312 658 4364 meis
683 4311 792 4380 jugi
827 4312 1222 4376 recordatione.
1255 4316 1379 4368 dum
1408 4307 1645 4385 quotidie
1675 4329 1984 4384 renovatur,
2017 4335 2112 4374 au-

521 4411 697 4470 getur,
729 4405 927 4457 amoris
954 4405 1116 4459 vestri
1148 4405 1280 4459 mihi
1303 4406 1726 4476 vicissitudiqem
1749 4411 2107 4480 repromittat,

520 4495 730 4549 animus
773 4509 926 4550 meus
957 4495 1089 4550 mihi
1136 4496 1433 4552 animorum
1479 4487 1782 4554 vestrorum
1826 4501 2112 4570 ﬁdejussor

519 4589 769 4654 assistat,
801 4589 928 4644 dum
960 4598 1164 4645 tantum
1192 4591 1292 4645 sibi
1323 4591 1484 4648 audet
1518 4593 1585 4647 de
1615 4605 1788 4648 vestra
1817 4594 2107 4654 dilectione
2133 4585 2189 4648 D

518 4693 876 4747 praesumere,
907 4691 1165 4752 quantum
1211 4684 1361 4740 vobis
1396 4686 1727 4755 concupiscit
1772 4688 2100 4757 impendere.

518 4772 755 4826 Salutem
792 4773 968 4842 itaque
993 4773 1306 4830 beatitudini
1335 4784 1528 4832 vestra:
1557 4777 1838 4846 plurimam
1869 4780 2018 4845 dico,
2049 4791 2105 4838 et

517 4875 680 4928 rogo,
715 4865 1047 4918 incessanter
1075 4868 1347 4921 communi
1394 4867 1621 4923 Domino
1659 4870 2005 4940 supplicetis,
2047 4883 2106 4926 ut

515 4953 814 5008 secundum
853 4955 1066 5012 divitias
1106 4957 1357 5015 bonitatis
1393 4976 1505 5016 suae
1544 4970 1704 5033 atque
1734 4966 1976 5030 virtutis.
2015 4967 2102 5022 cui

515 5045 696 5100 omnia
733 5047 1010 5116 possibilia
1040 5053 1383 5120 confitemur,
1409 5064 1464 5108 ut
1493 5056 1536 5110 si
1567 5057 1618 5109 in
1652 5058 1752 5113 hoc
1775 5059 1970 5114 saeculo
2000 5073 2100 5115 nos

517 5147 735 5205 propter
767 5139 889 5194 vita:
921 5142 1074 5197 istius
1100 5142 1410 5201 turbedines
1434 5161 1496 5201 ac
1531 5149 1812 5220 procellas,
1841 5160 1895 5205 et
1925 5152 2102 5223 regio-

516 5244 640 5281 num
685 5231 964 5288 intervalla
995 5237 1192 5305 saepius
1219 5237 1401 5294 videre
1432 5255 1535 5294 non
1566 5257 1879 5310 possumus,
1920 5243 2004 5298 vel
2032 5244 2101 5298 ad

513 5321 660 5374 illam
709 5323 893 5378 urbem
925 5341 1046 5395 quae
1075 5329 1370 5385 aedificatur
1403 5341 1464 5386 ut
1500 5333 1689 5388 civitas
1732 5335 1902 5406 (Psal.
1932 5353 2098 5403 cxxr,

514 5412 592 5482 5),
627 5414 784 5468 faciat
812 5419 1140 5487 convenire,
1170 5421 1237 5475 ad
1264 5437 1424 5490 quam
1454 5440 1552 5478 nos
1593 5427 1957 5485 misericordia
1989 5428 2099 5485 Do-

516 5506 645 5561 mini
678 5510 876 5576 poterit
896 5510 1156 5578 perferre,
1184 5528 1278 5568 vos
1307 5517 1512 5572 merita.

589 5721 615 5784 ξι
649 5714 821 5769 Locus
845 5721 1144 5784 corruptus.

585 5781 614 5822 δ
643 5786 715 5840 De
742 5802 807 5840 eo
838 5781 1082 5858 superius
1113 5788 1176 5842 ad
1212 5788 1368 5858 epist.
1400 5787 1486 5844 19.

2816 3330 3030 3389 EPIST.
3072 3331 3203 3388 LIII.
3237 3395 3241 3399 ,
3272 3295 3277 3299 ’

2385 3425 2630 3481 Ruricius
2664 3427 2936 3496 episcopus
2967 3426 3180 3481 Rustico
3201 3422 3227 3463 δ
3256 3424 3364 3495 ﬁlio
3391 3423 3626 3488 salutent.

2239 3594 2241 3597 .
2292 3541 2463 3596 Extra
2488 3538 3304 3609 affectumconsuetudinarium
3338 3546 3392 3595 et
3418 3538 3705 3608 probatum
3751 3545 3807 3594 et

2223 3631 2609 3708 humanitatem
2655 3632 2811 3688 nobis
2841 3633 3078 3702 dignaris
3105 3630 3437 3701 impendere,
3463 3630 3589 3686 dum
3620 3629 3806 3686 usibus

2217 3726 2326 3780 tuis
2375 3725 2633 3790 detrahis,
2677 3726 2822 3794 quod
2849 3726 3050 3781 nostris
3080 3725 3325 3796 largiaris
3360 3723 3636 3795 expensis.
3668 3723 3806 3791 Quia

2217 3835 2385 3890 puero
2429 3829 2610 3875 vestro
2637 3819 2907 3875 referente
2932 3820 3179 3890 cognovi,
3211 3818 3354 3889 quod
3398 3818 3714 3888 piscationis
3751 3818 3804 3873 in

2216 3913 2425 3968 viscera
2457 3927 2552 3981 pro
2581 3921 2730 3982 parte
2752 3910 2940 3967 Visera
2980 3910 3134 3966 nobis
3157 3911 3399 3980 iusseras
3443 3908 3666 3964 delicias
3705 3909 3806 3963 mi-

2217 4007 2467 4062 nistrare.
2487 4004 2640 4061 Unde
2661 4004 2986 4060 salutatione
3011 3995 3268 4072 depensa,
3291 4001 3490 4072 gratias
3511 4015 3613 4071 ago
3641 4000 3804 4070 pluris

2215 4114 2353 4165 mas,
2383 4112 2615 4154 exorans
2644 4097 2882 4152 divinam
2921 4094 3346 4151 misericordiam
3378 4103 3436 4148 ut
3462 4109 3557 4164 pro
3595 4092 3805 4148 honore

2213 4208 2375 4260 quem
2406 4191 2560 4245 nobis
2588 4205 2686 4260 pro
2705 4190 2875 4259 ipsius
2904 4189 3098 4245 timore
3119 4187 3445 4258 dependitis,
3476 4196 3532 4244 et
3559 4201 3803 4256 praesen-

2213 4286 2346 4338 tium
2377 4298 2555 4339 rerum
2586 4282 2741 4338 vobis
2771 4283 3016 4339 conferat
3053 4282 3360 4340 felicitatem
3379 4324 3395 4350 ,
3432 4291 3486 4339 et
3509 4281 3799 4339 beatitudi-

2213 4389 2336 4430 nem
2367 4373 2568 4429 tribuat
2595 4373 2917 4430 futurorum.
2944 4374 3108 4431 Finit.

2730 4492 2733 4508 ⁵
2808 4484 3026 4545 EPIST.
3071 4487 3182 4544 LIV

2438 4581 2680 4637 Ruricius
2710 4581 3005 4652 Aprunculo
3040 4591 3062 4618 α
3089 4581 3325 4653 episcOpo
3345 4580 3580 4635 salutem.

2283 4695 2435 4751 Sicut
2461 4694 2668 4751 litteras
2694 4694 2994 4751 sanctitatis
3019 4702 3215 4751 vestrae
3244 4709 3338 4764 per
3367 4693 3539 4747 virum
3570 4704 3801 4747 venera-

2213 4788 2376 4843 bilem
2405 4788 2649 4858 El0gium
2679 4801 2801 4843 cum
2827 4787 3184 4858 gratulatione
3201 4786 3433 4854 suscepi,
3463 4784 3534 4840 ita
3559 4786 3680 4851 has,
3703 4799 3802 4840 eo-

2212 4881 2335 4936 dem
2379 4879 2661 4942 redeunte,
2713 4879 2943 4936 libenter
2997 4879 3171 4935 emisi.
3221 4878 3429 4946 Quibus
3476 4876 3802 4948 apostolatui

2212 4981 2393 5028 vestro
2413 4971 2649 5027 debitum
2677 4970 2996 5041 deponendo
3024 4969 3299 5045 [dependo]
3323 4970 3690 5041 sospitationis
3713 4970 3804 5025 of-

2216 5063 2417 5130 ficium,
2443 5065 2708 5135 simulque
2748 5065 2983 5135 deposco
3028 5076 3084 5121 ut
3110 5080 3207 5136 pro
3233 5064 3386 5120 nobis
3420 5078 3578 5120 orare
3605 5064 3803 5135 digne-

2212 5157 2364 5223 mini,
2400 5168 2454 5214 et
2479 5157 2529 5213 id
2551 5173 2580 5211 a
2607 5161 2877 5214 communi
2906 5158 3132 5215 Domino
3152 5158 3476 5227 peculiarius
3502 5158 3801 5227 postulare,

2213 5257 2273 5302 ut
2301 5248 2411 5317 jam
2440 5248 2653 5304 tandem
2687 5248 2977 5319 aliquando
3005 5252 3060 5304 in
3089 5265 3250 5305 unum
3279 5249 3485 5316 venire,
3520 5258 3576 5304 et
3600 5263 3700 5304 nos
3723 5249 3802 5302 vi-

2213 5339 2343 5394 dere
2394 5356 2722 5405 mereamur;
2757 5350 2814 5396 ut
2849 5341 3077 5409 caritas,
3110 5357 3229 5412 qua:
3255 5340 3550 5396 secundum
3579 5349 3802 5395 senten-

2209 5432 2338 5487 tiam
2363 5434 2688 5489 dominicam
2718 5436 2770 5489 in
2803 5435 3108 5504 pectoribus
3147 5435 3346 5489 nostris
3375 5449 3475 5503 per
3494 5433 3800 5488 absentiam

2207 5526 2350 5596 quod
2393 5526 2535 5596 peris
2581 5538 2661 5585 est
2716 5527 2878 5601 [forte
2925 5531 3060 5599 longi
3111 5525 3399 5598 temporisj,
3453 5524 3665 5598 refrixit
3708 5539 3800 5596 per

2337 5730 2413 5787 De
2441 5745 2507 5788 eo
2535 5731 2780 5804 superius
2816 5735 2880 5790 ad
2908 5688 3066 5804 epist.
3091 5735 3180 5792 48.
