4080 6350
281 369 401 443 t'et'

1716 381 2044 441 EPISTOLA
2091 385 2200 445 LX.

3452 378 3552 440 5.2

273 512 622 605 praesentiam
667 523 858 580 iterum
904 501 970 579 in.
999 522 1213 593 sospitis
1240 523 1521 602 cineribus
1552 523 1861 585 suscitetur,
1894 500 1945 559 Α
1974 517 2146 557 meam
2177 505 2376 573 digna”
2405 508 2557 576 03139.
2589 521 2686 578 P70
2716 523 2778 564 ea
2800 520 2919 579 ([033
2943 509 3080 564 ίηιθτ
3109 521 3207 564 "03
3236 514 3336 571 θεῖν
3371 496 3555 575 υτονῑέ

273 627 342 672 ct
361 618 492 672 vivis
519 618 771 686 vocibus,
820 619 970 689 quasi
1000 619 1152 672 nobis
1195 617 1405 673 ﬂatibus
1435 619 1633 672 veteris
1664 616 1865 669 amoris

271 713 586 766 redivivum
624 712 905 781 repar'etur
939 712 1242 766 incendium
1265 701 1290 763 I:
1325 711 1463 780 quod
1495 725 1676 764 amore
1707 696 1881 778 atque

273 807 486 859 virtute
527 805 662 874 ignis
709 805 874 868 illius,
923 819 1079 873 quem
1125 803 1380 857 Dominus
1414 801 1554 855 misit
1582 801 1632 854 in
1669 788 1880 854 terram-

267 899 441 966 (Luc.
468 915 558 963 sn,
578 897 692 966 49),
723 907 777 953 et
807 900 985 967 spinas
1008 898 1342 968 negligentiae
1369 906 1564 950 nostrae
1587 904 1743 963 atque
1774 893 1868 948 de-

267 991 458 1053 sidiae,
480 991 526 1043 vi
561 1000 765 1044 natura:
797 990 1027 1059 potentis
1050 999 1258 1054 exurat,
1287 987 1529 1043 tenebras
1553 984 1869 1041 dormientis

263 1082 465 1138 cordis
485 1082 771 1138 illuminet.

891 1174 1107 1231 EPIST.
1152 1173 1264 1229 LV.

515 1267 653 1321 Item
678 1266 784 1320 alia
811 1264 1008 1320 Ruricii
1037 1265 1105 1317 ad
1135 1265 1302 1335 ipsum
1332 1263 1637 1332 episcopum.

359 1361 661 1416 Assiduitas
687 1370 712 1397 ι
745 1344 1100 1427 supplicatum
1148 1357 1359 1425 supplet
1407 1355 1457 1407 in
1492 1354 1643 1407 nobis
1687 1351 1870 1420 gratia:

266 1452 584 1506 communis
633 1449 891 1516 officium,
943 1458 998 1502 ut
1046 1447 1146 1501 hoc
1177 1446 1315 1512 quod
1361 1444 1534 1498 facere
1581 1443 1870 1497 debeamus

274 1528 474 1614 super
505 1554 704 1599 mutum
731 1540 1037 1596 dilectionis
1077 1538 1350 1603 affectum,
1395 1538 1617 1592 facimus
1659 1548 1754 1603 per
1779 1527 1882 1588 ex;

269 1646 458 1693 terna:
488 1636 821 1692 necessitatis
853 1634 1174 1702 imperium;
1215 1631 1340 1685 dum
1372 1630 1559 1683 aliena:
1589 1628 1871 1681 tribuimus

266 1731 551 1802 petitioni,
597 1728 736 1799 quod
761 1727 991 1798 propriae
1016 1725 1212 1781 debere
1245 1739 1343 1778 nos
1379 1723 1750 1793 cognoscimus
1775 1717 1880 1774 ca-'

272 1824 459 1878 ritati.
496 1820 563 1877 Ut
596 1821 709 1874 lucc
730 1821 1028 1873 litterarum
1055 1815 1393 1872 necessitudo
1420 1823 1561 1869 esset
1588 1829 1652 1868 ex
1683 1813 1884 1867 volun-’

271 1926 400 1971 tate
422 1901 1078 1980 necessitudinisjoCunda
1104 1925 1236 1964 nova
1262 1910 1566 1964 calamitate
1587 1907 1872 1976 deploran-

274 2009 362 2062 tis
386 2015 618 2060 extorta.
647 2003 846 2057 Tamen
877 2002 1000 2070 quia
1028 2009 1373 2071 spontaneam
1401 1998 1666 2054 scribendi
1694 2000 1872 2067 negle-

273 2099 465 2170 gimus
510 2097 758 2167 gratiam,
808 2094 995 2149 saltem
1025 2083 1439 2164 prtetermittere
1470 2108 1574 2146 non
1614 2090 1872 2144 debemus

273 2194 571 2260 ingestam.
615 2187 846 2255 Ideoque
875 2201 972 2255 per
1013 2184 1229 2238 fratrem
1279 2192 1333 2238 et
1379 2170 1884 2252 compresbyterum'

276 2291 530 2338 nostrum
563 2279 906 2343 Maxentium,
952 2292 1110 2346 quem
1142 2273 1295 2332 nobis
1337 2273 1501 2329 frater
1531 2272 1558 2346 ξ)
1589 2266 1881 2343 episcopus

276 2377 458 2444 ipsius
505 2371 921 2434 commendavit,
958 2371 1124 2436 dedi,"
1147 2357 1353 2440 quibus
1387 2367 1736 2436 SOSpitatione
1773 2362 1882 2420 de?

280 2481 478 2537 pensa,
500 2466 672 2536 ipsum
702 2462 1021 2534 apostolatui
1047 2470 1244 2527 vestro,
1277 2452 1574 2516 Secundum
1604 2459 1742 2529 quod
1780 2455 1882 2528 poo'

281 2560 528 2625 stulavit,
559 2559 802 2623 insinuo;
831 2557 958 2627 quia
983 2555 1091 2609 illic
1123 2564 1281 2609 notos
1302 2536 1354 2608 et
1376 2538 1577 2607 amicos
1601 2552 1796 2606 habere
1812 2566 1872 2606 se

283 2650 445 2720 dicit,
476 2645 564 2721 qui
588 2665 708 2705 eum
738 2647 1051 2704 beatitudini
1084 2657 1275 2702 vestrae
1307 2644 1511 2716 poSsint
1541 2645 1592 2698 in
1624 2645 1871 2713 praesenti

283 2744 503 2814 plenius
541 2743 819 2809 intimare,
868 2756 1095 2812 quorum
1143 2739 1447 2795 testimonio
1475 2738 1644 2809 possit
1681 2737 1827 2794 credi
1853 2727 1882 2807 ,’

287 2837 440 2906 quod
470 2836 748 2893 assertioni
777 2834 947 2904 ipsius
980 2834 1208 2889 fortasse
1230 2848 1334 2888 non
1363 2833 1616 2888 creditur.

878 2926 1097 2981 EPIST.
1145 2924 1276 2980 LVI.

857 3019 989 3074 Item
1015 3021 1082 3074 ad
1112 3020 1300 3090 ipsum.

353 3115 487 3170 Filii
515 3113 682 3170 nostri
712 3112 962 3169 Omacius
1007 3120 1063 3165 et
1102 3110 1397 3180 Eparcliius
1429 3109 1494 3165 ad
1539 3122 1626 3165 me
1670 3092 1881 3163 litteras

291 3209 480 3278 plenas
510 3206 758 3277 lacrymis
796 3213 850 3260 et
872 3202 1242 3272 deploratione
1265 3202 1544 3266 miserunt,
1569 3199 1872 3271 specialiter

293 3301 640 3369 deprecantes
671 3307 729 3352 ut
770 3297 908 3366 apud
942 3295 1279 3348 sanctitatem
1322 3302 1556 3348 vestram
1589 3307 1684 3362 pro
1722 3293 1872 3362 igno-

292 3373 485 3448 rentia:
509 3388 672 3458 ipsius
703 3386 797 3440 ﬁlii
828 3386 995 3440 nostri
1019 3383 1270 3464 Eparcbii
1313 3384 1636 3438 intercessor
1678 3382 1874 3435 existe-

293 3497 445 3546 rent;
490 3480 822 3535 confidentes
843 3477 984 3548 quod
1010 3491 1105 3546 pro
1135 3490 1317 3531 amore
1353 3487 1538 3530 mutuo
1565 3473 1694 3530 nihil
1720 3473 1872 3529 nobis

294 3588 489 3644 negare
537 3570 828 3636 deberetis.
897 3569 1148 3638 Idemque
1197 3566 1567 3637 presbyterum
1628 3558 1885 3620 nostrum

295 3666 643 3721 Eusebiolum
663 3665 726 3717 ad
750 3662 1001 3732 pietatem
1024 3670 1253 3716 vestram
1287 3660 1340 3714 in
1371 3659 1469 3714 hac
1499 3673 1657 3713 causa
1679 3655 1880 3712 direxi.

295 3758 396 3814 Per
423 3773 579 3827 quem
610 3757 781 3812 saluto
803 3755 1112 3825 plurimum,
1143 3762 1196 3808 et
1226 3767 1356 3822 rogo
1387 3760 1444 3807 ut
1466 3751 1710 3821 praefato,
1735 3737 1882 3805 sicut

297 3853 485 3914 decet,
537 3847 867 3903 sufficienter
903 3845 1212 3908 admonito,
1267 3842 1654 3914 indulgentiam
1704 3840 1875 3896 errori

299 3944 440 3998 illius
467 3943 598 3998 dare
621 3956 718 4011 pro
739 3949 920 3995 nostra
952 3950 973 3977 ο
1006 3938 1397 4008 supplicatione
1428 3937 1650 3991 minime
1674 3935 1872 4002 iniqua.

299 4037 445 4092 Sicut
491 4038 544 4090 in
587 4035 902 4090 defensione
941 4032 1143 4100 peccati
1183 4029 1346 4085 stulte
1392 4037 1551 4098 atque
1590 4027 1879 4081 infideliter

301 4127 792 4198 perduranticulpa,
815 4125 988 4180 donec
1010 4131 1483 4194 agnoscatreatum
1498 4117 1524 4157 ἀ
1541 4119 1692 4191 (non)
1721 4119 1881 4173 debet

301 4223 550 4285 relaxari,
583 4222 655 4275 ita
687 4219 888 4290 agnitio
926 4218 1131 4288 peccati
1179 4216 1340 4272 debet
1382 4214 1629 4270 conferre
1667 4213 1879 4268 veniam

303 4315 596 4370 confitenti.
614 4312 933 4370 Remedium
961 4319 1047 4366 est
1066 4310 1208 4366 enim
1240 4308 1364 4365 mali
1385 4307 1653 4365 confessio
1675 4320 1780 4362 non
1803 4306 1880 4361 si-

305 4408 504 4462 mulata
527 4406 742 4470 delicti;
768 4417 868 4459 nec
897 4402 1084 4458 ultioni
1113 4401 1336 4471 publica:
1364 4400 1685 4470 relinquitur
1710 4397 1880 4464 locus,
1935 4431 1938 4434 -

305 4500 399 4553 ubi
427 4515 545 4556 reus
566 4497 897 4555 conscientia
927 4502 1211 4565 torquente
1243 4495 1482 4564 punitur.

864 4588 1092 4653 ,EPIST.
1135 4587 1289 4642 LVII.

687 4680 821 4737 Item
848 4679 951 4733 alia
981 4679 1180 4732 Ruricii
1210 4681 1276 4731 ad
1307 4679 1490 4750 ipsum.

383 4776 510 4833 Ante
539 4777 677 4832 diem
703 4789 864 4844 quam
889 4774 1096 4826 litteras
1120 4779 1313 4826 vestrae
1343 4767 1639 4824 sanctitatis
1659 4781 1881 4837 accepe-

303 4871 437 4939 rim,
464 4868 951 4939 compresbyterum
974 4877 1176 4929 meum,
1195 4863 1332 4916 sicut
1354 4861 1470 4935 ipso
1499 4859 1766 4915 referente
1787 4874 1884 4928 po-
1929 4893 1932 4896 -

307 4964 480 5018 teritis
499 4976 806 5042 agnoscere,
839 4957 902 5012 ad
923 4955 1332 5029 germanitatem
1361 4962 1595 5010 vestram
1619 4953 1672 5006 in
1695 4951 1880 5007 eadem

307 5071 416 5122 qua
446 5056 564 5110 milii
596 5052 890 5123 scripsistis
927 5062 1089 5104 causa
1117 5047 1445 5101 direxeram.
1487 5043 1556 5100 Et
1598 5045 1722 5114 quia
1753 5043 1885 5099 mihi

312 5163 423 5200 non
451 5149 612 5201 solum
659 5146 775 5214 ipse
826 5142 962 5196 lilius
1011 5146 1192 5193 noster
1230 5136 1542 5206 Eparchius,
1591 5135 1686 5190 sed
1717 5135 1881 5190 etiant

316 5244 476 5292 frater
488 5254 610 5293 suus
630 5235 878 5292 flebiliter
909 5247 1002 5302 per
1024 5233 1229 5286 litteras
1256 5228 1644 5298 supplicarunt,
1663 5232 1881 5296 aposto-

316 5331 444 5384 latui
486 5331 640 5384 vestri
673 5334 924 5396 precator
951 5325 1282 5377 accederem.
1327 5319 1427 5386 Qui
1456 5327 1515 5373 et
1543 5313 1897 5372 confessione

312 5421 518 5491 ευιρτρ,
559 5431 610 5476 et
652 5416 1035 5486 deprecatione
1080 5414 1282 5474 veniae,
1325 5422 1379 5465 et
1405 5401 1884 5477 consanguinitatis

309 5487 860 5579 alfectu'compulsus,
909 5504 1120 5560 indulsi.
1150 5503 1284 5570 Quia
1314 5516 1408 5557 vos
1439 5501 1568 5554 mihi
1602 5516 1762 5570 super
1784 5487 1895 5554 hac.

312 5624 376 5662 re
406 5607 683 5675 scripturos
711 5614 832 5656 esse
863 5613 967 5652 non
997 5595 1219 5651 credidi.
1251 5593 1354 5648 Sed
1377 5593 1498 5662 quia
1527 5591 1882 5646 humilitatem

395 5751 424 5777 ³·
447 5743 593 5798 Forte
615 5739 991 5810 supplicaturum
1017 5733 1099 5790 vel
1124 5731 1541 5802 supplicantium.

393 5812 424 5851 1⁵³
455 5816 538 5866 Ms.
553 5853 567 5878 ,
584 5811 822 5878 episcopi.

453 5875 561 5941 lls.'
591 5875 1006 5952 supplicationem
1031 5875 1243 5947 iniquia.

1974 601 2046 654 tio
2075 602 2208 668 Deo,
2253 602 2514 670 caritate,
2548 599 2851 673 consulere,
2885 615 2940 660 et
2980 605 3132 660 nobis
3179 614 3356 659 utrum
3406 602 3549 672 jnsta

1972 703 2115 748 esset
2142 701 2316 748 vestra
2347 695 2638 761 districtio,
2661 698 2794 752 meis
2825 693 3163 766 pmistimum
3192 695 3430 766 apicibus
3471 697 3554 750 iu-

1972 787 2234 852 dicarem;
2265 788 2398 841 sciat
2427 787 2683 844 Dominus
2714 786 2896 848 uester
2921 789 3061 859 quod
3091 804 3190 859 ego
3235 789 3430 843 factum
3459 802 3554 844 ve-

1971 885 2139 931 strum
2171 888 2223 932 et
2249 880 2438 946 probo,
2466 889 2519 933 et
2543 880 2810 943 eollaudo,
2842 890 2895 935 et
2922 881 3268 936 vehementer
3290 881 3546 934 admiror.

1972 968 2102 1036 Quia
2137 970 2262 1024 dum
2299 971 2387 1023 nni
2434 971 2764 1039 indisperato
2795 986 2890 1041 per
2927 972 3349 1026 admonitionem
3391 970 3550 1040 gladii

1972 1061 2210 1129 spiritale
2232 1060 2389 1132 [forte
2411 1061 2680 1133 spiritalis]
2706 1078 2800 1131 pro
2819 1062 3090 1118 reddenda
3111 1065 3281 1118 salute
3296 1061 3552 1117 intulistis

1971 1152 2234 1216 dolorem.
2268 1153 2453 1207 multis
2482 1153 2787 1208 contulistis
2838 1154 3206 1222 languentibus
3243 1154 3546 1208 sanitatem.

1975 1245 2120 1300 Multi
2144 1245 2342 1298 etenim
2377 1245 2429 1298 in
2459 1245 2699 1300 Ecclesia
2731 1245 2820 1314 qui
2846 1245 3024 1300 curari
3064 1256 3334 1314 nequeunt
3359 1246 3545 1311 verbo,
3611 1253 3618 1258 ‘

1972 1346 2228 1390 sanantur
2256 1336 2525 1404 exemplo.
2558 1335 2834 1405 Superest,
2879 1335 3221 1391 severitatem
3250 1336 3552 1391 misericor-

1973 1427 2058 1482 dia
2092 1436 2471 1494 consequatur,
2503 1435 2563 1481 ttt
2605 1427 2877 1496 recipiatis
2917 1427 3138 1482 lenitate
3181 1426 3368 1494 patris,
3391 1439 3549 1494 quem

1971 1519 2306 1588 corripuistis
2328 1519 2648 1573 auctoritate
2667 1518 2954 1587 pontificis.
2972 1517 3039 1572 Et
3055 1518 3204 1585 juxta
3222 1516 3369 1570 illurn
3391 1531 3554 1571 evan-

1971 1611 2198 1681 gelicum
2223 1609 2374 1678 (Luc.
2407 1625 2493 1676 xv,
2516 1609 2628 1677 30),
2665 1609 2980 1664 invocantes
3005 1623 3164 1678 quem
3194 1619 3291 1661 nos
3321 1621 3414 1676 per
3439 1621 3553 1660 om-

1974 1703 2062 1756 nia
2091 1711 2144 1756 et
2168 1701 2320 1770 sequi
2350 1709 2404 1756 et
2428 1707 2641 1770 oportet
2667 1700 2890 1765 imitari,
2914 1699 3006 1769 qui
3028 1698 3139 1753 ﬁlio
3167 1706 3403 1768 paternae
3421 1696 3552 1752 sub-

1973 1794 2183 1848 stantia;
2225 1793 2530 1858 decoctori,
2561 1801 2617 1847 et
2661 1792 2863 1846 facinus
2910 1791 3188 1846 confitenti
3231 1804 3334 1844 non
3376 1788 3587 1844 solum-

1904 1874 1949 1935 B
1977 1885 2185 1939 veniam
2214 1885 2506 1939 clementer
2537 1883 2820 1952 impertiit,
2852 1897 3036 1936 verum
3074 1882 3234 1936 etiam
3273 1880 3550 1950 pristinam

1975 1979 2197 2048 gratiam
2230 1977 2462 2032 libenter
2487 1975 2735 2042 indulsit;
2760 1984 2813 2030 et
2843 1972 2942 2029 nos
2972 1968 3351 2029 condol'eamus
3381 1971 3550 2039 lapso,

1974 2069 2359 2124 subveniamus
2377 2068 2581 2134 attrito,
2597 2064 2986 2136 amplectamur
3001 2079 3296 2128 reversum,
3309 2063 3554 2118 laetemur

1975 2163 2270 2216 inventum.
2311 2160 2460 2227 Quod
2501 2169 2555 2214 et
2584 2158 2941 2228 apostolatum
2981 2165 3220 2212 vestrum
3271 2161 3552 2223 propterea

1976 2253 2164 2308 fecisse
2195 2262 2375 2308 certus
2419 2266 2558 2315 sum,
2605 2258 2664 2304 ut
2689 2248 2960 2318 paululum
2993 2247 3351 2302 infirmantem
3387 2245 3550 2298 filiuni

1974 2347 2330 2403 excluderetis
2362 2361 2389 2399 a
2421 2353 2612 2410 matre,
2644 2352 2700 2397 ut
2728 2341 2864 2397 cum
2904 2341 3003 2410 ipsi
3031 2349 3151 2410 post
3174 2334 3440 2393 mndicum
3469 2352 3555 2391 re-

1972 2440 2268 2495 Stitueretis
2331 2437 2690 2500 incolumem;
2757 2444 2813 2490 et
2865 2449 2986 2488 eum
3043 2431 3435 2486 contristaretis
3485 2428 3554 2484 ad

1975 2527 2206 2601 tempus,
2235 2531 2301 2585 de
2329 2545 2436 2600 quo
2458 2528 2689 2598 gaudere
2709 2519 3091 2594 cencupiscitis
3117 2524 3170 2578 in
3200 2530 3458 2577 aeternum
3552 2540 3557 2544 ·

2532 2618 2747 2674 EPIST.
2811 2613 2989 2671 LVIII.

2192 2715 2431 2770 Ruricius
2462 2713 2726 2782 episcOpus
2754 2710 2864 2778 ﬁlio
2888 2701 3074 2764 Seuero
3101 2706 3337 2762 salutem.

2045 2807 2429 2880 Negligentiam
2453 2813 2692 2860 nostram
2716 2811 2874 2871 atque
2901 2801 3166 2888 pigritiam
3189 2800 3316 2853 dum
3345 2813 3441 2852 vos
3461 2810 3555 2853 ex-

1879 2909 1881 2912 ’
1974 2904 2196 2969 cusatis,
2228 2899 2484 2970 arguitis,
2535 2906 2589 2952 et
2634 2909 2732 2950 nos
2756 2893 3031 2949 beneﬂciis
3057 2900 3111 2946 et
3138 2890 3330 2945 officiis
3360 2889 3554 2943 vestris

1975 2995 2314 3066 agnoscimus
2345 2991 2637 3047 debitores.
2672 2988 2778 3044 Sed
2817 2987 2930 3043 scio
2952 2986 3051 3040 hoc
3097 2984 3315 3040 sincero
3349 2993 3561 3048 amore,

1976 3103 2081 3157 quo
2104 3101 2202 3142 nos
2227 3084 2468 3154 diligitis,
2513 3083 2688 3136 facere
2716 3090 2878 3148 atque
2904 3078 3178 3147 perfecto;
3212 3074 3333 3145 quia
3366 3088 3553 3144 parum

1976 3193 2061 3239 est
2089 3179 2298 3238 caritati
2327 3186 2541 3242 vestrae,
2571 3175 2712 3246 quod
2744 3173 2897 3228 nobis
2927 3170 3193 3233 tribuitis,
3233 3170 3356 3221 dum
3413 3176 3552 3221 totos

1899 3248 1946 3314 ο
1977 3291 2074 3332 vos
2104 3274 2260 3330 nobis
2287 3281 2343 3328 et
2370 3269 2605 3341 quotidie
2628 3265 2935 3335 impendere
2965 3259 3304 3317 desideratis.
3327 3257 3429 3312 Sed
3459 3270 3556 3310 no-

1977 3370 2062 3425 bis
2108 3368 2239 3424 satis
2287 3379 2552 3433 superque
2597 3359 2868 3415 sufficeret
2916 3353 3312 3416 benevolentia,
3343 3359 3367 3388 θ
3395 3350 3563 3420 quam

1978 3455 2208 3533 prompti
2254 3457 2414 3511 animi
2458 3463 2510 3508 et
2537 3451 2828 3530 assiduitas
2864 3447 3080 3503 deesset
3109 3440 3371 3511 obsequii.
3409 3440 3558 3495 Unde

1976 3528 2293 3610 salutatione
2314 3547 2571 3616 depensa,
2595 3543 2794 3613 gratias
2815 3528 2914 3610 ago
2935 3537 3225 3592 uberrimae
3253 3532 3436 3603 pietati
3464 3544 3559 3585 ve-

1977 3639 2123 3706 strae,
2141 3638 2281 3710 quod
2313 3652 2437 3706 erga
2460 3648 2546 3690 me
2586 3635 2741 3689 bonae
2771 3629 3046 3685 memoria:
3071 3626 3239 3696 patris
3267 3623 3427 3680 vestri
3448 3634 3556 3677 non

1978 3730 2150 3790 solum
2176 3729 2440 3796 retinetis,
2467 3727 2558 3783 sed
2587 3727 2749 3782 etiam
2782 3723 2987 3778 vicistis
3008 3719 3276 3774 affectum.

2569 3816 2784 3873 EI’IST.
2825 3813 2961 3870 LIX.

2138 3916 2377 3971 Ruricius
2404 3916 2668 3985 episc0pus
2694 3912 2800 3980 ﬁlio
2824 3907 3130 3965 Sthoraclrio
3161 3907 3402 3959 salutem.-

2014 4069 2018 4072 ,
2052 4012 2167 4080 Ago
2205 4019 2365 4078 atque
2418 4007 2589 4060 habeo
2641 4003 2830 4057 uberes
2871 4001 3070 4071 gratias
3119 3992 3300 4066 pietati
3331 4000 3557 4059 vestrae,

1981 4102 2125 4173 quod
2165 4116 2263 4155 nos
2295 4096 2672 4167 negligentiam
2715 4091 3034 4147 famulorum
3075 4098 3376 4143 nostrorum
3421 4084 3560 4138 scire

1982 4193 2205 4259 fecistis,
2233 4191 2362 4246 dum
2406 4186 2806 4243 subvectionem
2854 4195 3164 4250 congruam,
3194 4191 3354 4247 quam
3405 4173 3560 4229 nobis

1983 4285 2206 4342 callidus
2239 4285 2581 4337 subtraxerat
2608 4275 2874 4341 inimicus,
2903 4272 3164 4340 benignus
3190 4264 3562 4323 subministra-

1982 4379 2062 4434 vit
2103 4377 2345 4432 affectus.
2391 4373 2560 4440 Quem
2615 4369 2817 4424 idcirco
2865 4365 3020 4420 nobis
3069 4361 3322 4416 Dominus
3355 4358 3457 4412 hoc
3497 4355 3562 4409 ad

1984 4478 2199 4539 tempus
2245 4464 2490 4534 permisit
2533 4460 2752 4524 inferre,
2796 4466 2852 4511 ut
2889 4465 2942 4510 et
2981 4462 3214 4508 nostram
3255 4449 3563 4519 patientiam

1942 4597 1956 4636 -_
1986 4581 2083 4636 per
2107 4563 2380 4633 injuriam,
2403 4568 2456 4614 et
2480 4565 2717 4612 vestram
2741 4567 2866 4621 erga
2889 4563 2987 4605 nos
3006 4548 3286 4602 caritatem
3304 4557 3397 4611 per
3420 4554 3565 4595 com-

1901 4615 1959 4678 Β
1985 4615 2295 4729 ἑδιὶθηῖἰθιη
2328 4615 2724 4720 comprobaret,
2755 4615 2831 4699 ac.
2846 4643 2964 4697 sine
2989 4637 3152 4694 dubio
3176 4633 3440 4690 facultatis
3471 4644 3562 4684 no—

1984 4724 2112 4810 stra:
2142 4749 2294 4807 vobis
2324 4749 2526 4802 lucrum
2552 4740 2730 4811 operis
2769 4752 2867 4808 per
2897 4732 3213 4790 beneficium
3261 4724 3563 4783 dilectionis

1985 4849 2221 4904 afferret.

2588 4923 2801 4982 EPIST.
2845 4921 2957 4978 LX.

2272 5022 2511 5078 Ruricius
2540 5020 2804 5090 episcopus
2837 5016 2944 5084 ﬁlio
2974 5010 3280 5066 Villameno.
3559 5067 3564 5072 ρ

2058 5120 2366 5179 Familiares
2391 5131 2485 5171 nos
2500 5112 2654 5168 vobis
2677 5110 2802 5164 facit
2821 5116 2998 5162 vestra
3017 5104 3274 5172 dignatio,
3293 5099 3417 5154 dum
3437 5099 3543 5151 hoc

1989 5216 2131 5289 quod
2160 5230 2189 5269 a
2221 5211 2377 5267 nobis
2409 5208 2636 5263 libenter
2664 5202 2907 5264 offertur,
2935 5213 2963 5252 a
2995 5197 3148 5252 vobis
3173 5203 3442 5265 gsatamer
3464 5204 3568 5252 tac-

1990 5288 2206 5378 cipitur.
2231 5301 2508 5371 Siquidem
2555 5295 2682 5351 illud
2717 5305 2910 5348 munus
2941 5288 3271 5358 acceptabile
3314 5291 3568 5354 pronatur

1988 5372 2242 5460 et'dulce,
2272 5392 2540 5463 quodnon
2565 5383 2872 5455 magnitudo
2895 5378 3272 5440 insinuaverit,
3304 5372 3398 5428 sed
3425 5386 3571 5426 coni-

1992 5489 2258 5548 mendarit
2281 5483 2509 5537 affectio.
2541 5479 2671 5544 Quae
2695 5491 2781 5531 res
2804 5474 2949 5538 facit,
2979 5481 3035 5526 ut
3062 5470 3125 5524 ad
3163 5463 3566 5538 persolvendum

1995 5571 2150 5640 vobis
2181 5586 2492 5648 spontanee:
2513 5568 2814 5625 devotionis
2843 5563 3181 5634 obsequium,
3209 5560 3368 5615 etiam
3398 5554 3449 5609 id
3469 5552 3566 5606 Ita-

2067 5716 2095 5756 ἀ
2118 5717 2242 5772 Haec
2266 5727 2370 5768 vox
2393 5711 2545 5765 abest
2572 5709 2623 5762 in
2650 5719 2754 5762 ms.

2067 5797 2090 5824 ⁸
2119 5770 2355 5856 I’rompti
2377 5781 2558 5851 animi,
2588 5790 2878 5847 quanquam
2903 5770 3198 5831 assiduitas,
3233 5775 3339 5822 etc.
