4080 6350
494 395 600 455 193

1085 387 1511 450 RUBICIORUM
1552 387 2029 449 EPISCOPORUM
2069 388 2197 449 CW.
2240 382 2680 443 LEMOVICINE
2723 382 3160 441 EPI'I‘APHIUM.

3644 383 3755 443 ω

499 508 718 564 beamus
742 507 796 561 in
817 514 973 572 votis,
1000 505 1139 574 quod
1159 519 1267 559 non
1289 503 1547 560 habemus
1572 505 1625 560 in
1650 505 1811 560 verba
1832 502 2063 579 [verbis].
2095 508 2147 567 Α
2172 503 2404 575 pectoris
2421 501 2547 569 mei,
2566 500 2621 555 iu
2637 514 2743 570 quo
2767 499 3019 555 aﬂ‘ectum
3040 500 3201 555 vestri
3228 496 3481 552 aviditate
3510 500 3745 569 suscepi,

498 600 679 672 Itaque
700 598 1017 662 salutatione
1046 597 1301 669 depensa,
1327 598 1450 668 quia
1493 607 1707 653 centum
1743 613 1869 668 pera
1906 597 2066 670 [pira]

497 690 807 749 sublimitati
843 697 1055 758 vestrae,
1084 689 1190 746 alia
1216 698 1429 746 centum
1456 689 1582 746 ﬁlia:
1617 705 1755 747 meae
1796 689 2070 748 destinare

499 784 832 855 praesumpsi.
860 782 990 851 Quae
1013 783 1061 839 si
1085 785 1311 840 fortasse
1332 774 1703 854 displicuerint
1737 784 1946 853 saporis
1972 799 2071 854 gu-

498 886 604 945 stu,
632 875 935 947 placebunt,
965 885 1025 931 ut
1044 875 1387 942 conﬁdimus,
1412 876 1824 933 transmittentis
1848 876 2068 936 ali‘ectu.

1088 988 1300 1046 EPIST.
1338 987 1473 1044 LXI.

748 1081 988 1138 Ruricius
1024 1081 1294 1152 episcopus
1326 1083 1474 1152 fratri
1500 1089 1528 1120 ι
1558 1080 1613 1137 Ν
1614 1084 1824 1150 amasio,

566 1174 754 1233 Saluto
779 1175 1092 1245 plurimum,
1126 1182 1364 1245 etspero
1387 1163 1515 1230 utsi
1557 1176 1793 1232 secundo
1830 1179 2071 1235 crastino

499 1281 604 1322 non
624 1266 891 1337 potueris,
916 1265 1001 1321 vel
1029 1266 1182 1321 tertia
1215 1265 1347 1322 feria
1368 1266 1440 1322 ad
1474 1281 1571 1321 nos
1602 1267 1783 1323 venire
1810 1268 2068 1337 digneris.

498 1356 632 1425 Quia
652 1356 921 1413 desiderio
938 1360 1054 1412 tum
1078 1357 1320 1412 caritatis
1364 1359 1601 1425 accensi,
1639 1368 1694 1414 et
1716 1373 1819 1414 nos
1842 1359 2071 1415 dicimus

498 1461 618 1501 cum
640 1446 933 1516 propheta:
962 1447 1146 1501 Anim
1166 1461 1277 1503 mea
1313 1448 1448 1503 sicut
1484 1458 1620 1504 terra
1647 1450 1759 1504 sine
1787 1466 1923 1521 aqua
1956 1451 2067 1506 tibi.

500 1537 700 1609 Deiecit
732 1539 942 1609 spiritus
968 1555 1131 1595 meus.
1177 1540 1261 1595 Ne
1282 1550 1479 1596 avertas
1509 1544 1692 1612 {aciem
1738 1541 2067 1614 tuam(Psal.

500 1644 663 1696 cuti,
681 1631 738 1699 6,
760 1630 837 1701 ἠδ
858 1630 939 1687 Ne
965 1632 1195 1687 moreris
1209 1632 1516 1700 adventum,
1536 1643 1593 1689 ut
1617 1635 1850 1705 pectoris
1875 1636 2068 1705 nostri,

498 1725 639 1795 quod
672 1724 822 1794 parvi
848 1726 1115 1796 temporis
1134 1724 1328 1783 solatio
1372 1728 1689 1797 suscitastis,
1718 1729 2071 1801 exstinguatis

501 1817 821 1874 incendium.
851 1817 1013 1876 Finit.
1230 1832 1235 1835 '
1254 1832 1255 1835 ‘

538 1896 541 1897 ⁷
1083 1888 1295 1946 EPIST.
1325 1889 1484 1947 LXII.

782 1981 1023 2041 Ruricius
1036 1985 1308 2058 episcopus
1334 1987 1447 2057 ﬁlio
1478 1987 1782 2045 Vittameuo.

496 2084 499 2087 λ
528 2120 529 2123 η
570 2071 781 2129 Gratias
802 2090 904 2145 ago
924 2076 1348 2147 dignantissima:
1366 2095 1492 2150 erga
1514 2095 1603 2136 me
1631 2083 1946 2138 sublimitati
1979 2100 2069 2140 ve-

497 2172 644 2231 strae,
675 2165 817 2234 quod
844 2182 942 2221 nos
968 2167 1037 2224 de
1062 2169 1268 2225 actibus
1290 2180 1447 2241 atque
1478 2171 1848 2231 incolumitate
1869 2185 2065 2241 vestra.

496 2268 632 2324 quos
654 2257 846 2325 nostis,
877 2257 987 2314 υω
1015 2260 1265 2330 propitio,
1296 2278 1399 2331 pro
1433 2264 1790 2321 amicitiarum
1822 2266 1944 2337 jure
1962 2267 2068 2322 solo

496 2347 698 2419 licitos,
729 2349 904 2405 facitis
922 2350 1218 2407 litterarqu
1242 2353 1530 2411 sedulitate
1545 2371 1786 2413 securos.
1813 2357 1964 2414 Unde
1987 2359 2069 2414 his

498 2440 830 2510 reciprocum
858 2441 1025 2497 reddo
1053 2443 1319 2499 nobilitati
1357 2458 1548 2503 vestra
1572 2448 1914 2505 salutationis
1950 2447 2070 2504 offi-

499 2532 666 2598 cium,
687 2541 742 2588 et
766 2547 854 2588 me
880 2533 974 2588 has
1001 2533 1070 2589 de
1102 2534 1401 2592 Decaniaco
1440 2538 1506 2591 ad
1536 2553 1630 2593 vos
1655 2539 1868 2595 dedisse
1905 2540 2070 2610 signi-

502 2622 623 2689 ﬁco,
646 2638 925 2692 meamque
948 2624 1101 2680 vobis
1124 2626 1308 2681 favore
1335 2628 1656 2696 divinitatis,
1678 2645 1835 2700 quam
1862 2630 1891 2670 ι)
1919 2632 2071 2688 vobis

499 2713 716 2782 placere
739 2713 974 2779 confido,
996 2714 1242 2770 indicans
1280 2717 1613 2788 sospitatem.
1648 2720 1928 2776 Pra-Stabit
1967 2722 2071 2777 Do-

497 2802 676 2858 minus
696 2813 761 2859 ut
783 2804 1096 2860 citiushinc
1126 2821 1409 2876 regressus
1435 2809 1625 2865 vestris
1663 2825 1875 2866 merear
1908 2810 2069 2867 obtu-

496 2893 639 2950 tibus
657 2896 994 2965 przesentari.
1019 2894 1087 2953 Ut
1115 2896 1269 2967 cujus
1303 2898 1632 2969 benignitate
1659 2911 1836 2958 vestra
1881 2902 2070 2958 incita-

494 2984 595 3041 stis
620 2985 908 3056 desideria,
935 2988 1144 3045 visione
1171 2989 1472 3046 sollicitetis
1492 2990 1765 3049 an‘ectum.

826 3158 827 3161 γ
1064 3080 1277 3138 EPIST.
1318 3082 1499 3139 LXlll.

704 3167 951 3225 Ruricius
974 3172 1239 3243 episcopus
1256 3173 1407 3243 fratri
1421 3174 1574 3228 Claro
1600 3175 1855 3244 episcopo.

2177 596 2383 667 paginae
2422 593 2777 649 collocutione
2808 593 3146 656 transmitto;
3177 590 3443 661 simulque
3485 588 3751 659 deprecor

2174 700 2231 749 ut
2260 691 2530 747 communi
2574 690 2800 746 Domino
2842 687 3154 758 supplicetis
3183 695 3242 743 ut
3267 686 3424 741 citius
3463 701 3561 742 nos
3590 683 3756 742 faciat

2172 785 2402 842 fructum
2443 783 2511 839 de
2558 791 2741 838 nostra
2762 796 2958 852 capere
2995 778 3310 851 prazsentia;
3361 793 3601 848 quosque
3639 792 3755 833 suae

2173 875 2537 946 inSpirationis
2567 874 2820 929 instinctu
2840 872 3154 940 connexuit,
3186 869 3427 925 vultuum
3453 869 3612 925 etiam
3636 886 3758 925 Inu-

2176 977 2264 1023 tua
2297 965 2501 1022 visione
2525 966 2841 1035 conjungat;
2882 974 2941 1019 ut
2971 961 3294 1020 desiderium
3341 962 3392 1018 in
3424 962 3578 1019 nobis
3610 961 3756 1035 quod

2173 1060 2417 1117 accendit
2440 1059 2648 1121 atlatus.
2664 1058 2955 1128 restinguat
2977 1058 3214 1113 obtutus.
3237 1057 3312 1113 De
3341 1055 3603 1112 columnis
3625 1072 3759 1111 vero

2171 1154 2371 1223 gratias
2400 1168 2526 1222 ago;
2555 1161 2640 1216 et,
2687 1151 2825 1206 sicut
2866 1150 3141 1220 iussistis,
3182 1150 3305 1220 quia
3342 1142 3505 1204 modo
3540 1158 3759 1225 propter

2174 1245 2540 1301 imminentem
2564 1243 2810 1315 hyemem
2833 1241 3078 1298 vehicula
3118 1241 3211 1297 illo
3234 1241 3468 1312 dirigere
3498 1255 3603 1295 non
3627 1254 3755 1310 pos-

2177 1353 2320 1403 sum,
2347 1347 2469 1407 post
2499 1345 2738 1392 sanctum
2764 1335 2988 1399 Pascha,
3016 1332 3247 1405 pr0pitia
3266 1331 3554 1387 Divinitate
3582 1340 3759 1386 trans-

2174 1431 2399 1486 mittam.
2445 1430 2518 1485 Dc
2559 1428 2852 1484 minoribus
2886 1442 3013 1483 vero
3052 1427 3192 1484 sicut
3231 1425 3395 1481 verbo
3426 1422 3756 1488 mandastis,

2173 1519 2219 1574 si
2250 1520 2471 1576 inveniri
2501 1527 2756 1589 possunt,
2786 1518 2919 1572 mihi
2945 1517 3027 1572 vel
3055 1517 3242 1572 decem
3271 1516 3604 1571 necessarias
3633 1528 3758 1569 esse

2175 1614 2436 1683 signiﬁco.
2465 1612 2570 1668 Sed
2605 1614 2646 1667 si
2694 1612 2953 1667 Dominus
2977 1624 3233 1680 prospera
3259 1608 3508 1665 universa
3536 1622 3758 1665 conces—

2174 1707 2334 1774 serit,
2363 1714 2647 1777 antequam
2690 1704 2934 1762 vehicula
2972 1702 3198 1776 dirigam
3235 1703 3302 1759 ad
3346 1717 3443 1759 vos
3484 1701 3761 1759 hominem

2173 1796 2475 1854 destinabo.

2741 1887 2956 1945 EPIST.
2995 1884 3178 1946 LXIV.

2282 1981 2517 2037 Ruricius
2545 1980 2811 2052 episcopus
2841 1980 2990 2049 fratri
3021 1976 3308 2033 Volusiano
3340 1986 3363 2015 ο
3388 1976 3647 2045 episcopo.

2245 2075 2320 2143 lta
2346 2074 2486 2146 quod
2514 2073 2666 2143 pejus
2694 2080 2801 2137 est,
2823 2073 3105 2128 caritatem
3135 2071 3430 2141 antiquam,
3459 2078 3513 2123 et
3538 2060 3758 2124 insitam

2172 2165 2358 2231 nobis,
2386 2165 2581 2235 partim
2605 2163 2877 2236 (quoniam
2909 2160 3268 2219 conﬁtendum
3298 2159 3404 2231 est)
3435 2157 3760 2231 negligentia

2175 2268 2377 2325 nostra,
2404 2257 2597 2329 partim
2623 2255 2951 2313 necessitate
2982 2256 3259 2325 temporis,
3287 2253 3482 2326 partim
3513 2250 3760 2323 corporis

2174 2350 2480 2407 infirmitate
2509 2350 2760 2417 faciente,
2790 2348 2945 2420 longa
2976 2348 3177 2404 delebit
3205 2347 3427 2414 oblivio,
3460 2357 3517 2399 ut
3549 2344 3761 2415 penitus

2172 2433 2516 2496 immemores
2548 2440 2718 2497 nostri
2740 2439 2867 2495 facti
2902 2454 3008 2495 non
3036 2438 3210 2495 solum
3234 2452 3327 2492 vos
3356 2433 3515 2491 nullis
3542 2433 3759 2502 ofﬁciis,

2172 2534 2265 2591 sed
2291 2548 2390 2588 nec
2423 2532 2614 2588 litteris
2643 2531 3000 2604 requiramus.
3035 2530 3199 2584 Miror
3237 2525 3569 2582 nobilitatem
3612 2508 3760 2579 iuam

2172 2626 2323 2697 quasi
2365 2625 2533 2679 ﬁlium
2565 2623 2630 2679 ad
2673 2638 2762 2680 me
2788 2623 2998 2679 litteras
3018 2621 3326 2685 destinare,
3347 2634 3469 2674 cum
3501 2618 3619 2672 sine
3651 2610 3761 2673 ullo

2173 2728 2422 2787 respectu
2469 2714 2741 2786 religionis
2784 2724 2875 2769 aut
2930 2711 3343 2783 propinquitatis
3403 2710 3496 2764 tibi
3549 2707 3761 2777 injuriae

2171 2818 2373 2865 nostra:
2400 2808 2479 2864 sic
2506 2811 2772 2880 placeant,
2801 2816 2859 2863 ut
2883 2820 2975 2863 eas
2999 2804 3272 2861 vindicare
3298 2819 3401 2859 non
3431 2801 3582 2855 velis.
3608 2796 3762 2879 Unde

2173 2901 2275 2957 nisi
2305 2900 2762 2956 existimationem
2809 2912 3052 2970 persona:
3081 2911 3246 2962 meae,
3277 2900 3369 2947 aut
3416 2889 3581 2946 ofﬁcii
3606 2888 3757 2958 cogi-

2173 3000 2393 3057 tassem,
2426 2990 2739 3061 portitorem
2789 2986 3091 3043 litterarum
3136 2993 3343 3040 tuarum
3395 2982 3553 3036 talem
3604 2979 3671 3035 ad
3709 2991 3761 3034 te

2172 3084 2449 3153 miseram,
2478 3083 2665 3153 quales
2696 3080 2940 3135 homines
2967 3093 3116 3135 meos
3148 3093 3249 3133 non
3275 3084 3522 3131 matrona
3553 3081 3758 3137 vestra,

2172 3178 2264 3232 sed
2307 3175 2522 3231 domina
2561 3185 2755 3245 procax
2803 3183 2856 3228 et
2894 3171 3153 3227 effrenata
3204 3169 3427 3223 nimium
3458 3160 3757 3251 perduxit;

563 3261 897 3352 Apostolatui
928 3272 1106 3319 veSIro
1138 3279 1232 3334 pro
1252 3280 1317 3320 ea
1338 3281 1499 3335 quam
1530 3266 1659 3321 mihi
1678 3282 1784 3323 non
1816 3282 1912 3336 pro
1930 3269 2067 3326 meis
2170 3266 2323 3337 cujus
2351 3280 2528 3321 mores
2566 3263 2609 3319 si
2651 3273 2705 3318 tu
2743 3271 2891 3317 tanto
2921 3270 3160 3331 tempore
3199 3252 3319 3315 cum
3348 3255 3502 3311 fama:
3535 3263 3651 3346 tusi
3668 3251 3757 3308 di-

492 3350 734 3416 mcritis,
773 3351 867 3405 sed
910 3366 1012 3422 pro
1038 3352 1411 3411 benevolentia
1434 3355 1738 3411 animorum
1765 3367 2063 3414 vestrorum

495 3439 823 3510 Impenditis,
853 3442 1076 3498 caritate
1097 3482 1113 3507 ,
1138 3459 1245 3499 non
1275 3443 1449 3500 dicam
1478 3447 1650 3500 vicem
1697 3460 1803 3502 non
1851 3462 2065 3517 possum

493 3544 784 3601 repensare
811 3531 1083 3589 beneﬁciis
1103 3574 1121 3600 ,
1147 3536 1243 3590 sed
1272 3550 1373 3591 nec
1401 3545 1576 3592 tantas
1614 3539 1815 3608 gratias
1841 3549 2066 3610 quantas

496 3623 797 3690 meremini,
815 3626 1153 3682 sermonibus
1173 3628 1462 3698 explicare.
1493 3627 1744 3700 lmpendo
1772 3641 1949 3688 tamen
1966 3648 2067 3706 per

495 3713 699 3770 litteras
748 3713 986 3772 debitum
1030 3717 1399 3788 sospitationis
1443 3718 1697 3791 ofﬁcium,
1745 3732 2061 3795 partemque

2173 3359 2498 3425 tninutione,
2533 3366 2623 3411 aut
2643 3355 2942 3411 voluntarie
2971 3364 3063 3409 aut
3089 3351 3410 3427 necessitate
3440 3334 3754 3417 suppor’tas,

2172 3451 2305 3507 alios
2322 3449 2532 3505 noveris
2555 3464 2651 3503 nec
2670 3448 2804 3503 velle
2825 3447 2983 3513 ferre,
3019 3460 3115 3500 nec
3141 3458 3261 3499 esse
3289 3432 3592 3497 contentos.
3619 3438 3752 3493 Nam

2172 3544 2314 3614 quod
2337 3532 2530 3597 scribis
2554 3585 2568 3606 ,
2605 3552 2657 3597 te
2684 3548 2828 3595 metu
2859 3536 3089 3593 hostium
3120 3535 3367 3590 hebetem
3399 3532 3595 3587 factum
3631 3545 3645 3583 :
3678 3528 3752 3582 ti-

2176 3648 2324 3689 mere
2350 3632 2559 3687 hostem
2592 3645 2697 3685 non
2723 3627 2879 3685 debet
2909 3636 3222 3684 extraneum
3249 3618 3339 3696 qui
3367 3620 3644 3678 consuevit
3666 3632 3757 3675 su—

2174 3725 2373 3781 stinere
2400 3721 2771 3778 domesticum.

561 3899 588 3929 ι
614 3892 688 3948 De
707 3908 773 3949 eo
801 3894 866 3949 ad
895 3895 1124 3965 primum
1151 3896 1365 3954 librum.

561 3960 589 3999 ⁸³
620 3962 743 4027 Ms.,
774 3981 882 4027 vos.

560 4041 583 4070 ε
618 4024 741 4089 Fuit
764 4024 1396 4109 Iurotteusis‘episcopus
1414 4077 1431 4105 ,
1459 4036 1708 4109 Perpetui
1737 4050 2019 4096 successor
2035 4080 2051 4107 ,

490 4112 730 4171 postean
763 4104 974 4179 Warige
996 4104 1442 4180 Gothorum'rege
1478 4110 1530 4164 iu
1566 4104 1882 4182 Hispaniam
1916 4111 2039 4168 rele

2165 3912 2341 3973 gatus,
2372 3918 2437 3958 eo
2462 3902 2601 3972 quod
2630 3902 2684 3955 in
2714 3898 3008 3973 GOIIIOI‘le
3049 3897 3405 3973 suspicionem
3436 3890 3750 3973 incidisset:

2160 3959 2510 4029 autumabant
2543 3973 2750 4027 scilicet
2782 3983 2905 4023 eum
2938 3959 3157 4023 Francis
3190 3968 3398 4021 favere.
3436 3965 3511 4017 De
3536 3978 3603 4016 eo
3628 3959 3755 4013 vide

2162 4045 2311 4113 plura
2334 4048 2476 4114 apud
2505 4043 2729 4113 Gregor.
2759 4040 2959 4096 Tot-ou.
2995 4040 3044 4106 I,
3077 4039 3214 4103 226,
3240 4037 3333 4092 lib.
3362 4051 3393 4090 ι
3420 4082 3430 4100 ,
3464 4035 3553 4089 3i.
3586 4032 3751 4086 BASN.

514 4265 2157 4293 _p——-—————-——._———————————~

1765 4419 2473 4509 EPITAPHIUM

1411 4606 1731 4649 RURICIORUII
1768 4606 2125 4648 EPISCOPORUK
2160 4605 2421 4648 CIVI'I'ATIS
2458 4605 2805 4645 ιειιογιοιηιε.

1575 4743 1668 4809 (Ex
1692 4743 1918 4798 Venantfi
1939 4745 2191 4798 Fortunati
2208 4745 2298 4797 lib.
2319 4760 2385 4809 tv,
2403 4757 2552 4796 carm.
2576 4728 2649 4806 8.)

2083 4895 2141 4958 Β
2164 4891 2432 4960 Tetnpore
2459 4891 2685 4960 quisque
2714 4902 2813 4944 suo
2841 4888 3071 4943 fundans
3102 4889 3184 4957 pia
3212 4890 3412 4959 templa
3434 4881 3668 4955 patroni,

2234 4962 2340 5017 Iste
2367 4961 2667 5029 Augustini,
2692 4960 2933 5014 condidit
2962 4959 3053 5013 ille
3079 4959 3245 5014 Petri.

2161 5033 2259 5088 Hic
2286 5033 2502 5100 probus,
2535 5031 2625 5086 ille
2656 5030 2809 5100 pius;
2842 5029 2928 5085 hic
2950 5030 3145 5100 serius,
3171 5029 3258 5085 ille
3289 5043 3530 5093 serenus,

2229 5098 2509 5156 certantes
2536 5098 2736 5169 pariter
2766 5100 2884 5169 quis
2907 5098 3004 5153 sibi
3036 5098 3210 5168 major
3237 5100 3357 5155 erit.

2163 5171 2748 5241 Plurimapauperibus
2774 5170 3076 5224 tribuentes
3106 5171 3270 5225 divite
3292 5184 3457 5225 censu
3484 5207 3498 5232 ,

2233 5244 2495 5301 Miserum
2515 5241 2713 5304 C(BIOS,
2743 5254 2875 5308 quas
2902 5250 3255 5307 sequerentur
3275 5256 3427 5307 opes.

2156 5313 2304 5382 Quos
2328 5322 2610 5383 spargente
2637 5304 2794 5366 manu
2818 5304 3150 5383 redimeutes
3173 5304 3397 5383 crimina
3425 5304 3627 5373 mundi,

2233 5380 2378 5443 Inter
2406 5380 2732 5455 apostolicos
2754 5380 3032 5455 credimus
3056 5397 3177 5455 esse
3203 5381 3417 5437 choros.

2160 5452 2366 5510 Felices
2388 5451 2477 5521 qui
2507 5455 2585 5507 sic
2606 5451 2674 5507 de
2690 5452 2977 5507 nobilitate
3005 5451 3180 5523 fugaci

2228 5524 2469 5592 Mercati,
2502 5524 2554 5579 in
2584 5523 2734 5580 ctelis
2755 5523 2875 5593 jura
2897 5532 3115 5579 senatus
3137 5522 3359 5580 habent.

491 4897 669 4954 Invida
699 4911 875 4963 mors,
905 4894 1089 4966 rapido
1114 4893 1357 4966 quamvis
1385 4891 1652 4966 miniteris
1680 4892 1825 4947 hiatu
1844 4932 1860 4959 ,

559 4968 674 5022 Non
700 4976 872 5023 tamen
900 4965 952 5021 in
970 4962 1193 5021 sanctos
1210 4964 1329 5032 jura
1358 4971 1543 5032 tenere
1571 4962 1737 5017 vales.

491 5038 623 5093 Nam
654 5047 929 5108 postquam
951 5030 1549 5108 remeans'doinuitfera
1562 5041 1758 5088 tartara
1787 5031 2053 5099 Christus,

556 5103 828 5163 Jttstorum
853 5106 1056 5162 meritis
1084 5104 1185 5159 sub
1207 5103 1342 5173 pede
1364 5103 1499 5173 victa
1527 5103 1694 5171 jaces.

493 5177 589 5237 Hic
617 5192 769 5239 sacra
791 5178 1120 5246 pontiﬁcum,
1151 5172 1261 5229 toto
1286 5172 1546 5246 radiantia
1575 5173 1792 5238 mundo,

544 5243 1049 5316 ‘Membra'sepulcra
1078 5252 1299 5314 tegunt;
1330 5243 1547 5316 spiritus
1569 5251 1709 5298 astra
1736 5244 1887 5301 colit.

491 5314 690 5373 Ruricii
712 5314 906 5386 gemini
935 5316 1094 5371 flores
1121 5314 1700 5386 quibusAnniciorum,

502 5416 505 5419 λ
556 5384 745 5445 iuncta
776 5387 1029 5457 parentali
1049 5387 1282 5443 culmine
1310 5385 1476 5440 Roma
1502 5384 1619 5439 fuit.
1655 5456 1661 5457 ί
1726 5442 1729 5443 ν

490 5456 868 5519 “cumulante
894 5460 1089 5527 gradus
1110 5458 1458 5527 praenomine,
1482 5456 1737 5527 sanguine
1760 5456 1905 5524 nexi,

559 5529 833 5586 Exsultant
862 5526 1058 5599 pariter
1080 5526 1205 5584 hinc
1229 5542 1382 5593 anus,
1412 5526 1536 5581 inde
1558 5540 1744 5596 nepos.
