4080 6350
256 397 343 455 ηδ
1303 398 1549 455 VICTOR
1589 398 1921 459 VITENSIS.
1958 400 2479 458 PROLEGOMENA.
3412 393 3511 452 126

504 623 3209 1177 νΙΕΤΟὲἶΞῨξξί-ῨἘΝΕΞΙΞ.

1066 1690 1690 1772 EPISTOLA
1768 1691 2673 1772 DEDICATOBIA.

436 1834 751 1931 Iosephus
784 1838 1121 1914 Bertinelli
1141 1826 1386 1914 Joanni
1407 1850 1879 1931 archiepiscopo
1912 1854 2199 1916 Minotto
2245 1853 2601 1927 Othobono,
2633 1854 2925 1935 episcopo
2958 1856 3294 1917 Patavina.

305 1991 536 2054 Parum
562 2013 672 2075 ego
691 1996 1059 2075 prudenter,
1095 2014 1170 2057 ne
1204 1978 1406 2060 dicam
1434 2007 1653 2057 temere
1683 1996 1898 2075 fecisse
1928 1996 2143 2057 videar
2171 2013 2379 2063 rerum
2407 1994 2775 2075 quibusdam
2797 2013 2925 2057 non
2951 1997 3103 2059 satis
3121 1995 3319 2075 justis
3338 1996 3501 2057 (esti-

233 2093 593 2173 matoribus,
651 2096 763 2176 qui
805 2096 947 2170 tibi,
979 2096 1352 2178 amplissime
1405 2096 1690 2168 antistes,
1730 2095 1871 2157 viro
1918 2096 2192 2156 omnium
2236 2092 2679 2157 humanissimo
2740 2113 2966 2173 ponam
3010 2106 3151 2156 ante
3192 2095 3405 2157 oculos
3448 2086 3506 2155 et

233 2204 685 2272 persecutorum
705 2196 1150 2259 humanitatem
1176 2215 1409 2257 omnem
1441 2196 1696 2256 exuenti
1703 2215 1804 2256 um
1835 2196 2081 2256 crudele
2101 2190 2543 2275 spectaculum,
2568 2204 2625 2257 et
2647 2198 3104 2259 immanissima:
3125 2204 3506 2277 persecutio-

232 2296 317 2353 nis
350 2295 703 2373 imaginem.
728 2295 982 2374 Refugit
1006 2296 1176 2357 enim
1209 2297 1452 2355 animus
1485 2311 1615 2355 non
1650 2292 1834 2354 modo
1859 2292 2122 2364 intueri,
2155 2294 2260 2354 sed
2289 2294 2470 2356 etiam
2496 2294 2869 2372 reformidat
2900 2296 3102 2357 dicere
3134 2314 3506 2376 qua-cunque

233 2392 462 2454 exhibet
492 2394 789 2455 Historia
814 2404 1059 2469 nostra,
1089 2394 1630 2455 sanctissimorum
1666 2409 1878 2472 nempe
1909 2397 2109 2456 omnis
2144 2394 2346 2455 celatis
2378 2414 2453 2457 ao
2478 2403 2680 2455 status
2706 2394 3021 2457 hominum
3053 2397 3503 2475 carniﬁcinam,

231 2488 489 2563 dolores,
520 2492 809 2567 vulnera;
846 2492 1155 2575 equuleus,
1178 2501 1421 2553 ‘mortes
1455 2512 1527 2556 ac
1554 2493 1856 2554 mortium
1876 2510 2107 2573 genera
2140 2492 2604 2565 intolerabilia;
2640 2494 3012 2574 reformidat
3040 2496 3243 2558 dicere
3280 2494 3506 2557 barba-

231 2607 431 2652 rorum
458 2576 691 2673 ubique
717 2578 1101 2656 stevientium
1135 2586 1590 2663 crudelitatem,
1625 2596 2086 2673 episcoporum,
2131 2596 2546 2671 sacerdotum,
2584 2590 2973 2679 aliorumque
3007 2600 3328 2679 inﬁnitum
3373 2617 3501 2659 nu-

230 2711 448 2755 merum
475 2696 573 2757 ita
594 2713 713 2776 pro
736 2697 984 2758 nomine
1006 2696 1052 2756 J
1057 2714 1159 2756 esu
1182 2703 1541 2757 constanter
1558 2695 1939 2776 ﬁrmiterque
1965 2697 2363 2777 patientium,
2388 2708 2458 2758 ut
2488 2706 2700 2759 tortor
2726 2700 2856 2778 ipse
2880 2700 3062 2778 prius
3088 2719 3161 2760 ac
3190 2709 3499 2760 tormenta

229 2793 583 2857 viderentur
613 2796 870 2877 defessa,
897 2812 1084 2877 quam
1122 2798 1234 2877 qui
1262 2815 1330 2858 ea
1356 2797 1529 2876 passi
1560 2806 1746 2873 sunt,
1779 2798 1926 2864 licet
1961 2817 2027 2860 eo
2067 2816 2262 2879 usque
2298 2800 2569 2863 cruciati
2594 2802 2863 2880 fuerint,
2894 2809 2968 2863 ut
3000 2820 3122 2883 quo
3157 2803 3363 2863 minus
3396 2801 3505 2861 ha-

231 2893 432 2955 berent
463 2892 693 2959 virium
736 2896 817 2957 ad
842 2896 1277 2976 perferendum
1301 2941 1319 2972 ,
1356 2917 1424 2960 eo
1460 2899 1585 2961 vim
1617 2901 1818 2978 magis
1862 2906 2318 2962 tormentorum
2363 2910 2417 2962 et
2470 2905 2863 2964 cruciatuum
2893 2904 3283 2965 acerbitatem
3314 2904 3506 2964 senti-

229 3008 381 3059 rent.
422 2996 642 3079 Verum
670 2996 1033 3079 hujusmodi
1051 2999 1314 3061 athletas
1339 2999 1611 3077 Christi,
1642 3002 1795 3063 tales
1822 3019 1896 3063 ac
1919 3012 2131 3063 tantos
2154 3002 2487 3082 religionis
2511 3013 2744 3066 nostra:
2763 3012 3048 3067 auctores
3068 3014 3125 3067 et
3144 3008 3502 3084 magistros,

230 3098 398 3160 liceat
427 3099 551 3163 tibi
581 3100 939 3182 pontiﬁcali
971 3104 1353 3163 auctoritate
1383 3103 1753 3181 gravissimo
1785 3096 1841 3165 si
1876 3121 2006 3165 non
2039 3106 2240 3167 oculis
2268 3107 2568 3187 aspicere,
2596 3109 2798 3169 animo
2844 3115 3006 3169 certe
3035 3114 3093 3167 et
3123 3107 3505 3185 cogitatione

229 3188 590 3281 complecti;
616 3202 918 3283 liceatque
945 3203 1096 3266 mihi
1131 3203 1467 3282 dignitatis
1494 3223 1567 3265 ac
1616 3206 1877 3269 virtutis
1913 3216 2033 3268 tua:
2057 3208 2443 3287 prwconium
2469 3210 2670 3289 facere
2702 3204 3050 3286 meditanti,
3082 3228 3345 3291 quorum
3389 3228 3501 3270 no-

225 3304 385 3365 mina
409 3314 559 3366 sunt
583 3305 819 3385 scripta
850 3306 917 3367 in
946 3304 1138 3379 caelis,
1171 3322 1383 3367 eorum
1407 3304 1762 3368 memoriam
1792 3308 2115 3370 annalium
2161 3310 2581 3371 monumentis
2617 3310 3095 3372 commendatam
3123 3309 3362 3371 nomini
3392 3318 3498 3369 tuo

226 3420 599 3467 consecrare.
633 3405 804 3483 Quos
851 3406 1053 3484 igitur
1090 3424 1220 3467 non
1260 3407 1501 3477 vidisti,
1552 3407 1722 3469 vides
1754 3418 1953 3471 tamen
1996 3412 2108 3491 qui
2138 3418 2197 3473 et
2226 3414 2435 3493 quales
2470 3414 2791 3495 postulent
2819 3414 3246 3494 patrocinium
3276 3420 3495 3481 tuum;

224 3503 381 3565 vides
404 3524 599 3587 quam
633 3506 891 3585 dignum
915 3507 999 3568 sit
1024 3522 1323 3585 generoso
1351 3508 1642 3587 principe
1662 3510 1991 3589 porrigere
2022 3512 2280 3591 afflictis
2312 3512 2654 3589 dexteram,
2683 3520 2866 3594 atque
2907 3516 3040 3592 opis
3077 3512 3501 3591 indigentibus

225 3604 565 3683 opitulari;
594 3623 778 3686 quam
794 3605 1052 3683 dignum
1082 3605 1319 3685 optimo
1352 3606 1643 3686 episcopo
1670 3608 1999 3690 episcopos
2019 3610 2141 3673 sibi
2165 3611 2421 3688 similes,
2444 3613 2796 3673 sacerdotes
2824 3614 3261 3693 ministrosque
3287 3628 3501 3672 sacros

222 3722 326 3787 pro
356 3706 601 3769 Christi
630 3707 747 3785 ﬁde
766 3722 1117 3787 perpessos,
1148 3706 1408 3786 benigne
1427 3710 1740 3787 suscipere
1766 3730 1786 3778 ;
1820 3726 2007 3789 quam
2032 3711 2291 3790 dignum
2322 3711 2580 3792 denique
2609 3711 2876 3773 humano
2901 3721 3150 3792 pectore
3182 3712 3501 3781 miserabi-s

222 3808 362 3871 lium
386 3810 678 3871 misereri
719 3808 1057 3881 hominum,
1088 3807 1523 3870 laborantibus
1562 3827 1953 3883 succurrere,
1995 3821 2051 3873 et
2084 3812 2447 3891 praesidium
2471 3814 2822 3893 petentibus
2872 3814 3031 3875 nihil
3059 3830 3303 3893 negare.
3344 3813 3500 3874 Hac

224 3931 351 3974 cum
387 3910 607 3974 videas
641 3928 769 3971 non
808 3929 915 3989 ego
966 3908 1178 3981 caedes,
1225 3928 1357 3969 non
1407 3908 1681 3982 verbera,
1713 3928 1846 3971 non
1867 3930 2133 3985 secures,
2160 3930 2292 3973 non
2319 3914 2597 3989 vincula,
2624 3931 2756 3974 non
2776 3914 3018 3991 reliqua
3038 3913 3499 3991 suppliciorum

220 4032 430 4093 genera
454 4030 753 4095 propono
781 4011 1022 4083 oculis;
1058 4011 1161 4071 sed
1195 4029 1329 4090 qua:
1353 4020 1582 4071 mutua:
1610 4012 1901 4075 caritatis
1935 4032 2007 4074 ac
2043 4012 2479 4076 benevolentiae
2502 4012 2781 4090 exempla
2810 4012 2989 4073 nobis
3015 4013 3245 4091 passim
3269 4028 3495 4072 occur-

219 4124 363 4177 runt
392 4119 461 4179 in
509 4116 628 4177 hac
662 4114 1001 4184 Historia;
1030 4121 1215 4193 atque
1249 4131 1313 4175 eo
1342 4129 1630 4192 propono
1669 4112 1989 4187 libentius,
2021 4130 2155 4173 non
2187 4122 2329 4201 tam.
2348 4114 2517 4193 quod
2558 4115 2767 4175 omnia
2804 4122 2861 4176 te
2905 4112 3099 4192 digna
3128 4114 3279 4181 sint,
3310 4130 3497 4192 quam

216 4218 373 4299 quod
418 4220 724 4297 majorem
770 4234 981 4279 eorum
1029 4227 1268 4297 partem
1324 4216 1602 4279 moribus
1666 4216 1794 4277 tuis
1848 4214 2196 4296 exprimere
2254 4216 2521 4280 videare.
2572 4216 2824 4280 Utinam
2862 4231 3004 4276 vero
3056 4215 3109 4275 is
3136 4232 3245 4291 ego
3281 4230 3493 4289 essem,

218 4329 305 4400 ut,
339 4332 407 4384 tu
436 4322 560 4403 qui
583 4321 670 4381 sis
704 4327 760 4381 et
791 4326 1063 4400 quantus
1096 4336 1329 4398 semper
1351 4319 1573 4398 fueris,
1603 4335 1740 4379 cum
1768 4317 1921 4380 satis
1953 4317 2192 4380 videam
2221 4316 2611 4397 admirerque
2639 4315 2929 4401 maxime,
2960 4313 3114 4375 satis
3148 4314 3330 4374 etiam
3362 4330 3499 4392 qua:

217 4430 317 4483 tua
358 4434 507 4484 sunt
540 4440 670 4482 non
713 4414 894 4481 modo
928 4417 1154 4491 dicere,
1202 4419 1306 4481 sed
1340 4419 1551 4498 dignis
1582 4416 1888 4479 celebrare
1929 4416 2221 4481 laudibus
2266 4412 2526 4478 dicendo
2553 4414 2847 4494 possem!
2888 4408 3012 4475 Sed
3052 4428 3183 4473 cum
3209 4410 3497 4490 persequi

216 4525 417 4584 omnia
446 4541 583 4584 non
612 4540 827 4602 queam
864 4521 884 4600 (
914 4523 1057 4601 quis
1105 4521 1266 4582 enim
1295 4521 1505 4581 omnia
1525 4526 1944 4599 persequatur
1980 4518 2112 4595 ejus
2151 4519 2261 4598 qui
2302 4535 2429 4581 non
2468 4516 2729 4580 honoris
2768 4534 3012 4592 nomen,
3058 4513 3163 4593 sed
3203 4514 3496 4574 honorem

213 4621 468 4701 adeptus
500 4623 588 4683 sit
621 4622 651 4681 7
685 4622 732 4701 ),
760 4628 976 4700 patere
1008 4639 1180 4701 (equo
1204 4622 1438 4693 animo,
1466 4638 1558 4681 me
1589 4618 1734 4681 bene
1766 4619 1964 4682 multa
1990 4621 2313 4698 praterire
2348 4620 2663 4692 consulto,
2694 4636 2827 4698 quae
2860 4617 2929 4680 in
2954 4617 3150 4677 medio
3182 4615 3391 4694 posita
3435 4622 3494 4676 et

213 4734 476 4787 cernunt
514 4742 724 4787 omnes
759 4732 813 4785 et
843 4723 1105 4802 miriﬁce
1132 4722 1417 4784 laudant.
1454 4722 1687 4783 Dicant
1715 4721 1831 4783 alii
1856 4720 2249 4782 nobilitatem
2278 4720 2546 4799 generis,
2580 4727 2939 4782 vetustatem
2966 4717 3243 4796 familiae,
3268 4716 3494 4794 patria:

209 4827 456 4905 inclytae
478 4835 541 4887 et
579 4831 913 4905 parentum
942 4824 1193 4897 decora,
1223 4824 1653 4901 cognationes,
1685 4822 1991 4901 majorum
2020 4821 2301 4893 nomina,
2328 4838 2583 4900 quaeque
2610 4819 2687 4881 ab
2723 4819 2801 4881 iis
2826 4818 3297 4899 prwclarissime
3322 4825 3493 4895 gesta

214 4937 350 4989 sunt
377 4949 397 4998 ;
432 4946 507 4989 ea
531 4936 600 4990 tu
626 4925 907 5006 quamvis
944 4932 1197 4985 tuorum
1229 4924 1357 4983 sint
1388 4931 1572 5003 atque
1598 4940 1853 5002 magna,
1876 4922 2119 5000 respuis
2143 4931 2339 4983 tamen
2364 4930 2658 5002 tanquam
2684 4921 2913 4990 aliena,
2930 4936 3133 4999 queque
3156 4916 3493 4998 quidquam

211 5039 377 5091 tuum
403 5036 605 5109 putas
634 5027 764 5089 nisi
803 5025 970 5106 quod
995 5026 1202 5088 virtus
1236 5025 1389 5102 fecit
1427 5033 1623 5085 tuum.
1660 5025 1896 5085 Dicant
1923 5024 2063 5101 alii,
2098 5032 2153 5084 te
2181 5023 2545 5085 Alexandro
2577 5024 2739 5087 VIII
2763 5023 2948 5101 ponti
2954 5024 3059 5099 ﬁci
3091 5022 3360 5081 maxime
3387 5039 3493 5083 ne-

201 5143 404 5212 potem
442 5150 598 5205 esse,
638 5138 695 5191 te
724 5130 915 5191 Petro
947 5128 1278 5191 Othobono
1308 5128 1625 5190 cardinali
1655 5128 2032 5208 amplissimo
2070 5127 2534 5196 consobrinum,
2570 5136 2627 5190 te
2653 5148 2688 5187 a
2715 5127 3048 5189 Benedicto
3079 5125 3248 5185 XIII
3276 5128 3494 5204 ponti-

204 5239 308 5316 ﬁce
329 5257 363 5298 ο
372 5238 583 5317 ptimo
613 5233 1001 5313 designatum
1029 5231 1385 5310 episcopum
1409 5252 1429 5300 ;
1465 5248 1691 5309 magna
1713 5229 1956 5310 quidem
1982 5231 2105 5292 ista
2127 5238 2297 5301 sunt,
2331 5230 2678 5308 singularia
2697 5246 2916 5308 prope,
2941 5236 3121 5307 atque
3154 5226 3305 5287 adeo
3338 5236 3489 5296 tua;

200 5338 300 5401 sed
327 5357 465 5400 non
499 5357 568 5399 ea
596 5342 741 5397 sunt
780 5352 913 5415 qua:
942 5332 1071 5397 dici
1097 5352 1133 5393 α
1167 5333 1407 5393 nemine
1442 5332 1595 5392 satis
1632 5332 1903 5410 possint.
1942 5331 2129 5392 Dicat
2157 5347 2531 5410 quacunque
2564 5330 2720 5408 facis
2750 5327 3062 5388 Patavina
3105 5325 3491 5387 celeberrima

200 5442 454 5515 civitas,
483 5436 788 5501 bonarum
815 5434 1052 5495 artium
1076 5432 1243 5494 sedes
1274 5452 1347 5494 ac
1376 5433 1704 5513 magistra,
1733 5434 1838 5496 cui
1860 5449 2078 5512 praes,
2109 5431 2279 5494 dicat
2304 5431 2702 5492 seminarium
2740 5427 2910 5491 istud
2934 5428 3289 5489 litterarum
3315 5435 3487 5490 tuum

194 5544 523 5629 iuventuti
551 5542 948 5605 instituenda:
971 5541 1388 5621 aptissimum,
1417 5540 1583 5620 quod
1609 5550 1679 5601 tu
1707 5538 2028 5618 splendori
2060 5538 2337 5618 pristino
2368 5533 2818 5599 restituendum
2845 5535 3216 5612 suscepisti;
3249 5540 3487 5600 majora

199 5643 485 5724 equidem
521 5642 646 5703 ista
672 5660 1004 5713 censemus,
1035 5651 1094 5704 et
1129 5639 1473 5719 majoribus
1506 5640 1689 5700 etiam
1718 5638 1914 5717 digna
1941 5637 2277 5708 laudibus;
2313 5643 2380 5695 at
2417 5654 2533 5696 nos
2565 5654 2674 5698 nec
2704 5635 3115 5714 quodcunque
3150 5633 3216 5691 in
3251 5636 3307 5686 te
3335 5644 3489 5686 unr-

195 5743 400 5805 dabile
428 5749 527 5803 est
548 5758 906 5820 proponere
932 5742 1115 5804 nobis
1140 5742 1453 5811 volumus.
1483 5756 1597 5801 nec
1630 5740 1774 5801 aliis
1798 5738 2222 5801 demonstrare
2262 5739 2389 5801 nisi
2414 5738 2723 5819 quidquid
2751 5746 2839 5798 est
2867 5736 3223 5797 maximum.
3260 5729 3490 5791 Maxi-

195 5859 324 5909 tnas
362 5848 580 5906 autem
610 5858 740 5904 esse
771 5841 1054 5905 ducimus
1090 5839 1443 5917 easdemque
1472 5837 1870 5908 admirabiles
1898 5838 2165 5901 virtutes
2208 5839 2428 5915 animi,
2474 5858 2609 5916 qua
2651 5836 2799 5899 solae
2831 5844 2951 5897 tua!
2980 5840 3151 5910 sunt,
3194 5850 3327 5913 qua:
3376 5830 3491 5897 tibi
