4080 6350
538 406 671 489 ητ-
1616 450 1617 453 ~
1820 456 1823 457 κ
1862 396 2119 476 γιότοιι·

2200 417 2485 475 lTENSlS.
2546 462 2549 465 .
2768 444 2772 448 -
3266 416 3272 421 ·
3711 402 3817 485 ne

538 564 679 608 cum
705 543 844 606 aliis
875 559 999 602 non
1036 553 1406 612 communes,
1436 550 1683 615 qumque
1719 531 1860 593 licet
1897 530 2313 592 commendari
2341 529 2416 591 ab
2446 526 2731 589 omnibus
2768 530 3092 606 nequeant,
3124 529 3270 583 sunt
3304 527 3504 581 tamen
3534 516 3820 578 omnium
3854 566 3857 567 ν

539 644 1061 707 commendatione
1091 638 1485 716 dignissimis.
1533 635 1624 695 Ac
1652 634 1858 712 primo
1886 631 2148 711 quidem
2175 646 2317 690 sese:
2344 628 2532 709 o/fert
2566 628 2633 689 in
2680 628 2876 686 Deum
2912 623 3115 703 pietas
3153 640 3228 682 ac
3255 619 3479 723 religio
3525 616 3651 723 ista
3689 620 3863 723 tam

538 751 668 810 Deo
699 763 868 819 cara,
901 752 1141 822 tamque
1168 740 1445 819 episcopi
1465 737 1757 817 propria,
1790 742 1919 795 tum
1954 733 2195 794 excelsa
2222 730 2485 802 indoles,
2520 731 2797 789 suavitas
2825 743 3064 787 morum
3091 732 3145 788 et
3175 721 3538 800 integritas,
3570 719 3639 780 in
3674 736 3821 778 em-

536 868 642 911 nes
676 847 1048 925 benignitas,
1079 853 1262 923 atque
1304 849 1544 901 natura:
1573 850 1704 925 tua:
1730 825 2196 925 accommodata
2220 832 2451 893 caritas
2482 838 2536 892 et
2578 828 3021 907 beneﬁcentia,
3048 833 3181 886 tum
3205 840 3338 904 prae
3381 822 3647 925 cwteris,

536 917 842 1009 ιιωτιῖίηιίε⁷
860 917 1222 1022 singulm-et
1256 917 1584 1002 laudanda}
1622 924 1793 1009 sunt,
1825 936 2061 997 summa
2230 932 2561 1025 modestia,
2611 949 2734 1010 qua
2771 938 2825 990 et
2856 936 3137 1025 praestas
3159 926 3332 1001 aliis,
3366 931 3422 984 et
3454 932 3513 1025 te
3556 921 3820 1025 laudari

534 1067 663 1109 non
684 1046 860 1110 sinis.
884 1021 983 1107 Ad
1009 1063 1124 1105 nos
1152 1044 1353 1122 igitur
1379 1038 1546 1121 quod
1576 1027 1826 1109 attinet,
1855 1038 1965 1117 qui
1992 1021 2256 1096 nimium
2286 1031 2491 1093 timidi
2515 1049 2698 1111 quam
2740 1028 3078 1110 prudentes
3102 1021 3329 1106 parum
3361 1023 3567 1087 videri
3598 1022 3820 1084 malu-

535 1169 696 1227 mus,
731 1167 807 1209 ne
834 1146 1106 1225 alicujus
1138 1145 1409 1225 gratiam
1436 1139 1971 1201 assentatiuncula
1992 1136 2272 1217 quadam
2306 1136 2608 1214 aucupari
2644 1134 2954 1209 dicamur,
2996 1148 3243 1193 summ
3274 1128 3550 1191 omnium
3582 1126 3822 1190 virtuti

540 1260 662 1313 tua:
686 1268 915 1313 morem
944 1248 1243 1327 gerimus,
1271 1254 1449 1324 atque
1482 1238 2195 1319 unioersolaudationis
2226 1254 2444 1315 genere
2478 1234 2960 1315 supersedemus.
2991 1233 3118 1308 Qui
3148 1242 3350 1294 tamen
3373 1247 3504 1291 non
3528 1229 3821 1309 patimur

452 1365 466 1379 ·’
540 1352 957 1414 testimonium
1004 1346 1266 1429 aliquod
1304 1343 1711 1405 observantur
1753 1352 1984 1405 nostra:
2006 1338 2329 1419 publicum
2372 1337 2741 1413 desiderari,
2778 1337 3132 1399 Historiam
3163 1336 3348 1411 hanc,
3383 1332 3544 1393 mole
3567 1332 3824 1413 quidem

460 1440 463 1443 ’
537 1471 820 1535 parvam,
853 1469 920 1512 re
940 1458 1146 1511 autem
1171 1449 1309 1527 ipsa
1334 1465 1646 1525 magnam,
1677 1453 1847 1523 teque
1877 1443 2133 1520 dignam
2154 1442 2474 1522 offerimus
2504 1440 2913 1518 amplitudini
2936 1448 3076 1515 tuae,
3112 1455 3524 1518 rogamusque
3554 1442 3630 1496 ut
3662 1453 3823 1516 qua-

453 1543 461 1549 ’
538 1554 831 1631 lecunque
865 1552 945 1613 sit
979 1547 1413 1610 munusculum
1439 1544 1659 1625 probes
1684 1550 1993 1614 nostrum,
2027 1560 2217 1622 neque
2247 1541 2549 1621 despicias
2586 1540 3009 1602 condonantis
3036 1542 3334 1611 animum,
3366 1538 3477 1618 qui
3507 1538 3613 1600 cui
3637 1538 3816 1599 mul-

453 1644 467 1665 "
540 1665 669 1715 tum
713 1655 945 1725 debeat,
989 1662 1049 1713 et
1084 1649 1347 1711 multum
1385 1648 1531 1707 dare
1561 1664 1692 1706 non
1713 1645 1941 1723 possit,
1981 1644 2134 1704 satis
2171 1662 2298 1705 esse
2328 1651 2637 1716 autumat,
2668 1644 2723 1704 si
2751 1643 2805 1703 ei
2836 1642 3183 1722 plurimum
3226 1640 3440 1702 debere
3486 1638 3661 1701 velit.
3711 1641 3822 1701 Tu

464 1744 479 1781 ί
538 1756 811 1827 interim,
843 1755 1097 1817 antistes
1127 1751 1372 1830 optime,
1412 1754 1471 1808 et
1497 1738 1732 1810 virtute
1759 1745 1956 1823 magis
1988 1763 2059 1805 ac
2082 1744 2323 1807 meritis
2351 1763 2537 1825 quam
2564 1745 2877 1824 dignitate
2904 1762 2977 1805 ac
3012 1741 3303 1805 laudibus
3331 1743 3523 1816 clare,
3559 1740 3671 1821 qui
3704 1740 3826 1803 di-

537 1860 685 1920 vino
715 1857 944 1920 videris
970 1873 1220 1916 munere
1234 1852 1514 1933 donatus
1534 1849 1833 1912 Ecclesiae
1866 1857 2011 1923 tuae,
2043 1847 2116 1908 de
2145 1868 2213 1908 ea
2242 1866 2455 1927 perge,
2491 1855 2563 1908 ut
2591 1848 2773 1926 facis,
2817 1842 3135 1909 laboribus
3159 1863 3233 1906 ac
3260 1843 3500 1923 vigiliis
3528 1842 3675 1904 bene
3694 1862 3826 1904 me-

536 1961 688 2031 reri,
728 1976 981 2038 gregum
1012 1966 1260 2017 tuorum
1285 1949 1835 2014 innumerabilium
1861 1948 2285 2011 incolumitati
2316 1948 2663 2022 consulere,
2693 1956 2748 2009 et
2780 1955 3081 2029 perpetua
3111 1946 3443 2009 clementia:
3466 1952 3588 2007 tua
3610 1944 3827 2007 relin—

534 2079 719 2143 quere
742 2066 1131 2121 monumenta
1162 2049 1503 2119 ad'Christi
1531 2050 1961 2130 Redemptoris
1984 2059 2278 2153 (sternam
2316 2050 2561 2111 laudem

1267 2304 1433 2445 P.
1526 2301 1840 2442 FB.
1942 2260 3075 2445 CHIFFLET'I‘I

904 2536 1881 2625 ELUCIDATIONES"
1918 2536 2029 2616 IN
2111 2532 2734 2629 VICTOREM
2807 2526 3433 2625 VITENSEM'

543 2194 3815 2221 ww

553 2826 559 2831 ·
606 2808 660 2865 In
692 2808 831 2864 notis
859 2807 1053 2863 nostris
1079 2806 1146 2861 ad
1177 2816 1341 2878 opera
1372 2805 1633 2874 Fulgentii
1679 2805 1936 2863 Ferrandi
1966 2806 2103 2862 Car.
2130 2812 2184 2871 Α
2206 2778 2500 2875 acciderit,
2534 2820 2662 2881 quot
2694 2808 2959 2880 fugerint,
2987 2820 3120 2882 quot
3145 2812 3434 2881 perierint,
3464 2820 3597 2884 quot
3624 2821 3839 2887 etquo.

534 2901 858 2971 thaginensis
889 2898 1139 2955 Ecclesiae
1166 2898 1411 2965 diaconi,
1449 2913 1695 2959 noniuna
1736 2914 1795 2954 se
1824 2898 1971 2954 dedit
2022 2915 2111 2956 oc-
2168 2926 2182 2965 χ
2215 2904 2434 2985 relegati
2476 2908 2616 2971 sint;
2668 2905 2782 2961 haec
2830 2921 2988 2961 nemo
3037 2898 3313 2977 negaverit
3351 2898 3421 2964 ad
3460 2921 3587 2963 eum
3635 2912 3835 2979 pertis

533 2993 774 3053 casiode
803 2992 1018 3047 Victore
1047 2991 1168 3056 hoc,
1191 2990 1414 3061 ejusque
1445 2989 1676 3057 Historia
1706 2991 1946 3064 quaedam
1976 3006 2113 3060 ιιι-ω·
2156 3043 2159 3046 .

535 3083 751 3151 libandi,
781 3099 897 3153 quae
925 3097 1065 3137 nunc
1088 3096 1267 3151 operae
1292 3082 1523 3152 pretium
1548 3090 1633 3137 est
1660 3083 1960 3138 accuratius
1988 3097 2113 3152 pro-

533 3173 703 3243 sequi.
735 3172 809 3227 De
856 3172 992 3227 libro
1020 3172 1247 3242 primum
1279 3172 1450 3227 dicam
1470 3215 1486 3239 ,
1529 3180 1640 3229 tum
1671 3173 1739 3230 de
1784 3182 2022 3242 auctore,
2055 3182 2112 3228 ut

534 3277 747 3319 causam
776 3279 842 3319 ex
867 3263 1069 3319 etiectis
1095 3263 1494 3333 investigemus.

1052 3374 1275 3432 CAPUT
1313 3375 1601 3433 PRIMUM.

924 3536 927 3539 _
1079 3469 1259 3540 Operis
1289 3468 1571 3547 inscriptio.

614 3560 821 3617 Titulus
874 3569 999 3616 ante
1049 3562 1226 3616 omnia
1281 3563 1432 3632 operi
1499 3562 1849 3635 prmﬁgendus
1884 3584 1905 3627 :7
1948 3580 2107 3637 quem

536 3651 676 3709 haud
705 3652 835 3707 satis
862 3651 1109 3708 distincte
1129 3653 1435 3719 concipiunt
1467 3654 1729 3725 plerique,
1764 3656 1842 3711 De
1869 3656 2113 3728 Persecu-

535 3748 671 3800 tione
708 3745 1008 3800 Vandalica.
1041 3746 1173 3801 Nam
1203 3756 1255 3802 ct
1284 3747 1540 3803 Geiserici
1582 3757 1731 3803 extra
1764 3749 1992 3806 AfriCam
2012 3792 2027 3813 ,
2060 3753 2110 3805 in

536 3836 786 3906 Hispania
806 3878 821 3903 ,
851 3838 902 3891 in
935 3837 1079 3893 Italia
1099 3880 1114 3903 ,
1147 3838 1403 3893 Dalmatia
1423 3878 1439 3904 ,
1465 3840 1752 3910 Campania
1774 3830 1804 3907 ,’
1832 3841 2077 3898 Calabria
2097 3854 2115 3909 ,‘
2161 3875 2167 3880 ε

535 3927 755 3997 Apulia,
790 3927 999 3993 Sicilia,
1041 3927 1319 3995 Sardinia,
1362 3930 1592 3998 Brutiis,
1639 3932 1901 3998 Lucania,
1948 3933 2115 4004 Epiro

538 4019 716 4075 Veteri
745 4021 857 4076 sive
886 4020 1136 4089 llellada',
1167 4025 1472 4092 persecutio
1500 4023 1628 4091 fuit,
1664 4030 1743 4080 ut‘
1766 4026 1917 4082 initio
1956 4028 2112 4097 primi
2176 4042 2233 4087 ,2.

533 4109 653 4166 libri
692 4112 883 4166 asserit
928 4111 1106 4167 Victor
1150 4130 1164 4165 :
1206 4113 1348 4169 unde
1388 4130 1494 4170 non
1530 4116 1749 4172 dubium
1794 4118 2115 4188 relinquitur
2182 4130 2198 4156 ί

2216 2998 2558 3079 nuissc,qui
2605 3007 2768 3053 totam
2808 2999 2926 3068 ejus
2967 2994 3246 3055 historiam
3286 3001 3673 3071 persecutionis
3710 3001 3837 3073 de-q

2153 3145 2161 3171 ι
2215 3090 2551 3171 scribendam
2605 3078 2947 3158 susceperat.
2995 3092 3234 3175 Apparet
3278 3091 3474 3147 deinde
3520 3106 3584 3147 es
3634 3094 3815 3148 veteri

2214 3168 2400 3239 codice
2437 3182 2649 3255 sancta:
2677 3181 2855 3237 Maria:
2887 3168 3276 3249 Laudunens'is,
3300 3183 3352 3239 in
3382 3198 3486 3254 quo
3511 3198 3574 3238 ea
3605 3182 3833 3241 Notitia'

2178 3262 2181 3265 ’
2215 3279 2294 3347 (ιιι
2326 3279 2438 3349 ipse
2481 3279 2644 3332 refert
2677 3276 3017 3349 Sirmondus)
3047 3277 3371 3347 sequebatur
3412 3274 3693 3333 Rationem
3739 3277 3831 3331 tl—'

2219 3370 2302 3425 dei
2353 3370 2419 3426 ab
2469 3370 2705 3441 Eugenio
2755 3364 3483 3441 Carthaginiensi,aliisque
3537 3369 3817 3441 episcopis

2216 3464 2450 3519 oblatam
2487 3463 2756 3519 Huuerico
2784 3460 2933 3533 regi;
2962 3463 3205 3534 adeoque
3233 3462 3586 3533 descriptioni
3624 3477 3825 3534 persed

2166 3592 2170 3596 Α
2214 3552 2448 3610 cutionis
2484 3554 2746 3611 Africana:
2786 3555 3016 3624 implexa
3056 3563 3111 3611 et
3150 3555 3353 3625 illigata
3392 3565 3529 3612 erat.
3569 3556 3817 3626 Apparet

2216 3649 2448 3719 denique
2475 3664 2544 3703 ex
2575 3663 2675 3704 ms.
2707 3648 2919 3714 codice,
2952 3664 3020 3704 es
3058 3664 3167 3718 quo
3194 3649 3529 3705 Abrahamus
3569 3648 3815 3705 Ortelius

2215 3742 2269 3796 in
2313 3733 2589 3796 Thesauro
2625 3739 2981 3810 geographica
3027 3740 3301 3809 civitatum
3345 3738 3541 3815 Africae
3586 3739 3812 3794 nomina

2215 3832 2496 3887 cxcadem
2542 3834 2653 3901 ipsa
2693 3830 2886 3886 Notitia
2916 3831 3257 3903 deprompta,
3307 3832 3504 3902 passim
3547 3818 3826 3904 episcopo.

2215 3924 2415 3982 Victori
2447 3926 2687 3982 ascribit.

2829 3973 3060 4075 CAPUT
3098 4018 3187 4074 ιιι.
3276 3982 3281 3993 “

2663 4110 2804 4166 Libri
2826 4111 2975 4167 Fidei
3005 4114 3118 4180 quis
3147 4122 3345 4167 auctor.

535 4202 664 4270 quin
690 4216 822 4270 opus
851 4215 1003 4255 suum
1034 4202 1147 4270 ipse
1185 4205 1515 4279 inscripserit
1560 4188 1846 4259 llistdriam
1876 4223 2108 4277 persecu-

2290 4222 2447 4277 Liber
2490 4223 2657 4286 Fidei,
2694 4223 2939 4280 Historia:
2971 4226 3363 4294 persecutionis
3392 4226 3658 4283 Africana:
3700 4206 3813 4282 illi?

534 4290 690 4342 tionis
717 4290 1184 4358 Africanazﬁquem
1217 4292 1424 4345 titulum
1456 4291 1673 4361 praefert
1712 4295 1766 4346 in
1794 4308 1897 4360 ms.
1927 4294 2112 4349 codice

534 4380 791 4436 Cartusia:
819 4380 1114 4436 Portarum.
1144 4382 1213 4437 At
1238 4384 1485 4452 quoniam
1513 4398 1608 4453 per
1635 4379 1875 4452 tempora
1903 4387 1961 4440 S.
1995 4386 2111 4440 Ful-

534 4471 698 4542 gentii
750 4471 1042 4540 Ruspensis
1093 4473 1360 4543 episc0pi,
1413 4473 1742 4529 orthodoxos
1797 4491 2010 4547 quoque
2056 4479 2110 4533 in

534 4565 710 4621 Africa
732 4565 941 4618 vexavit
970 4566 1387 4632 Trasamundus,
1421 4566 1596 4631 nobis,
1624 4569 1713 4637 qui
1747 4568 1828 4624 his
1859 4556 2108 4628 omnibus

532 4658 922 4712 calamitatibus
962 4660 1275 4729 superstites
1314 4674 1520 4724 sumus,
1556 4659 1781 4716 Victoris
1813 4662 2109 4720 lucubratio

535 4750 671 4813 haec,
702 4758 754 4803 et
783 4758 1021 4819 tempore
1049 4761 1102 4805 et
1132 4750 1250 4807 loco
1282 4752 1353 4808 ita
1385 4751 1869 4809 circumscribcnda
1899 4768 2010 4825 est,
2051 4767 2108 4813 ut

532 4842 601 4895 sit
646 4838 875 4895 Historia
925 4844 1284 4905 persecutionis
1327 4844 1588 4914 Africana:
1627 4845 1717 4899 sub
1748 4845 2015 4903 ‘Geiserico
2061 4859 2108 4905 et

536 4931 792 4987 Hunerico
830 4932 1177 4997 Vandalorum
1208 4936 1430 5003 regibus.
1858 4952 1861 4953 '
1936 4938 1937 4941 “

476 5016 479 5017 ⁷
1152 5025 1377 5084 CAPUT
1418 5028 1482 5083 ll.

710 5117 841 5189 Ejus
867 5135 986 5189 pars
1012 5128 1084 5175 est
1119 5118 1318 5175 Notitia
1343 5123 1695 5193 episcoporum
1722 5125 1929 5197 African

601 5209 753 5275 Quod
791 5209 1041 5265 Notitiam
1073 5212 1445 5281 episcOporum
1487 5216 1701 5281 Africae,
1742 5219 1833 5286 qui
1877 5218 2101 5273 Cartha-

531 5301 707 5371 ginem
735 5305 1020 5359 convcnire
1055 5321 1081 5357 a
1128 5322 1250 5377 rege
1287 5305 1550 5361 Hunurico
1587 5309 1721 5376 jussi
1759 5321 1880 5364 .~unt
1924 5315 2102 5382 (quam

531 5408 847 5465 anonymam
879 5396 1043 5452 edidit
1082 5396 1443 5466 Sirmnntlus),
1487 5400 1627 5453 idem
1675 5403 1786 5468 ipse
1813 5401 1992 5456 Victor
2019 5404 2103 5459 vel

530 5487 935 5556 cutiscripserit,
966 5492 1045 5545 vel
1079 5493 1266 5545 saltem
1298 5507 1325 5544 a
1360 5492 1556 5547 forensi
1602 5494 1865 5550 tabulario
1904 5497 2105 5551 descri-

2176 4324 2391 4387 agatus,
2422 4315 2639 4369 dubium
2673 4327 2755 4372 cst
2782 4332 2810 4371 a
2853 4335 3084 4385 quonam
3128 4320 3285 4376 fuerit
3326 4322 3683 4389 conscriptus.
3710 4322 3804 4375 Vi-

2216 4406 2348 4456 ctori
2385 4404 2515 4473 ipsi,
2545 4405 2697 4472 cujus
2740 4416 2822 4461 est
2870 4409 3135 4478 reliquum
3176 4424 3341 4480 opus,
3376 4412 3648 4466 ascribunt
3686 4412 3804 4481 ple-

2215 4493 2401 4562 rique:
2436 4493 2524 4548 alii
2573 4495 2813 4564 Eugenio
2860 4495 3261 4567 erthagiuensi
3302 4501 3585 4571 episcopo,
3626 4502 3797 4556 secuti

2213 4580 2547 4640 Gennadium
2598 4585 2650 4640 in
2695 4588 2970 4657 Catalogo,
3010 4604 3128 4659 cap.
3170 4592 3269 4659 9i,
3305 4592 3390 4646 ubi
3438 4592 3551 4647 haec
3589 4592 3799 4649 habet:

2215 4675 2478 4748 Eugenius
2532 4679 2853 4753 Carthaginis
2900 4682 3089 4745 Africa:
3137 4683 3353 4738 civitatis
3400 4686 3700 4757 episwpus,
3751 4694 3805 4740 et

2209 4774 2472 4840 confessor
2521 4770 2753 4838 publicus
2806 4762 2987 4844 petitus
3036 4792 3068 4827 a
3111 4774 3396 4830 Chunerico
3443 4776 3800 4832 Vandalorum

2211 4878 2357 4931 rege,
2404 4864 2668 4917 catholica:
2714 4866 2837 4932 ﬁdei
2882 4866 3274 4935 expositionem,
3304 4877 3352 4922 et
3401 4870 3621 4924 maxime
3660 4872 3801 4924 vorbi

2128 4960 2133 4967 ‘
2208 4953 2473 5006 omousion
2519 4956 2872 5025 praprictatem
2912 4958 3192 5023 disserere;
3232 4976 3347 5013 cum
3396 4976 3646 5031 consensu
3685 4980 3801 5016 orn-

2132 5091 2136 5094 .
2209 5045 2348 5097 nium
2401 5046 2629 5116 Africae,
2685 5056 2731 5099 et
2769 5047 3139 5114 Mauritaniaz,
3190 5062 3238 5103 et
3292 5052 3581 5117 Sardiniae,
3641 5066 3798 5119 atque

2209 5135 2428 5191 Corsictc
2466 5140 2819 5209 episcoporum
2874 5153 2921 5195 et
2960 5143 3309 5208 confessornm
3334 5147 3424 5213 qui
3452 5147 3504 5200 in
3535 5148 3795 5202 catholica

2200 5240 2612 5305 permanserunt,
2641 5234 2918 5302 composuit
2945 5235 3125 5287 librum
3155 5232 3307 5291 Fidei
3337 5249 3627 5293 sanctarum
3647 5240 3797 5295 Scri-

2206 5332 2470 5391 pturarum
2491 5326 2744 5377 sententiis
2765 5327 3153 5391 communitum,
3171 5338 3220 5382 et
3234 5347 3326 5400 per
3349 5330 3572 5402 collegas
3593 5336 3798 5403 confes-

2191 5402 2381 5468 sionis.
2397 5432 2506 5469 sua:
2533 5418 2775 5481 porrexit.
2802 5418 2970 5473 Porro
3000 5419 3179 5474 Victor
3208 5422 3260 5475 in
3291 5421 3394 5477 line
3423 5423 3540 5478 libri
3566 5402 3794 5482 secundi

2208 5507 2484 5563 catholicis
2526 5510 2774 5565 omnibus
2822 5510 3017 5567 Africa:
3060 5514 3328 5583 episcopis
3378 5532 3501 5571 eum
3553 5518 3794 5575 tribuere

532 5591 675 5651 ptam
716 5583 862 5650 Operi
895 5598 992 5636 suo
1024 5583 1340 5676 inseruerit,
1377 5596 1594 5654 apparet
1624 5588 1853 5656 primum
1884 5603 1947 5643 ex
1977 5589 2099 5657 ipsa
2128 5566 2176 5628 (ἶ
2211 5595 2440 5661 videtur,
2469 5610 2588 5651 cum
2611 5598 2720 5653 ait:
2765 5599 2915 5666 Quod
2962 5612 3079 5656 ante
3098 5566 3278 5657 ἠοω-ξ
3327 5607 3675 5676 providentes,
3719 5611 3792 5663 Ii-

533 5674 738 5729 ratione
767 5676 1082 5745 argumenti.
1108 5670 1240 5729 Cuni
1270 5676 1410 5730 enim
1445 5677 1495 5732 in
1527 5692 1587 5731 ea
1629 5677 1823 5733 Notitia
1854 5696 1957 5734 non
1989 5680 2101 5735 sola

531 5767 901 5838 episcoporum
926 5782 987 5821 ac
1008 5767 1212 5823 sedium
1246 5770 1457 5824 nomina
1491 5780 1901 5838 recenseantur,
1933 5771 2025 5828 sed
2052 5781 2107 5827 ct

529 5854 586 5914 in
628 5869 905 5921 contextu.
948 5867 1001 5913 ct
1050 5859 1115 5913 ad
1162 5859 1363 5917 calcem
1395 5859 1695 5919 adnotetur
1738 5864 1863 5933 quid
1912 5864 2104 5919 cuiouo

2214 5686 2397 5739 bellum
2428 5689 2493 5742 de
2522 5687 2652 5744 Fide
2681 5693 3104 5761 conscripserant,
3132 5698 3257 5749 satis
3282 5697 3515 5752 decenter
3541 5701 3793 5770 sufﬁciens

2214 5785 2385 5844 terque
2428 5780 2801 5849 conscriptum,
2848 5781 3071 5835 dicentes
3097 5798 3116 5837 .'
3148 5783 3209 5839 Si
3252 5793 3478 5840 nostram
3523 5790 3677 5858 fidem
3706 5809 3796 5846 σο-

2212 5884 2453 5937 gnoscsre
2481 5870 2799 5935 desideratis.
2830 5872 2937 5927 Ita'e
2964 5883 3038 5929 est
3064 5876 3245 5932 veritas
3273 5893 3427 5949 quam
3458 5890 3705 5941 tenemus.
3733 5885 3795 5951 In
