4080 6350
217 352 299 410 129

1510 374 1515 379 -
1542 330 1911 391 ΡΒΟιΕϐΟΜ
1922 329 2074 386 ENA.

3320 322 3447 405 rso

211 465 367 520 codice
410 457 655 516 cartusize
683 455 895 514 Sancta:
918 451 1195 509 Trinitatis
1224 463 1391 521 prope
1439 448 1749 511 Divioncm,
1779 448 1836 509 Α
1858 442 2192 515 praecellens,
2222 442 2375 513 cujus
2397 443 2546 511 juSSu
2585 444 2765 500 Victor
2793 458 2935 515 anno
2957 444 3155 502 Christi
3188 444 3292 502 487
3321 458 3447 518 per-

208 557 274 612 sic
298 551 587 609 inscribitur
609 548 696 603 hic
726 548 899 602 liber:
931 544 1121 614 Incipit
1148 540 1458 598 liber'Fidei
1492 539 1759 594 catholica:

208 657 361 705 contra
388 642 693 709 Wandalos,
724 641 895 696 editus
919 658 951 693 α
976 638 1231 700 Januario
1257 637 1551 702 Zaterense,
1598 633 1764 687 γξιιαε

208 742 291 796 tico
313 754 343 791 a
362 735 500 791 Casis
540 733 821 799 Mediauis,
849 731 1099 801 episcopis
1145 728 1194 783 Ν
1202 728 1443 793 umidiw;
1482 726 1761 796 Bonefacio

165 856 173 901 ε
208 829 575 889 Foracianense,
603 834 651 880 et
680 823 960 893 Bonefacio
1000 821 1320 887 Gazanense,
1368 820 1618 892 episwpis
1657 817 1762 889 By-

155 948 161 961 ε
208 921 399 977 serenis.
430 917 627 987 Verum
667 914 722 970 bi
770 922 894 969 sunt
931 914 1165 983 episcopi
1204 927 1302 984 per
1346 925 1483 982 quos
1526 910 1764 966 directus

208 1012 422 1070 estliber
450 1010 559 1074 ille,
583 1018 640 1063 ut
679 1008 730 1062 in
757 1007 877 1076 ejus
905 1006 1009 1061 line
1032 1013 1349 1069 annotatur;
1380 1017 1487 1058 non
1513 1001 1764 1072 aquibus

217 1101 541 1170 conscriptus.
573 1098 667 1153 His
702 1096 1095 1166 itaque‘positis
1137 1094 1589 1159 esistimaverim,
1622 1093 1765 1147 hunc

211 1198 378 1252 librum
403 1202 493 1248 aut
520 1191 588 1248 ab
628 1191 747 1261 ipso
787 1190 1026 1259 Eugenio
1073 1187 1479 1259 Carthaginensi
1512 1187 1763 1257 primate,

212 1299 286 1344 aut
306 1288 415 1355 ejus
437 1284 593 1354 jussu
621 1282 691 1338 ab
717 1281 930 1338 erudito
974 1281 1151 1349 aliquo
1190 1280 1353 1336 fuisse
1377 1278 1709 1334 elaboratum
1744 1293 1760 1332 :

210 1396 261 1435 ac
279 1378 497 1449 denique
518 1376 586 1431 ab
613 1375 864 1431 omnibus
885 1373 1037 1444 regni
1064 1373 1333 1443 episcopis
1355 1373 1684 1440 recognitum
1712 1383 1767 1426 et

212 1469 503 1540 probatum:
537 1465 631 1522 sed
679 1475 856 1520 tamen
886 1480 915 1521 a
963 1478 1287 1535 quocunque
1346 1464 1558 1520 tandem
1607 1462 1769 1520 fuerit
1802 1494 1808 1500 -

1770 1574 1776 1585 ·
1868 1554 2007 1611 risse
2033 1556 2065 1607 :‘
2090 1553 2383 1608 divisiones
2413 1564 2575 1622 porro
2604 1549 2773 1605 factas
2802 1563 2924 1604 esse
2963 1563 2993 1601 a
3034 1546 3452 1613 recentioribus,

1772 1678 1779 1685 -
1869 1661 2013 1703 nunc
2041 1646 2092 1701 in
2120 1645 2400 1715 pauciores
2429 1651 2629 1713 partes,
2661 1655 2802 1696 nunc
2828 1641 2883 1695 in
2913 1639 3113 1709 plures,
3160 1653 3258 1710 pro
3297 1640 3458 1709 genio

1776 1763 1782 1773 ν
1868 1739 2128 1809 cujusque
2158 1746 2319 1807 atque
2348 1734 2591 1790 arbitrio.
2639 1731 2824 1803 itaque
2855 1745 2977 1786 cum
2998 1729 3244 1800 vulgatae
3271 1727 3458 1784 editio-

1796 1828 1846 1901 B
1872 1847 1970 1888 nes
1999 1832 2272 1902 pleraeque
2301 1843 2411 1884 tres
2447 1828 2615 1883 libros
2644 1825 2956 1893 exhibeant,
2994 1838 3087 1880 sex
3123 1823 3346 1879 omnino
3372 1838 3460 1880 re-

209 1560 516 1630 conscriptus
537 1557 605 1614 ad
634 1556 865 1627 Victoris
892 1554 1184 1613 Historiam
1213 1555 1504 1627 pertinere.
1592 1588 1593 1591 η

798 1689 1024 1747 CAPUT
1061 1688 1150 1747 IV.

278 1785 480 1855 Tempus
509 1783 815 1853 conscripta:
851 1780 1091 1838 Historiae
1128 1798 1294 1873 annus
1328 1781 1519 1857 Christi
1548 1780 1675 1838 487.

267 1897 484 1965 Tempus
515 1909 623 1966 quo
666 1893 782 1949 haec
820 1893 1050 1949 Historia
1090 1894 1395 1966 conscripta
1439 1903 1524 1951 est
1564 1894 1780 1960 indicas

209 1991 271 2045 vit
291 1997 465 2045 auctor
494 1988 619 2057 ipso
648 1986 840 2057 operis
866 1985 1039 2052 initio,
1071 1986 1438 2063 sexagesimum
1480 2003 1672 2042 annum
1698 2002 1781 2055 ex,

212 2097 300 2154 quo
340 2080 562 2136 Vandali
610 2078 666 2135 in
716 2065 951 2135 Africam
1003 2095 1069 2134 ex
1118 2078 1370 2150 Hispania
1419 2080 1781 2151 trajecerant,

212 2174 353 2230 Porro
379 2173 461 2228 hic
490 2172 753 2228 transitus
779 2187 900 2227 curn
939 2186 971 2227 a
1005 2170 1269 2242 Prospero
1298 2173 1351 2226 in
1378 2169 1645 2227 Chronico
1674 2185 1782 2237 no-,

212 2275 328 2323 tetur
353 2264 534 2321 Hierio
562 2274 617 2320 et
644 2264 923 2320 Ardabure
950 2263 1281 2332 consulibus,
1334 2263 1436 2335 hoc
1474 2272 1590 2330 est,
1624 2275 1785 2325 anno

212 2374 314 2414 ante
361 2357 679 2414 Christianae
732 2355 871 2423 427,
927 2355 995 2410 ad
1050 2356 1194 2410 hunc
1249 2370 1534 2410 numerum
1587 2354 1782 2417 addito,

210 2451 567 2522 sexagenario,
610 2448 847 2521 prodibit
884 2448 1044 2523 hujus
1089 2448 1268 2520 Operis
1297 2447 1557 2503 elaborati
1597 2462 1783 2505 annus

152 2554 156 2557 ‘
209 2544 318 2599 ‘87.
732 2594 735 2595 ,

237 2626 243 2635 ’
815 2630 1041 2710 canor
1084 2632 1147 2687 v.
1189 2696 1192 2700 ,

209 2729 292 2784 Cui
338 2736 670 2800 nuncupatus
709 2727 791 2800 hic
836 2726 1005 2800 liber;
1036 2725 1199 2800 [Etas
1242 2725 1497 2800 Diadochi
1545 2727 1787 2798 episcopi,

237 2801 257 2811 ”
500 2796 510 2800 ⁷
603 2797 843 2852 Photices
872 2798 926 2852 in
963 2796 1123 2869 Epiro
1166 2796 1349 2854 Veteri.

268 2934 362 2991 Cui
404 2935 536 2990 liber
578 2934 669 2989 hic
725 2938 1062 3001 nuncupatus
1113 2930 1270 2985 luerit
1331 2928 1601 2999 conjicere
1647 2929 1771 2983 licet

208 3044 265 3084 et
298 3028 510 3084 Victoris
537 3024 876 3098 prarlatione.
905 3024 1036 3079 Nam
1056 3024 1102 3079 is
1132 3024 1436 3093 quicunque
1465 3030 1547 3077 est
1565 3062 1582 3088 ,
1611 3021 1790 3079 histo-.

207 3126 324 3178 riam
350 3135 511 3178 texere
546 3121 853 3193 cogitabat,
893 3120 981 3176 cui
1011 3120 1315 3175 Africanam
1343 3120 1768 3189 persecutionem

1862 536 2154 593 sccutionis
2182 534 2448 592 Africana:
2482 537 2769 592 Hister-am
2800 536 3035 607 scripsit.
3128 608 3131 613 η

2467 627 2691 684 CAPUT
2744 629 2833 684 Vl.
2907 651 2909 653 ί

2142 774 2143 781 η
2271 722 2455 792 ()peris
2484 722 2536 775 in
2566 721 2600 775 5
2628 721 2780 775 libros
2811 723 3047 790 partitio.

1882 848 1889 857 ι
1933 814 2086 881 Quod
2128 821 2336 880 spectat
2372 812 2439 866 ad
2480 811 2796 867 divisionem
2840 811 2997 882 hujus
3044 812 3319 880 Historiae,
3367 813 3450 870 in-

1864 916 2068 964 certum
2108 915 2193 963 est
2229 921 2297 960 an
2339 919 2457 961 eam
2484 904 2670 960 Victor
2710 904 2765 960 in
2806 905 2984 974 plures
3032 905 3198 961 libros
3227 906 3452 975 partitus

1864 1001 1954 1057 sit.
2002 999 2114 1054 lmo
2141 1013 2263 1053 cum
2295 997 2438 1052 nulla
2468 1008 2763 1066 appareant
2796 996 2956 1065 hujus
2985 996 3264 1052 divisionis
3289 999 3453 1053 vesti-

1865 1092 1981 1163 gia,
2028 1091 2171 1146 nulla
2215 1091 2267 1145 in
2312 1090 2429 1159 ipso
2469 1098 2619 1144 textu
2661 1089 2889 1158 plurium
2934 1088 3192 1143 librorum
3224 1090 3451 1156 mentio,

1867 1184 2030 1240 nulla:
2061 1182 2428 1249 transitiones,
2476 1182 2637 1236 nullae
2663 1190 2814 1237 extra
2846 1178 3008 1235 totius
3036 1181 3452 1251 operis-princi-

1869 1278 2014 1349 pium
2037 1286 2093 1332 et
2113 1277 2271 1333 tinctu
2290 1275 2376 1330 vel
2398 1274 2762 1345 prologorum,
2784 1274 2869 1329 vel
2889 1272 3224 1342 epilogorum
3243 1272 3448 1339 formae,

1866 1368 2208 1425 verisimilius
2252 1376 2336 1423 est
2377 1381 2496 1422 eam
2543 1364 2830 1421 Historiam
2876 1378 2942 1419 ex
2990 1372 3169 1419 mente
3209 1364 3447 1419 auctoris

1869 1465 1951 1539 (ut
1990 1464 2104 1520 fere
2127 1461 2449 1517 vetustiores
2492 1460 2610 1514 alia:
2640 1456 2837 1529 solent)
2880 1471 2987 1512 uno
3031 1466 3218 1512 tenore
3256 1456 3452 1512 decur-

1872 1922 2110 1993 perimtts
2141 1922 2194 1976 in
2231 1920 2419 1976 codice
2447 1934 2548 1973 ms.
2579 1917 2830 1973 cartusiae
2858 1917 3136 1973 Portarum
3164 1935 3178 1972 :
3221 1916 3318 1973 sed
3360 1918 3461 1973 hac

1871 2016 2081 2072 ratione
2102 2014 2406 2078 distinctos,
2426 2021 2485 2068 ut
2507 2011 2649 2068 idem
2671 2012 2743 2068 sit
2763 2011 3050 2082 utrobique
3072 2011 3208 2067 liber
3229 2012 3459 2081 primus;

1870 2116 1927 2163 at
1954 2108 2092 2164 liber
2120 2106 2388 2162 secundus
2413 2106 2662 2176 vulgatus
2703 2105 2756 2159 in
2797 2104 2966 2171 duos,
3014 2102 3203 2161 tertius
3248 2106 3302 2160 in
3347 2115 3462 2161 trcs

1871 2200 2265 2257 subdividatur.
2303 2199 2384 2253 Ad
2413 2200 2571 2253 linem
2600 2196 2719 2253 libri
2750 2212 2806 2252 tv
2829 2205 2947 2267 post
2978 2196 3066 2251 illa
3096 2192 3292 2252 verba:
3326 2180 3461 2251 Data

1871 2293 1964 2346 sub
1993 2293 2077 2346 die
2102 2299 2248 2346 sexto
2278 2290 2514 2345 calendas
2539 2288 2776 2356 Martias,
2809 2288 3132 2359 Carthagini,
3160 2297 3462 2359 sequuntur

1873 2383 1989 2439 hazc
2014 2398 2119 2438 non
2150 2381 2405 2446 auctoris,
2429 2381 2524 2436 sed
2547 2380 2865 2436 recentioris
2887 2379 3088 2435 librarii
3111 2391 3459 2436 assumenta:

1875 2477 2005 2532 Hac
2031 2484 2105 2531 est
2135 2476 2246 2540 lex,
2290 2475 2384 2529 hoc
2410 2472 2727 2545 praceptum‘
2749 2470 3059 2544 iniquissimi
3088 2473 3221 2543 regis
3262 2482 3309 2526 et
3352 2471 3462 2527 Deo

1875 2571 2082 2626 odibilis
2108 2568 2379 2645 Honorici,
2410 2567 2503 2637 ﬁlii
2524 2565 2790 2635 Geiserici,
2815 2582 2968 2631 quam
2989 2566 3235 2620 adversus
3261 2566 3463 2634 piorum

1874 2658 2073 2734 gentem
2099 2661 2255 2715 veluti
2283 2660 2438 2714 draco
2473 2660 2588 2713 bino
2626 2674 2713 2712 ore
2740 2657 2950 2711 sibilans
2989 2656 3166 2711 edidit.
3213 2657 3320 2712 Sed
3344 2661 3464 2729 jam

1875 2764 2074 2823 tempus
2107 2763 2182 2807 est
2223 2760 2277 2806 ut
2315 2753 2367 2805 in
2394 2760 2576 2821 quarto
2618 2748 2921 2804 hoc‘libello
2948 2750 3105 2819 ﬁnem
3146 2750 3460 2803 narrationis

1875 2847 2044 2915 facere
2079 2843 2351 2899 debeamus
2371 2840 2403 2895 :'
2430 2842 2551 2909 quia
2580 2841 2850 2911 indignum
2888 2848 2935 2893 et
2961 2839 3213 2893 indecens
3256 2849 3361 2907 est,
3408 2847 3464 2893 ut

1874 2932 2673 3007 sub'tyrannica,collocutione
2715 2948 2880 2986 sermo
2927 2932 3131 2987 divinus
3173 2931 3458 3004 subjaceat.

1877 3031 2127 3085 Auditum
2165 3044 2285 3099 ergo
2326 3028 2545 3097 petimus
2574 3026 2639 3080 ab
2667 3025 2991 3079 auditoribus
3021 3025 3232 3080 libenter
3257 3042 3462 3080 accent-

1878 3122 2098 3187 modari,
2130 3137 2245 3175 cum
2276 3119 2585 3189 principium
2612 3118 2733 3172 libri
2755 3120 2921 3188 quinti
2948 3118 3001 3172 in
3028 3134 3205 3172 eorum
3236 3120 3466 3174 senuerit

207 3214 417 3284 illigaret
442 3232 455 3269 :
486 3224 761 3283 tantaeque
800 3222 920 3267 erat
945 3211 1029 3266 vel
1076 3210 1432 3276 auctoritatis,
1474 3210 1555 3264 vel
1603 3208 1772 3279 digni-
1802 3210 1849 3277 (ζ
1879 3216 2125 3271 auribus:
2150 3213 2390 3284 quoniam
2421 3228 2606 3284 magna
2637 3222 2683 3265 et
2721 3204 2960 3265 miranda
2984 3204 3271 3280 martyrum
3295 3222 3465 3265 certa-

205 3309 334 3371 tatis,
381 3318 433 3361 ut
482 3308 598 3378 cjtts
635 3305 865 3376 jubentis
897 3305 1152 3376 imperio,
1192 3302 1488 3357 obedientite
1532 3302 1773 3355 cervicem

205 3400 469 3453 submittere
492 3416 549 3455 se
584 3396 932 3469 proﬁteretur
963 3396 1249 3465 episcopus
1284 3395 1462 3450 Victor
1488 3411 1501 3447 :
1531 3394 1621 3465 qni
1651 3408 1773 3449 cum

204 3488 655 3559 Constantinopoli
714 3487 1014 3550 scriberet,
1072 3485 1158 3541 vix
1216 3485 1350 3540 alius
1401 3485 1634 3540 occurrit
1688 3485 1793 3539 cui.

208 3591 388 3638 tantum
417 3583 637 3640 deferre
670 3580 889 3635 honoris
934 3579 1019 3634 vel
1065 3580 1326 3649 potuerit,
1361 3579 1447 3633 vel
1496 3578 1771 3644 debuerit,

206 3675 262 3729 ab
282 3676 467 3733 Acacio
496 3674 590 3746 qui
623 3684 736 3730 tum
768 3673 819 3726 in
854 3672 988 3751 vivis
1010 3681 1158 3741 erat,
1188 3670 1488 3741 patriarcha
1518 3670 1797 3725 Consmnm

208 3766 560 3838 tinopolitano.
604 3764 939 3823 lllamenim
982 3762 1165 3818 sedem
1208 3764 1309 3818 iste
1349 3762 1582 3818 obtinuit
1620 3761 1791 3816 annis

204 3859 595 3928 septemdecim,
656 3871 723 3912 ex
767 3852 909 3910 anno
937 3854 1139 3910 Christi
1163 3904 1166 3907 .
1189 3854 1291 3909 471
1342 3854 1395 3907 in
1426 3853 1553 3918 L88,
1585 3867 1779 3908 secun-

206 3948 313 4005 dum
334 3961 581 4007 auctores
610 3948 1018 4019 probatissimos
1045 3946 1294 4001 Historia:
1320 3945 1645 4016 Byzantium.
1670 3944 1792 4010 Ade

209 4042 276 4095 dit
302 4043 495 4113 Victor,
526 4044 679 4098 sicut
709 4039 1024 4094 Timotheus
1054 4046 1109 4093 et
1136 4036 1311 4093 Lucas
1348 4034 1495 4090 Pauli
1525 4033 1776 4105 apostoli,

210 4134 278 4188 sic
302 4145 351 4189 et
377 4136 537 4191 istum
579 4133 725 4190 beati
768 4131 1002 4202 episcopi
1035 4129 1292 4187 Diadochi
1331 4128 1497 4184 fuisse
1540 4128 1799 4195 discipu-.

204 4225 316 4281 lum.
348 4226 507 4282 Omne
549 4226 762 4297 inquit,
804 4224 986 4278 datum
1028 4224 1275 4295 optimum
1308 4230 1355 4277 et
1395 4220 1799 4276 omnedonum

208 4319 453 4386 perfectum
499 4320 705 4374 calitus
752 4316 1040 4387 accepisti:
1077 4316 1309 4371 eruditus
1352 4331 1385 4368 a
1431 4323 1572 4369 tanto
1610 4314 1797 4383 ponti-_

206 4413 299 4477 ﬁre,
323 4424 523 4484 totoque
554 4411 733 4466 laudis
759 4426 939 4479 genere
962 4408 1294 4480 pradicando
1319 4409 1462 4461 beato
1487 4404 1778 4472 Diadocho,

206 4507 329 4567 cuius
360 4514 410 4557 ut
446 4516 593 4559 astra
628 4504 855 4557 lucentia
879 4512 1096 4557 exstant
1124 4503 1505 4571 quamplurima
1539 4500 1777 4554 catholici

1877 3310 2016 3363 mina
2050 3324 2144 3361 nos
2183 3298 2846 3375 conﬁdimus‘narraturos,
2880 3298 3163 3371 ‘p'aestante
3200 3301 3312 3371 ipso
3336 3300 3466 3356 Jesu

1876 3400 2083 3460 Christo
2127 3398 2369 3463 Domino,
2406 3398 2493 3465 qui
2531 3394 2723 3449 laureis
2759 3395 2975 3463 miriﬁce
3012 3404 3214 3448 sanctos
3255 3404 3466 3447 coronat

1877 3508 2017 3547 suos.
2054 3490 2284 3562 Erplicit
2320 3489 2446 3543 liber
2471 3498 2705 3559 quartus.
2739 3485 2926 3557 Incipit
2963 3486 3091 3540 liber
3113 3487 3334 3557 quintus.
3384 3486 3465 3542 Ad

1881 3588 2039 3641 linem
2069 3599 2200 3639 vero
2231 3582 2349 3638 libri
2378 3581 2571 3652 quinti,
2605 3590 2725 3651 post
2755 3580 2843 3634 illa
2875 3580 3071 3635 verba:
3108 3579 3466 3636 Et'Maaimus

1878 3676 2180 3742 monachus,
2214 3685 2261 3727 ct
2294 3673 2560 3745 Septimus
2588 3671 2888 3741 monachus,
2920 3670 3036 3725 haec
3066 3668 3462 3741 subjiciuntur:

1881 3769 1988 3824 Sed
2020 3768 2132 3821 licet
2161 3766 2343 3820 horum
2371 3764 2860 3836 gloriosissimorum
2892 3773 3201 3832 martyrum,
3243 3763 3296 3816 in
3336 3778 3467 3832 prte-

1879 3860 2010 3914 senti
2048 3875 2151 3912 non
2183 3858 2492 3926 quiverimus
2519 3854 2798 3926 explanare
2825 3853 3134 3907 admiranda
3162 3855 3465 3923 certamina,

1879 3959 2090 4022 propter
2111 3947 2332 4001 aliorum
2358 3946 2590 4001 videlicet
2615 3944 3067 3999 innumerabilium
3089 3946 3468 3999 multitudinem

1880 4054 2195 4112 martyrum;
2238 4040 2291 4093 in
2327 4040 2430 4109 ﬁne
2457 4047 2623 4092 tamen
2653 4035 2809 4109 hujus
2838 4036 3006 4106 aperis
3046 4038 3206 4090 nostri
3251 4039 3467 4107 promit-

1881 4138 2059 4200 timus,
2079 4132 2300 4187 Domino
2325 4131 2619 4202 adjuvante,
2639 4145 2731 4185 nos
2751 4125 2810 4183 ea
2832 4135 3151 4182 narraturus.
3174 4125 3329 4184 Nunc
3349 4145 3470 4203 (rgo

1882 4225 2248 4300 hujus‘libelli
2290 4224 2455 4296 quinti
2503 4223 2814 4277 narrationis
2856 4230 3043 4277 nostra:
3086 4223 3170 4277 hic
3213 4223 3331 4293 ﬁnis
3376 4226 3464 4282 sit.

1885 4320 2111 4388 Explicit
2157 4318 2283 4372 liber
2321 4317 2545 4388 quintus.
2598 4313 2790 4385 Incipit
2832 4315 2955 4368 liber
2992 4323 3185 4370 sextus.
3237 4313 3344 4388 [Ex
3378 4316 3472 4370 illo

1871 4416 1988 4486 jam
2031 4406 2258 4482 tempore
2296 4410 2555 4487 crudelius
2588 4409 2900 4463 Arianorum
2943 4410 3190 4479 episcopi,
3229 4418 3333 4464 etc.
3385 4408 3469 4465 Ad

1883 4507 2045 4561 ﬁnem
2076 4503 2305 4573 denique
2331 4503 2451 4558 libri
2481 4502 2641 4563 sexti,
2667 4509 2789 4570 post
2812 4500 2897 4555 illa
2921 4502 3105 4564 verba,
3128 4502 3285 4556 simili
3310 4510 3473 4557 morte

204 4597 431 4666 dogmatis
460 4598 788 4651 monimenta
815 4594 1091 4648 dictorum-
1122 4593 1190 4647 Ει
1215 4603 1293 4647 σαι
1320 4602 1395 4647 εει
1423 4592 1513 4647 tibi
1542 4601 1593 4647 ut
1621 4594 1778 4663 wqui-
1804 4578 1873 4657 Di
1886 4599 2069 4666 periit,
2114 4597 2186 4652 ita
2213 4594 2484 4650 concludit
2525 4592 2780 4647 librarius
2806 4610 2818 4645 :
2855 4592 3085 4663 Explicit
3117 4593 3247 4649 liber
3276 4604 3471 4649 sextus.

205 4702 329 4752 pares
356 4691 657 4742 doctrinam
705 4686 961 4749 doctoris;
988 4687 1108 4752 quia
1144 4687 1269 4739 satis
1311 4694 1383 4739 est
1424 4687 1677 4756 discipulo
1719 4694 1777 4739 ut

203 4779 256 4831 sit
282 4782 531 4849 quomodo
582 4779 830 4849 magister
870 4782 1002 4851 ejus.
1038 4779 1159 4834 Fuit
1196 4779 1284 4835 h‘c
1331 4780 1630 4843 Diadochtts
1659 4780 1799 4850 epi—‘

206 4887 372 4946 scopus
402 4877 670 4939 Photices
696 4876 749 4929 in
781 4875 941 4944 Epiro
970 4874 1180 4938 Veteri,
1207 4884 1265 4930 ut
1304 4883 1532 4929 testatur
1559 4874 1781 4929 Photius

204 4969 248 5021 in
281 4969 625 5041 Myriobiblo,
660 4964 846 5021 codice
886 4967 1027 5031 201,
1065 4964 1155 5035 qui
1201 4974 1255 5020 et
1300 4981 1489 5020 rursus
1535 4965 1777 5035 ejusdem

203 5061 420 5115 meminit
461 5060 590 5115 cod.
629 5058 761 5114 231.
806 5058 1107 5114 Asceticum
1160 5057 1276 5128 ejus
1324 5058 1515 5114 librum
1564 5070 1809 5114 centum'

200 5152 439 5220 capitum,
468 5168 502 5208 a
535 5151 844 5208 Francisco
878 5149 1141 5206 Turriano
1170 5151 1359 5206 Latine
1388 5149 1653 5207 redditum
1687 5151 1781 5206 ha-

200 5240 278 5295 bet
305 5243 635 5300 Bibliotheca
668 5240 887 5297 Patrum
914 5259 927 5295 :
958 5258 1063 5314 quo
1092 5254 1158 5297 ex
1190 5258 1354 5313 opere
1382 5255 1535 5314 caput
1567 5244 1780 5314 aliquod
1808 5266 1809 5269 η

198 5332 315 5387 citat
355 5335 630 5392 Maximus
683 5332 1033 5398 monachus,
1060 5333 1150 5404 qui
1198 5333 1440 5389 Heraclio
1485 5335 1782 5405 imperante

200 5426 387 5496 ﬂoruit,
420 5427 652 5483 Patrem
698 5424 1035 5479 Diadochum‘
1066 5439 1224 5481 causa
1266 5426 1485 5481 honoris
1524 5440 1645 5489 eum
1689 5440 1784 5496 ap-

202 5519 406 5587 pellans.
440 5522 583 5577 Cum
639 5526 826 5575 autem
856 5517 1112 5573 hactenus
1141 5520 1367 5574 obscura
1400 5517 1555 5574 luerit
1590 5519 1811 5574 Diado-r

200 5610 273 5664 chi
297 5621 449 5676 a‘tas,
477 5628 549 5667 cx
583 5612 697 5666 hoc
739 5619 886 5665 certe
913 5610 1143 5667 Victoris
1174 5610 1301 5687 loco
1325 5609 1601 5675 habemus,
1640 5612 1779 5665 circa

200 5706 411 5762 medium
444 5706 631 5776 quinti
668 5712 789 5773 post
813 5703 1081 5760 Christum
1106 5706 1287 5761 δεδουιὶ
1318 5703 1462 5760 illum
1491 5704 1778 5769 claruisse;

201 5803 253 5854 ut
270 5815 333 5857 eo
355 5801 627 5858 nimirum
661 5798 918 5869 magistro
945 5814 1072 5857 usus
1101 5798 1263 5857 fuerit
1300 5799 1382 5857 vir
1408 5798 1499 5857 ille
1525 5800 1783 5870 dignitate
1810 5816 1815 5821 ·

1883 4691 2078 4758 Incipit
2105 4689 2283 4743 Passio
2309 4687 2623 4743 Sanctorum
2650 4685 2890 4755 superius
2922 4686 3193 4755 promissa,
3220 4688 3309 4755 qui
3333 4687 3475 4758 apud

1882 4785 2244 4857 Carthaginem
2270 4782 2409 4851 passi
2432 4777 2594 4850 sunt.]
2630 4779 3012 4833 Pra'dicaturns
3034 4779 3338 4851 triumphos,
3364 4789 3471 4834 etc.

1884 4880 1947 4935 Hi
1991 4887 2116 4933 sunt
2156 4893 2223 4933 ex
2265 4874 2453 4931 codice
2480 4874 2761 4930 Portarum
2793 4874 3047 4945 iulio-yet;
3098 4888 3205 4929 non
3234 4872 3474 4930 auctoris

1883 4972 2077 5042 ipsius,
2105 4962 2199 5026 sed
2228 4967 2539 5038 antiquarii,
2565 4980 2660 5022 seu
2691 4965 2870 5021 medio
2893 4979 3009 5020 aevo
3035 4964 3471 5036 interpolatoris;

1883 5078 2019 5133 quos
2048 5063 2226 5133 operis
2269 5060 2512 5131 partibus
2558 5074 2590 5115 a
2630 5073 2690 5115 se
2732 5059 3040 5115 constitutis
3080 5060 3233 5130 quasi
3277 5061 3475 5118 limites

1884 5155 2083 5225 posuit.
2120 5152 2246 5208 Mihi
2276 5154 2508 5223 partium
2537 5151 2966 5222 proportionem,
2996 5160 3051 5206 et
3079 5151 3294 5208 lectoris
3321 5168 3473 5211 com-

1885 5246 2104 5303 modum
2136 5244 2431 5315 spectanti,
2474 5243 2649 5299 media
2680 5242 2796 5298 fere
2823 5243 2905 5297 via
2950 5242 3203 5300 incedere
3245 5244 3475 5313 placuit,

1885 5354 2111 5410 eamque
2140 5338 2426 5393 Hist0riam
2457 5337 2693 5408 quinque
2722 5337 2774 5390 in
2806 5335 2973 5391 libros
3002 5337 3217 5406 partiri;
3248 5354 3475 5409 quorum

1887 5432 2043 5502 primi
2084 5438 2455 5502 argumentum
2498 5428 2639 5483 erit:
2675 5426 2919 5481 Ceiserici
2955 5426 3305 5482 Vandalorum
3346 5431 3476 5496 regis

1888 5525 2131 5597 Africana
2162 5522 2477 5591 persecutio;
2507 5521 2753 5587 secundi,
2781 5521 2940 5575 Initia
2970 5523 3333 5589 persecutionis
3359 5520 3476 5573 Hu-

1891 5612 2048 5672 nerici
2075 5615 2429 5669 Vandalorum
2460 5619 2622 5685 regis;
2656 5613 2820 5679 tertii,
2861 5612 3121 5683 Professio
3150 5613 3273 5681 ﬁdei
3298 5612 3472 5666 catho-

1892 5709 2109 5763 licorum
2150 5710 2500 5779 episcoporum
2550 5706 2814 5760 Hunerico
2858 5690 2964 5775 regi
3004 5704 3211 5766 oblata;
3257 5706 3473 5772 quarti,

1898 5800 2141 5858 Iqueriri
2185 5801 2315 5875 regis
2359 5801 2551 5856 sterilia
2598 5800 2649 5854 in
2690 5800 2947 5869 episcopos
2988 5795 3317 5864 orthodoxos,
3362 5812 3476 5853 cum
