4080 6350
566 392 661 451 151

1894 376 2141 434 νισι-οη
2178 375 2503 435 νιτειηειε.

3726 381 3831 436 152

569 514 746 565 lterum
771 466 1034 583 catalogo;
1076 505 1277 577 quinti,
1306 502 1595 560 Crudelitas
1634 499 1768 571 regis
1798 497 2049 552 Huncrici
2089 496 2144 551 in
2167 497 2227 557 Α.
2247 495 2363 565 ipse
2406 494 2463 551 in
2508 495 2906 567 Byzaeenorum
2934 494 3309 566 episcoporum
3336 497 3479 554 serie
3506 499 3576 556 de
3602 513 3663 554 se
3693 504 3828 556 seri-

569 615 773 659 m-teros
811 602 1108 657 catholicos.
1158 597 1527 667 Subjicientur
1561 609 1660 664 per
1688 591 1904 647 modum
1941 604 2140 660 appen-

567 698 723 760 dit-is,
767 703 882 748 acta
910 694 940 746 7
970 690 1353 745 monachorum
1387 694 1681 756 martyrum
1710 681 1998 752 Caspensis
2028 690 2136 736 ter-
2164 753 2169 763 1

568 788 754 850 ritnrii,
771 798 997 853 quorum
1019 791 1292 835 auctorem
1312 792 1528 847 quoque
1542 775 1811 830 Victorem
1830 773 2137 842 episcopum
2160 768 2166 782 '

566 878 686 932 facit
713 875 878 930 codex
910 873 1210 935 Portarum,
1226 876 1283 925 et
1307 869 1495 924 beatus
1511 866 1827 931 Rhenanus,
1855 870 2139 919 accuratus

564 967 814 1035 scriptor,
846 964 934 1033 qui
973 964 1024 1017 in
1056 963 1213 1031 hujus
1243 960 1426 1030 operis
1454 958 1710 1021 editione,
1740 956 1807 1011 ad
1847 955 2009 1010 ﬁnem
2042 952 2139 1009 ho-

564 1076 685 1115 rum
712 1068 975 1123 actorum,
1019 1055 1266 1110 Historia:
1291 1051 1519 1108 Victoris
1560 1048 1800 1119 episcopi
1838 1047 2001 1102 linem
2041 1044 2137 1100 ad-

565 1152 788 1207 notavit.
831 1150 974 1205 Sane
1004 1149 1119 1201 haec
1150 1156 1269 1202 acta
1296 1158 1419 1199 cum
1450 1142 1504 1197 in
1533 1142 1783 1196 omnibus
1810 1153 1931 1210 qua
1955 1137 2140 1193 vitlem

566 1244 719 1299 nobis
761 1241 910 1296 licuit
940 1237 1169 1293 Victoris
1194 1234 1622 1306 exemplaribus,
1666 1242 1779 1288 tum
1808 1231 1982 1297 eusis,
2027 1238 2137 1285 tum

566 1330 973 1399 manuscriptis,
1021 1327 1306 1383 Historiam
1349 1324 1738 1396 persecutionis
1762 1321 2029 1377 Africanas
2069 1320 2147 1375 ab

566 1442 633 1482 eo
656 1425 1011 1493 conscriptam
1042 1420 1333 1488 excipiant,
1367 1419 1561 1473 [rustra
1590 1417 1732 1472 alius
1758 1416 2018 1485 quaeritur
2046 1428 2141 1469 eo—

567 1532 689 1574 rum
713 1525 917 1581 auctor,
951 1514 1039 1584 qni
1078 1527 1197 1567 cum
1240 1511 1431 1566 horum
1469 1519 1763 1580 martyrum
1806 1508 1859 1563 in
1902 1505 2141 1564 historiae

566 1625 726 1666 cursu
754 1608 939 1677 paucis
966 1605 1145 1661 verbis
1169 1603 1283 1675 jam
1311 1602 1668 1667 meminisset,
1702 1600 1873 1670 potuit
1901 1599 1967 1654 ad
1995 1597 2145 1669 ipso-

567 1717 682 1759 rum
718 1717 805 1756 res
840 1708 1016 1769 gestas
1044 1698 1210 1752 iusius
1250 1694 1583 1752 enarrandas
1610 1695 1846 1749 animum
1878 1692 2136 1761 adjicere,

567 1793 869 1864 praesertim
894 1789 1036 1860 quod
1072 1790 1127 1843 in
1155 1803 1346 1844 eorum
1379 1787 1671 1843 tormentis
1702 1794 1759 1843 et
1796 1783 2008 1857 tyranni
2036 1797 2140 1839 sa-

2243 586 2439 655 pserit;
2480 586 2655 642 Victor
2686 586 2923 656 Vitensis,
2952 605 3057 643 non
3095 590 3317 643 occurrit
3340 607 3360 643 :
3389 600 3541 646 certo
3570 594 3827 649 nimirum

2240 678 2337 734 Del
2365 679 2593 735 consilio
2629 691 2966 749 reservatus,
3016 680 3160 738 haud
3198 697 3357 739 secus
3398 697 3463 738 ac
3494 683 3835 756 Virgilianos

2243 768 2356 837 ille,
2384 771 2593 829 cruenti
2622 770 2795 840 pretii

2306 860 2569 923 Accipiens
2588 861 2800 914 sonitum
2822 862 2929 913 saxi
2948 861 3016 913 de
3038 862 3233 914 vertice
3254 870 3439 926 pastor,

2240 959 2300 1006 ut
2346 950 2476 1007 dira
2516 950 2661 1008 illius
2703 952 3096 1022 persecutionis
3148 954 3429 1011 historiam
3473 965 3818 1026 posterorum

2241 1043 2515 1100 memorias
2542 1043 2965 1100 comuiendaret.

2851 1136 3074 1194 CAPUT
3120 1138 3251 1196 Vill.

2665 1226 2887 1299 Scripsit
2917 1227 3389 1300 Constantinopoli.

2312 1318 2459 1374 lianc
2488 1332 2648 1388 porro
2677 1320 2914 1390 scripsit,
2941 1329 2997 1375 ut
3014 1335 3161 1388 reor,
3183 1323 3674 1397 Constantinopoli.
3703 1328 3831 1385 Non

2239 1412 2383 1467 enim
2411 1411 2503 1467 diu
2542 1412 2598 1468 in
2632 1413 2808 1469 Ait-ica
2840 1415 3008 1471 latere
3038 1416 3332 1485 potuisset,
3371 1432 3435 1473 ac
3467 1430 3549 1474 tot
3570 1423 3834 1491 quesita-

2238 1517 2365 1559 rum
2381 1502 2565 1574 fugere
2581 1503 2789 1570 oculos,
2819 1506 2913 1575 qui
2939 1505 3176 1562 latebras
3199 1522 3395 1565 omnes
3420 1512 3828 1579 scrutabantur,

2240 1603 2297 1649 ut
2317 1593 2726 1664 catholicorum,
2746 1610 2809 1652 ac
2831 1598 3131 1666 presertim
3157 1599 3527 1669 episcoporum
3548 1603 3829 1660 neminem

2240 1686 2310 1741 ab
2350 1687 2545 1742 Ariaua
2594 1689 2794 1743 smvitia
2849 1690 3141 1749 immunem
3181 1692 3569 1762 relinquerent.
3618 1695 3832 1765 Opinor

2239 1792 2367 1848 ergo
2393 1778 2541 1834 illum
2570 1786 2774 1839 mutato
2806 1772 3012 1847 habitu,
3040 1778 3553 1853 COustantiuopulim
3586 1786 3833 1843 evasisse

568 1886 712 1951 vitia,
732 1893 789 1940 et
807 1891 1101 1953 martyrum
1124 1881 1373 1952 ingentes
1392 1880 1578 1945 animi,
1602 1887 1658 1935 et
1675 1877 1853 1934 divina
1872 1891 1996 1948 erga
2016 1875 2147 1932 illos:
2164 1868 2221 1934 ﬂ
2240 1869 2293 1925 in
2322 1869 2577 1926 comitatu
2606 1870 2791 1926 Uranii
2821 1866 2978 1943 legati
3007 1872 3239 1929 Zenonis
3269 1874 3631 1945 imperatoris,
3657 1895 3829 1949 quem

568 1977 901 2052 providentia
926 1975 1089 2034 solito
1109 1975 1308 2032 clarius
1331 1974 1632 2031 enituisset.

1160 2064 1388 2123 CAPUT
1427 2064 1539 2120 VII.

923 2159 1101 2215 Victor
1129 2158 1227 2230 fuit
1253 2158 1518 2228 episcopus
1544 2154 1781 2211 Vitensis.

640 2255 716 2308 De
741 2250 971 2308 Victoris
997 2252 1319 2321 episcopatui
1356 2248 1651 2304 multorum
1675 2245 1936 2302 hactenus
1962 2244 2151 2315 opinio

568 2344 696 2412 luit,
750 2342 1054 2403 Uticensem
1103 2338 1268 2397 fuisse
1315 2338 1369 2395 in
1414 2337 1691 2409 provincia
1737 2334 2140 2407 proconsulari;

568 2436 709 2507 quod
747 2450 848 2491 nos
874 2436 941 2490 in
979 2432 1258 2490 Ferrando
1287 2441 1478 2488 nostro
1521 2428 1662 2485 haud
1712 2427 1961 2483 inanibus
1987 2442 2144 2495 argu-

569 2529 763 2583 mentis
790 2526 1232 2596 improbavimus.
1281 2523 1413 2579 Seio
1447 2520 1680 2578 Victoris
1722 2519 1990 2576 Uticensis
2029 2518 2145 2587 epi-

569 2619 716 2689 scopi
744 2618 1077 2675 mentionem
1098 2629 1222 2671 esse
1262 2613 1319 2671 itt
1362 2613 1650 2669 collatione
1677 2610 1846 2682 prima
1871 2610 2145 2679 Carthagio

571 2710 771 2777 niensi,
786 2722 1015 2766 numero
1033 2707 1157 2776 138,
1193 2706 1255 2763 P.
1272 2703 1337 2762 C.
1356 2704 1601 2769 Varanis,
1624 2716 1766 2760 anno
1784 2701 1998 2759 Christo
2016 2701 2142 2756 ill.

575 2803 681 2862 Sed
727 2803 815 2858 hic
850 2801 983 2857 nihil
1022 2799 1253 2871 perthtet
1294 2796 1365 2855 ad
1403 2796 1655 2854 Hunerici
1701 2793 1842 2865 regis
1881 2802 2143 2863 tempora.

573 2895 833 2952 Scribens
855 2901 1035 2950 autem
1064 2892 1244 2949 Victor
1268 2891 1554 2960 episcopus
1578 2886 1873 2943 Historiam
1898 2898 2145 2955 persecu-

572 2986 735 3044 tionis
758 2986 1047 3053 Airicanaa,
1070 2996 1215 3040 anno
1237 2981 1577 3052 sexagesimo
1603 2994 1673 3035 ex
1698 2993 1807 3048 quo
1832 2978 1885 3033 in
1909 2975 2147 3033 Africam

572 3077 793 3135 Vandali
819 3077 889 3134 de
918 3075 1181 3146 Hispania.
1202 3075 1548 3144 traiecerant,
1576 3071 1679 3127 hoc
1708 3079 1819 3136 est,
1852 3085 1997 3127 anno
2019 3082 2147 3124 atra:

570 3171 886 3228 Christiana
914 3168 1043 3234 487,
1089 3168 1145 3223 in
1178 3167 1376 3223 Notitia
1418 3162 1709 3235 provincia
1749 3160 2143 3231 proconsularis

2242 1960 2381 2017 libro
2405 1975 2441 2016 v
2465 1971 2654 2018 testem
2688 1965 2913 2031 profert,
2940 1965 3277 2022 crudelitatis
3300 1964 3620 2039 Carthagine
3651 1970 3703 2025 in
3730 1986 3830 2026 or-

2243 2053 2509 2111 thodoxos
2528 2064 2803 2124 spectante
2824 2056 2919 2113 illo
2941 2059 3219 2114 exercitze.
3249 2058 3359 2115 Sed
3381 2062 3471 2131 qui
3484 2062 3599 2127 hoc,
3625 2064 3828 2132 inquit,

2242 2145 2531 2214 fabulosum
2559 2155 2721 2217 putat,
2745 2146 2997 2203 Uranium
3018 2149 3491 2224 Zenonis‘legatum
3521 2154 3827 2226 interroget,

2244 2241 2393 2310 cujus
2429 2238 2484 2291 in
2521 2238 2790 2309 praesentia
2830 2241 3081 2312 prwcipue
3117 2250 3259 2313 gesta
3298 2252 3450 2310 sunt;
3492 2245 3584 2299 illa
3628 2246 3831 2302 scilicet

2243 2342 2420 2393 causa,
2451 2329 2571 2397 quia
2598 2329 2797 2383 veniens
2827 2328 3207 2402 Carthaginem,
3247 2342 3355 2389 sese
3394 2351 3485 2405 pro
3528 2336 3832 2409 defensione

2244 2414 2590 2473 Ecclesiarum
2618 2420 2986 2474 catholicarum
3012 2423 3206 2476 venisse
3226 2425 3479 2495 jactabat.
3532 2424 3602 2480 Et
3645 2437 3695 2480 ut
3733 2429 3833 2483 illi

2244 2510 2528 2565 ostenderet
2570 2521 2816 2581 tyrannus
2856 2527 2910 2565 se
2954 2512 3209 2567 neminem
3254 2516 3562 2584 formidare,
3612 2518 3666 2572 in
3710 2519 3830 2576 illis

2246 2602 2426 2674 plateis
2455 2601 2531 2657 vel
2560 2604 2681 2657 vicis
2711 2605 2883 2673 plures
2910 2614 3124 2661 tortores
3168 2616 3219 2660 et
3263 2608 3577 2665 crudeliores
3605 2615 3790 2667 statuit
3811 2657 3829 2680 ,

2203 2751 2209 2757 ,
2244 2696 2299 2749 in
2328 2696 2509 2764 quibus
2539 2694 2721 2766 legatis
2751 2698 2906 2752 moris
2935 2706 3009 2753 cst
3048 2701 3367 2755 ascendendo
3396 2703 3464 2756 ad
3491 2704 3733 2774 palatium
3772 2720 3831 2763 et

2248 2788 2598 2843 descendendo
2624 2788 2838 2843 transire
2860 2804 2881 2845 :
2922 2790 2988 2842 ad
3019 2790 3347 2862 approbrium
3378 2792 3605 2850 uidelicet
3643 2799 3829 2870 reipu-

2248 2880 2391 2935 blicw
2428 2879 2611 2949 ipsius,
2658 2890 2702 2936 et
2733 2883 2891 2937 nostri
2911 2883 3025 2952 jam
3054 2884 3333 2952 deﬁcientis
3361 2888 3598 2957 temporis
3624 2889 3828 2960 facem.

2248 2971 2317 3027 Et
2357 2970 2512 3041 paulo
2550 2973 2821 3042 superius,
2853 2988 2977 3030 cum
3020 2989 3207 3031 eorum
3238 2976 3574 3033 meminisset
3601 2979 3687 3047 qui
3718 2980 3833 3037 lin-

2245 3066 2362 3136 guis
2388 3067 2645 3123 radicitus
2671 3068 2947 3135 abscissis,
2972 3069 3227 3138 expedite
3252 3070 3603 3128 nihilominus
3634 3073 3830 3144 loque-

2247 3158 2462 3228 bantur,
2501 3161 2683 3217 subdit
2711 3178 2727 3217 :
2768 3161 2877 3218 Sed
2911 3163 2957 3217 si
2983 3164 3097 3235 quis
3123 3165 3412 3220 incredulus
3441 3182 3549 3221 esse
3577 3168 3830 3234 voluerit,

572 3262 817 3320 meminit
858 3260 1159 3318 Florentini
1184 3259 1449 3317 Uticensis
1473 3256 1748 3328 episcopi,
1800 3254 1971 3311 tribus
2011 3268 2142 3324 qua-
2169 3238 2227 3306 Ct
2247 3260 2422 3323 pergat
2452 3270 2589 3307 nunc
2616 3253 3153 3326 Constantinopolim;
3182 3267 3227 3311 et
3249 3258 3318 3312 ibi
3340 3260 3554 3328 reperiet
3581 3276 3733 3313 tinum
3758 3264 3835 3316 de

572 3366 759 3414 tuorve
783 3364 908 3411 ante
933 3353 1090 3409 annis
1118 3353 1186 3408 ab
1216 3351 1484 3408 Htmerieo
1512 3364 1640 3420 rege
1670 3349 1724 3404 in
1753 3347 2028 3403 Corsicam
2058 3361 2143 3402 re-

574 3450 771 3519 legati:
822 3448 913 3504 ubi
962 3456 1074 3503 tum
1122 3444 1461 3501 detinebatur
1506 3458 1627 3498 cum
1678 3441 1797 3496 aliis
1843 3440 1909 3495 ad
1958 3454 2051 3497 sex
2092 3450 2146 3496 et

572 3540 917 3613 quadraginta
946 3538 1253 3595 extorribus
1281 3534 1571 3607 episcopis,
1601 3531 1819 3603 quando
1858 3531 2142 3587 Historiam

572 3634 710 3690 hanc
733 3648 885 3691 suam
909 3630 1180 3687 scribebat
1202 3629 1417 3686 Victor:
1446 3641 1607 3698 quem
1627 3626 1675 3683 si
1694 3626 1813 3696 quis
1831 3622 2146 3681 Florentino

578 3724 813 3781 Uticensi
834 3723 946 3794 jam
972 3732 1085 3777 tum
1114 3721 1343 3776 fortasse
1362 3727 1575 3775 morato
1595 3716 1875 3774 suffectum
1896 3715 2143 3786 obiiciat;

577 3831 662 3873 nte
690 3815 779 3871 ille
807 3830 989 3886 parem
1025 3813 1263 3885 prudens
1289 3813 1582 3869 aestimator
1606 3811 1873 3867 videbitur
1900 3818 2008 3866 tam
2045 3807 2146 3866 iui-

571 3923 797 3977 quorum
826 3914 1147 3977 temporum,
1174 3921 1269 3976 per
1288 3919 1408 3975 quae
1432 3903 1691 3975 dispersis
1714 3916 2149 3976 quaquaversum

573 4001 929 4058 Ecclesiarum
958 4000 1196 4056 omnium
1233 3999 1605 4055 Africanarum
1637 3997 1898 4063 ovilibus;
1949 4012 2013 4053 ac
2053 4011 2149 4053 eoa

572 4109 693 4149 rum
735 4093 819 4149 vel
865 4093 1102 4148 enecatis
1148 4088 1485 4163 pastoribus,
1529 4090 1612 4146 vel
1660 4090 1843 4160 procul
1895 4104 1925 4143 a
1971 4089 2147 4160 patria

570 4184 889 4249 amendatis,
919 4183 1006 4240 vis
1034 4183 1114 4239 eis
1138 4183 1385 4252 spiritum
1414 4181 1634 4245 dueere,
1667 4181 1865 4236 nedutn
1893 4181 2143 4252 gregibus

570 4276 682 4332 suis
712 4273 1009 4343 invigilare,
1039 4280 1132 4327 aut
1160 4273 1427 4341 episcopis
1456 4281 1632 4327 morte
1670 4269 1892 4325 sublatis
1930 4284 2144 4325 succes-

572 4377 725 4420 sores
762 4362 1013 4417 ordinare
1054 4361 1321 4429 integrum
1364 4361 1541 4415 fuerit.
1596 4359 1768 4424 Quam
1814 4369 2019 4412 certum
2060 4367 2145 4413 est

570 4465 747 4508 autem
790 4465 1060 4521 nunquam
1111 4449 1418 4505 Uticensem
1469 4450 1635 4506 fuisse
1667 4450 1934 4503 Victor-em
1980 4449 2141 4509 hunc.

571 4553 678 4597 tam
724 4550 807 4597 est
856 4540 1212 4596 indubitatum
1258 4539 1529 4595 Vitensom
1576 4538 1739 4595 luisse
1785 4538 2141 4608 episcopum:

569 4649 687 4705 qua:
729 4631 1016 4703 provinciae
1045 4631 1342 4702 Byzacena
1379 4630 1571 4685 civitas
1612 4645 1735 4685 cum
1780 4630 1958 4699 ignota
1998 4641 2145 4689 esset
2169 4617 2231 4691 Ι)

570 4726 958 4783 recentioribus
983 4724 1234 4791 librariis,
1260 4724 1335 4779 illi
1359 4724 1618 4780 mendum
1636 4724 1688 4780 in
1710 4722 1945 4793 antiquis
1968 4740 2142 4780 exem-

571 4821 808 4889 plaribus
837 4817 1123 4888 suspicati,
1163 4832 1229 4873 ac
1252 4831 1443 4872 vocum
1481 4816 1657 4874 delusi
1687 4818 1984 4886 afﬁnitate,
2030 4818 2142 4877 1)ιί-

569 4926 785 4989 censem
815 4924 911 4981 pro
939 4908 1147 4973 Vitensi
1171 4918 1549 4979 reposuerunt.
1594 4910 1652 4965 In
1681 4912 1869 4968 codice
1893 4911 2142 4967 cartusizn

569 5003 850 5059 Portarum
879 5018 980 5058 ms.
1012 5003 1165 5071 bona:
1204 5013 1374 5071 notat,
1422 5004 1551 5074 ipso.
1581 5005 1763 5076 aperis
1800 5005 1953 5061 initio
1996 5006 2134 5075 legi:

569 5094 758 5165 Incipit
808 5093 1049 5167 prologus
1096 5095 1147 5149 in
1193 5095 1429 5151 Historia
1474 5099 1836 5166 persecutionis
1879 5098 2138 5169 Africana;

569 5186 705 5239 edita
745 5202 776 5238 a
817 5194 992 5240 sancto
1020 5185 1222 5241 Victore
1266 5188 1448 5257 patrita
1489 5187 1706 5242 Vitensis
1747 5191 1985 5260 episcOpo
2008 5206 2029 5244 :
2075 5203 2139 5247 ac

570 5277 904 5346 postmodum
936 5276 1096 5332 incidi
1126 5276 1179 5331 iu
1211 5277 1371 5349 huius
1398 5278 1645 5333 Historia:
1672 5280 1965 5337 editionem
1992 5280 2139 5336 Pari-

569 5370 800 5424 siensem
829 5369 953 5423 anni
986 5368 1144 5437 1541,
1175 5369 1316 5441 typis
1338 5369 1547 5426 Galeoti
1578 5371 1882 5437 Pratensis,
1909 5388 1939 5427 a
1970 5374 2133 5429 Beato

570 5460 827 5514 llhenano
853 5469 1126 5526 curatam,
1166 5460 1220 5514 in
1257 5474 1361 5529 qua
1393 5470 1513 5529 post
1541 5460 1931 5529 prazfutionem,
1964 5464 2138 5529 Quon-

568 5552 689 5605 dam
716 5560 919 5616 veteres,
949 5558 1079 5617 ctc.,
1118 5550 1362 5620 sequitur
1396 5549 1714 5619 inscriptio:
1748 5552 1984 5607 Historia
2020 5570 2136 5626 per-

569 5643 835 5701 secutionis
860 5643 1117 5714 Africana:
1145 5643 1438 5713 provincite,
1472 5645 1775 5713 temporibus
1804 5644 2047 5699 Geiserici
2084 5656 2132 5700 et

573 5736 814 5789 llunerici
851 5750 1026 5807 regum
1052 5734 1435 5799 Vandalorttm,
1484 5745 1689 5790 auctore
1727 5747 1897 5791 sancto
1926 5737 2128 5793 Victore

571 5828 798 5892 PpitCOﬂO
858 5825 1065 5880 Vileusi.
1118 5824 1179 5879 Ut
1219 5824 1327 5894 jam
1369 5825 1589 5881 minime
1634 5826 1853 5885 dubium
1892 5830 1960 5889 sit
2006 5833 2131 5908 quin

2246 3345 2373 3411 illis,
2412 3346 2769 3400 subdiaconent
2800 3346 3147 3418 Reparatum,
3193 3365 3450 3405 sermones
3489 3351 3673 3421 politos
3711 3353 3833 3408 sine

2246 3439 2354 3493 ulla
2376 3436 2659 3503 oﬂ’eusione
2682 3439 2967 3507 loquentem
2990 3456 3007 3495 :
3036 3442 3098 3495 ob
3118 3457 3274 3511 quam
3293 3457 3500 3496 causam
3520 3443 3835 3500 uenerabilis

2248 3530 2459 3583 nimium
2488 3530 2539 3582 in
2562 3530 2756 3600 palatio
2775 3529 2995 3586 Zenonis
3018 3532 3335 3602 imperatoris
3356 3532 3586 3602 habetur,
3619 3545 3668 3590 et
3689 3550 3833 3605 prte-

2247 3623 2395 3689 cipue
2441 3623 2617 3692 regina
2664 3621 2794 3675 mira
2842 3638 2960 3676 sum
3002 3626 3282 3679 reverentia
3325 3635 3610 3682 veneratur.
3661 3627 3828 3695 Ecce,

2247 3711 2475 3767 lectores
2516 3725 2645 3768 suos
2687 3712 2911 3787 invitat,
2962 3713 3047 3770 vel
3099 3726 3417 3785 przcsentes,
3470 3726 3526 3772 ut
3567 3717 3830 3776 Uranium

2249 3804 2481 3876 legatum
2508 3805 2973 3877 Constantinopoli
3019 3807 3071 3861 in
3103 3807 3223 3863 aula
3254 3810 3597 3879 imperatoris
3626 3824 3829 3864 constr-

2248 3897 2388 3963 lant;
2419 3897 2503 3951 vel
2528 3896 2800 3967 absentes,
2832 3905 2893 3952 ut
2918 3898 3444 3970 Constantinopolim
3471 3910 3713 3969 pergant,
3746 3901 3831 3958 ibi

2248 3990 2639 4062 persecutionis
2665 3989 2933 4045 Alricanae
2975 3992 3171 4047 seriem
3218 3992 3524 4064 cognituri:
3568 3993 3686 4059 vis,
3731 4004 3831 4049 aut

2248 4084 2395 4140 nulla
2423 4084 2634 4139 ratione
2663 4082 2920 4148 facturus,
2950 4082 2993 4138 si
3027 4098 3133 4139 non
3160 4084 3279 4152 ipse
3307 4093 3419 4139 tum
3442 4084 3640 4140 ibidem
3673 4100 3833 4141 man~

2246 4179 2455 4235 sionem
2485 4177 2726 4231 haberet.
2777 4174 2911 4231 Cum
2950 4177 3109 4247 igitur
3138 4177 3205 4233 ad
3232 4179 3433 4233 calt-em
3466 4179 3674 4234 Notitize
3711 4180 3830 4250 epi-

2246 4284 2531 4338 scoporum
2549 4268 2919 4325 Africanorum
2944 4273 3014 4326 ita
3036 4273 3262 4343 colligit:
3280 4273 3483 4327 Corsica
3500 4274 3711 4346 relegati
3728 4275 3823 4342 46,

2248 4359 2590 4429 Hic‘relegati
2616 4375 2824 4415 numero
2853 4362 2977 4427 502,
3009 4364 3275 4433 posterior
3303 4380 3560 4422 numerus
3587 4366 3657 4423 de
3681 4366 3831 4422 Cost-

2246 4449 2643 4521 stantinOpolim
2674 4452 2931 4523 ablegatis
2956 4454 3302 4524 accipiendos
3331 4466 3437 4515 est.

2847 4544 3076 4599 CAPUT
3117 4546 3217 4600 ΙΧ..

2557 4632 2680 4689 Fuit
2706 4635 2893 4705 primas
2920 4630 3195 4711 prouinciae
3217 4638 3513 4710 Byzaccnte.

2322 4728 2472 4783 Hunc
2494 4728 2667 4800 ipsum
2690 4730 2958 4787 Victorem
2986 4733 3253 4789 \‘itensem
3284 4732 3592 4804 episcopum
3639 4738 3828 4792 censui

2250 4819 2533 4907 psimptem
2567 4823 2906 4892 postmodum
2934 4822 3097 4880 fuisse
3140 4826 3427 4893 provincia:
3458 4839 3567 4881 sua:
3595 4826 3829 4897 Byzace-

2249 4930 2359 4981 nar,
2396 4916 2546 4984 cujus
2571 4926 2654 4972 est
2692 4918 2890 4973 mentio
2920 4919 2973 4973 in
2992 4918 3122 4972 'Vita
3152 4918 3211 4975 S.
3246 4919 3510 4989 Fulgentii
3529 4961 3545 4985 ,
3585 4923 3653 4975 ab
3675 4937 3743 4978 eo
3772 4924 3827 4977 in

2248 5006 2554 5076 episcopum
2587 5009 2919 5079 Buspensem
2962 5010 3198 5065 ordinari
3233 5010 3391 5080 jussi.
3424 5011 3533 5066 Nec
3564 5013 3715 5068 vanis
3747 5014 3829 5066 in-

2246 5097 2423 5153 diciis.
2446 5098 2577 5153 Nam
2602 5098 2622 5170 (
2642 5107 2696 5153 ut
2720 5098 2787 5154 ad
2811 5099 3143 5155 Ferrandum
3164 5100 3409 5170 pluribus
3437 5101 3829 5172 explicuimus)

2245 5189 2299 5243 in
2339 5189 2549 5253 Africa,
2589 5198 2746 5245 extra
2799 5192 3131 5259 provinciam
3180 5195 3615 5261 proconsularem
3668 5194 3827 5264 cujus

2243 5291 2407 5349 caput
2448 5279 2748 5349 Carthago,
2780 5297 2927 5352 vagae
2967 5291 3122 5338 erant
3167 5297 3233 5339 ac
3280 5284 3590 5339 desultorite
3635 5285 3827 5354 prima:

2244 5370 2437 5438 sedes,
2468 5379 2525 5427 et
2563 5371 2833 5427 seniorem
2878 5372 3139 5442 cujusque
3177 5372 3468 5443 provincia:
3507 5374 3823 5442 episcopum

2245 5463 2606 5533 sequebantur
2637 5480 2650 5517 :
2682 5465 2978 5530 seniorem,
3018 5466 3271 5535 inquam,
3330 5482 3439 5522 non
3488 5476 3680 5533 aetate,
3726 5469 3825 5523 sed

2245 5556 2581 5623 promotione
2608 5554 2723 5613 sive
2746 5556 3118 5624 ordinatione;
3148 5559 3238 5628 qui
3286 5557 3489 5614 idcirco
3530 5559 3675 5615 senis
3729 5574 3825 5629 ap-

2242 5649 2531 5717 pellatione
2567 5649 2832 5718 designari
2863 5650 3102 5715 solebat;
3134 5650 3272 5705 adeo
3301 5658 3359 5705 ut
3402 5651 3706 5720 promiscue
3735 5662 3825 5706 aut

2242 5755 2411 5795 senex
2431 5784 2445 5807 ,
2478 5751 2570 5798 aut
2595 5755 2704 5797 sum
2738 5740 3028 5809 provinciae
3059 5742 3293 5810 primas,
3331 5751 3422 5796 aut
3461 5741 3653 5809 prima:
3678 5740 3824 5795 sedis

2246 5830 2528 5912 cpiscopus
2570 5839 2983 5903 nuncuparetur.
3028 5831 3143 5891 lam
3174 5833 3251 5889 sic
3284 5833 3589 5889 ratiocinor.
3622 5831 3821 5899 Notitia
