4080 6350
265 326 349 386 155
1620 314 2144 374 ιιιιοιεσοιιωιι.

266 439 522 508 Byzacena
554 438 668 488 tres
697 429 920 485 omnino
947 427 1190 484 Victores
1229 427 1512 499 episcopos
1539 442 1839 499 repraesen-
1864 431 1922 493 Α

265 537 327 584 ut
357 543 368 577 ε
397 523 682 578 Narensem
715 524 874 579 tertio
900 523 1113 579 decimo
1142 524 1283 590 loco,
1317 523 1578 578 Vitensem
1601 533 1754 579 sexto
1783 533 1837 580 et

262 617 701 692 quadragesimo,
751 617 927 686 primo
969 623 1023 670 et
1062 614 1357 670 centesimo
1409 614 1831 669 Gannaritanum.

262 713 456 768 Christi
484 724 628 765 anno
651 708 780 774 487,
804 723 910 777 quo
937 707 1209 764 scribebat
1234 707 1415 763 Victor
1448 707 1682 764 Vitensis
1701 748 1716 773 ,
1746 707 1839 763 dc-

261 821 370 862 cem
395 805 508 875 jam
543 802 738 858 sublati
771 809 924 856 erant
951 815 1018 855 ex
1042 799 1310 870 episcopis
1337 799 1659 870 Byzacenis,
1694 799 1839 870 iique

260 902 353 970 (ut
383 893 780 962 verosimilius)
812 892 1052 947 seniores
1082 902 1243 962 atque
1273 891 1596 948 inﬁrmiores
1626 909 1638 944 ε
1671 892 1762 962 qui
1792 890 1838 945 si

261 989 414 1060 primi
446 987 632 1042 decem
676 981 926 1051 fuerunt,
973 997 1107 1054 quos
1137 991 1383 1040 recenset
1424 980 1650 1046 Natitia;
1681 996 1746 1036 ex
1776 996 1839 1036 eo

261 1081 441 1134 Victor
461 1076 716 1133 Narensis
739 1076 790 1129 in
818 1075 1020 1144 reliqua
1042 1073 1417 1142 episcoporum
1448 1073 1588 1129 serie
1624 1072 1838 1130 tertium

229 1169 463 1240 locum,
509 1167 742 1226 Vitensis
790 1168 1118 1239 trigesimum
1152 1175 1398 1232 sextum,
1449 1164 1841 1220 Gauvaritanus

262 1272 490 1340 primum
539 1276 592 1324 et
637 1264 1042 1335 nonagesimum
1075 1253 1324 1316 obtinuit.
1354 1259 1470 1316 iam
1502 1274 1666 1338 vero,
1714 1257 1843 1322 satis

261 1367 491 1427 constat,
521 1353 748 1410 Victoris
777 1350 1020 1422 primatis
1047 1351 1305 1422 Byzaceni
1336 1349 1589 1405 mandato
1611 1348 1843 1428 ulgen—

262 1456 385 1508 tium
413 1450 782 1520 Ruspensibus
807 1446 1111 1501 ordinatum
1141 1443 1449 1514 episcopum
1480 1458 1620 1497 anno
1645 1441 1841 1503 Christi

262 1545 384 1609 507,
433 1541 689 1598 vicesimo
729 1555 871 1593 anno
912 1546 1032 1608 post
1051 1536 1175 1591 487.
1214 1534 1314 1590 Per
1344 1534 1441 1588 hos
1470 1534 1628 1604 igitur
1657 1535 1844 1604 viginti

262 1649 429 1690 annos
461 1635 618 1703 longe
647 1641 731 1687 est
768 1627 1094 1701 probabilius
1121 1627 1318 1681 obiisse
1349 1643 1412 1682 ex
1439 1625 1703 1696 episcopis
1737 1611 1842 1695 Dy-

3417 331 3516 386 «δι

2558 434 2786 491 CAPUT
2829 435 2912 493 XI.

1942 521 2192 579 Hunerici
2231 529 2592 603 persecutionis
2619 539 2847 598 tempus,
2879 533 3086 603 ejusque
3115 536 3394 591 edictorum
3420 539 3515 592 ad-

2011 610 2179 678 versus
2208 595 2518 678 catholicos;
2567 600 2697 653 inter
2722 595 2836 668 quia
2866 595 3093 658 ominosa
3130 606 3254 661 satis
3301 609 3518 678 defectio

2011 667 2178 718 media
2201 667 2501 721 intercessit.

2016 798 2338 856 llunericum
2391 811 2666 858 cruentam
2699 803 2921 870 bestiam
2975 808 3133 865 docet
3187 827 3285 868 nos
3339 814 3517 870 Victor

1943 887 2080 944 libro
2113 906 2149 943 ll
2174 891 2411 948 szeviisse
2446 909 2548 963 qua
2571 893 2626 948 in
2651 895 2992 976 Manichazoos,
3015 915 3119 968 qua
3141 903 3192 956 in
3218 917 3343 959 suos
3365 905 3514 959 Aria-

1947 993 2044 1032 nos
2074 997 2164 1048 per
2203 981 2424 1051 quinque
2465 998 2624 1038 annos
2654 987 2730 1039 vel
2752 987 2970 1058 amplius
2999 1004 3017 1042 :
3048 990 3168 1045 inde
3195 1008 3355 1062 porro
3385 1011 3516 1052 con—

1947 1086 2160 1127 versum
2205 1075 2320 1143 ejus
2369 1075 2604 1132 furorem
2637 1081 2686 1134 in
2718 1080 3066 1137 orthodoxos.
3113 1084 3253 1140 idem
3306 1087 3441 1144 libro
3485 1105 3519 1142 τε

1945 1163 2128 1218 multis
2169 1164 2430 1222 describit
2458 1169 2650 1224 [amem
2681 1186 2744 1228 ac
2773 1170 2916 1227 luem
2943 1189 3062 1243 quae.
3099 1175 3332 1232 Africam
3355 1178 3520 1248 depo-

1946 1253 2138 1332 pulata:
2166 1265 2306 1322 sunt,
2342 1257 2532 1314 saltem
2560 1259 2628 1313 ab
2652 1267 2839 1316 aestate
2869 1263 2994 1316 anni
3026 1266 3198 1318 octavi
3245 1266 3516 1334 lluuerici,

1946 1345 2148 1402 Christi
2178 1348 2302 1404 484.
2336 1349 2450 1417 Qua
2481 1351 2737 1409 sazviente
2763 1354 2937 1423 clade,
2969 1357 3199 1412 cessavit
3224 1362 3522 1428 persecutio

1946 1438 2340 1504 catholicorum
2385 1443 2454 1497 ab
2506 1443 2746 1513 Arionis,
2800 1463 2936 1517 quos
2984 1447 3187 1505 fecerat
3227 1453 3524 1508 communis

1945 1535 2224 1589 calamitas
2246 1535 2312 1589 de
2335 1552 2430 1591 sua
2460 1537 2698 1607 ipsorum
2720 1539 2893 1596 salute
2919 1541 3210 1609 sollicitos;
3235 1554 3358 1599 tunc
3380 1544 3524 1600 enim

1949 1640 2044 1680 rex
2076 1627 2189 1696 ipsc
2220 1627 2518 1685 llunericus
2547 1631 2566 1701 (
2591 1641 2648 1685 ut
2677 1633 2751 1686 ait
2781 1632 3020 1702 Victor),
3055 1638 3159 1689 suis
3179 1638 3451 1705 prouinciis
3479 1646 3526 1692 et

263 1727 470 1783 lacertis
501 1726 738 1801 quinque
759 1731 813 1777 et
838 1719 1052 1791 triginta
1082 1719 1169 1788 qui
1196 1718 1398 1773 Victori
1427 1717 1652 1782 Vitensi,
1682 1731 1841 1783 quam
1872 1797 1910 1801 _
1949 1717 2180 1771 domibus
2211 1719 2438 1789 singulas
2468 1722 2694 1775 revarari
2714 1724 2897 1792 jussit.
2925 1725 3056 1779 Cum
3108 1725 3268 1796 igitur
3298 1727 3521 1784 Honori—

262 1822 391 1876 duos
422 1797 627 1875 tantum
659 1817 748 1886 qui
779 1814 1003 1869 Narensi
1046 1822 1136 1868 aut
1181 1811 1403 1866 omnino
1434 1809 1720 1880 nonaginta
1752 1808 1842 1878 qui
1872 1797 1922 1862 Β
1949 1823 2043 1865 cus
2088 1821 2278 1866 octavo
2309 1813 2456 1882 regni
2495 1814 2578 1868 sui
2621 1828 2764 1870 anno
2792 1815 2860 1870 ad
2889 1816 3048 1871 linem
3076 1829 3329 1888 vergente
3356 1820 3526 1876 inter-

264 1912 462 1967 Vietori
492 1909 854 1966 Cauvaritano
879 1905 1142 1961 decedere
1183 1904 1503 1976 potuissent.
1535 1902 1648 1970 Qua
1678 1902 1843 1956 ratio-

263 2004 532 2060 einatione
561 2000 816 2072 eonjieio,
848 1999 1097 2054 eumdem
1137 2012 1257 2052 esse
1278 1996 1544 2051 Victorem
1574 1995 1844 2050 Vitensent

264 2098 573 2168 episcopum
614 2110 643 2148 a
691 2109 799 2165 quo
833 2089 1222 2163 persecutionis
1267 2087 1532 2144 Africana:
1577 2087 1844 2157 descripta

265 2199 340 2243 est
379 2187 652 2253 Historia,
700 2185 789 2256 qui
833 2192 890 2240 et
932 2182 1118 2256 viginti
1163 2189 1288 2252 post.
1320 2181 1475 2236 annis
1510 2179 1609 2235 fuit
1648 2181 1847 2250 primas

267 2281 594 2352 Byzacenus.

890 2365 1114 2423 CAPUT
1152 2366 1220 2421 X.

267 2504 640 2576 Chronologisa
671 2502 916 2560 Geiserici
941 2511 986 2556 et
1015 2501 1260 2556 Πειηαὶεὲ
1288 2515 1560 2573 regnarunt
1585 2499 1844 2568 periodus.

336 2641 656 2711 Carthagine
693 2639 896 2709 potitur
922 2637 1257 2704 Gcisericus,
1289 2634 1596 2691 Theodosio
1623 2633 1763 2689 XVII
1792 2642 1849 2689 et

269 2733 427 2787 Festo
471 2745 613 2787 coss.
643 2746 707 2785 ex
740 2729 1006 2800 Prospero
1032 2737 1085 2784 et
1112 2728 1422 2783 Marcellino
1453 2727 1504 2780 in
1533 2726 1810 2781 Chronicis
1830 2765 1845 2790 ,

274 2825 375 2879 hoc
408 2836 520 2886 est,
550 2839 691 2879 anno
721 2822 918 2877 Christi
946 2822 1068 2877 439.
1101 2822 1244 2876 Idem
1278 2820 1443 2875 rcl‘ert
1487 2820 1681 2874 ldatius
1709 2833 1848 2874 anno

272 2917 495 2972 Placidii
525 2915 905 2978 Valentiniani,
938 2929 1033 2968 seu
1057 2913 1347 2968 Theodosii
1378 2913 1614 2966 iunioris
1636 2927 1849 2966 monar-

271 3007 405 3061 ehire
441 3007 522 3062 i5.
553 3005 660 3061 Nec
685 3006 899 3060 aberrat
930 3004 1282 3073 fragmentum
1313 3005 1677 3074 Augustannm
1706 3002 1847 3072 quod

273 3100 439 3155 edidit
486 3100 748 3154 llenricus
787 3098 1032 3154 Canisius
1081 3110 1201 3170 post
1246 3099 1547 3155 Cltronicon
1600 3099 1844 3165 Tironis,

1953 1901 2092 1962 ierit.
2129 1903 2210 1958 vel
2237 1904 2362 1958 hinc
2393 1905 2517 1960 licet
2544 1905 2823 1976 colligere,
2857 1906 2972 1976 ejus
3003 1908 3058 1962 in
3087 1909 3380 1965 catholicos
3407 1925 3528 1980 per-

1949 1994 2280 2050 secutionem
2312 1995 2451 2051 haud
2481 1997 2704 2052 multum
2733 2011 2894 2068 supra
2937 1998 3074 2054 duos
3114 2014 3284 2056 annos
3331 2001 3529 2059 solidos

1954 2088 2220 2154 tenuisse;
2255 2103 2447 2159 nempe
2480 2098 2591 2144 toto
2619 2105 2759 2145 anno
2783 2091 2931 2161 regni
2957 2093 3210 2160 septimo,
3230 2108 3351 2148 eum
3381 2104 3532 2163 parte

1949 2178 2073 2233 anni
2119 2180 2280 2245 sexti,
2309 2188 2361 2234 et
2388 2189 2538 2248 parte
2566 2179 2764 2234 octavi.
2791 2180 2942 2236 Nunc
2972 2181 3243 2236 reddenda
3271 2192 3398 2237 sunt
3416 2185 3530 2240 suis

1950 2273 2279 2341 temporibus
2319 2275 2424 2328 duo
2468 2273 2584 2343 ejus
2625 2273 2832 2337 edicta,
2883 2289 3110 2346 quorum
3153 2277 3300 2344 prius
3326 2275 3425 2332 iuit
3461 2277 3530 2332 de

1950 2365 2202 2420 omnibus
2228 2364 2424 2420 Africae
2454 2366 2722 2436 episcopis
2752 2363 3138 2438 Carthaginem.
3176 2367 3531 2424 convocandis

1951 2447 2017 2512 ad
2041 2456 2292 2512 calendas
2317 2456 2637 2512 Februarias
2657 2457 2783 2512 anni
2805 2458 2836 2512 8
2866 2457 3116 2520 Hunerici
3144 2459 3304 2529 regis,
3332 2457 3532 2516 Chrisu'

1954 2545 2080 2604 484.
2117 2547 2388 2603 Posterius
2416 2549 2484 2604 de
2521 2549 2834 2606 claudendis
2873 2550 3151 2618 ecclesiis,
3200 2551 3380 2606 datum
3428 2552 3529 2608 Fe-

1951 2638 2171 2694 bruario
2197 2641 2323 2695 anni
2352 2641 2591 2708 ejusdem
2624 2641 2752 2698 484.
2785 2641 2939 2698 Prius
2967 2643 3182 2712 quidem
3210 2658 3350 2698 anno
3379 2643 3530 2714 regni

1951 2729 2204 2786 Huncrici
2250 2732 2282 2786 8
2304 2773 2319 2796 ,
2365 2731 2564 2787 Christi
2605 2733 2738 2800 485,
2764 2732 2852 2789 die
2880 2735 3222 2790 Ascensionis
3248 2735 3532 2793 dominica

1953 2823 2348 2894 promulgatum
2382 2833 2496 2888 est,
2540 2839 2608 2880 ex
2654 2824 2792 2882 libro
2839 2826 3097 2882 secundo.
3131 2826 3208 2890 Ex
3240 2827 3326 2882 die
3350 2837 3532 2883 autem

1953 2917 2396 2994 promulgationis
2426 2919 2758 2975 emendanda
2779 2930 2860 2976 est
2878 2920 2996 2976 dies
3011 2919 3187 2976 edicto
3202 2921 3528 2992 subscripta,

1955 2999 2047 3068 aut
2079 3011 2333 3068 calendas
2373 3011 2594 3078 iunias,
2623 3011 2721 3067 hoc
2753 3021 2864 3079 est,
2896 3012 3018 3068 Maii
3049 3013 3249 3068 mensis
3274 3013 3362 3068 20.
3397 3013 3530 3072 Nam

1953 3118 2021 3158 eo
2049 3118 2192 3158 anno
2220 3103 2412 3158 incidit
2437 3102 2639 3159 Pascha
2670 3103 2722 3158 in
2748 3104 2813 3158 10
2844 3103 3072 3174 Aprilis.
3100 3105 3355 3162 Ascensio
3379 3106 3432 3161 in
3465 3106 3536 3161 19-

273 3199 420 3245 tomo
457 3192 492 3244 V
524 3191 670 3245 Lect.
695 3189 946 3260 antiqua',
973 3169 1091 3260 pag.
1122 3191 1243 3255 161,
1271 3200 1584 3259 occupatam
1607 3205 1636 3244 a
1666 3189 1847 3246 Geise-
1874 3169 1920 3234 ο
1955 3195 2095 3251 Maii.
2127 3195 2406 3263 Quomodo
2444 3209 2572 3264 ergo
2620 3195 2833 3268 publice
2879 3169 2938 3250 in
2975 3194 3204 3250 ecclesia
3228 3195 3420 3252 lectum
3449 3205 3530 3252 est

270 3285 384 3339 rico
415 3282 788 3353 Carthaginem
836 3292 1055 3348 notans,
1089 3282 1146 3335 P.
1177 3281 1237 3336 C.
1276 3282 1559 3337 Theodosii
1606 3283 1752 3338 XVil'
1794 3295 1850 3340 et

272 3374 420 3428 Festi
469 3390 481 3426 :
530 3388 648 3428 cum
699 3374 814 3428 haec
867 3372 1093 3428 formula
1147 3373 1455 3428 enuntiandi
1508 3376 1846 3444 consulatus,

272 3471 520 3525 eumdem
564 3485 777 3525 sensum
827 3469 1021 3525 habeat
1066 3483 1185 3524 cum
1231 3469 1320 3524 illa
1370 3470 1578 3540 vulgata
1619 3487 1719 3542 qua
1766 3473 1849 3526 usi

273 3572 397 3616 sunt
426 3561 660 3630 PrOSper
689 3568 744 3615 et
775 3560 1134 3625 Marcellinus,
1163 3561 1237 3614 uti
1267 3560 1596 3616 ostendimus
1627 3565 1677 3616 in
1701 3562 1850 3617 Notis

272 3652 473 3707 nostris
524 3652 589 3704 ad
644 3653 802 3705 vitam
835 3652 892 3707 S.
941 3650 1234 3722 Fulgentii,
1284 3663 1501 3708 auctore
1555 3653 1848 3710 Ferrando.

270 3745 422 3809 Quod
466 3759 597 3814 ergo
621 3744 761 3813 apud
795 3743 1060 3798 Victorem
1093 3743 1305 3812 legitur,
1329 3744 1421 3799 lib.
1457 3760 1469 3798 ι
1501 3745 1567 3800 de
1595 3745 1852 3802 Persecu-

272 3837 416 3890 tione
443 3835 726 3899 Africana,
773 3842 984 3903 captam
1029 3850 1058 3886 a
1101 3832 1374 3890 Geiserico
1401 3835 1652 3902 Romam,
1703 3837 1851 3905 regni

272 3927 390 3994 ejus
431 3940 574 3980 anno
596 3925 706 3987 15,
733 3924 800 3978 de
829 3924 985 3978 annis
1027 3925 1306 3993 completis
1336 3925 1700 3994 accipiendum
1746 3936 1846 3982 est.

271 4017 500 4072 Romam
531 4018 676 4072 enim
706 4018 982 4086 occupavit
1008 4016 1314 4072 Geisericus
1343 4017 1712 4072 Valentiniano
1741 4017 1853 4075 Vlll

272 4116 327 4162 et
373 4108 665 4163 Anthemio
693 4121 869 4174 coss.,
916 4108 1018 4162 hoc
1061 4117 1173 4173 est,
1215 4123 1356 4164 anno
1386 4109 1584 4164 Christi
1613 4109 1744 4175 455,
1786 4123 1851 4164 ex

274 4199 565 4270 Prospero,
596 4200 907 4254 Marcellino
932 4209 985 4254 et
1011 4199 1128 4254 aliis
1155 4199 1575 4271 chronographis
1600 4216 1614 4254 :
1639 4211 1692 4256 et
1733 4201 1851 4271 qui-

273 4294 396 4348 dem
428 4293 567 4347 haud
599 4293 770 4347 multo
797 4301 915 4362 post
943 4293 1226 4348 Maximum
1272 4295 1441 4364 pridie
1468 4295 1584 4349 idus
1609 4295 1793 4350 lunias
1821 4311 1852 4352 a

273 4385 390 4438 suis
418 4383 676 4438 occisum.
709 4383 805 4438 Hic
834 4392 950 4439 erat
975 4399 1148 4439 annus
1176 4386 1322 4454 regni
1351 4385 1607 4441 Geiserici
1636 4387 1854 4457 quintus

273 4478 520 4533 decimus
544 4486 792 4539 exactus,
843 4485 898 4531 et
942 4477 1126 4532 labens
1172 4478 1409 4533 decimus
1455 4487 1657 4533 sextus.
1702 4479 1851 4534 Diem

267 4572 436 4623 etiam
469 4579 632 4639 capta:
658 4568 992 4641 Carthaginis
1021 4572 1326 4645 expﬁmunt
1356 4571 1550 4638 iidem,
1599 4572 1850 4643 Prosper,
1880 4549 1938 4613 Ῑ)

206 4723 215 4739 Ι
267 4661 509 4724 Matius,
528 4670 580 4716 et
604 4672 795 4716 auctor
815 4661 1097 4732 fragmenti
1128 4664 1454 4733 Augustani,
1485 4679 1576 4719 xrv
1602 4665 1856 4721 calendas

207 4751 212 4756 ’
265 4752 618 4820 Novembris;
652 4764 712 4809 ut
735 4753 911 4809 mendi
942 4755 1176 4822 suspicio
1197 4756 1263 4810 sit
1291 4756 1429 4826 apud
1462 4755 1852 4825 Marcellinum,

268 4851 360 4904 ubi
415 4851 610 4920 tegitur
635 4867 671 4905 ι
701 4850 974 4905 calendas.
1003 4850 1079 4904 Ex
1109 4865 1170 4904 ea
1202 4850 1289 4906 die
1317 4850 1500 4905 Victor
1532 4850 1762 4907 Vitensis
1787 4851 1854 4905 ad

268 4943 437 4997 ﬁnem
487 4943 617 4998 libri
661 4958 676 4997 ι
725 4951 972 4997 numerat
1016 4943 1161 5011 regni
1203 4942 1459 4998 Gciserici
1504 4958 1672 4998 annos
1704 4944 1772 4999 57
1803 4953 1858 4998 et

269 5048 492 5090 menses
522 5043 661 5099 tres;
685 5034 877 5103 quibus
904 5035 957 5089 in
987 5034 1284 5105 fragmento
1314 5036 1623 5106 Augustano
1652 5036 1855 5091 addun-

271 5133 357 5178 tur
388 5126 508 5180 dies
545 5139 666 5180 sex.
691 5124 746 5180 Si
777 5140 806 5179 a
833 5125 900 5181 i9
923 5125 1170 5181 Octobris
1198 5128 1322 5182 anni
1354 5128 1459 5184 439
1488 5142 1740 5183 numeres
1765 5145 1857 5182 an-

268 5229 393 5282 nos,
415 5215 485 5269 57
508 5229 724 5271 menses
745 5223 854 5271 tres
878 5217 1216 5281 tricenarios,
1246 5227 1300 5273 et
1321 5219 1434 5274 dies
1461 5233 1578 5287 ser,
1604 5219 1856 5289 conjieics

267 5302 534 5360 Geiserici
565 5305 770 5360 obitum
798 5305 850 5361 in
881 5321 1076 5361 annum
1109 5307 1235 5372 477,
1266 5309 1407 5364 diem
1440 5311 1640 5366 mensis
1661 5311 1855 5366 Janua-

266 5397 334 5451 rii
367 5399 461 5452 i3.
491 5398 626 5454 Hinc
671 5413 832 5468 porro
860 5399 997 5454 adde
1029 5415 1150 5456 cum
1192 5402 1405 5458 Victore
1434 5403 1635 5460 Vitcnsi
1658 5445 1672 5470 ,
1705 5404 1854 5473 regni

266 5486 531 5542 ﬂuiierici
557 5503 731 5545 annos
756 5490 807 5555 7,
841 5504 1055 5546 menses
1091 5492 1158 5546 £0
1189 5494 1531 5559 tricenarius,
1561 5503 1614 5550 et
1643 5498 1858 5565 inSupcr

263 5592 333 5632 ex
377 5577 694 5648 fragmento
723 5581 1033 5651 Augustano
1059 5582 1174 5640 dies
1205 5585 1301 5652 i8;
1335 5585 1542 5641 videbis
1586 5587 1736 5641 illum
1778 5587 1856 5641 in-

267 5674 490 5726 teriisse
517 5687 659 5727 anno
680 5674 827 5743 regni
844 5677 925 5730 sui
953 5684 1141 5731 octavo
1167 5692 1300 5747 pene
1329 5683 1596 5748 completo
1652 5679 1852 5734 Christi

264 5765 400 5852 ρει,
436 5765 526 5826 die
552 5766 582 5823 6
607 5766 930 5825 Decembris.
1332 5763 1334 5766 ’

1955 3287 2188 3344 edictum
2222 3286 2287 3342 i9
2307 3326 2322 3352 ,
2356 3287 2400 3341 si
2427 3295 2632 3340 tantum
2659 3284 2916 3356 postridie
2938 3325 2954 3351 ,
2980 3300 3172 3354 nempe
3201 3285 3285 3340 die
3316 3286 3435 3342 Maii
3460 3286 3539 3342 20~

1953 3377 2132 3432 datum
2160 3377 2571 3447 coniectumque
2593 3376 2710 3431 est?
2735 3375 2985 3432 Putamus
3016 3375 3178 3446 igitur
3203 3374 3382 3431 datum
3415 3375 3528 3445 ipsa

1954 3470 2040 3526 die
2067 3469 2430 3537 Ascensionis,
2462 3484 2549 3524 xiv
2570 3467 2820 3524 calendas
2846 3468 3054 3537 iunias,
3085 3468 3170 3522 vel
3193 3477 3338 3523 certe
3369 3469 3533 3525 biduo

1953 3569 2078 3616 ante
2103 3601 2117 3626 ,
2158 3561 2258 3615 hoc
2302 3569 2385 3616 est
2428 3575 2526 3615 xvr
2556 3560 2842 3624 calendas;
2893 3569 2952 3614 ut
3001 3574 3257 3616 numerus
3296 3576 3390 3616 xm
3430 3575 3527 3632 pro

1954 3668 2041 3707 xw
2075 3651 2158 3706 vel
2197 3666 2281 3706 xvi
2327 3650 2633 3720 irrepserit,
2668 3649 2809 3705 facili
2853 3659 2992 3704 nota:
3027 3665 3057 3703 v
3098 3649 3152 3705 in
3195 3664 3230 3704 ιι
3265 3658 3530 3706 transmu-

1956 3743 2177 3800 tatione.
2209 3743 2289 3797 Ab
2312 3758 2377 3797 eo
2405 3758 2532 3797 vero
2565 3752 2803 3812 tempore
2832 3741 2896 3796 ad
2926 3727 3175 3797 calendas
3206 3742 3528 3798 Februarias

1955 3839 2079 3892 anni
2119 3838 2226 3892 484
2255 3837 2520 3890 ﬂuxerunt
2560 3850 2752 3890 novem
2787 3834 2900 3889 fere
2930 3834 3086 3890 solidi
3117 3849 3348 3890 menses.
3380 3834 3529 3889 Unde

1956 3943 2057 3983 vos
2091 3943 2265 3981 novem
2304 3942 2367 3980 ex
2399 3926 2636 3981 editione
2655 3925 2985 3991 Coloniensi,
3013 3934 3067 3980 et
3097 3940 3159 3979 ex
3188 3925 3372 3980 codice
3402 3926 3528 3980 Por-

1957 4027 2129 4072 tarum
2177 4031 2206 4070 a
2248 4016 2401 4070 nobis
2431 4015 2569 4070 haud
2603 4015 2785 4070 timide
2833 4015 3078 4070 restituta
3126 4025 3208 4070 est
3254 4015 3306 4070 in
3353 4017 3526 4070 locum

1957 4108 2117 4163 edicti
2152 4107 2497 4176 posterioris,
2544 4106 2799 4160 hactenus
2830 4107 2881 4160 in
2924 4107 3149 4176 vulgatis
3187 4117 3526 4178 corruptum,

1959 4198 2048 4268 qui
2076 4197 2150 4252 sic
2177 4212 2233 4251 se
2259 4197 2418 4251 habet
2449 4220 2459 4248 ;
2497 4195 2836 4251 Postmadnm
2865 4198 3124 4251 universos
3152 4208 3347 4252 constat
3373 4200 3531 4270 fuisse

1959 4289 2288 4343 commonitos
2308 4327 2322 4352 ,
2372 4289 2538 4355 spatio
2582 4290 2818 4355 temporis
2845 4299 3133 4360 prtcrogato
3164 4293 3408 4345 mensium
3437 4309 3530 4345 no-

1957 4398 2065 4436 vem
2096 4396 2332 4451 namque
2355 4380 2692 4435 contentionis
2733 4379 2805 4449 (si
2836 4380 2959 4450 quid
2981 4367 3049 4433 ad
3073 4398 3244 4434 eorum
3267 4386 3530 4453 proposita

1960 4482 2125 4544 posset
2156 4473 2374 4542 aptari),
2411 4483 2462 4525 ut
2491 4473 2561 4525 ad
2598 4471 2838 4525 calendas
2871 4469 3181 4529 Februarias
3221 4477 3342 4528 anni
3373 4479 3533 4529 octavi

1959 4567 2100 4638 regni
2121 4567 2280 4621 nostri
2301 4611 2314 4634 ,
2355 4567 2464 4619 sine
2502 4576 2635 4620 metu
2667 4567 2837 4634 aliqua
2867 4568 3206 4621 convenirent.
3234 4567 3419 4622 Datum
3452 4580 3534 4623 est

1960 4668 2136 4714 autem
2192 4657 2423 4712 edictum
2479 4657 2581 4711 hoc
2631 4657 2896 4725 posterius
2953 4657 3094 4728 quod
3161 4658 3296 4711 libro
3346 4671 3536 4728 quarm

1960 4747 2285 4815 cantinetur,
2318 4763 2367 4801 vt
2402 4745 2654 4802 calendas
2683 4747 2920 4811 Martias,
2953 4741 3193 4816 adeoque
3221 4748 3335 4817 ipso
3368 4748 3534 4802 inter-

1961 4840 2123 4894 calari
2165 4839 2252 4895 die
2293 4839 2417 4894 anni
2458 4841 2562 4894 484
2614 4837 2945 4902 bissextilis;
2993 4840 3145 4907 cujus
3197 4838 3300 4892 dici
3353 4841 3534 4894 infelix

1962 4949 2081 4990 esse
2111 4947 2267 4988 omen
2310 4933 2570 5001 majorum
2610 4931 2791 5001 opinio
2833 4932 2960 4996 fuit,
3014 4935 3095 4985 vel
3132 4939 3266 4986 teste
3302 4932 3536 4987 Valenti-

1961 5025 2148 5091 niano,
2198 5024 2284 5093 qui
2329 5038 2469 5078 anno
2509 5022 2614 5078 564
2660 5024 2903 5093 proximo
2935 5031 3054 5092 post
3093 5023 3420 5078 bissextilem
3451 5026 3535 5081 dic

1960 5119 2097 5190 apud
2145 5119 2377 5174 Nicmam
2429 5118 2720 5186 imperator
2765 5117 2969 5173 levatus
2999 5127 3110 5184 est,
3143 5133 3261 5172 cum
3291 5119 3536 5175 bissexti-

1961 5213 2065 5267 lcm
2121 5213 2294 5281 ipsum
2340 5211 2489 5278 quasi
2530 5211 2830 5266 ominosum
2863 5210 3222 5280 deelinasset,
3257 5221 3313 5267 ut
3353 5215 3536 5268 scribit

1962 5305 2274 5362 Ammianus
2304 5303 2438 5357 libro
2470 5319 2595 5357 xxw

2032 5398 2137 5454 Sed
2168 5408 2217 5453 et
2250 5413 2343 5467 per
2380 5413 2442 5453 ea
2477 5408 2715 5467 tempora
2762 5397 3062 5455 ominosum
3096 5399 3224 5454 solis
3248 5401 3534 5472 deliquium

1963 5499 2230 5546 memorat
2277 5487 2567 5558 Gregorius
2608 5489 2943 5543 Turonensis
2975 5488 3068 5544 lib.
3103 5505 3137 5544 ιι
3180 5491 3314 5546 Hist.
3346 5491 3535 5544 Frane.

1962 5597 2081 5651 cap.
2116 5583 2149 5636 3
2184 5599 2194 5633 :
2223 5579 2387 5647 Tunc,
2417 5580 2605 5649 inquit,
2633 5589 2679 5634 et
2708 5581 2788 5634 sol
2817 5589 2940 5634 teter
2970 5583 3231 5648 apparuit,
3266 5581 3332 5633 ita
3367 5589 3422 5632 nt
3454 5578 3535 5633 vis

1963 5677 2032 5731 ab
2070 5690 2136 5730 eo
2187 5690 2311 5744 pars
2356 5675 2435 5728 vel
2468 5673 2622 5729 tertia
2669 5675 2927 5730 eluccret.
2961 5675 3133 5729 Credo
3185 5689 3355 5741 natnq-
3381 5687 3410 5726 e
3442 5689 3474 5741 p
3509 5691 3538 5724 υ

1967 5767 2127 5824 tantis
2168 5765 2459 5825 sceleribus
2504 5777 2554 5822 et
2606 5765 2865 5832 etinsigne
2912 5764 3181 5834 sanguinis
3213 5763 3536 5836 innuat-ptis,
