4080 6350
561 377 669 438 155

1893 366 2140 426 γιατοῐι
2183 368 2513 430 VITENSIS.

3699 347 3835 443 "ne

559 493 711 566 Quod
741 494 1070 551 novilunium
1115 487 1420 558 eclipticum
1454 485 1593 541 inter
1622 483 1901 539 barbarica
1933 483 2038 538 dno
2063 481 2236 545 illa'A
2262 484 2350 538 diu
2382 485 2706 555 Carthagine
2737 487 3066 544 restitisset?
3096 488 3276 546 Placet
3305 504 3433 562 ergo
3464 492 3623 548 lectio
3647 493 3837 555 codicis

559 591 730 646 edicta
763 587 998 643 medium
1023 583 1138 648 iuit,
1158 596 1281 637 cum
1303 578 1541 635 evenerit
1566 577 1657 632 die
1682 577 1883 632 mensis
1910 575 2148 631 Januarii
2221 575 2566 642 4P0rtarum,
2612 587 2666 633 et
2717 579 2970 635 editionis
3023 581 3366 639 Coloniensis
3425 594 3674 654 vetustte,
3724 605 3836 660 qua

560 683 659 746 H,
690 691 743 737 et
771 679 940 751 potuit
961 675 1190 746 spectari
1223 672 1569 742 Carthagine,
1596 669 1743 724 horis
1766 668 2145 725 antemeridia-

559 779 662 844 nis,
693 786 748 830 ut
779 772 971 830 tabula:
999 768 1377 826 astronomicae
1405 781 1506 822 nos
1528 760 1747 821 docent.

1056 873 1058 878 ’
1153 884 1380 941 CAPUT
1420 882 1536 938 xu.

556 985 670 1039 Duo
696 983 851 1054 legali
887 977 1458 1054 Zenonis,_impcralaris
1491 973 1910 1054 adﬂuttericum
1933 1017 1945 1038 ,
1977 971 2141 1054 Regi-

580 1091 582 1093 »
623 1074 717 1110 nus
745 1043 892 1108 "anno
935 1053 1072 1114 485,
1113 1043 1361 1103 Ηιιὶιενὶοὲ
1413 1049 1442 1101 7
1468 1043 1762 1113 ;"Uranius
1815 1044 1980 1099 anno
2011 1043 2141 1112 484,

623 1127 850 1200 ejusdem
878 1124 1010 1196 regis
1038 1131 1231 1177 octavo.

625 1242 700 1296 De
729 1240 929 1297 Urania
955 1237 1101 1293 nulla
1127 1244 1210 1292 est
1235 1233 1500 1290 dubitatio
1524 1251 1536 1286 :
1570 1232 1659 1288 hic
1682 1233 1829 1289 enim
1858 1233 1946 1303 (ut
1978 1232 2144 1287 refert

551 1335 734 1390 Victor
774 1333 912 1387 libro
967 1333 1030 1395 v)
1071 1345 1194 1386 cum
1254 1329 1320 1384 ad
1360 1327 1728 1384 deiensionem
1779 1327 2142 1382 Ecclesiarum

550 1425 934 1481 catholicarum
963 1438 1024 1479 se
1052 1413 1267 1478 venisse
1293 1408 1580 1492 jactasset,
1633 1419 1937 1475 Hunericus
1957 1459 1972 1485 ,
2004 1427 2064 1474 ut
2092 1420 2142 1475 ei

550 1521 801 1576 illuderet
829 1517 1308 1586 contumaciusque
1348 1514 1660 1581 insultarat,
1714 1515 1768 1568 in
1815 1514 1920 1568 illis
1963 1513 2142 1582 plateis

548 1611 625 1667 vel
646 1611 767 1681 vicis
789 1611 962 1682 plures
987 1618 1200 1663 tortores
1221 1598 1607 1661 et‘crudeliores
1628 1607 1810 1659 statuit
1827 1643 1843 1668 ,
1876 1605 1930 1657 in
1957 1604 2141 1673 quibus

551 1705 736 1775 legatis
757 1704 912 1757 maris
927 1711 1002 1757 est
1024 1701 1346 1756 ascendendo
1366 1700 1435 1753 ad
1455 1699 1702 1770 palatium
1727 1708 1773 1751 et
1794 1697 2141 1751 descendendo

547 1799 781 1852 transire.
825 1798 894 1851 At
928 1795 995 1851 de
1039 1793 1246 1864 Regina
1287 1791 1428 1848 haud
1477 1793 1546 1847 ita
1597 1792 1944 1847 consentiunt
1986 1790 2139 1844 codi-

2227 670 2394 727 ‘hunc
2447 671 2608 728 habet
2657 673 2970 752 episcopum
3020 674 3540 747 Carthaginensem,
3594 681 3836 754 episcopo

2253 766 2560 836 Deogratias
2586 767 2830 836 proxime
2857 768 3110 825 defuncto
3139 771 3508 842 subrogatum.
3534 759 3684 842 Quod
3714 792 3836 833 vero

2248 875 2372 914 mox
2418 859 2568 916 addit
2591 861 2824 917 Victor:
2867 862 3016 918 Unde
3058 864 3253 932 factum
3293 875 3368 921 est
3410 874 3465 920 ut
3497 876 3611 937 post
3655 869 3833 924 abitum

2248 954 2473 1026 episcopi
2505 953 2858 1025 Carthaginis.
2884 965 3015 1020 etc.,
3050 957 3117 1012 de
3148 956 3316 1028 ipsius
3341 957 3563 1015 Thontze
3589 960 3737 1016 obitu
3759 961 3835 1016 in-

2223 1045 2596 1116 ‘telligendum
2637 1056 2917 1114 putamus;
2950 1047 3064 1102 sive
3109 1047 3196 1103 ille
3240 1047 3294 1102 in
3344 1050 3540 1105 catomi
3580 1052 3833 1122 supplicia

2248 1127 2488 1195 animam
2514 1139 2818 1206 exhalarit,
2857 1140 2972 1195 sive
3012 1140 3060 1193 ei
3103 1139 3261 1195 fuerit
3309 1142 3698 1212 aliquantulum
3747 1161 3833 1200 su-

2247 1241 2481 1304 perstes.
2522 1234 2658 1290 [line
2697 1234 2823 1290 licet
2867 1234 3199 1304 distinguere
3237 1237 3380 1307 apud
3415 1238 3684 1294 Victorem
3722 1242 3833 1310 epi-

2244 1340 2440 1396 scopos
2465 1325 2938 1398 Carthaginienses
2968 1327 3186 1384 omnino
3215 1337 3465 1398 quatuor.
3497 1329 3708 1387 Primus
3745 1332 3836 1388 fuit

2244 1421 2648 1489 Quodvuldeus,
2684 1421 2962 1490 Neapolim
3011 1422 3280 1492 relegatus
3326 1438 3471 1478 anno
3499 1424 3626 1490 459,
3659 1427 3834 1481 statim

2247 1522 2367 1584 post
2407 1523 2619 1586 captam
2651 1528 2681 1569 a
2722 1514 2998 1570 Geiserico
3041 1514 3446 1586 Carthaginem.
3496 1517 3588 1572 Illo
3629 1529 3835 1573 mortua

2245 1606 2300 1662 in
2331 1606 2726 1672 exsilio,’anno
2758 1608 2836 1678 (ut
2875 1605 3111 1677 videtur)
3155 1607 3291 1670 452,
3325 1608 3412 1664 die
3454 1608 3526 1663 Q6
3568 1609 3833 1675 Octobris,

2244 1700 2352 1770 egit
2392 1699 2802 1754 Valentinianus
2848 1699 2978 1769 imp.
3017 1698 3158 1770 apud
3198 1699 3568 1766 Geisericum,
3610 1712 3666 1756 ut
3723 1712 3836 1772 post

2242 1805 2366 1847 eum
2410 1789 2752 1845 ordinaretur
2791 1789 3248 1860 Carthaginiensis
3287 1790 3575 1861 episcopus
3620 1793 3836 1849 nomine

547 1905 656 1947 ces.
699 1888 940 1944 Rhenani
983 1886 1149 1943 editio
1203 1885 1525 1941 Parisiensis
1568 1886 1692 1939 anni
1736 1883 1905 1949 1541,
1935 1891 1992 1938 et
2028 1883 2138 1938 fere
2168 1879 2216 1940 B
2243 1884 2572 1955 Deogratias.
2601 1885 2650 1939 ls
2678 1883 2918 1954 captivos
2946 1899 2975 1939 a
3008 1883 3282 1940 Geiserico
3308 1900 3374 1941 ex
3413 1886 3568 1941 italia
3613 1887 3664 1942 in
3697 1887 3837 1943 Alri-

547 1982 876 2038 recentiores
922 1980 1042 2034 alia:
1085 1979 1164 2034 sic
1217 1979 1416 2034 habent
1454 1996 1465 2030 :
1501 1977 1641 2031 Nam
1691 1978 1772 2031 die
1814 1976 2137 2031 Ascensianis

547 2079 789 2142 Domini,
840 2079 1035 2148 legatus
1087 2074 1308 2130 Zenonis
1363 2073 1713 2141 imperatoris,
1768 2072 1945 2142 regina
2001 2085 2139 2140 pm-

546 2181 681 2226 senle
737 2168 1007 2239 legendum
1072 2168 1125 2220 in
1178 2166 1345 2220 media
1402 2165 1609 2218 ecclesia
1667 2163 1902 2233 episcopo
1959 2161 2134 2233 Euge-

546 2267 631 2320 nio
674 2263 847 2334 dirigit
892 2271 1234 2332 praeceptum,
1271 2269 1375 2314 etc.
1409 2258 1514 2313 Sed
1564 2273 1662 2327 age
1694 2275 1707 2310 :
1741 2257 2011 2327 quomodo
2054 2255 2138 2312 sui

545 2354 783 2412 muneris
815 2353 1018 2424 putavit
1056 2365 1179 2406 esse
1218 2348 1564 2420 imperatoris
1593 2350 1825 2418 legatus,
1872 2358 1931 2403 ut
1959 2347 2138 2403 llune-

547 2447 642 2503 rici
677 2445 886 2516 tyranni
918 2445 1021 2499 hoc
1047 2443 1284 2499 edictum
1317 2442 1557 2512 Eugenio
1585 2441 1843 2511 episcopo
1878 2443 1930 2495 in
1963 2442 2136 2497 media

545 2539 770 2594 ecclesia
827 2536 1109 2608 legendum
1159 2535 1451 2604 dirigeret,
1495 2534 1638 2602 quod
1689 2535 1756 2587 ad
1806 2533 2008 2588 domini
2057 2533 2139 2589 sui

548 2647 662 2688 rem
722 2630 851 2685 nihil
911 2629 1143 2695 iaceret,
1195 2627 1436 2696 quinimo
1489 2626 1605 2696 ejus
1662 2626 1856 2679 studiis
1906 2625 2140 2680 maxime

548 2721 964 2779 adversaretur?
990 2719 1132 2789 Ergo
1170 2720 1309 2772 hunc
1341 2717 1518 2771 locum
1545 2717 1624 2771 sic
1651 2716 1820 2770 refert
1849 2716 2013 2771 editio
2039 2716 2141 2771 Co-

548 2815 809 2872 loniensis
844 2813 971 2867 anni
1008 2809 1188 2867 1555:
1227 2809 1364 2863 Nam
1409 2811 1492 2862 die
1539 2809 1865 2862 Ascensianis
1900 2808 2140 2876 Domini,

548 2912 716 2982 legata
741 2909 962 2963 Zenonis
985 2905 1308 2977 imperatoris
1334 2919 1449 2974 rege
1474 2919 1574 2956 non
1600 2911 1845 2972 pra'sente
1869 2902 2141 2971 legendum

549 3005 716 3059 media
740 3001 951 3058 ecclesia
979 3001 1213 3072 episcopo
1231 2997 1460 3066 Eugenio
1483 2996 1668 3051 direxit
1685 3004 2011 3066 prleceptum.
2031 3004 2137 3053 etc.

551 3095 954 3164 Nutatquoque
996 3091 1111 3146 haec
1162 3089 1345 3156 lectio,
1401 3103 1521 3159 qua:
1569 3087 1804 3142 edictum
1860 3095 1915 3141 et
1965 3088 2141 3158 legato

550 3188 785 3244 Zenonis
831 3195 883 3241 et
926 3185 1185 3256 episcopo
1230 3183 1468 3252 Eugenio
1521 3181 1782 3236 directum
1837 3177 2138 3251 signiﬁcat,
2181 3220 2184 3223 ι

2240 1994 2358 2033 cam
2390 1978 2669 2043 abductos,
2716 1987 2939 2049 paterno
2983 1980 3300 2050 complexus
3347 1979 3566 2046 affectu,
3623 1982 3834 2038 tandem

2237 2059 2396 2127 lsenio
2422 2081 2476 2127 et
2519 2069 2795 2151 laboribus
2831 2071 3138 2139 contectus,
3183 2071 3318 2127 obiit
3349 2072 3401 2126 in
3434 2072 3710 2141 obsequiis
3749 2089 3836 2129 ca-

2241 2164 2510 2236 ptivorum
2563 2163 2960 2231 Romanorum,
2993 2163 3064 2217 22
3106 2163 3308 2233 Martii,
3342 2179 3486 2219 anno
3530 2167 3667 2230 456.
3716 2182 3836 2224 cum

2235 2256 2399 2312 annis
2445 2256 2618 2312 tribus
2669 2256 2989 2327 praefuisset.
3035 2257 3158 2312 Mox
3207 2267 3330 2327 post
3379 2274 3503 2314 eum
3554 2259 3836 2317 ordinatus

2242 2349 2508 2415 Thomas,
2543 2350 2659 2420 ipso
2707 2349 2790 2404 sui
2821 2350 3162 2420 episcopatus
3209 2350 3459 2416 exordio,
3508 2353 3828 2408 Arianorum

2244 2447 2482 2515 nequitia
2530 2445 2816 2500 tormentis
2861 2454 3114 2500 enecatus
3143 2454 3244 2500 est.
3280 2444 3488 2501 Exinde
3528 2461 3624 2515 per
3667 2463 3837 2504 annos

2243 2537 2314 2590 24
2336 2535 2602 2606 Carthago
2629 2536 2744 2590 sine
2765 2534 3020 2604 episcOpo
3043 2535 3141 2588 ittit
3159 2575 3173 2599 ,
3201 2534 3375 2589 donec
3403 2534 3618 2591 Zenone
3644 2545 3700 2591 et
3725 2537 3838 2592 Pla-

2244 2629 2382 2684 cidia
2411 2629 2617 2700 Olybrii
2647 2629 2826 2684 relicta
2855 2630 3111 2698 Augustis
3143 2628 3508 2697 poscentibus,
3541 2643 3732 2698 passus
3762 2640 3838 2684 est

2246 2722 2545 2778 Hunericus
2571 2723 2869 2793 Eugenium
2893 2720 3215 2792 Carthagine
3237 2720 3477 2776 ordinari
3505 2722 3836 2792 episcopum,

2199 2833 2204 2840 '
2245 2810 2388 2871 anno
2416 2818 2500 2888 (ut
2525 2815 2756 2887 videtur)
2777 2816 2914 2881 480;
2945 2816 3033 2885 qui
3059 2815 3197 2870 haud
3221 2814 3389 2869 multo
3419 2825 3560 2884 post,
3588 2815 3838 2872 llunerici

2246 2908 2639 2980 persecutionis
2682 2907 2891 2979 pondus
2926 2907 3213 2974 sustinuit,
3257 2907 3463 2976 fuitque
3512 2906 3588 2962 illi
3618 2906 3711 2962 diu
3757 2923 3839 2964 su-

2248 3014 2475 3076 perstas.

2843 3074 3067 3130 CAPUT
3110 3073 3248 3128 XIV.

2247 3169 2470 3225 Thomas
2498 3185 2650 3225 senex
2678 3168 2996 3234 venerabilis,
3028 3177 3229 3222 calamo
3272 3184 3361 3221 seu
3403 3167 3616 3220 calentis
3657 3181 3840 3221 ca’sus.

550 3281 800 3344 obscure,
831 3293 898 3333 ne
935 3278 1107 3332 dicam
1149 3277 1344 3345 inepte.
1387 3274 1476 3330 Sic
1514 3289 1643 3343 ergo
1676 3274 1816 3328 hunc
1855 3275 2030 3329 locum
2061 3275 2136 3330 ni-

2317 3282 2525 3352 Vulgati
2577 3283 2906 3337 recentiores
2953 3281 3047 3335 lib.
3080 3297 3094 3335 ι
3129 3297 3143 3334 :
3189 3280 3544 3335 Venerabilem
3582 3296 3758 3334 senem
3791 3280 3839 3332 in

549 3372 661 3427 tidc
695 3370 971 3425 reddimus
1009 3385 1076 3424 ex
1121 3366 1307 3423 codice
1348 3367 1598 3421 cartusite
1645 3365 1965 3420 Portarum:
2002 3365 2141 3419 Nam

552 3466 636 3520 die
673 3463 998 3519 Ascensionis
1047 3461 1289 3529 Domini,
1336 3459 1502 3531 legata
1545 3460 1770 3514 Zenonis
1822 3461 2141 3530 imperatoris

553 3558 752 3632 Regina
778 3565 1049 3628 prtt’settle,
1085 3554 1373 3628 legendum,
1404 3563 1510 3609 etc.
1543 3554 1625 3609 An
1665 3553 1752 3609 hic
1782 3553 1895 3623 ipse
1935 3555 2004 3608 sit
2034 3554 2140 3608 Re-

553 3653 709 3724 ginus
737 3664 920 3706 comes
952 3648 1017 3703 ad
1049 3663 1210 3717 quem
1249 3657 1331 3703 est
1366 3643 1622 3702 Fcrrandi
1652 3646 1861 3700 diaconi
1911 3645 2046 3700 liber
2073 3645 2142 3718 de

551 3755 758 3817 septem
784 3743 1004 3814 [tegulis
1035 3741 1376 3806 innocentiae,
1419 3742 1474 3796 in
1516 3741 1693 3796 medio
1723 3740 1987 3812 relinquo,
2019 3754 2140 3795 cum

552 3841 605 3899 id
628 3855 802 3913 neque
827 3856 1025 3913 negare
1046 3841 1222 3896 ausim
1241 3880 1256 3903 ,
1286 3854 1460 3910 neque
1489 3838 1774 3893 aitirmare.
1931 3833 1934 3836 ’

1144 3953 1370 4011 CAPUT
1410 3953 1548 4009 XIII.

550 4047 972 4122 Carthaginenses
988 4047 1220 4122 episcopi
1240 4064 1271 4100 a
1300 4045 1500 4122 Victore
1532 4046 1818 4122 memorati,
1853 4045 2142 4115 Quodvult-

795 4127 940 4186 deus,
978 4116 1294 4189 Deogratias,
1322 4117 1565 4183 Thomas,
1597 4116 1874 4188 Eugenius.

621 4214 701 4268 Ex
732 4213 832 4267 hoc
863 4227 1087 4267 numero
1113 4212 1376 4266 Thomam
1408 4212 1637 4266 exclusit
1667 4213 1950 4278 Baronius,
1986 4227 2141 4268 secu-

551 4316 637 4363 tus
666 4307 996 4359 recentiores
1025 4304 1258 4358 Victoris
1289 4304 1577 4369 editiones,
1607 4319 1727 4373 quae
1766 4305 1859 4358 lib.
1886 4321 1902 4358 ι
1933 4306 2011 4359 sic
2047 4307 2148 4374 ha:

549 4397 678 4451 bent
705 4395 972 4466 pleraeque
1001 4413 1012 4446 :
1051 4394 1333 4448 Ordinatur
1358 4395 1617 4463 quondam
1659 4398 1927 4448 memorati
1963 4412 2138 4449 sacer-

548 4487 686 4541 dolis
725 4487 941 4556 (nempe
981 4486 1218 4555 episcopi
1267 4484 1611 4555 Deogratias)
1656 4488 1858 4540 nomine
1888 4486 2133 4556 Thomas,

548 4578 671 4632 dum
699 4578 851 4631 variis
894 4577 957 4630 ab
988 4577 1059 4631 eis
1086 4577 1288 4630 insidiis
1337 4578 1524 4646 saepius
1567 4587 1875 4644 arctaretur,
1917 4581 2138 4649 quodam

547 4686 769 4746 tempore
804 4674 1138 4728 venerabilem
1187 4689 1356 4728 senem
1398 4675 1450 4726 in
1498 4671 1705 4742 publica
1749 4675 1884 4744 facie
1926 4678 2140 4731 calamis

545 4767 853 4822 ceciderunt.
891 4766 958 4822 At
999 4768 1051 4821 in
1089 4765 1277 4822 codice
1323 4765 1600 4820 Portarnm
1642 4765 1748 4836 (cui
1796 4767 2140 4822 consentiens

545 4870 627 4916 cst
650 4860 823 4931 quoad
859 4859 959 4916 hoc
986 4859 1148 4915 editio
1171 4858 1510 4915 Coloniensis
1532 4860 1658 4915 anni
1696 4861 1859 4928 i555)
1890 4861 1969 4917 sic
1999 4862 2132 4932 legi:

548 4953 832 5007 Ordinatur
852 4953 1060 5023 quidam
1088 4954 1138 5007 in
1165 4953 1507 5006 sacerdotium
1531 4953 1734 5008 nomine
1760 4952 2006 5009 Thomas.
2035 4955 2138 5021 Qui

545 5046 668 5099 dum
699 5047 879 5113 variis,
923 5046 1224 5111 etc.,Vides
1260 5047 1347 5102 hic
1386 5049 1596 5102 censeri
1636 5048 2134 5119 Carthaginiensem

544 5144 854 5213 episcopum
886 5144 1185 5212 Thomam,
1232 5160 1329 5200 nec
1371 5146 1663 5200 immerito.
1709 5147 1914 5203 Amabo
1951 5149 2128 5216 enim,

543 5234 588 5287 si
622 5233 932 5304 Deogratias
957 5236 1268 5306 episcopum
1290 5237 1556 5291 ordinavit
1579 5237 1834 5304 Thomas,
1863 5239 1978 5310 ipse
1999 5256 2129 5311 ergo

543 5326 826 5395 episcopus
854 5327 969 5380 luit.
1007 5327 1063 5382 Si
1098 5327 1190 5382 iuit
1234 5328 1540 5399 episcopus,
1571 5330 1840 5398 quomodo
1879 5345 1983 5386 non
2015 5331 2132 5400 ejus

544 5416 728 5472 sedem
775 5418 1065 5488 appellavit
1101 5419 1309 5487 Victor,
1346 5430 1400 5474 ut
1449 5421 1498 5474 in
1529 5420 1650 5474 aliis
1691 5422 1862 5476 solet?
1893 5424 1967 5477 Ad
1993 5425 2126 5489 haec,

542 5509 587 5563 si
616 5507 850 5563 Thomas
881 5525 1002 5564 cum
1027 5511 1146 5566 aliis
1175 5511 1383 5567 duobus
1410 5514 1676 5582 episcoltis
1707 5515 1999 5571 secundum
2027 5533 2126 5572 an-

542 5602 717 5672 tiquos
760 5615 998 5656 canones
1037 5603 1346 5680 episcopum
1401 5605 1707 5675 lleogratias
1755 5609 2123 5673 consecravit,

542 5694 811 5762 quomodo
857 5695 1093 5751 solitario
1142 5696 1259 5764 ejus
1304 5697 1579 5752 ordinatar
1621 5699 1926 5755 diceretur?
1971 5702 2126 5757 Deni-

543 5803 662 5855 que,
705 5788 952 5842 ordinato
982 5797 1103 5844 ante
1147 5789 1439 5844 triennium
1487 5792 1739 5861 episcopo
1789 5793 2124 5862 Deogratius,

543 5882 808 5939 Quomodo
836 5895 986 5941 extra
1011 5885 1281 5956 propriam
1311 5883 1491 5944 sedem
1527 5895 1713 5943 contra
1742 5902 1975 5948 canones
2008 5898 2125 5946 tan-

2248 3375 2450 3444 publica
2495 3376 2625 3445 {acie
2670 3375 2882 3427 catomis
2932 3374 3243 3427 ceciderunt.
3293 3372 3474 3427 Codex
3524 3371 3838 3436 Portarum,

2246 3475 2485 3521 calamo:
2519 3466 2682 3522 editio
2704 3465 2891 3521 Colon.
2924 3465 3084 3531 1555,
3122 3466 3382 3519 cathontas
3426 3464 3702 3520 mendose.
3736 3465 3842 3520 Ca-

2247 3569 2395 3615 tomo
2436 3569 2488 3614 et
2518 3560 2742 3613 catomis
2780 3559 3163 3614 adverbialiter
3209 3559 3485 3627 usurpari,
3529 3557 3670 3612 ultro
3711 3572 3816 3612 con

2245 3655 2500 3710 cesserint
2533 3653 2836 3724 Rosweydo
2865 3654 2915 3706 in
2946 3651 3382 3723 Martyrologium
3407 3651 3628 3716 Adonis,
3663 3651 3731 3705 15
3753 3650 3837 3706 Jtt-

2245 3737 2354 3816 nii,
2384 3757 2434 3802 et
2466 3746 2722 3802 Lacerdre
2765 3748 2817 3800 in
2854 3746 3190 3802 Adversariis
3221 3747 3403 3800 sacris.
3443 3746 3510 3801 At
3553 3759 3674 3798 cum
3723 3745 3839 3813 lego

2243 3840 2298 3896 in
2338 3841 2470 3895 actis
2508 3839 2724 3912 Babylte
2771 3840 3051 3911 martyris,
3083 3839 3153 3893 ει
3198 3838 3474 3894 Januarii:
3507 3837 3688 3892 Iratus
3723 3855 3839 3892 vero

2247 3932 2604 3986 Numerianus
2635 3933 2792 4002 jussit
2826 3941 2926 3986 tres
2971 3934 3193 4001 infantes
3233 3931 3388 3986 levari
3432 3932 3482 3984 in
3519 3941 3718 3986 calamo
3745 3947 3764 3985 :
3791 3939 3839 3985 et

2245 4011 2409 4092 priori
2440 4024 2554 4077 dari
2593 4021 2858 4076 duodecim
2900 4023 3103 4093 plagas,
3147 4023 3373 4076 secundo
3412 4031 3584 4076 autem
3627 4039 3836 4088 novent,

2245 4117 2393 4170 tertio
2428 4131 2544 4170 vero
2575 4124 2802 4186 septem;
2834 4115 3073 4184 intelligo
3100 4123 3367 4170 catomum
3407 4129 3473 4170 eo
3511 4115 3634 4170 loco
3663 4115 3838 4170 natui-

2246 4211 2442 4264 naliter
2471 4209 2673 4276 accipi;
2708 4222 2806 4262 nec
2842 4207 2909 4262 de
2941 4207 3056 4276 ipso
3088 4207 3334 4277 supplicii
3375 4221 3594 4276 genere,
3625 4207 3724 4262 se-l
3769 4207 3837 4263 de

2245 4302 2385 4379 loco,
2414 4301 2496 4354 vel
2533 4303 2708 4371 potius
2729 4301 2797 4356 de
2829 4302 3071 4356 machina
3103 4303 3216 4357 sive
3251 4303 3606 4357 instrumento
3633 4303 3837 4372 suppli-

2242 4393 2339 4456 cii;
2371 4401 2524 4460 puta,
2558 4394 2831 4459 columna,
2875 4393 3135 4461 patibulo,
3177 4409 3272 4449 seu
3318 4395 3490 4462 trabe,
3528 4393 3741 4464 lignove
3769 4395 3836 4448 ad

2242 4484 2385 4555 quod
2415 4486 2733 4561 verberandi
2765 4489 2937 4542 attolli
2967 4488 3048 4543 vel
3080 4487 3336 4557 suspendi
3369 4489 3609 4542 solerent
3633 4486 3705 4542 ad
3736 4503 3837 4542 ex-

2242 4580 2484 4649 cipienda
2514 4581 2752 4637 humeris
2784 4582 3025 4638 verbera.
3056 4583 3322 4637 Catomari
3342 4582 3489 4652 jnssa
3517 4590 3599 4636 est
3637 4583 3696 4635 S.
3730 4582 3837 4635 Eu-

2247 4675 2368 4730 lalia
2406 4674 2790 4747 Emeritensis;
2821 4685 2875 4730 et
2904 4676 2956 4729 in
2995 4676 3202 4730 theatro
3229 4674 3555 4728 catomidiari
3583 4673 3838 4728 decocto-

2244 4779 2334 4821 res
2378 4765 2555 4820 sanxit
2599 4764 2866 4820 Adrianus
2915 4782 2979 4819 ex
3019 4765 3163 4820 ASlio
3207 4765 3508 4833 Spartiano.
3550 4763 3838 4818 Catomarc

2243 4873 2392 4928 ergo,
2427 4872 2520 4911 seu
2569 4858 2915 4911 catomidiare
2943 4867 3056 4923 est,
3091 4859 3221 4912 κατὰ
3265 4864 3362 4912 τῶν
3408 4853 3554 4926 ὦμων
3597 4858 3836 4918 τύπτειν,

2245 4949 2310 5003 ad
2345 4949 2593 5018 scapulas
2627 4949 2933 5004 verberare.
2967 4948 3079 5003 Hoc
3108 4962 3172 5003 ex
3218 4957 3397 5018 etymo
3442 4945 3833 5010 indubitatum,

2242 5025 2338 5096 sed
2368 5041 2433 5095 de
2463 5040 2632 5118 modo
2662 5056 2723 5096 ac
2754 5042 2821 5097 de
2867 5057 2924 5096 re
2956 5042 3069 5110 ipsa
3102 5042 3408 5112 ambiguum
3448 5049 3549 5096 est.
3583 5039 3714 5094 Nam
3759 5039 3839 5094 ci-

2245 5134 2338 5203 tati
2375 5134 2705 5205 llosweydus
2737 5143 2789 5187 et
2817 5134 3052 5189 Lacerda
3084 5144 3295 5188 catomo
3323 5149 3418 5189 seu
3449 5131 3673 5188 catomis
3698 5130 3837 5186 caedi

2242 5228 2327 5283 vel
2358 5226 2609 5294 suspendi
2639 5235 2827 5296 putant
2855 5241 2997 5292 esse,
3030 5227 3202 5296 capite
3231 5226 3482 5281 deorsum
3511 5225 3578 5279 de
3607 5224 3836 5292 alicujus

2244 5320 2480 5376 humeris
2512 5335 2829 5390 suspensum
2864 5321 3159 5376 verberari.
3188 5319 3541 5374 Consentium
3573 5317 3836 5373 Baronius

2243 5415 2293 5468 in
2339 5413 2478 5468 ttatis
2508 5414 2572 5468 ad
2606 5414 2903 5468 Romanum
2946 5413 3411 5484 Martyrologium,
3451 5413 3513 5467 15
3551 5411 3732 5473 Junii,
3769 5410 3832 5465 Β.

2241 5522 2294 5564 et
2325 5516 2442 5576 post
2464 5523 2584 5563 eum
2617 5508 2906 5563 Bollandus
2931 5509 3045 5564 sive
3090 5508 3448 5573 Enschenius,
3480 5509 3545 5562 t2
3587 5507 3745 5562 Febr.
3779 5506 3833 5562 in

2240 5605 2380 5657 notis
2403 5602 2469 5657 ad
2487 5613 2605 5657 acta
2623 5601 2679 5658 S.
2706 5603 2924 5659 Eulalia:
2951 5618 3004 5656 v.
3034 5619 3107 5658 m.
3141 5602 3576 5666 Barcinonensis,
3604 5599 3700 5665 C.;
3729 5601 3833 5658 nisi

2239 5701 2377 5769 quod
2411 5701 2462 5754 in
2513 5715 2577 5754 eo
2624 5713 2799 5770 plenae
2845 5713 3042 5768 genere
3091 5707 3295 5752 rectum
3339 5697 3582 5766 corporis
3628 5703 3832 5750 statum

2238 5803 2562 5864 agnoscunt;
2597 5793 2732 5848 adeo
2759 5801 2815 5846 ut
2845 5793 3070 5847 catomis
3100 5793 3332 5862 aliquem
3361 5791 3570 5846 czedere
3602 5791 3702 5843 hoc
3733 5790 3826 5851 sit,

2240 5890 2378 5959 quod
2426 5890 2781 5961 ludimagistri
2823 5890 3030 5961 solent,
3062 5889 3129 5947 ad
3171 5890 3394 5959 alicajus
3449 5888 3701 5944 humeros
3733 5897 3824 5955 per
