4080 6350
298 342 401 397 157

1668 355 2195 425 PROLEGOMENA.

3478 396 3575 456 158

299 462 519 519 brachia
559 466 809 535 appensis
846 469 1052 540 pueris,
1106 472 1157 526 in
1205 488 1389 530 eorum
1434 482 1584 533 nates
1636 476 1881 549 inlligere
1907 482 1962 541 Α
1989 481 2095 538 tius
2121 497 2281 553 quam
2312 500 2542 558 unquam
2576 502 2731 551 antea
2762 498 2903 567 quod
2939 502 3136 560 vellent
3165 506 3563 581 eloquerentur,

299 557 519 581 ,Ἥκω
578 558 773 581 mh“
804 559 913 581 LL
950 570 1089 581 mh
1260 566 1272 581 .
1353 567 1366 581 .
1477 567 1524 581 ..
1599 578 1607 581 Α
1718 573 1728 581 .
1807 573 1819 581 .
2003 572 2040 581 .-
2310 576 2323 581 -
2442 580 2447 581 κ

296 557 544 612 verbera.
578 558 774 614 Nititur
803 559 919 618 hac
946 564 1211 620 sententia
1242 566 1452 623 duobus
1477 567 1885 641 Martyrologio-

296 661 418 701 rum
446 648 610 717 locis,
640 665 832 722 nempe
863 653 926 708 15
953 652 1087 723 junii
1113 665 1167 710 et
1206 657 1269 713 18
1308 657 1645 725 Novembris,
1678 663 1767 717 ubi
1794 662 1886 732 qui

296 750 512 797 catomo
533 744 615 798 vel
648 747 871 801 catomis
914 750 1038 803 caesi
1079 763 1174 805 seu
1204 755 1447 823 suspensi
1492 765 1884 827 memorantur,

297 831 453 887 Vitus
495 841 549 888 et
578 834 799 904 Barula,
829 838 980 907 pueri
1019 850 1165 895 sunt.
1211 842 1473 915 Numquid
1520 858 1573 902 et
1621 848 1671 910 in
1704 850 1884 917 pueris

295 922 607 978 censebitur
633 926 868 981 Thomas
897 928 987 983 ille
1018 932 1299 1003 cpiscOpus
1336 934 1445 1004 jam
1493 938 1645 991 senio
1684 940 1881 1017 gravis,

295 1023 353 1068 et
393 1014 596 1069 Eulalia
638 1015 989 1073 Emeritensis
1019 1032 1247 1094 martyr,
1298 1026 1420 1094 quia
1460 1014 1747 1094 catomati,
1790 1043 1883 1084 seu

294 1116 509 1160 catomo
540 1107 665 1162 ctcsi
711 1109 992 1179 leguntur?
1023 1113 1326 1183 Gravioris,
1369 1118 1608 1189 inquies,
1654 1122 1882 1190 ignomi-

294 1197 400 1253 niae
432 1197 533 1252 hoc
563 1199 689 1264 fuit,
725 1214 883 1256 senes
920 1202 1185 1260 interdum
1206 1248 1222 1271 ,
1250 1218 1342 1261 aut
1372 1209 1425 1263 in
1456 1209 1714 1289 dignitate
1748 1227 1882 1269 con-

290 1289 513 1344 stitutos
560 1291 736 1357 viros,
783 1304 874 1347 aut
924 1296 1085 1353 etiam
1132 1298 1355 1355 feminas
1398 1317 1685 1371 puerorum
1733 1319 1884 1361 more

290 1380 587 1435 verberari.
620 1382 755 1449 Quid
785 1399 945 1449 porro
975 1386 1243 1446 Adrianus
1284 1392 1616 1463 imperator?
1654 1406 1779 1453 tunc
1822 1398 1885 1453 il-

290 1470 403 1525 lum
455 1473 706 1529 sanxisse
754 1474 985 1546 dixeris,
1032 1490 1090 1535 ut
1128 1482 1498 1544 decoctoribus
1539 1488 1606 1543 de
1655 1489 1881 1547 aliorum

290 1563 534 1619 humeris
567 1581 663 1635 per
704 1582 899 1625 manus
942 1570 1171 1640 pedesve
1212 1578 1509 1647 suspensis,
1551 1580 1605 1635 in
1651 1582 1880 1649 theatro,

290 1655 347 1709 in
396 1656 634 1711 omnium
687 1659 858 1714 oculis
901 1662 1123 1718 verbera
1165 1666 1234 1720 ad
1282 1679 1434 1725 nates
1479 1670 1882 1742 inﬂigerentur?

289 1744 419 1800 Hcce
448 1761 550 1816 ego
578 1746 769 1804 adduci
799 1766 905 1806 non
935 1767 1151 1822 possum
1183 1767 1242 1811 ut
1281 1760 1531 1827 credam,
1563 1764 1765 1834 absque
1794 1779 1883 1819 so-

288 1834 399 1890 lido
445 1847 500 1892 et
547 1840 833 1896 manifesto
875 1844 1205 1915 antiquitatis
1260 1853 1596 1923 teatimonio,
1651 1874 1772 1913 cum
1813 1861 1879 1917 ad
1909 1860 1960 1922 B

286 1945 508 1985 manum
538 1932 609 1987 sit
645 1934 836 1992 harum
861 1951 1053 1994 vocum
1082 1956 1239 2010 quem
1279 1959 1439 2015 supra
1483 1950 1637 2017 posui
1678 1952 1870 2020 planis-

287 2025 459 2081 simus
486 2041 699 2095 sensus,
730 2038 840 2084 tum
871 2045 936 2085 ex
973 2042 1172 2104 etymo,
1213 2044 1324 2093 tum
1362 2054 1425 2095 ex
1473 2043 1706 2098 omnium
1747 2060 1880 2117 gen-

286 2119 420 2173 tium
453 2135 586 2186 usu;
631 2130 689 2176 ut
734 2123 983 2180 nimirum
1032 2126 1135 2184 hoc
1179 2130 1251 2185 sit
1300 2135 1525 2189 catomis
1571 2137 1733 2205 caedi,
1782 2155 1876 2196 seu

287 2213 583 2277 catomari,
613 2221 706 2270 aut
741 2218 1106 2286 catomidiari,
1148 2223 1288 2291 quod
1335 2223 1575 2283 humeris
1618 2243 1712 2285 seu
1758 2246 1877 2286 sca-

286 2303 425 2372 pulis
450 2303 675 2361 verbera
702 2308 973 2378 excipere.
1005 2310 1107 2378 Qui
1138 2327 1301 2382 porro
1327 2316 1404 2371 sic
1427 2316 1669 2375 caedendi
1700 2335 1870 2390 erant,

286 2409 407 2449 eum
453 2396 692 2466 alligati,
740 2399 904 2455 levati
954 2412 1046 2457 aut
1091 2408 1338 2476 suspensi
1390 2411 1553 2468 fuisse
1601 2414 1872 2485 leguntur,

284 2498 422 2541 cave
452 2485 540 2542 hic
574 2489 801 2559 alicujus
832 2491 1082 2550 humeros
1108 2500 1314 2569 cogites
1342 2502 1408 2556 ad
1434 2518 1569 2573 quos
1602 2505 1679 2560 illi
1706 2508 1877 2562 mani-

284 2574 384 2631 bus
414 2586 505 2633 aut
532 2579 758 2650 pedibus
803 2584 1239 2654 appenderentur
1268 2593 1434 2663 (quod
1465 2596 1779 2665 quibusdam
1819 2601 1873 2655 in

286 2666 417 2724 locis
465 2670 531 2724 ad
581 2686 868 2741 puerorum
917 2680 1321 2750 castigationem
1376 2685 1492 2741 ﬁeri
1537 2688 1729 2759 solet);
1778 2693 1874 2748 sed

284 2759 591 2817 columnam
620 2765 815 2835 cogita,
844 2777 900 2823 ut
930 2769 980 2824 in
1012 2770 1213 2828 Christi
1243 2775 1601 2846 ﬂagellatione
1626 2798 1640 2836 :
1669 2791 1760 2837 aut
1789 2799 1875 2853 pa-

286 2852 511 2907 tibulum
545 2869 639 2909 seu
684 2858 887 2914 trabem
933 2860 1193 2933 ligneam,
1238 2874 1297 2921 ut
1344 2869 1400 2922 in
1440 2871 1729 2930 Antonina:
1760 2852 1874 2930 vir-

288 2943 431 3012 ginis
476 2948 749 3017 martyrio,
801 2965 957 3020 quam
997 2953 1169 3023 (apud
1228 2956 1684 3036 Metaphrastem)
1714 2968 1876 3035 jussit

287 3032 476 3092 Festus
497 3041 739 3110 suspendi
767 3051 815 3097 et
844 3045 1117 3101 verberari.
1150 3047 1375 3121 Cumque
1402 3070 1429 3108 e
1458 3055 1599 3127 ligno
1630 3032 1757 3113 esset
1787 3062 1879 3117 de-

284 3130 472 3199 posita,
502 3142 609 3186 etc.
639 3132 892 3190 Miramur
914 3144 1092 3193 autem
1118 3156 1314 3210 pueros
1344 3147 1638 3217 castigandi
1665 3167 1872 3209 morem

282 3232 421 3287 pene
462 3232 929 3294 momentaneum,
967 3232 1256 3302 paucisque
1305 3235 1359 3290 in
1398 3215 1529 3293 locis
1578 3256 1677 3297 usu
1716 3258 1872 3300 rece-
1902 3215 1951 3279 (ἶ

281 3318 467 3380 ptum,
496 3327 527 3366 a
557 3314 685 3371 viris
710 3318 936 3374 eruditis
967 3320 1021 3375 in
1050 3324 1196 3380 orbis
1237 3324 1465 3383 Romani
1504 3335 1752 3399 praetoria
1790 3338 1871 3392 in-

281 3402 434 3470 duci;
462 3408 546 3462 ubi
574 3422 856 3481 martyres,
888 3421 1237 3483 tyrannorum
1267 3428 1322 3475 et
1348 3422 1661 3481 carniﬁcum
1689 3426 1871 3485 furore

282 3498 465 3554 tandiu
514 3510 732 3572 tamque
773 3507 1025 3562 atrociter
1070 3510 1235 3581 virgis
1280 3528 1343 3570 ac
1396 3514 1575 3587 ﬂagris
1618 3521 1869 3578 concide-

281 3592 507 3665 bantur,
559 3609 616 3654 ut
665 3614 1044 3675 nonnunquam
1089 3606 1252 3676 (licet
1293 3609 1552 3669 adversus
1599 3612 1868 3670 Romanas

280 3686 445 3758 leges)
472 3691 710 3748 animam
740 3708 861 3751 eum
892 3698 1153 3771 sanguine
1186 3700 1240 3758 in
1263 3716 1327 3760 eo
1353 3708 1617 3762 termento
1646 3707 1867 3778 profun-

281 3779 485 3839 derent.

883 3882 1109 3943 CAPUT
1144 3886 1259 3945 XV.

281 3991 361 4047 De
386 4000 758 4084 cqn[cssoribus
794 4003 977 4084 quibus
1024 4004 1279 4084 Hunerici
1322 4012 1471 4084 iussu
1516 4023 1639 4065 cunt
1677 4014 1867 4084 lingua:

348 4068 593 4153 radicitus
619 4068 1057 4146 excisce'fuissent,
1081 4068 1666 4150 expedite'niltilominus
1695 4068 1867 4153 loque-

350 4138 557 4195 bantur.

351 4251 533 4310 V’ictor
562 4256 701 4312 libro
746 4274 795 4313 tv
824 4276 838 4315 :
871 4260 987 4317 Rex
1025 4262 1345 4334 llunericus,
1382 4268 1586 4340 inquit,
1616 4269 1865 4325 Comitem

278 4345 544 4412 quemdam
572 4364 690 4401 cum
714 4350 983 4407 iracundia
1011 4353 1270 4426 dirigens,
1301 4362 1541 4431 prwcepit
1583 4370 1638 4415 ut
1678 4363 1732 4415 in
1764 4378 1869 4416 nte-

276 4434 363 4489 dio
403 4439 534 4506 foro,
567 4451 876 4513 congregata
914 4443 1040 4499 illuc
1070 4448 1208 4502 omni
1252 4453 1531 4518 provincia,
1566 4452 1766 4523 linguas
1796 4455 1866 4508 eis

272 4535 322 4580 et
377 4546 554 4585 manus
606 4534 816 4589 dextras
862 4538 1111 4594 radicitus
1163 4540 1481 4598 abscidisset.
1546 4546 1698 4612 Quod
1749 4563 1865 4600 cum

274 4616 475 4687 factum
500 4622 697 4694 fuisset,
723 4624 931 4696 Spiritu
954 4639 1129 4686 sancto
1153 4642 1447 4705 prtestante,
1473 4638 1547 4691 ita
1567 4638 1725 4693 locuti
1749 4652 1869 4694 sunt

274 4720 328 4764 et
360 4710 649 4786 loquuntur,
680 4722 933 4785 quomodo
962 4731 1113 4779 antea
1143 4727 1499 4798 loquebantur.
1535 4732 1642 4787 Sed
1669 4734 1715 4787 si
1755 4735 1869 4803 quis

272 4804 564 4862 incredulus
602 4824 711 4865 esse
745 4814 992 4883 voluerit,
1042 4835 1220 4890 pergat
1266 4839 1400 4878 nunc
1431 4821 1867 4899 ConstantinOpo-

271 4896 387 4965 lim,
417 4908 466 4952 et
502 4900 567 4954 ibi
596 4902 813 4974 reperiet
852 4923 1010 4961 unum
1038 4910 1102 4965 de
1138 4911 1265 4980 illis,
1296 4915 1665 4972 subdiaconem
1697 4896 1870 4990 Repa-

270 4999 469 5057 ratum,
496 5009 751 5051 sermones
775 5000 960 5069 politos
981 5003 1091 5058 sine
1116 5004 1224 5059 ulla
1244 5007 1525 5073 olfensione
1550 5012 1868 5082 loquentem;

270 5082 332 5136 ob
362 5100 521 5153 quam
548 5103 758 5144 causam
780 5094 1084 5151 venerabilis
1114 5098 1330 5154 nimium
1355 5102 1408 5156 in
1427 5103 1625 5174 palatio
1647 5104 1871 5162 Zenonis

267 5176 593 5248 imperatoris
623 5184 864 5253 habetur,
887 5195 933 5242 et
958 5192 1215 5263 pracipue
1243 5196 1424 5269 regina
1442 5198 1577 5251 mira
1604 5214 1719 5254 eum
1740 5217 1874 5256 reve-

266 5272 441 5325 rentia
466 5288 752 5332 veneratur.
782 5279 891 5335 Hos
913 5282 1253 5347 confessores
1277 5288 1441 5345 fuisse
1467 5306 1698 5349 numero
1720 5309 1871 5351 sexa-

264 5359 415 5429 ginta
454 5362 628 5423 Graeci
663 5366 907 5427 referunt
929 5373 982 5428 in
1012 5390 1111 5431 suo
1139 5377 1443 5450 Menologio
1464 5392 1522 5437 et
1548 5382 1604 5439 in
1631 5385 1869 5442 Menaeis.

261 5460 382 5517 Non
411 5462 577 5523 fuisse
615 5477 799 5525 autem
829 5486 1017 5531 omnes
1053 5476 1337 5547 episcopos
1368 5468 1607 5538 ostendit
1635 5482 1821 5538 Victor
1846 5525 1867 5552 ,

207 5557 211 5565 '
262 5550 597 5625 charatum
641 5561 1033 5620 subdiaconum
1079 5568 1130 5621 in
1162 5584 1350 5624 eorum
1389 5572 1529 5628 serie
1574 5586 1867 5644 reponens.

260 5644 475 5701 Encas
517 5650 741 5707 Gaurus
771 5654 827 5708 in
862 5656 1241 5728 Theophrasto
1263 5702 1278 5728 ,
1313 5663 1471 5722 tertia
1503 5675 1631 5734 post
1659 5667 1870 5737 suppli-

258 5738 408 5791 cium
434 5737 523 5792 die
554 5742 603 5795 id
632 5741 740 5798 illis
768 5744 1014 5804 beneﬁcii
1044 5749 1300 5807 divinitus
1325 5754 1589 5813 collatum
1619 5757 1731 5824 ait,
1762 5773 1870 5812 non

259 5843 313 5885 ut
350 5830 566 5899 linguas
594 5836 922 5907 reciperent,
946 5840 1040 5895 sed
1060 5850 1120 5896 ut
1145 5843 1345 5916 absque
1370 5846 1601 5929 linguis‘
1620 5850 1875 5909 articula-

634 5932 906 6010 Paraon.
953 5938 1175 6003 Li’lll.

1992 572 2104 643 Ego
2133 590 2274 641 vero,
2309 576 2509 648 inquit,
2569 587 2810 653 putabam
2833 591 2949 658 ﬁeri
2984 612 3085 649 non
3113 572 3352 668 posse-ut
3383 572 3568 666 tibicen

1989 682 2165 723 carens
2191 670 2324 726 tibiis
2366 677 2490 728 artis
2533 693 2639 732 sua:
2669 683 2919 750 specimen
2950 688 3117 744 ullum
3144 696 3322 762 daret;
3350 699 3569 774 itemque

1988 757 2294 817 citharoedus
2356 765 2624 822 destitutus
2690 773 2888 828 cit/rara
2950 782 3194 837 musicam
3246 797 3408 843 artem
3455 757 3568 847 eam

1986 864 2255 909 exerceret.
2290 858 2353 911 Αἰ
2383 874 2568 915 novum
2586 862 2684 916 hoc
2708 872 3051 933 spectaculum
3082 878 3215 948 cogit
3260 896 3338 934 me
3368 897 3570 941 senten—

1987 946 2108 998 tiam
2140 949 2282 1002 illam
2312 962 2541 1019 mutare,
2573 966 2679 1011 etc.
2712 957 2832 1030 Ipse
2862 979 2954 1032 ego
2985 981 3071 1020 vos
3092 946 3225 1025 viros
3253 975 3387 1041 vidi,
3418 990 3465 1031 ct
3491 982 3567 1035 lo-

1984 1048 2189 1106 quentes
2212 1043 2412 1109 audivi;
2433 1056 2481 1099 et
2503 1062 2671 1102 vocem
2689 1052 2816 1106 adeo
2830 1058 3153 1113 articulatam
3173 1080 3279 1119 esse
3298 1084 3443 1137 posse
3468 1074 3539 1127 mi
3545 1105 3569 1114 -

1985 1138 2126 1184 ratus
2152 1148 2284 1186 sum.
2318 1132 2724 1197 Instrumentum
2764 1148 2899 1199 vocis
2925 1148 3260 1223 inquirebam,
3289 1167 3334 1211 ct
3358 1164 3571 1219 auribus

1986 1234 2087 1273 non
2110 1225 2338 1292 credens,
2368 1228 2529 1282 oculis
2560 1232 2832 1300 iudicandi
2858 1255 3045 1295 munus
3073 1247 3273 1314 remisi;
3302 1262 3452 1323 atque
3483 1274 3571 1312 ore

1986 1326 2194 1381 aperto,
2228 1317 2457 1389 linguam
2496 1334 2652 1380 totam
2680 1330 2931 1393 radicitus
2960 1336 3159 1392 vulsam
3188 1344 3310 1397 vidi.
3338 1317 3570 1408 Eosdem

1987 1418 2018 1457 a
2037 1419 2095 1459 se
2122 1408 2267 1512 viso:
2290 1411 2528 1481 Byzantii
2554 1457 2570 1482 ,
2604 1428 2763 1489 atque
2783 1424 2994 1483 auditos
3023 1437 3252 1489 testatur
3279 1436 3571 1512 Procopius
3604 1504 3605 1507 η

1986 1493 2079 1549 lib.
2099 1512 2115 1550 ι
2138 1497 2226 1597 di:
2226 1490 2372 1557 Bello
2392 1502 2703 1564 Vandalico.
2729 1512 3070 1576 Marcellinus
3087 1538 3297 1597 quoque

1986 1591 2107 1646 nico
2139 1636 2153 1661 ,
2183 1580 2521 1692 :flteodorico
2569 1612 2625 1659 et
2657 1605 2920 1666 Venantio
2964 1629 3106 1671 coss.
3146 1618 3273 1692 (hoc
3319 1632 3402 1681 est
3429 1641 3572 1685 anno

1984 1697 2109 1738 terte
2136 1672 2452 1746 Christiana:
2482 1692 2608 1766 486)
2641 1714 2654 1749 :
2687 1697 2938 1771 Denique,
2970 1706 3076 1775 ait,
3105 1672 3169 1763 ed:
3188 1672 3291 1767 illoc

1984 1777 2311 1834 contubernio
2339 1782 2630 1853 aliquantos
2675 1806 2767 1859 ego
2808 1795 3215 1868 religiosissimos
3238 1806 3372 1863 viros
3391 1848 3408 1881 ,
3438 1828 3572 1881 pra:-

1988 1866 2105 1921 cisis
2127 1867 2345 1939 linguis,
2387 1877 2621 1932 manibus
2648 1866 2925 1953 truncatis,
2959 1892 3101 1958 apud
3120 1866 3426 1963 Byzantium
3438 1866 3573 1959 'inte‘

1983 1977 2078 2030 gra
2097 1978 2217 2016 voce
2243 1971 2480 2037 conspexi
2494 1969 2773 2041 loquentes.
2787 1976 3118 2041 Justinianus
3143 1986 3158 2040 i
3164 2004 3259 2056 pse
3281 1991 3571 2064 imperator

1984 2056 2039 2112 in
2079 2060 2463 2119 constitutione
2506 2067 2573 2121 de
2603 2070 2779 2127 ollieio
2810 2076 3047 2142 przefeeti
3088 2056 3571 2149 praetorio-Africa:

1982 2148 2103 2215 (lib.
2126 2165 2142 2204 ι
2165 2151 2322 2219 C0d.,
2346 2154 2426 2209 tit.
2451 2156 2576 2226 27):
2603 2158 2854 2231 Vidimus,
2884 2148 3397 2237 inquit,venerabiles
3412 2183 3567 2250 viros,

1979 2240 2071 2310 qui
2098 2242 2333 2297 abscissis
2367 2247 2615 2303 radicitus
2637 2250 2827 2323 linguis
2858 2273 3033 2324 ptenas
3069 2278 3190 2317 suas
3215 2240 3571 2327 miserabiliter

1979 2330 2339 2401 loquebantur.
2365 2336 2422 2393 S.
2449 2338 2743 2409 Gregorius
2765 2344 2987 2416 Magnus
3009 2351 3101 2407 lib.
3124 2370 3180 2409 HI
3202 2356 3565 2434 Dialogorum,

1979 2436 2099 2493 cap.
2132 2425 2221 2491 '52,
2256 2426 2377 2484 illos
2408 2443 2473 2484 ex
2497 2432 2673 2487 Africa
2702 2436 2977 2509 profugos,
3002 2443 3070 2496 ad
3102 2425 3569 2522 ConstantinOpoli;

1985 2521 2160 2569 tanam
2179 2518 2353 2573 urbem
2377 2521 2588 2578 venisse
2610 2528 2821 2593 asserit,
2852 2538 2907 2584 et
2924 2531 2993 2586 de
3012 2534 3275 2593 miraculo
3296 2518 3569 2613 accepisse

1979 2607 2050 2663 ab
2079 2611 2303 2667 oculatis
2333 2613 2464 2683 ipsis
2496 2617 2721 2672 testibus
2752 2634 2874 2675 cum
2905 2622 2957 2676 in
2998 2639 3117 2680 eam
3148 2607 3444 2689 Orientalis
3463 2634 3569 2690 im—

1979 2702 2117 2771 perii
2158 2706 2497 2775 metropolim
2540 2710 2737 2764 missus
2786 2721 2932 2768 esset
2964 2718 3346 2785 apocrisiarius
3370 2763 3383 2787 ,
3429 2728 3570 2795 quod

1979 2793 2047 2848 ad
2075 2809 2271 2853 annum
2300 2796 2406 2852 583
2435 2798 2600 2854 refert
2626 2800 2887 2858 Baronius
2911 2820 3136 2863 numero
3156 2808 3244 2864 12.
3264 2793 3569 2871 VictorvTu~

1981 2894 2241 2947 nunensis
2279 2891 2333 2947 in
2374 2893 2674 2962 Chronico,
2708 2897 2929 2955 Zenone
2952 2901 3089 2972 Aug.
3120 2906 3342 2962 consule
3371 2907 3569 2976 (alieno

1980 2982 2109 3036 licet
2129 2983 2265 3054 loco)
2297 3001 2310 3037 :
2349 2984 2487 3052 Quos
2509 2989 2844 3058 confessores,
2885 2994 3079 3061 inquit,
3109 2999 3248 3065 quod
3274 2998 3462 3070 linguis
3482 3002 3570 3055 ab-

1980 3073 2152 3127 scissis
2178 3079 2399 3145 perfecte
2440 3078 2508 3131 ad
2538 3079 2690 3147 ﬁnem
2720 3096 2877 3150 usque
2897 3083 3055 3137 locuti
3099 3096 3243 3153 sunt,
3277 3090 3394 3144 urbs
3428 3094 3572 3161 regia

1981 3173 2251 3221 attestatur
2273 3210 2289 3235 ,
2320 3168 2405 3221 ubi
2441 3185 2615 3223 eorum
2661 3187 2877 3243 corpora
2896 3176 3091 3243 jacent.
3126 3177 3259 3232 Tum
3296 3180 3363 3235 ad
3406 3180 3568 3238 linem

1981 3254 2260 3325 Chronici,
2291 3274 2431 3315 anno
2460 3260 2530 3315 40
2558 3263 2765 3332 imperii
2789 3264 3113 3323 Justiniani:
3146 3267 3447 3327 Theodorus
3477 3273 3571 3330 Ce-

1978 3352 2331 3408 barsttsitanu‘s
2378 3355 2641 3425 episcopus
2668 3397 2683 3422 ,
2723 3359 2963 3428 defensor
2997 3363 3151 3415 trittm
3189 3364 3566 3437 capitulorum,

1978 3443 2160 3501 exsilio
2172 3446 2239 3500 ad
2250 3449 2423 3501 urbem
2436 3448 2648 3519 regiam,
2664 3465 2724 3503 eo
2744 3467 2914 3505 mense
2934 3461 2981 3506 et
3001 3454 3083 3508 die
3103 3471 3205 3524 quo
3234 3454 3566 3514 Justinianus
3632 3530 3639 3531 ί

1977 3539 2231 3604 moritur;
2262 3549 2307 3593 et
2325 3543 2483 3611 juxta
2504 3542 2818 3611 confessores
2845 3544 3025 3603 quibus
3051 3545 3331 3616 Ugnericus
3358 3550 3568 3606 Vanda-

1977 3630 2147 3684 lorum
2177 3646 2268 3685 rea:
2307 3633 2510 3704 linguas
2555 3634 3150 3709 absciderat,sepelitur.
3174 3639 3328 3707 Quod
3354 3658 3481 3715 ergo
3508 3644 3567 3703 in

1974 3720 2193 3778 Menaeis
2230 3732 2281 3778 et
2310 3724 2363 3779 in
2404 3724 2705 3797 Menologio
2735 3728 2790 3782 hi
2822 3729 3072 3799 leguntur
3097 3772 3112 3798 ,
3142 3748 3238 3803 per
3262 3748 3452 3793 omnes
3486 3737 3569 3794 di-
3590 3742 3604 3756 ‘

1974 3814 2142 3872 tionis
2187 3816 2445 3872 Romanae
2483 3832 2605 3873 oras
2651 3819 2817 3876 fuisse
2862 3821 3125 3891 dispersi,
3158 3824 3244 3880 vel
3276 3828 3459 3897 accipe
3499 3828 3569 3885 de

1975 3910 2228 3976 transitu,
2251 3926 2373 3966 cum
2404 3924 2586 3968 essent
2616 3914 2668 3968 in
2698 3914 2893 3970 itinere
2920 3930 3016 3971 seu
3034 3919 3301 3983 terrestri,
3321 3934 3417 3975 seu
3446 3936 3565 3977 ma-

1973 4000 2159 4057 ritimo
2188 4002 2496 4072 priusquam
2532 4002 3049 4075 Constantinopolim
3079 4011 3446 4078 pervenirent;
3479 4014 3566 4069 vel

1973 4091 2209 4150 fortasse
2234 4092 2300 4148 d'e
2317 4108 2503 4148 corum
2526 4095 2797 4152 nonnullis
2824 4099 2914 4166 qui
2944 4097 3261 4155 miraculum
3282 4115 3439 4157 suum
3460 4104 3564 4159 eir-

1977 4185 2343 4245 cumtulerint.
2383 4184 2516 4240 Nam
2561 4201 2628 4242 ex
2664 4187 2730 4243 iis
2776 4187 3061 4259 plerosque
3100 4190 3566 4266 Constantinopoli

1976 4277 2189 4352 dcgisse
2214 4318 2229 4346 ,
2261 4279 2540 4350 vitamque
2570 4279 2768 4337 ibidem
2820 4283 3062 4354 exegisse
3081 4326 3096 4353 ,
3125 4300 3235 4343 non
3258 4286 3442 4344 sinunt
3461 4288 3564 4345 du-

1974 4369 2149 4429 bitare
2176 4378 2425 4427 auctores
2453 4371 2621 4427 citati.

2048 4460 2135 4516 Ex
2189 4462 2272 4517 his
2319 4464 2597 4535 sexaginta
2652 4464 3051 4523 confessoribus
3094 4466 3265 4526 fuisse
3312 4470 3567 4543 Vigilium

1978 4552 2310 4622 Tapsensem
2357 4569 2457 4612 seu
2497 4555 2842 4625 Tapsitanum
2894 4558 3204 4631 episcopum
3253 4562 3566 4633 conjectura

1978 4654 2093 4713 est,
2120 4646 2263 4717 quod
2294 4657 2348 4703 et
2394 4659 2723 4704 memoretur
2752 4650 2940 4705 ultimo
2966 4652 3086 4707 loco
3116 4653 3259 4710 inter
3281 4656 3566 4727 episcopos

1978 4741 2273 4815 provinciae
2310 4743 2633 4814 Byzacente,
2659 4744 2747 4813 qui
2778 4742 3155 4814 Carthaginem
3190 4747 3258 4802 ab
3298 4746 3565 4806 liunerico

1980 4834 2187 4891 evocati
2210 4844 2576 4890 convenerunt
2596 4851 2610 4901 ;
2635 4846 2690 4891 et
2709 4836 3485 4911 scripseritConstantinopoli,
3504 4852 3567 4897 ut

1982 4945 2015 4985 a
2034 4929 2191 4985 nobis
2230 4929 2513 4999 probatum
2542 4939 2656 4996 est;
2693 4938 2872 4999 totque
2893 4939 2950 4989 et
2976 4932 3111 4987 tales
3142 4932 3306 4988 libros
3328 4935 3565 5005 scripse-

1979 5023 2075 5093 rit,
2099 5037 2194 5079 seu
2213 5021 2512 5090 dictaverit,
2535 5030 2731 5093 quotet
2747 5023 2931 5093 quales
2952 5039 3110 5080 nemo
3126 5024 3292 5095 (quod
3305 5027 3561 5098 sciamus)

1981 5129 2048 5170 ex
2079 5114 2226 5169 omni
2254 5114 2369 5185 ejus
2398 5113 2726 5184 collegarum
2758 5130 3004 5171 numero.
3054 5115 3210 5172 Unde
3248 5120 3445 5189 oppido
3472 5136 3566 5177 ve.

1981 5206 2208 5261 risimile
2232 5214 2313 5262 est
2341 5205 2507 5262 fuisse
2534 5206 2684 5262 illum
2709 5210 2764 5262 ἐκ
2782 5215 2882 5264 τῶν
2907 5210 3228 5282 λογιωτάτων
3258 5211 3341 5282 (ut
3368 5211 3568 5269 habent

1979 5295 2207 5368 Menaea)
2237 5297 2328 5367 qui
2356 5297 2420 5352 ad
2449 5297 2502 5352 id
2525 5298 2777 5372 supplicii
2799 5306 2927 5354 sunt
2950 5299 3175 5371 delecti,
3200 5312 3259 5358 ut
3280 5302 3478 5375 linguis
3505 5318 3570 5358 ac

1981 5388 2190 5445 dextris
2211 5389 2588 5455 multarentur,
2620 5405 2689 5446 ne
2708 5390 2882 5447 verbo
2902 5391 3171 5461 scriptove
3198 5393 3449 5451 haeresim
3472 5411 3570 5464 op-

1980 5493 2302 5555 pugnarent.
2338 5482 2533 5539 Verum
2561 5483 2696 5551 haec,
2729 5493 2785 5539 ut
2809 5485 2941 5552 dixi,
2970 5486 3276 5556 conjectura
3307 5498 3411 5554 est,
3443 5503 3567 5542 cum

1984 5579 2041 5632 in
2070 5586 2218 5632 tanto
2253 5579 2573 5647 scriptorum
2597 5578 2811 5634 silentio
2849 5581 2938 5649 qui
2987 5581 3203 5637 nomina
3234 5580 3567 5650 singulorum

1985 5685 2091 5724 non
2138 5678 2560 5740 expresserunt,
2616 5684 2774 5739 supra
2832 5673 3195 5740 conjecturam
3242 5671 3375 5726 nihil
3433 5672 3567 5730 mihi

1985 5760 2256 5832 aliulgeat.

1927 5922 1943 5933 .
2058 5855 2136 5915 Ex
2163 5857 2245 5914 his
2275 5857 2549 5930 sexaginta
2573 5856 2969 5915 confessoribus
2992 5855 3239 5910 transiuit
3266 5856 3347 5929 (ut
3368 5859 3572 5923 habent

3128 5946 3173 6013 ὅ
