4080 6350
452 693 487 729 ’Π

511 412 621 470 139

1838 402 2082 461 VlCTOR
2124 400 2447 459 VITENSIS.

3682 399 3786 455 ΠΟ

516 550 639 590 cum
672 534 966 603 Menologio
1008 532 1186 587 Menea
1209 575 1222 598 ,
1253 537 1305 584 et
1353 529 1639 598 Gregorius
1681 526 1899 597 Magnus
1931 526 2093 580 citato
2120 520 2173 586 Ᾱ
2200 523 2401 577 ritaniie
2438 521 2655 576 civitatis
2696 521 2957 591 episcopus
2996 520 3201 592 scripsit
3250 520 3519 574 adversum
3566 516 3789 572 Arianos

517 626 661 695 loco)
697 626 785 695 qui
818 624 1095 694 prolapsus
1128 622 1178 675 in
1202 622 1377 677 carnis
1405 622 1681 692 llagitium,
1712 618 1945 675 divinam
1978 634 2003 671 a
2037 632 2095 673 se

458 711 485 769 δέ
517 719 740 785 gratiam
764 716 976 785 renum.
992 722 1048 768 ιιι
1073 729 1178 768 που
1202 724 1381 783 90558l
1402 714 1594 769 “inde
1613 714 1900 783 quidquam
1926 711 2092 781 loqui'

518 812 596 867 De
636 810 839 865 duobus
880 808 1109 878 idipsum
1154 816 1335 863 narrat
1376 807 1701 876 Proc0pius,
1732 805 1867 860 haud
1894 806 2098 875 absque

518 904 717 958 erroris
752 909 845 955 aut
878 899 1145 955 mendacii
1192 900 1514 967 suSpicioue.
1557 898 1823 952 Caeterum
1854 895 1941 953 vel
1972 891 2097 951 hinc

520 992 784 1046 :cstimare
815 991 939 1046 licet
977 1006 1138 1061 quam
1168 991 1330 1045 ardua
1359 992 1429 1044 sit
1448 990 1615 1046 virtus
1640 990 1895 1055 castitas;
1926 996 1980 1042 et
2006 987 2097 1041 illa

518 1084 794 1153 tiypriani,
819 1084 934 1137 sive
957 1083 1203 1151 Origenis
1232 1084 1391 1137 verba
1421 1082 1677 1151 replicare
1707 1079 1842 1134 libro
1877 1079 1943 1134 de
1970 1079 2093 1134 Siu-

517 1175 799 1241 gul-:ritate
819 1174 1162 1241 clericorum,
1184 1174 1321 1228 haud
1348 1174 1502 1244 longe
1533 1173 1600 1227 ab
1628 1172 1776 1228 initio
1802 1191 1813 1224 :
1843 1170 1983 1225 Mors
2010 1188 2099 1242 per

519 1272 763 1337 feminam
789 1270 954 1323 adhuc
985 1285 1139 1339 usque
1162 1282 1446 1339 grassatur.
1483 1268 1703 1323 Mentior
1722 1310 1738 1335 ,
1772 1269 1816 1322 si
1837 1284 1937 1321 non
1963 1268 2101 1321 vide-

518 1375 631 1412 mus
662 1361 843 1413 exinde
856 1363 1091 1415 interitus
1110 1360 1467 1429 plurimorum.
1492 1354 1686 1426 Quanti
1716 1372 1759 1417 et
1783 1363 1958 1431 quales
1986 1363 2098 1432 epi-

520 1451 686 1517 scopi,
717 1461 761 1503 et
786 1452 957 1505 clerici
978 1452 1128 1505 simul
1150 1460 1198 1505 et
1226 1453 1363 1510 laici.
1394 1460 1504 1521 post
1534 1454 1914 1523 confessionum
1941 1454 2102 1507 victo-

520 1543 811 1610 riarumque
861 1541 1057 1595 calcata
1086 1543 1359 1596 certamina
1385 1584 1398 1607 ,
1434 1552 1545 1610 post
1589 1542 1843 1612 magnalia
1882 1551 1927 1595 et
1956 1543 2102 1612 signa

520 1634 601 1686 vel
626 1634 880 1687 mirabitia
920 1650 1273 1703 usquequaque
1309 1642 1622 1699 monstrata,
1669 1643 1948 1687 noscuntur
1988 1649 2101 1686 cum

522 1723 604 1778 liis
650 1726 880 1778 omnibus
927 1726 1288 1795 naufragasse,
1338 1742 1454 1780 cum
1481 1725 1657 1779 volunt
1694 1725 1746 1778 in
1784 1725 1901 1778 navi
1932 1724 2103 1795 fragili

524 1818 767 1887 navigare
782 1820 799 1870 .'
833 1819 1063 1882 Quantos
1108 1820 1275 1873 leones
1307 1818 1501 1872 domuit
1534 1834 1639 1872 una
1665 1816 2105 1884 ntuliebris'inﬁr-

2199 616 2381 671 librum
2411 629 2569 668 unum
2602 622 2648 667 et
2691 614 2897 683 longum
2917 654 2932 679 ,
2961 629 3109 683 quem
3134 610 3404 666 Genserico
3426 610 3535 681 regi
3570 608 3787 663 Vanda-

2200 708 2367 761 lorum
2414 723 2503 777 per
2550 724 2667 762 suos
2700 707 3013 761 audiendum
3063 705 3265 773 obtulit,
3288 705 3419 759 sicut
3450 720 3513 757 ex
3539 703 3788 772 prooemio

2198 800 2312 853 tum
2344 800 2503 870 ipsius
2546 799 2720 853 didici.
2774 786 2992 867 Scripsit
3040 808 3085 851 et
3134 798 3195 851 de
3241 798 3535 865 paenitentia
3581 796 3791 865 publica

2199 893 2407 958 librum,
2449 895 2501 947 in
2544 910 2643 963 quo
2669 901 2717 946 et
2757 894 2986 963 regulam
3013 893 3211 947 vivendi
3251 892 3603 962 paenitentibus
3642 893 3792 955 iuxta

2202 986 2590 1057 Scripturarum
2637 986 2992 1040 auctoritatem
3040 987 3218 1039 statuit
3266 1000 3284 1038 :
3329 992 3376 1037 et
3421 986 3489 1037 ad
3535 982 3790 1037 Basiliam

2200 1082 2466 1147 quemdam
2489 1094 2641 1148 super
2665 1089 2873 1131 mortem
2899 1079 2993 1145 ﬁlii
3008 1078 3403 1131 consolatoriam
3421 1074 3679 1142 libellum,
3700 1090 3792 1143 spe

2202 1172 2582 1227 resurrectionis
2604 1171 2828 1242 perfecta
2862 1171 3195 1224 instructione
3224 1170 3496 1223 munitum.
3530 1167 3793 1223 Homilies

2202 1264 2354 1319 etiam
2374 1266 2655 1336 composuit
2672 1264 2880 1331 multas,
2911 1280 3081 1335 quasa
3103 1263 3345 1332 fratribus
3362 1262 3544 1316 salutis
3569 1263 3794 1331 propria

2202 1358 2455 1425 sollicitis,
2469 1360 2522 1411 in
2543 1358 2685 1411 libris
2707 1358 2926 1427 digestas
2948 1357 3137 1410 servari
3166 1357 3395 1427 cognovi.
3428 1356 3551 1410 limo
3576 1355 3795 1411 Genna-

2204 1449 2341 1505 dius.
2371 1447 2522 1519 Quod
2539 1465 2666 1503 vero
2681 1449 2868 1503 Petrus
2882 1448 3161 1517 Equilinus
3182 1447 3247 1503 ad
3264 1464 3338 1501 xu
3357 1447 3612 1504 calendas
3632 1447 3795 1502 Maias

2205 1542 2321 1612 ejus
2333 1541 2537 1597 obitum
2557 1541 2854 1608 adnotavit,
2880 1541 3056 1595 hausit
3086 1540 3313 1596 fortasse
3337 1556 3405 1596 ex
3429 1540 3627 1597 tabulis
3640 1539 3797 1595 Cala-

2205 1636 2413 1706 ritanis,
2432 1652 2548 1707 quae
2566 1650 2628 1690 ea
2656 1635 2767 1704 ipsa
2791 1635 2876 1688 die
2894 1634 3165 1689 Victorem
3183 1633 3467 1703 quemdam
3491 1642 3798 1691 memorant

2208 1726 2282 1781 ibi
2311 1727 2631 1796 depositum.
2680 1728 2759 1781 Ex
2786 1726 2887 1782 hoc
2922 1725 3069 1781 fonte
3091 1725 3304 1781 turbido
3329 1724 3521 1796 (Petri,
3548 1726 3795 1795 inquam,

2207 1818 2437 1890 Equilini
2472 1817 2800 1889 testimonio)
2835 1818 3113 1886 multiplex
3143 1817 3197 1871 in
3239 1818 3571 1873 recentiores
3609 1832 3799 1872 mana-

523 1912 675 1965 mitas
704 1911 959 1978 delicata;
998 1927 1112 1983 quas
1140 1928 1258 1966 cum
1278 1914 1341 1967 sit
1362 1913 1475 1966 vilis
1511 1923 1555 1966 et
1586 1912 1789 1978 misera,
1815 1912 1877 1965 de
1904 1911 2102 1982 magnis
2132 1908 2181 1972 B
2207 1911 2284 1967 vit
2309 1911 2639 1966 allucinatio.
2676 1909 2886 1967 Etenim
2920 1908 3242 1964 Maurolicus
3271 1907 3440 1964 abbas
3469 1908 3684 1965 Siculus
3714 1924 3800 1964 ea-

525 2003 672 2072 efﬁcit
696 2002 925 2074 prcedam
939 2005 959 2056 ,ν

1110 2095 1337 2151 CAPUT
1360 2095 1515 2153 ,XVI.

636 2185 811 2240 Victor
834 2187 1095 2255 episcopus
1124 2185 1344 2240 Vitensis
1374 2203 1441 2239 an
1468 2197 1673 2239 sanctus
1715 2186 2017 2239 vindicatus.

599 2276 788 2331 Restat
816 2278 1042 2345 quiestio
1074 2277 1213 2331 haud
1263 2278 1398 2331 levis
1428 2279 1717 2346 momenti,
1770 2278 1839 2334 de
1884 2277 2115 2333 Victoris

528 2372 699 2426 nostri
723 2370 1035 2439 apotheosi;
1068 2370 1136 2425 de
1161 2386 1264 2439 qua
1295 2370 1397 2426 hoc
1426 2379 1629 2425 tantum
1664 2370 1784 2428 dico
1813 2413 1827 2438 ,
1853 2372 1999 2427 nullo
2028 2387 2115 2426 me

527 2471 615 2517 sat
650 2461 802 2516 ﬁrmo
843 2462 1174 2531 antiquitatis
1204 2462 1510 2517 testimonio
1540 2463 1732 2518 fulcire
1760 2464 1904 2518 illam
1935 2478 2113 2534 posse.

528 2551 657 2610 Scio
682 2554 732 2606 in
762 2551 993 2621 antiquis
1020 2553 1225 2621 aliquot
1253 2552 1528 2607 codicibus
1558 2554 1721 2607 tribui
1753 2567 1886 2623 opus
1911 2555 1978 2609 de
2006 2570 2119 2623 per-

528 2644 806 2698 secutione
846 2643 1096 2697 Africana
1142 2652 1327 2709 sancto
1358 2644 1555 2699 Victori
1592 2646 1879 2714 episcopo;
1906 2644 2000 2700 sed
2032 2645 2117 2700 hic

528 2736 721 2791 titulus
744 2753 771 2788 a
795 2736 1139 2803 librariisest,
1170 2750 1333 2803 penes
1361 2750 1493 2806 quos
1522 2736 1663 2789 nulla
1688 2745 1770 2791 est
1800 2736 2111 2805 auctoritas,

528 2838 840 2883 Sanctorum
879 2828 1071 2881 canoni
1112 2842 1430 2897 quemquam
1462 2827 1807 2883 inscribeudi.
1847 2828 1962 2883 Mea
1999 2829 2117 2899 qui-

530 2918 655 2974 dem
702 2922 1006 2989 conjectura
1049 2928 1165 2982 est,
1196 2919 1340 2973 illum
1371 2919 1535 2974 vitam
1565 2929 1748 2991 sancte
1794 2920 2036 2990 exegisse
2063 2920 2115 2974 in

529 3011 800 3074 Sardinia,
826 3027 947 3065 cum
969 3019 1113 3066 esset
1134 3011 1333 3080 primas
1362 3012 1705 3082 Byzacenus;
1733 3020 1894 3081 atque
1918 3011 2115 3067 ibidem

529 3103 799 3174 sepultum
821 3118 940 3159 esse
962 3105 1099 3159 inter
1120 3112 1201 3159 tot
1222 3104 1353 3159 alios
1386 3104 1602 3168 heroes,
1627 3105 1708 3160 vel
1740 3105 2004 3171 advenas,
2032 3107 2117 3161 vel

528 3195 827 3265 indigenas,
881 3195 946 3249 de
977 3195 1169 3263 quibus
1206 3197 1373 3248 multa
1404 3196 1622 3265 collegit
1665 3196 1901 3251 Jacohus
1931 3196 2118 3252 Pintus

2216 2001 2338 2058 dem
2369 2002 2455 2057 die
2485 2002 2684 2071 Aprilis
2710 2001 2963 2071 vigesima
2986 2000 3064 2055 sic
3086 1999 3248 2056 habet
3272 2000 3324 2055 in
3353 2014 3452 2055 suo
3481 1998 3801 2071 martyrolo-

2214 2098 2301 2169 gio
2333 2115 2345 2152 :
2371 2095 2503 2151 Item
2532 2097 2750 2151 Victoris
2777 2096 3190 2167 Carthaginensis
3218 2097 3464 2166 episcopi,
3488 2097 3585 2150 viri
3606 2097 3802 2152 doctis-

2214 2190 2352 2251 simi,
2382 2200 2604 2260 tempore
2627 2189 2883 2243 Anastasii
2912 2189 3250 2257 imperatoris.
3278 2187 3467 2243 Petrus
3497 2185 3804 2243 Galesinius

2214 2278 2487 2337 Victorem
2517 2280 2657 2336 hunc
2689 2297 2752 2335 ex
2786 2280 3188 2349 Carthaginensi
3226 2279 3531 2336 Uticensem
3563 2280 3667 2335 sibi
3698 2280 3805 2335 lin-

2215 2372 2326 2438 xit;
2356 2373 2431 2426 sic
2457 2372 2597 2427 enim
2634 2372 2699 2426 ait
2721 2372 2785 2426 ad
2809 2371 3054 2439 eamdem
3081 2371 3221 2427 diem
3254 2371 3451 2440 Aprilis
3476 2372 3547 2427 20
3575 2388 3590 2425 :
3645 2372 3807 2427 Utica

2215 2462 2270 2517 in
2300 2463 2496 2533 Africa,
2532 2464 2591 2519 S.
2636 2461 2856 2518 Victoris
2887 2465 3110 2533 episcopi
3139 2475 3185 2519 et
3216 2466 3544 2536 confessoris.
3578 2465 3805 2521 Dubita-

2217 2553 2295 2607 vit
2321 2552 2596 2623 Philippus
2630 2554 2908 2609 Ferrarius
2937 2569 3094 2625 quam
3123 2569 3182 2609 se
3224 2555 3277 2609 in
3306 2565 3511 2624 partem
3535 2563 3805 2622 verteret;

2219 2652 2505 2714 utrumque
2532 2645 2671 2699 enim
2704 2645 2845 2700 hunc
2865 2653 3135 2700 auctorem
3168 2645 3342 2701 citans
3364 2647 3417 2700 in
3446 2646 3693 2716 catalogo
3714 2660 3803 2716 ge»

2220 2734 2388 2789 uer-ali
2429 2746 2736 2791 sanctorum
2769 2738 2855 2808 qui
2898 2753 3004 2792 non
3030 2746 3153 2792 sunt
3195 2738 3248 2791 in
3291 2738 3676 2810 Martyrologio
3702 2738 3809 2793 Ro-

2220 2842 2402 2895 mano,
2435 2827 2702 2883 Victorem
2741 2844 2916 2898 neque
2945 2830 3422 2899 Carthaginensem
3444 2845 3564 2884 cum
3597 2829 3809 2885 Mauro-

2220 2912 2327 2974 lico
2347 2962 2361 2988 ,
2405 2934 2575 2989 neque
2602 2934 2723 2974 cum
2762 2920 3035 2991 Calesinio
3066 2918 3396 2987 Uticensem,
3430 2920 3529 2977 sed
3553 2922 3606 2976 in
3630 2921 3809 2981 Africa

2221 3010 2531 3082 episcopum
2560 3011 2727 3077 dixit;
2757 3013 2968 3080 utrique
2994 3028 3222 3068 concors
3243 3053 3258 3079 ,
3281 3023 3334 3069 et
3366 3013 3610 3070 neutrius
3636 3015 3809 3070 errori

2222 3105 2586 3159 subscribens.
2611 3103 2677 3159 In
2699 3107 2877 3177 Africa
2905 3107 3099 3176 (inquit
3133 3107 3221 3161 die
3246 3106 3316 3162 20
3336 3107 3560 3177 Aprilis)
3584 3109 3649 3164 S.
3690 3108 3798 3163 Via

2224 3196 2348 3250 toris
2395 3198 2640 3269 episcopi.
2672 3196 2743 3252 At
2789 3198 3053 3253 Baronius
3099 3197 3236 3254 hanc
3269 3198 3503 3269 Scyllam
3532 3199 3811 3256 declinare

529 3286 587 3341 in
617 3300 777 3354 opere
803 3285 870 3339 de
892 3286 1105 3340 Christo
1136 3286 1413 3353 crucifixo,
1439 3286 1533 3340 lib.
1564 3303 1646 3352 ιιι,
1678 3289 1760 3341 tit.
1786 3288 1819 3342 4
1839 3328 1854 3351 ,
1875 3288 2003 3343 loco
2028 3290 2113 3343 12.
2145 3277 2189 3337 C
2222 3290 2395 3358 nisus,
2415 3288 2559 3344 haud
2587 3284 2717 3343 satis
2743 3289 2931 3343 vitavit
2955 3288 3314 3361 Charybdim;
3342 3290 3407 3345 ad
3437 3291 3579 3347 diem
3608 3292 3810 3347 mensis

536 3374 735 3430 Verum
777 3391 869 3444 per
910 3376 1057 3429 initia
1104 3378 1277 3430 octavi
1325 3387 1445 3445 post
1484 3378 1757 3432 Christum
1804 3380 2023 3445 saeculi,
2070 3390 2123 3435 et

531 3481 677 3522 anno
716 3468 915 3522 Christi
962 3467 1065 3522 720
1103 3468 1185 3539 (ut
1234 3470 1505 3523 existimat
1546 3470 1778 3540 Pintus),
1820 3471 2119 3527 Sardiniam

531 3558 935 3614 devastantibus
963 3560 1300 3625 Sarracenis,
1332 3559 1404 3613 ita
1438 3562 1631 3616 turbati
1654 3572 1778 3616 sunt
1808 3573 1883 3618 tot
1909 3574 2121 3619 sancto-

527 3664 650 3708 rum
676 3651 897 3717 tumuli,
929 3660 989 3707 ut
1015 3651 1263 3705 maxima:
1291 3652 1504 3706 illorum
1557 3655 1721 3719 partis
1755 3656 1896 3709 nulla
1921 3666 2120 3712 restent

530 3752 676 3798 certa
710 3744 931 3813 vestigia
953 3782 971 3810 ,
1004 3743 1244 3813 adeoque
1295 3758 1397 3799 nec
1436 3746 1667 3801 Victoris
1703 3748 1972 3815 Vitensis;
2021 3767 2122 3807 nec

520 3836 637 3891 'ulla
687 3847 813 3889 sunt
866 3836 1031 3907 (quod
1080 3836 1269 3905 sciam)
1312 3848 1553 3893 veterum
1600 3841 1999 3912 Martyrologia,
2031 3856 2122 3898 aut

529 3926 896 3983 Ecclesiarum
936 3930 1169 3999 antiquae
1211 3932 1405 3986 tabulae
1432 3948 1551 4002 qua:
1577 3933 1645 3988 de
1695 3934 1784 3988 illo
1813 3944 2117 3992 sanctorum

522 4018 680 4076 fastis
707 4026 940 4093 ascripto
978 4022 1135 4079 ﬁdem
1167 4024 1381 4079 faciant.
1417 4025 1608 4081 Petrus
1637 4027 1923 4097 episcopus
1956 4029 2119 4098 Equi-

526 4111 671 4169 linus
703 4114 755 4168 in
786 4116 1030 4184 catalogo
1052 4126 1358 4172 sanctorum
1392 4118 1485 4172 lib.
1515 4135 1599 4183 tv,
1624 4134 1743 4187 cap.
1781 4122 1876 4184 70,
1913 4120 2114 4191 Victor,

524 4204 698 4274 Inquit
724 4246 739 4269 ,
797 4206 1271 4276 Carthaginensium
1335 4209 1598 4277 episcOpus
1664 4213 1840 4279 ﬂoruit
1900 4221 2120 4282 tempore

530 4293 791 4348 Anastasii
842 4295 1160 4362 imperatoris
1209 4313 1227 4349 :
1280 4298 1367 4364 qui
1414 4297 1695 4365 praeclarus
1742 4299 2017 4351 virtutibus
2072 4310 2119 4353 et

528 4383 762 4437 doctrina
783 4385 899 4452 fuit.
925 4384 1177 4437 Adversus
1193 4386 1413 4438 Arianos
1435 4389 1718 4454 composuit
1733 4388 1918 4440 librum
1936 4404 2113 4443 unum.

526 4472 607 4527 De
642 4472 933 4541 paenitentia
980 4475 1164 4527 librum
1203 4491 1397 4541 unum,
1448 4477 1499 4528 in
1527 4492 1630 4545 quo
1668 4478 1868 4532 vivendi
1890 4481 2118 4549 regulam

528 4565 895 4635 pmniteutibus
905 4567 1061 4635 juxta
1085 4564 1469 4635 Scripturarum
1490 4571 1849 4623 auctoritatem
1868 4572 2114 4626 instituit.

2228 3382 2448 3450 Augusti
2492 3379 2561 3435 25
2590 3400 2600 3434 :
2643 3379 2807 3435 Utica:
2834 3381 2887 3434 in
2921 3380 3096 3450 Africa
3120 3421 3135 3446 ,
3168 3382 3369 3450 inquit,
3429 3383 3557 3437 beati
3588 3382 3809 3437 Victoris

2226 3473 2482 3543 episcopi;
2510 3490 2539 3528 a
2577 3489 2684 3543 quo
2713 3483 2768 3529 et
2802 3475 3160 3543 conscriptam
3192 3475 3479 3531 Historiam
3504 3476 3811 3533 Vandalicas

2225 3563 2280 3619 in
2337 3565 2514 3618 Africa
2569 3566 2961 3635 persecutionis
3015 3566 3246 3620 afﬁrmat
3284 3566 3335 3620 in
3387 3568 3556 3633 notis;
3595 3567 3663 3621 de
3701 3582 3811 3639 quo

2226 3665 2403 3712 tamen
2438 3656 2654 3713 Victore
2686 3659 2883 3712 mirum
2921 3668 3005 3713 est
3047 3673 3148 3714 nec
3187 3658 3409 3714 verbum
3449 3659 3565 3715 ﬁeri
3596 3661 3808 3731 uspiam

2226 3751 2367 3821 apud
2399 3750 2593 3807 Bedam
2621 3796 2635 3820 ,
2667 3750 2973 3807 Usuardum
3002 3792 3016 3816 ,
3046 3751 3286 3807 Adonem
3315 3792 3329 3816 ,
3363 3752 3640 3808 Rabanum
3664 3754 3809 3809 Mau—

2225 3859 2369 3909 rum,
2417 3844 2656 3913 aliosque
2688 3845 2951 3914 antiquos.
3002 3844 3231 3899 Tantum
3276 3844 3329 3899 in
3373 3844 3616 3901 Usuardo
3665 3848 3809 3902 edito

2225 3934 2462 3989 Coloniae
2488 3933 2555 3988 ad
2577 3949 2775 3988 annum
2792 3933 2951 4000 1521,
2971 3949 3036 3990 ea
3066 3934 3152 3990 die
3177 3934 3397 4006 Augusti
3427 3936 3523 4003 25,
3549 3938 3628 3992 sic
3651 3938 3806 4008 lego:

2223 4026 2529 4081 Cenomanis
2570 4026 2781 4081 Victoris
2796 4028 3019 4098 episcopi
3040 4037 3085 4081 et
3113 4029 3457 4099 confessoris;
3477 4044 3601 4086 cum
3624 4037 3807 4086 tamen

2221 4116 2457 4173 Victoris
2506 4132 2601 4174 seu
2630 4117 2854 4174 Victorii
2880 4116 3297 4175 Cenomanensis
3328 4121 3673 4177 meminerint
3705 4124 3809 4180 alia

2223 4212 2601 4283 Martyrologia
2644 4214 2707 4266 ad
2757 4212 3021 4268 calendas.
3048 4214 3403 4284 Septembris.
3434 4214 3490 4269 ln
3519 4214 3620 4281 hoc
3648 4216 3809 4287 igitur

2224 4305 2387 4357 totius
2417 4304 2747 4374 antiquitatis
2794 4305 3012 4360 silentio
3036 4349 3051 4373 ,
3086 4320 3253 4362 sacrae
3275 4306 3493 4362 Rituum
3516 4321 3809 4379 congrega-

2223 4392 2355 4447 tioni
2413 4394 2823 4463 expendendum
2866 4397 3248 4466 relinquimus,
3299 4414 3424 4453 num
3476 4399 3659 4455 Victor
3714 4416 3809 4456 seu

2223 4482 2488 4551 Vitensis,
2520 4487 2637 4541 sive
2678 4486 2942 4543 Uticensis
2968 4491 3250 4559 episcopus
3272 4531 3286 4555 ,
3324 4500 3507 4546 auctor
3534 4490 3714 4561 operis
3743 4491 3812 4548 de

2221 4571 2601 4631 Persecutione
2623 4576 2871 4633 Africana
2886 4578 2984 4634 sub
3005 4578 3277 4637 Geiserico
3297 4590 3350 4638 et
3374 4581 3643 4639 ilunerico
3663 4582 3808 4639 Vau-

528 4657 613 4712 Ad
643 4656 897 4710 Basiliam
939 4659 1208 4726 quemdam
1255 4675 1407 4729 super
1458 4669 1670 4715 mortem
1715 4664 2114 4719 consolatoriam
2141 4644 2195 4708 D
2222 4664 2465 4722 dalorum
2490 4668 2725 4738 regibus,
2752 4668 2855 4725 rite
2868 4671 3191 4743 vindicatus,
3224 4682 3279 4731 et
3304 4674 3358 4732 in
3386 4680 3696 4731 sanctorum
3717 4687 3809 4729 ca-

528 4749 720 4805 librum
742 4765 899 4801 unum
922 4789 936 4813 ,
967 4766 1054 4819 spe
1080 4752 1467 4805 resurrectionis
1495 4753 1794 4822 perfectum,
1820 4766 1865 4808 et
1892 4756 2113 4812 instruc-

526 4840 666 4895 tione
709 4840 980 4895 munitum.
1010 4839 1063 4893 Η
1068 4843 1267 4896 omilias
1299 4842 1451 4897 etiam
1472 4859 1584 4909 qum
1608 4862 1639 4899 a
1661 4847 1903 4916 fratribus
1932 4850 2111 4907 salutis

526 4935 749 5004 prapria:
778 4934 1033 5000 sollicitis,
1063 4935 1116 4988 in
1142 4936 1282 4989 libris
1308 4936 1514 5006 digesta:
1538 4950 1826 4995 servantur.
1846 4943 1953 5007 Qui
1973 4954 2018 4999 et
2037 4961 2107 4999 xu

525 5022 768 5077 calendas
784 5022 915 5077 Maii
938 5025 1104 5078 carnis
1126 5024 1351 5078 debitum
1368 5029 1535 5082 solvit.
1562 5031 1759 5085 lietulit
1786 5032 1884 5086 ista
1916 5035 2107 5092 Petrus

525 5132 589 5171 ex
618 5116 915 5186 Gennadio,
968 5133 1088 5186 cap.
1144 5119 1209 5171 77
1240 5158 1255 5183 ,
1315 5121 1411 5175 sed
1462 5136 1648 5190 parum
1698 5125 1937 5191 sincere;
1984 5144 2103 5183 nam

524 5206 797 5263 Victorem
854 5225 950 5278 pro
1000 5209 1349 5268 Cartennensi
1399 5215 1727 5272 Mauritaniae
1762 5218 2105 5276 Caesariensis
2156 5260 2161 5273 ,

523 5299 777 5367 episcopo
809 5300 1022 5369 scripsit
1053 5301 1569 5373 Carthaginensem;
1614 5319 1665 5362 et
1692 5310 1943 5368 ﬂoruisse
1974 5314 2110 5369 dicit

523 5394 766 5457 tempore
820 5391 1087 5447 Anastasii
1130 5394 1508 5464 imperatoris,
1555 5414 1676 5454 cum
1720 5402 1786 5456 ad
1827 5406 2107 5474 superiora

524 5482 787 5541 Geiserici
803 5485 1159 5541 Vandalorum
1190 5492 1332 5558 regis
1351 5500 1588 5561 tempora
1603 5503 1747 5551 esset
1759 5499 2101 5555 referendus.

526 5573 857 5634 Gennadius:
884 5575 1055 5648 ipsum
1083 5578 1207 5635 audi
1242 5597 1255 5633 :
1288 5579 1477 5650 Victor,
1510 5586 1612 5654 ait,
1656 5586 1923 5645 Cartenntc
1948 5591 2103 5648 Mast-

2219 4774 2420 4817 nonem
2447 4762 2644 4818 relatus
2672 4764 2881 4819 censeri
2911 4765 3098 4834 possit.

2790 4918 3017 4976 CAPUT
3054 4920 3217 4977 Χνιι.

2225 5049 2498 5105 Variantes
2520 5050 2716 5121 aliquot
2730 5051 2967 5108 lectiones
2987 5069 3050 5108 ea:
3071 5054 3244 5109 codice
3268 5070 3363 5109 ms.
3383 5055 3657 5111 carthusia:
3671 5055 3809 5113 Por-

2286 5131 2491 5197 tarnm,
2522 5122 2589 5197 ad
2622 5122 2845 5197 Victoris
2875 5123 3095 5180 Vitensis
3120 5127 3345 5197 episcOpi
3372 5143 3499 5197 opus
3527 5128 3590 5182 de
3621 5125 3807 5182 Perse-

2291 5193 2490 5248 cutione
2519 5193 2783 5263 Africana.

2280 5329 2301 5389 ‘(
2317 5328 2453 5378 lianc
2470 5332 2732 5380 variantum
2746 5329 3011 5381 lectionum
3028 5332 3408 5389 descriptionem
3425 5333 3647 5383 consulto
3663 5338 3808 5385 omit—

2216 5391 2366 5457 timus
2406 5397 2575 5457 utpote
2620 5391 2793 5457 lectori
2832 5394 3034 5457 minime
3078 5391 3472 5457 desiderabilem,
3513 5394 3589 5445 cui
3612 5399 3807 5457 textum

2215 5448 2545 5503 Ruinartia’nae
2588 5455 2812 5505 editionis
2857 5456 3302 5508 emendatissimum
3322 5458 3373 5507 in
3399 5448 3489 5508 hac
3512 5460 3678 5510 nostra
3700 5456 3785 5507 edi

2214 5515 2351 5565 tione
2376 5515 2731 5567 exhibebimus.
2768 5516 2906 5569 Enrr.
2928 5517 2946 5581 )

1217 5767 3099 5826 w—
