4080 6350
318 313 411 373 Ml
1673 307 2197 367 PROLEGOMENA.

3477 314 3582 372 “2

330 442 3579 476 ψη

1292 549 1903 638 PR/EFATIO
1979 553 2560 639 SIRMONDI

1224 717 1306 781 In
1354 716 1683 781 historiam
1748 713 2107 779 Vandalica
2154 717 2633 795 persecutionis.

374 968 416 1023 Ι.
468 966 611 1023 inter
639 968 951 1024 innumeras
994 968 1109 1025 fere
1158 970 1411 1025 barbaras
1464 973 1715 1025 nationes
1766 984 1886 1040 qua:
1914 970 1966 1029 Α
1996 976 2081 1023 est
2108 983 2208 1038 pro
2230 968 2325 1025 Dei
2371 984 2533 1025 causa
2562 971 2862 1043 decertare,
2895 984 2985 1031 aut
3017 991 3114 1047 pro
3139 994 3281 1037 verae
3318 982 3443 1040 ﬁdei
3484 986 3579 1043 de-

305 1060 513 1118 labente
537 1062 739 1118 saeculo
767 1069 960 1133 quarto
984 1070 1079 1117 aut
1106 1064 1297 1133 quinto
1323 1064 1565 1131 ineunte,
1599 1064 1652 1119 in
1688 1062 1887 1119 Roma-

304 1167 430 1209 num
469 1152 680 1223 orbem,
712 1167 778 1209 ac
807 1154 1147 1223 potissimum
1177 1156 1230 1210 in
1260 1156 1475 1226 imperii
1523 1156 1886 1212 Occidentalis

303 1244 606 1316 provincias
630 1244 981 1313 inundarunt,
1017 1247 1161 1302 nulla
1202 1263 1333 1304 sane
1362 1249 1729 1305 Vandalorum
1757 1264 1887 1320 gen-

301 1344 411 1394 tem
441 1337 647 1393 saevitia
668 1347 724 1394 et
751 1338 1145 1396 inhumanitate
1168 1340 1456 1411 superavit.
1495 1341 1550 1397 ld
1592 1342 1887 1413 praedicant

303 1442 482 1491 vetera
521 1449 751 1506 quaeque
804 1437 1028 1492 istorum
1079 1446 1377 1507 temporum
1431 1454 1550 1509 quae
1600 1448 1887 1508 supersunt

304 1538 673 1596 monumenta,
715 1538 899 1601 atque,
930 1541 991 1586 ut
1032 1532 1099 1587 de
1146 1532 1307 1588 rebus
1336 1534 1675 1603 potissimum
1721 1532 1885 1587 eccle-

303 1622 532 1678 siasticis
559 1622 773 1692 loquar,
820 1623 964 1679 Fasti
995 1625 1155 1691 sacri,
1181 1626 1270 1695 qui
1310 1641 1430 1681 cum
1462 1626 1547 1680 vix
1592 1640 1757 1680 unum
1793 1636 1885 1680 aut

298 1713 526 1770 alterum
558 1725 849 1788 martyrem
878 1718 981 1774 sub
1026 1718 1145 1774 aliis
1173 1719 1424 1774 Barbaris
1465 1733 1681 1789 passum
1736 1733 1884 1774 com-

305 1817 623 1873 memorent,
658 1809 963 1879 complures
990 1810 1168 1874 simul,
1203 1820 1256 1865 et
1304 1811 1518 1880 quidem
1548 1810 1879 1881 frequenter,

302 1897 400 1952 sub
430 1897 796 1955 Vandaiorum
839 1900 1172 1970 gravissimis
1213 1900 1676 1971 persecutionibus
1721 1916 1882 1956 occu-

302 1996 483 2054 buisse
510 2000 712 2068 passim
745 2008 1026 2056 testantur.
1075 2000 1132 2054 in
1176 2000 1431 2056 Vandalis
1458 2000 1656 2071 quippe
1703 1999 1880 2054 nativa

307 2086 512 2155 feritas,
542 2089 812 2147 haereseos
841 2091 1065 2162 perﬁdia
1091 2092 1369 2161 gentilium
1409 2091 1881 2163 superstitionibus

299 2183 573 2252 permista,
624 2185 949 2241 insatiabilis
999 2185 1307 2256 rapacitas,
1352 2186 1563 2256 aliaque
1615 2184 1877 2255 ejusmodi

300 2273 424 2329 vitia
456 2276 531 2330 ita
561 2276 976 2343 concurrebant,
1008 2286 1067 2332 ut
1109 2277 1253 2332 nulla
1280 2278 1420 2346 apud
1468 2292 1562 2331 eos
1606 2284 1750 2331 esset
1788 2283 1880 2328 aut

1992 1058 2242 1117 fensione
2277 1075 2605 1133 pugnantem
2630 1064 2846 1122 fortiter
2868 1071 3188 1127 occumbere
3222 1091 3237 1141 ;
3268 1090 3368 1131 nec
3395 1078 3576 1135 feren-

1990 1149 2116 1204 dum
2156 1162 2239 1207 est
2280 1163 2338 1209 ut
2364 1155 2559 1211 minori
2594 1157 2716 1213 loco
2762 1161 2903 1231 apud
2940 1160 3295 1233 Christianos,
3347 1170 3437 1239 qui
3478 1187 3578 1241 pro

1989 1243 2186 1300 Christi
2233 1247 2336 1303 ﬁde
2399 1251 2784 1321 prOpugnanda
2839 1253 3185 1311 decertarunt
3231 1259 3336 1313 hab
3376 1278 3417 1314 at
3448 1270 3573 1330 tur,

1990 1352 2150 1407 quam
2189 1341 2279 1409 qui
2310 1354 2407 1410 pro
2437 1352 2659 1398 terreno
2677 1359 2864 1415 regno,
2910 1356 3004 1401 aut
3067 1350 3435 1423 adipiscendo,
3485 1363 3579 1409 aut

1989 1431 2212 1498 tuendo,
2253 1448 2408 1488 curas
2449 1450 2574 1491 suas
2605 1452 2791 1493 omnes
2820 1441 3113 1508 posuerint.

2060 1522 2122 1577 li.
2149 1524 2311 1581 Nobis
2335 1527 2512 1597 itaque
2543 1530 2595 1583 in
2621 1529 2724 1585 hoc
2749 1532 3007 1601 opusculo
3039 1537 3369 1606 propositum
3401 1547 3483 1594 est
3506 1540 3573 1595 de

1987 1615 2262 1685 praeclaris
2290 1618 2395 1673 illis
2412 1620 2540 1674 viris
2566 1622 2907 1690 potissimum
2927 1640 3087 1696 agere
3116 1627 3207 1698 qui
3236 1629 3288 1683 in
3307 1629 3575 1688 Vandalo-

1986 1722 2127 1776 rum,
2145 1711 2318 1778 gentis
2335 1710 2658 1767 Arianorum
2670 1715 2943 1770 erroribus
2966 1716 3369 1789 addictissimae,
3397 1738 3577 1792 perse-

1986 1799 2295 1856 cutionibus
2323 1803 2602 1873 exagitati,
2634 1812 2727 1859 aut
2740 1806 2910 1864 effuso
2932 1810 3189 1881 sanguine
3219 1815 3457 1885 martyrii
3481 1832 3573 1871 co-

1984 1906 2174 1947 ronam
2204 1894 2383 1966 adepti
2411 1904 2559 1966 sunt,
2586 1907 2679 1954 aut
2703 1900 2895 1957 saltem
2913 1902 3083 1972 gloria
3098 1906 3455 1964 confessionis
3480 1926 3577 1980 pro

1985 1984 2181 2039 tuenda
2212 1984 2413 2041 Christi
2457 1987 2671 2043 Domini
2709 1990 2988 2049 divinitate
3016 1994 3344 2053 claruerunt.
3378 1999 3575 2055 Verum

1983 2090 2105 2129 cum
2136 2076 2307 2132 civilis
2338 2088 2391 2133 et
2421 2080 2786 2138 ecclesiastica
2826 2083 3051 2140 historia
3078 2087 3151 2141 ita
3199 2103 3320 2144 sese
3349 2090 3575 2148 invicem

1983 2167 2256 2236 adjuvant,
2288 2180 2347 2225 ut
2370 2172 2459 2226 vix
2482 2173 2549 2228 de
2590 2189 2695 2231 una
2724 2176 2923 2247 aliquid
2948 2180 3066 2236 sine
3088 2181 3310 2238 alterius
3337 2184 3575 2243 subsidio

1982 2258 2088 2315 dici
2118 2262 2305 2331 possit,
2340 2265 2498 2319 nobis
2524 2265 2756 2323 subinde
2780 2268 3075 2325 necessitas
3098 2271 3361 2329 incumbit
3378 2276 3444 2331 de
3471 2278 3575 2332 im-

302 2378 456 2421 sexus
480 2366 817 2434 inﬁrmioris,
849 2377 943 2423 aut
976 2368 1346 2425 imbecillioris
1390 2369 1563 2423 aetatis
1594 2365 1877 2423 commise-

1984 2352 2121 2422 perii
2160 2354 2618 2414 vicissitudinibus
2646 2373 2708 2415 ac
2733 2360 2801 2417 de
2834 2361 2938 2419 illis
2964 2363 3295 2437 principibus
3325 2370 3416 2440 qui
3446 2379 3572 2427 tunc

305 2460 459 2524 ratio,
515 2460 660 2514 nulla
712 2475 837 2530 erga
868 2475 957 2516 res
1012 2469 1105 2516 aut
1141 2475 1403 2530 personas
1456 2474 1638 2514 sacras
1667 2458 1875 2527 religio.

299 2548 494 2606 Verum
538 2551 849 2607 barbaricus
898 2553 998 2606 iste
1034 2552 1202 2618 furor,
1236 2553 1326 2623 qui
1370 2552 1568 2606 multos
1615 2560 1880 2621 martyres

302 2645 429 2699 cmlo
456 2644 657 2710 intulit,
688 2645 830 2700 idem
861 2646 976 2715 ipse
1009 2646 1062 2699 in
1089 2660 1249 2701 causa
1292 2656 1374 2700 est
1397 2661 1492 2700 cur
1523 2645 1651 2699 nihil
1684 2644 1879 2700 ferede

298 2732 482 2789 iisdem
509 2734 836 2804 martyribus
878 2745 1087 2790 certum
1140 2736 1473 2801 habeamus;
1516 2736 1711 2805 quippe
1756 2750 1877 2789 cum

301 2822 462 2891 ferro,
492 2826 703 2881 flamma
732 2835 895 2896 atque
915 2826 1118 2896 rapinis
1145 2828 1323 2881 omnia
1355 2834 1644 2893 vastarent,
1675 2826 1876 2881 nullam

303 2917 373 2974 de
398 2920 554 2975 rebus
588 2922 699 2975 suis
738 2921 1029 2987 scribendi,
1062 2922 1171 2976 imo
1211 2937 1279 2976 ne
1325 2921 1621 2991 respirandi
1664 2921 1876 2991 quidem

304 3009 599 3067 facultatem
629 3013 1002 3082 relinquebant
1026 3014 1089 3067 iis
1118 3014 1212 3083 qui
1244 3028 1309 3068 ex
1365 3014 1471 3068 illis
1497 3012 1748 3082 procellis
1794 3028 1877 3067 re-

299 3100 425 3171 liqui
450 3111 627 3158 erant.
659 3102 765 3159 Sed
795 3104 898 3158 etsi
919 3106 1011 3173 qui
1031 3101 1168 3158 forte
1195 3103 1371 3173 aliqua
1410 3105 1461 3158 in
1492 3103 1696 3158 litteras
1726 3112 1874 3159 retu-

299 3190 475 3262 lerint,
502 3196 617 3249 haec
636 3194 814 3249 omnia
839 3194 895 3249 in
923 3195 1040 3250 istis
1066 3195 1406 3262 tumultibus,
1438 3204 1491 3250 et
1519 3195 1733 3250 urbium
1754 3211 1875 3266 pro-

296 3282 694 3354 vinciarumque
732 3285 1101 3355 frequentibus
1146 3287 1376 3342 excidiis
1438 3289 1732 3357 perierunt.
1773 3289 1874 3356 Qui

297 3385 427 3430 vero
452 3384 635 3445 postea
660 3377 727 3432 de
758 3376 918 3431 rebus
955 3377 1073 3433 istis
1107 3380 1527 3434 commentarios
1568 3379 1871 3447 ediderunt,

290 3468 505 3538 negotia
553 3468 731 3523 civilia
781 3476 1038 3537 tractare,
1088 3479 1180 3525 aut
1206 3471 1574 3540 expeditiones
1615 3472 1875 3527 militares

296 3558 694 3625 commendare,
759 3574 919 3630 quam
954 3560 1023 3616 de
1074 3561 1366 3632 Martyrum
1412 3564 1697 3634 triumphis
1749 3565 1874 3619 data

297 3663 457 3720 opera
484 3653 758 3709 disserere
787 3656 1113 3720 maluerunt,
1144 3656 1223 3709 uti
1261 3656 1328 3712 de
1350 3656 1610 3728 Proc0pio
1650 3657 1874 3728 aliisque

1983 2448 2242 2516 temporis
2272 2449 2625 2521 imperarunt,
2658 2452 2746 2508 vel
2768 2453 3006 2511 breviter
3036 2472 3236 2527 agere:
3262 2468 3375 2514 tum
3391 2468 3452 2516 ut
3473 2478 3573 2520 una

1984 2552 2211 2609 quaeque
2229 2555 2321 2596 res
2354 2556 2452 2597 suo
2480 2542 2604 2599 loco
2648 2558 2712 2600 ac
2756 2555 3001 2619 tempore
3046 2550 3275 2621 dicatur,
3310 2564 3418 2609 tum
3451 2559 3574 2627 quia

1981 2628 2168 2686 civiles
2197 2630 2461 2700 ejusmodi
2485 2634 2905 2706 vicissitudines,
2949 2658 3070 2712 quas
3100 2644 3462 2703 Vandalorum
3502 2650 3577 2706 ir-

1980 2723 2323 2791 ruptionibus
2349 2726 2691 2785 occasionem
2718 2734 3023 2800 praebuere,
3063 2736 3241 2793 locum
3273 2740 3438 2794 etiam
3480 2740 3574 2798 de-

1978 2813 2161 2883 derint
2186 2817 2485 2899 excitandis
2514 2820 2633 2875 istis
2673 2825 3139 2892 persecutiouibus
3164 2868 3178 2893 ,
3218 2846 3349 2900 quas
3374 2832 3573 2889 descri-

1981 2905 2185 2961 bendas
2215 2916 2269 2963 et
2295 2924 2391 2978 pro
2414 2910 3364 2991 moduloillustrandasaggredimur.
3407 2925 3573 2981 Com-

1976 2996 2237 3065 piectitur
2286 3009 2464 3056 autem
2520 3001 2637 3057 hzcc
2694 3005 2923 3062 Historia
2971 3017 3140 3065 totum
3187 3010 3319 3068 illud
3363 3024 3572 3088 tempus

1980 3088 2124 3157 quod
2148 3104 2179 3143 a
2204 3090 2377 3158 prima
2393 3091 2759 3150 Vandalorum
2788 3096 2843 3152 in
2873 3098 3075 3155 Gallias
3105 3102 3462 3172 impressione
3493 3108 3573 3165 ef-

1978 3180 2154 3249 ﬂuxit,
2189 3199 2357 3255 usque
2403 3186 2469 3240 ad
2502 3188 2827 3245 exstinctum
2852 3205 3040 3248 eorum
3084 3192 3140 3249 in
3178 3195 3357 3252 Africa
3404 3200 3573 3272 impe-

1980 3274 2142 3343 rium,
2172 3277 2224 3330 id
2255 3288 2337 3332 est
2375 3293 2546 3334 annos
2575 3280 2789 3337 circiter
2833 3293 3047 3340 centum
3081 3284 3267 3357 viginti
3316 3298 3371 3345 et
3407 3300 3568 3359 octo;

1974 3365 2247 3437 siquidem
2278 3384 2419 3425 anno
2444 3370 2549 3426 406
2569 3371 2794 3429 Vandali
2825 3389 2895 3430 ex
2927 3378 3097 3447 patria
3126 3394 3220 3434 sua
3248 3380 3420 3449 effusi,
3452 3393 3573 3455 post

1980 3462 2157 3517 varias
2184 3462 2426 3519 fortunas
2462 3479 2633 3536 usque
2662 3467 2730 3522 ad
2759 3481 2963 3523 annum
2990 3468 3188 3528 Christi
3206 3473 3311 3529 554
3338 3475 3571 3535 Africam

1966 3555 2284 3624 obtinuere,
2315 3574 2422 3629 quo
2455 3559 2671 3615 tandem
2710 3576 2851 3617 anno
2878 3563 2977 3618 sub
3005 3562 3306 3621 Justiniano
3335 3565 3573 3639 Augusto

1972 3647 2241 3704 ‘Belisario
2270 3651 2407 3706 duce
2451 3654 2589 3722 pulsi
2623 3662 2766 3709 sunt.
2803 3654 2948 3709 Duas
2979 3666 3158 3713 autem
3194 3658 3248 3713 in
3281 3669 3459 3730 partes
3496 3672 3574 3718 to-

294 3743 567 3798 nonuullis
594 3744 897 3800 auctoribus
924 3754 1093 3813 patet,
1122 3760 1351 3815 quorum
1383 3722 1542 3816 opera
1569 3748 1634 3801 ad
1661 3762 1759 3802 nos
1785 3722 1875 3803 ἶπε-
1905 3722 1952 3786 C
1984 3747 2095 3795 tum
2124 3741 2265 3796 hunc
2296 3742 2536 3799 libellum
2565 3744 2874 3801 tribuimus.
2906 3746 3061 3803 Prior
3090 3722 3319 3804 Victoris
3342 3750 3575 3810 Viteusis

294 3846 395 3901 que
425 3836 811 3903 pervenerunt.
831 3836 1006 3892 Unum
1028 3837 1288 3893 habemus
1324 3838 1425 3893 hoc
1455 3840 1522 3894 de
1559 3849 1876 3910 argumento

296 3922 522 3982 Victoris
568 3928 801 3984 Vitensis
828 3944 1049 3985 aureum
1072 3931 1230 4000 plane
1255 3932 1569 4001 opusculum
1600 3934 1665 3987 de
1692 3947 1874 4002 perse-

294 4020 507 4073 cutione
523 4019 799 4085 Africana,
822 4022 923 4076 sub
943 4022 1235 4079 Genserico
1262 4032 1316 4077 et
1341 4022 1603 4077 ilunerico
1620 4024 1870 4078 excitata:

292 4124 599 4181 quanquam
627 4120 682 4167 et
710 4113 825 4181 ipse
852 4128 1017 4182 pauca
1047 4129 1114 4169 ex
1158 4115 1367 4179 multis,
1399 4129 1572 4184 neque
1618 4115 1733 4184 ipse
1765 4116 1872 4170 dis-

293 4201 530 4271 simulat,
555 4204 742 4272 refert,
776 4216 959 4275 utpote
987 4208 1078 4277 qui
1109 4209 1469 4264 narrationem
1497 4224 1645 4264 suam
1674 4211 1740 4265 ad
1785 4225 1874 4266 so-

292 4294 394 4351 lam
422 4299 663 4355 Africam
703 4300 963 4368 coarctat,
996 4304 1238 4372 quamvis
1266 4304 1333 4358 ad
1362 4305 1516 4373 longe
1539 4304 1719 4374 plures
1750 4320 1873 4375 pro-

293 4388 517 4453 vincias,
546 4401 603 4445 et
652 4392 909 4447 tredecim
952 4394 1171 4448 omnino
1198 4405 1489 4463 computat,
1545 4398 1872 4464 persecutio-

288 4495 415 4537 nem
454 4484 735 4540 Genserici
760 4487 1064 4554 pervasisse
1094 4486 1341 4541 fateatur.
1369 4488 1465 4542 Vix
1510 4497 1684 4543 tamen
1715 4490 1871 4559 quid-

292 4584 455 4641 quam
481 4573 623 4627 aliud
644 4590 710 4629 ex
734 4575 797 4629 iis
817 4575 999 4645 rebus,
1022 4586 1217 4645 printer
1236 4592 1297 4632 ea
1312 4593 1432 4647 qua:
1447 4580 1631 4633 abisto
1654 4591 1872 4635 auctore

294 4661 624 4731 referuntur,
657 4668 863 4722 rescire
893 4669 1047 4723 nobis
1085 4670 1228 4725 licet.
1259 4670 1458 4725 Verum
1499 4680 1554 4727 et
1600 4673 1652 4727 id
1696 4674 1869 4741 ipsum

294 4756 487 4824 operis
514 4759 627 4827 ejus
668 4762 897 4829 pretium
926 4770 1107 4832 auget,
1141 4772 1488 4835 nostramque
1516 4767 1753 4821 excitare
1794 4767 1872 4820 di-

287 4845 575 4916 ligentiam
616 4850 779 4907 debet
805 4852 871 4907 ad
902 4868 1083 4909 sacras
1108 4854 1228 4910 illas
1263 4857 1548 4912 sanctioris
1588 4857 1873 4927 antiquita-

289 4942 357 4995 tis
384 4942 641 5011 reliquias
668 4945 1019 5016 colligendas,
1054 4962 1172 5017 qua:
1209 4962 1314 5018 quo
1345 4950 1609 5015 rariores,
1656 4965 1721 5005 eo
1751 4965 1873 5020 pre-

284 5034 540 5091 tiosiores
579 5039 793 5093 censeri
830 5039 1051 5095 debent.
1082 5040 1395 5111 Quanquam
1427 5042 1599 5112 pudor
1636 5052 1721 5099 est
1749 5058 1874 5113 pro-

1980 3847 2119 3904 0pus
2147 3836 2418 3905 egregium
2447 3854 2570 3893 cum
2610 3840 2777 3894 variis
2806 3840 3081 3895 codicibus
3119 3854 3365 3899 accurate
3413 3847 3575 3902 colla-

1972 3936 2137 3997 tum,
2189 3930 2401 3998 aliaque
2457 3934 2715 3987 nonnulla
2769 3942 3118 3988 monumenta
3166 3936 3570 4005 complectitur,

1978 4034 2104 4090 quae
2158 4021 2608 4091 subsequentibus
2659 4025 2802 4077 notis
2846 4033 2899 4078 et
2944 4023 3408 4082 observationibus
3448 4029 3571 4083 illu-

1981 4119 2156 4167 strare
2181 4111 2359 4166 conati
2382 4126 2591 4167 sumus.
2620 4114 2803 4168 Altera
2851 4129 2981 4169 vero
3011 4130 3136 4185 pars
3180 4117 3455 4174 historiam
3493 4122 3573 4177 ισ-

1982 4211 2092 4258 tam
2149 4203 2306 4273 huius
2357 4206 2753 4274 persecutionis
2798 4205 2870 4261 ita
2928 4208 3268 4264 continenter
3316 4213 3571 4281 scriptam

1982 4296 2227 4364 exhibet,
2256 4306 2315 4353 ut
2354 4298 2622 4353 interdum
2658 4300 2915 4355 nonnulla
2950 4300 3343 4357 iuterserantur
3390 4314 3572 4361 vetera

1983 4390 2204 4459 scripta,
2230 4391 2322 4445 sed
2375 4406 2494 4460 qua:
2536 4390 2773 4445 historiae
2818 4390 2971 4446 ﬁlum
3018 4392 3236 4449 minime
3283 4393 3572 4452 interrum-

1982 4489 2132 4548 punt.

2054 4569 2142 4624 lli.
2178 4570 2413 4625 Primum
2443 4571 2624 4642 itaque
2656 4574 2708 4626 in
2757 4575 2923 4641 priori
2966 4582 3119 4644 parte
3161 4575 3336 4629 locum
3369 4575 3573 4633 obtinet

1985 4661 2216 4716 Victoris
2248 4663 2477 4717 Vitensis
2505 4664 2746 4733 episcopi
2769 4664 2836 4720 de
2856 4663 3244 4721 Persecutioue
3286 4666 3573 4724 Vandalica

1980 4757 2321 4825 opusculum,
2352 4772 2456 4826 quo
2487 4758 2694 4812 nullum
2725 4758 2838 4813 fere
2875 4758 3141 4813 illustrius
3183 4759 3234 4812 in
3286 4767 3393 4814 tota
3434 4762 3573 4814 anti-

1980 4851 2185 4919 quitate
2215 4859 2643 4918 monumentum,
2684 4850 2933 4906 utiliusve
2988 4860 3083 4906 aut
3112 4850 3403 4921 efﬁcacius,
3460 4861 3571 4907 tum

1982 4942 2051 4997 ad
2077 4941 2514 4997 inﬁammandum
2550 4944 2603 4999 in
2656 4941 2895 4998 fidelium
2948 4943 3255 5012 pectoribus
3291 4949 3346 4998 et
3383 4944 3575 5000 animis

1980 5034 2306 5090 Christianae
2333 5034 2613 5105 religionis
2643 5033 2881 5092 studium
2925 5050 2988 5090 ac
3034 5034 3333 5099 fervorem,
3369 5041 3477 5089 tum
3508 5035 3575 5091 ad

282 5125 441 5183 fauos
471 5137 722 5185 auctores
750 5130 886 5186 adeo
911 5102 1169 5188 sollicitas
1194 5102 1554 5205 ac-diligehtes
1580 5137 1634 5190 in
1664 5102 1871 5193 bellicis

1981 5128 2353 5185 conﬁrmanda
2392 5102 2564 5184 sacrae
2594 5127 2856 5184 doctrinae
2887 5127 3136 5198 dogmata
3157 5170 3172 5196 ,
3209 5135 3320 5183 tum
3348 5128 3578 5198 denique

281 5218 469 5285 rebus,
492 5221 869 5290 praeclarisque
896 5222 1117 5279 heroum
1146 5239 1363 5280 suorum
1384 5225 1711 5283 facinoribus
1725 5244 1871 5285 com-

280 5313 657 5369 memorandis
678 5312 877 5381 fuisse;
897 5325 1112 5373 nostros
1138 5332 1268 5374 vero
1290 5318 1424 5375 adeo
1449 5319 1685 5375 incurios
1702 5335 1764 5375 ac
1777 5335 1871 5377 ne-

275 5403 613 5475 gligentesin
627 5416 936 5465 sanctorum
955 5412 1224 5479 praeclaris
1250 5427 1347 5481 pro
1370 5412 1475 5469 fide
1488 5413 1873 5470 certaminibus

278 5498 588 5565 posteritati
618 5500 967 5557 mandandis:
1008 5502 1201 5573 quibus
1241 5515 1423 5561 tamen
1446 5506 1576 5561 nihil
1599 5505 1874 5561 efﬁcacius

276 5600 362 5644 est
392 5590 468 5645 ad
496 5592 899 5649 accendendum
924 5592 981 5649 in
1002 5594 1157 5650 nobis
1173 5595 1345 5652 divini
1365 5597 1564 5654 amoris
1580 5597 1870 5654 fervorem.

278 5674 351 5733 Et
378 5682 605 5751 quidem
635 5682 681 5739 si
709 5684 864 5741 dulce
901 5694 956 5742 et
1005 5686 1261 5744 decorum
1288 5698 1372 5745 est
1397 5703 1495 5758 pro
1540 5688 1727 5758 patriae
1782 5700 1875 5744 aut

273 5771 605 5843 reipublicae
647 5788 808 5835 causa
845 5779 981 5835 mori
991 5819 1007 5847 ,
1045 5779 1203 5851 longe
1227 5779 1419 5851 maiori
1442 5779 1604 5839 laude
1654 5779 1877 5851 dignun
1914 5868 1934 5889 l

1978 5220 2054 5277 ad
2085 5220 2441 5277 revincendos
2472 5220 2782 5286 haereticos,
2809 5228 2922 5275 tam
2951 5227 3164 5275 veteres
3213 5233 3371 5290 quam
3393 5234 3579 5276 recen-

1990 5315 2178 5369 tiores.
2202 5312 2340 5367 iiinc
2359 5322 2444 5367 est
2470 5311 2614 5381 quod
2633 5311 2723 5366 ubi
2752 5310 2983 5380 primum
3012 5310 3190 5366 lucem
3217 5311 3448 5383 aspexit,
3481 5325 3580 5380 op-

1990 5415 2278 5477 portunum
2312 5405 2577 5474 imprimis
2600 5404 2777 5458 visum
2810 5412 2894 5459 est
2918 5403 2985 5459 ad
3014 5403 3380 5460 retundendas
3418 5415 3578 5457 nova-

1987 5507 2170 5554 torum
2196 5497 2519 5564 calumnias,
2544 5482 2638 5566 qui
2676 5495 2960 5551 catholica:
2997 5496 3254 5553 Ecclesia:
3283 5493 3579 5551 doctrinam

1992 5592 2252 5647 novitatis
2284 5589 2503 5647 nomine
2534 5589 2985 5644 criminabantur.
3034 5588 3093 5643 ln
3122 5588 3225 5643 hoc
3249 5586 3391 5641 enim
3420 5596 3582 5653 opera

1986 5684 2281 5740 laudantur
2303 5682 2577 5738 incruenti
2598 5682 2851 5737 sacriﬁcii
2873 5682 3053 5738 divina
3083 5679 3335 5750 mysteria
3365 5686 3420 5732 et
3447 5674 3583 5731 sacri

1946 5843 1950 5846 ,
1992 5777 2134 5838 ritus
2157 5792 2178 5848 ε
2206 5776 2297 5839 hic
2320 5775 2723 5841 invenirmiicet
2740 5776 2987 5845 corporis
3005 5783 3063 5830 et
3086 5769 3368 5838 sanguinis
3386 5765 3590 5828 Christi
