4080 6350
500 242 602 301 N5

1831 226 2077 287 YICTOR
2116 224 2443 285 VITENSIS.

3684 222 3775 283 Nl

494 348 916 419 sacramentum,
949 349 1274 424 pmnitentiae
1321 360 1521 402 munus
1552 353 1607 403 et
1633 342 2089 401 reconciliationis
2117 342 2172 405 Α
2196 340 2365 409 Quam
2394 340 2609 412 quidem
2637 339 2738 395 viri
2769 338 2963 396 eruditi
2986 338 3334 407 sententiam,
3360 353 3467 394 non
3488 339 3656 394 modo
3677 325 3779 396 εἶι-

500 448 883 520 indulgentiam
921 443 1259 501 sacerdotum
1287 441 1590 496 ministerio
1633 450 1973 503 concessam,
2018 434 2086 489 ad

500 555 635 611 quos
658 548 875 611 peccata
903 537 1111 593 solvere
1132 549 1198 590 ex
1227 533 1425 589 Christi
1460 531 1797 587 institutione
1819 528 2083 600 pertinet:

500 633 591 689 hic
628 629 959 701 baptismatis
1003 627 1180 681 unitas
1222 624 1463 679 maxime
1508 621 1940 685 commendatur,
2001 618 2089 674 hic

498 725 661 783 fontis
689 720 1019 792 baptismalis
1050 734 1220 775 sacrae
1251 717 1663 773 benedictiones
1703 714 1952 782 laudatur,
1999 727 2087 767 so-

497 817 708 874 lemnes
731 814 865 869 ritus
889 812 941 867 in
975 811 1352 867 defunctorum
1384 808 1619 864 fidelium
1651 806 1926 877 exsequiis
1982 802 2092 858 usi-

497 911 593 967 tati
632 916 1014 965 memorantur.
1074 903 1317 959 Basilica:
1370 903 1424 957 in
1472 910 1783 956 sanctorum
1828 899 2089 953 honorem

492 1004 609 1058 Deo
640 1007 990 1063 consecratae,
1017 1005 1327 1052 sanctorum
1359 995 1413 1050 in
1450 994 1601 1050 coelis
1634 989 1977 1061 regnantium
2007 989 2091 1043 in-

491 1091 1015 1159 vocatio,Rornanie
1048 1086 1306 1143 Ecclesia:
1353 1085 1636 1155 primatus,
1690 1082 1925 1152 virgines
1979 1080 2094 1135 Deo

495 1199 689 1253 sacras,
722 1183 934 1251 aliaque
961 1180 1225 1250 ejusmodi
1267 1179 1408 1233 bene
1452 1176 1621 1232 multa
1664 1175 1868 1245 passim
1900 1186 2094 1227 occur-

498 1286 663 1343 runt;
691 1290 811 1346 quae
841 1289 907 1330 eo
936 1274 1170 1329 certiora
1197 1282 1323 1326 sunt
1356 1268 1665 1327 traditionis
1689 1270 1924 1338 antiqua:
1953 1264 2096 1320 indi-

501 1372 605 1435 cia,
634 1366 776 1439 quod
809 1366 877 1422 ab
908 1366 1010 1421 isto
1039 1372 1257 1421 auctore
1282 1364 1430 1418 nulla
1459 1363 1581 1418 data
1604 1376 1787 1431 opera,
1820 1370 1874 1414 et
1894 1357 2099 1428 absque

503 1463 610 1517 ulla
640 1458 994 1516 atl'ectationis
1028 1458 1209 1527 specie
1250 1456 1457 1527 prolata
1508 1454 1727 1511 fuerint.
1779 1451 1969 1506 Visum
2017 1456 2101 1504 est

506 1556 667 1612 etiam
691 1554 833 1610 idem
861 1566 997 1622 opus
1020 1552 1197 1621 magni
1226 1548 1488 1606 momenti
1528 1548 1596 1603 ad
1644 1542 2096 1615 compescendum

506 1660 803 1716 eorumque
824 1644 1199 1700 htereticorum
1223 1642 1492 1705 furorem;
1528 1639 1809 1709 proposito
1846 1636 2097 1705 exemplo

2190 434 2498 503 plectimur,
2531 433 2626 489 sed
2658 432 2794 489 adeo
2823 434 2985 489 certis
3026 441 3080 487 et
3109 431 3419 487 indubitatis
3451 434 3781 503 argumentis

2192 526 2519 598 propugnari
2548 540 2710 597 posse
2738 540 3046 594 censemus,
3080 534 3137 581 ttt
3168 525 3438 580 neminem
3466 526 3517 581 ci
3553 542 3783 595 unquam

2192 620 2245 675 in
2277 628 2549 689 posterum
2580 632 2701 674 esse
2722 617 3114 688 refragaturum
3144 617 3491 673 arbitremur.
3538 617 3595 672 ld
3644 619 3784 674 enim

2193 711 2361 781 exigit
2384 725 2415 765 a
2445 710 2602 766 nobis
2629 711 2872 766 omnium
2902 710 3153 765 codicum
3184 724 3315 764 mss.
3351 710 3624 765 unanimis
3657 726 3786 766 con-

2194 818 2406 872 sensus,
2437 818 2667 873 quorum
2703 817 2770 858 ne
2800 817 2940 857 unus
2969 803 3207 872 quidem,
3259 817 3323 858 ex
3356 802 3423 857 iis
3471 804 3669 860 saltem
3703 806 3787 875 qui

2197 896 2458 951 hactenus
2486 896 2585 950 visi
2609 904 2756 961 sunt,
2798 895 3072 952 Victorem
3124 896 3431 951 Uticensem
3464 897 3624 952 istius
3666 913 3790 969 (ψει

2196 990 2272 1043 ris
2294 997 2567 1044 auctorem
2593 989 2827 1059 praefert.
2860 988 2968 1043 Nos
2992 997 3222 1058 quatuor
3237 991 3459 1046 omnino
3488 991 3790 1047 invenimus

2197 1079 2251 1135 in
2278 1081 2473 1150 quibus
2504 1080 2619 1135 hare
2649 1080 2882 1135 Historia
2918 1080 3148 1135 habetur
3185 1082 3419 1151 integra;
3466 1098 3529 1138 ex
3572 1084 3637 1138 iis
3687 1093 3791 1139 tres

2200 1172 2434 1228 Victoris
2460 1176 2642 1245 patria:
2699 1172 2920 1227 Vitensis
2967 1172 3205 1242 episcopi
3245 1188 3441 1228 nomen
3491 1173 3701 1229 diserte
3746 1184 3794 1231 et

2199 1281 2307 1321 non
2358 1264 2527 1320 semel
2582 1274 2995 1335 rcprtcsentanl,
3054 1265 3108 1319 in
3159 1273 3350 1334 quarto
3379 1274 3557 1322 autem
3610 1265 3795 1321 Victor

2199 1361 2486 1429 episcopus
2515 1358 2835 1428 simpliciter
2857 1358 3076 1424 dicitur,
3104 1357 3249 1413 nulla
3270 1358 3415 1413 sedis
3458 1359 3628 1429 ipsius
3658 1359 3796 1414 facta

2200 1454 2493 1509 mentione.
2528 1451 2623 1507 llis
2644 1452 2914 1507 consentit
2940 1450 3113 1507 codex
3154 1466 3257 1506 ms.
3284 1450 3577 1507 carthusizc
3608 1451 3798 1507 Porta.

2199 1562 2342 1613 rum,
2376 1546 2623 1615 antiquus
2654 1554 2709 1600 et
2730 1545 2952 1614 Optimae
2986 1553 3148 1611 notae,
3181 1544 3293 1615 qui,
3328 1554 3559 1601 testante
3579 1546 3800 1601 Chime-

2201 1637 2298 1704 tio,
2335 1637 2473 1693 hunc
2505 1636 2716 1691 titulum
2758 1636 3011 1706 praefert:
3041 1635 3296 1708 Prologus
3326 1637 3380 1692 in
3404 1638 3639 1692 Historia
3683 1656 3800 1707 per.

506 1713 896 1805 Vandalorum,
930 1752 998 1792 ne
1028 1737 1174 1806 ipsos
1204 1735 1367 1790 rebus
1398 1734 1571 1790 sacris
1602 1720 1869 1788 violandis
1902 1728 2099 1784 imitari
2130 1713 2178 1775 Β
2205 1730 2478 1786 secuticnis
2518 1729 2802 1800 Africanis.
2853 1730 2990 1783 edita
3039 1745 3070 1783 a
3122 1738 3300 1785 sancto
3361 1730 3566 1784 Victore
3616 1731 3801 1801 patrita

507 1833 841 1888 viderentur.
877 1828 1037 1886 Certe
1067 1843 1131 1884 ea
1160 1828 1259 1882 fuit
1285 1841 1441 1881 mens
1469 1824 1610 1881 beati
1643 1823 1913 1887 Iihenani,
1953 1821 2105 1891 cujus

491 1905 679 1994 'opera
706 1922 880 1993 primo
904 1922 957 1976 in
989 1924 1163 1975 lucem
1210 1917 1791 1988 prodiit:A[ricanam,
1834 1915 2004 1985 inquit
2052 1914 2104 1968 in

491 2002 882 2072 .admonitione
937 2012 1160 2083 praevia,
1209 2007 1425 2063 Victoris
1473 2007 1763 2061 Historia»:
1800 2006 1884 2065 vel.
1908 2007 1961 2059 in
2010 2005 2107 2059 hoc

489 2088 780 2182 'perlegisse
800 2108 1051 2179 proderit,
1101 2105 1241 2174 quod
1285 2105 1367 2158 vix
1397 2103 1545 2155 aliud
1568 2102 1858 2171 exemplum
1901 2102 1967 2154 ad
2018 2100 2107 2154 de—

506 2203 801 2257 terrendum
823 2218 855 2253 a
882 2198 1143 2270 religionis
1166 2198 1315 2251 sectis
1350 2197 1416 2250 sit
1442 2196 1716 2265 efficacius,
1749 2193 1885 2261 quod
1914 2194 1983 2247 ibi
2012 2193 2107 2248 sub

509 2295 688 2349 oculos
735 2302 980 2367 ponatur,
1037 2308 1190 2362 quam
1235 2290 1349 2345 dira
1389 2298 1543 2358 atque
1581 2289 1799 2359 infanda
1820 2286 2107 2343 Christiani

507 2391 562 2443 in
596 2388 915 2443 Christianos
945 2388 1361 2457 perpetrauerint,
1413 2387 1538 2439 dum
1561 2385 1777 2439 Barbari
1806 2401 1899 2437 suo
1922 2385 1973 2437 in
2002 2384 2107 2438 Ro-

494 2470 690 2534 ‘munos
707 2480 825 2534 odio
855 2494 1050 2533 morem
1082 2487 1330 2547 gerentes,
1354 2478 1620 2547 religionis
1646 2486 1892 2545 prwtextu
1914 2477 1967 2529 in
1988 2476 2107 2529 illos

509 2572 747 2627 stevt'unt.
798 2570 936 2624 llinc
973 2578 1082 2624 tam
1122 2570 1428 2638 frequentes
1473 2567 1733 2638 deinceps
1790 2568 1943 2623 fuere
1990 2567 2107 2637 ejus

512 2664 797 2730 editiones,
847 2670 960 2716 tum
989 2662 1043 2717 in
1083 2660 1396 2729 Germania,
1432 2670 1544 2715 tum
1578 2661 1631 2714 in
1660 2659 1854 2727 Gallia,
1897 2660 1949 2714 in
1990 2659 2111 2729 qui-

510 2755 614 2811 bus
664 2752 957 2824 provinciis
1012 2752 1386 2809 haereticorum
1431 2751 1581 2808 furor
1618 2752 1853 2808 maxime
1898 2766 2110 2821 grassa-

511 2849 688 2904 batur.

499 2940 537 3011 ἓν
584 2938 676 2994 1V.
707 2939 876 2995 Porro
906 2938 1067 3009 hujus
1094 2937 1346 2994 Historia:
1384 2940 1667 2993 auctorem'
1697 2937 1862 2995 fuisse
1908 2937 2110 3007 episco-

494 3016 641 3103 p'pum
662 3031 949 3101 quemdam
974 3030 1312 3097 Africanum,
1352 3030 1570 3087 nomine
1600 3030 1897 3097 Victorem,
1930 3030 2108 3085 nullus

512 3139 751 3196 unquam
797 3125 853 3180 in
885 3124 1107 3179 dubium
1143 3124 1448 3192 revocavit;
1482 3135 1536 3180 at
1574 3126 1643 3181 de
1690 3126 1810 3195 ejus
1846 3124 1976 3180 sede
2002 3139 2110 3180 non

497 3199 618 3273 luna
649 3216 750 3272 fuit
778 3218 1019 3273 omnium
1056 3219 1344 3274 sententia.
1395 3218 1543 3275 Libri
1587 3219 1785 3291 quippe
1834 3220 1986 3284 cditi,
2020 3220 2110 3275 alii

500 3305 787 3371 ,Vietorem
816 3309 1149 3377 Uticensem,
1180 3310 1272 3366 alii
1302 3311 1577 3368 Vitensem
1612 3313 1937 3383 praeferunt;
1975 3326 2112 3382 pra:-

498 3400 746 3459 ivaluisse
772 3410 951 3456 tamen
976 3401 1279 3468 videbatur,
1311 3404 1475 3457 etiam
1502 3403 1643 3475 apud
1672 3403 1818 3459 viros
1846 3404 2108 3471 eruditos,

515 3506 706 3548 eorum
735 3492 918 3562 opinio
946 3492 1039 3563 qui
1071 3492 1381 3550 Uticensem
1411 3495 1775 3565 appellabant,
1804 3511 1927 3551 cum
1960 3497 2111 3553 Utica

515 3585 707 3641 civitas
729 3586 979 3640 omnibus
1010 3585 1345 3642 notioresset
1368 3601 1526 3656 quam
1551 3587 1809 3656 Vitensis,
1834 3603 1994 3658 quam
2017 3602 2113 3643 ne-

515 3696 609 3738 mo
663 3680 777 3737 fere
826 3692 1069 3737 noverat.
1131 3680 1329 3737 Verum
1379 3692 1565 3752 postea
1618 3698 1778 3753 quam
1816 3698 1883 3739 ex
1920 3683 2108 3738 notitia

496 3761 769 3828 'Africana
791 3781 1128 3842 compertum
1156 3772 1257 3828 fuit
1282 3773 1550 3830 Victorem
1583 3774 1895 3845 episcopum
1926 3775 2111 3830 Viten-

514 3878 632 3921 sem
657 3864 966 3921 Vandalicte
1021 3865 1417 3935 persecutionis
1459 3866 1793 3938 temporibus
1825 3868 1877 3922 in
1928 3867 2109 3924 Africa

514 3956 786 4026 ﬂoruisse,
827 3973 928 4029 qua
976 3966 1297 4029 tempestate
1340 3958 1611 4017 Uticensis
1640 3961 1927 4032 episcopus
1953 4004 1968 4029 ,
2002 3978 2109 4019 non

498 4048 725 4119 .Victor,
754 4051 847 4108 sed
876 4051 1221 4108 Florentinus
1264 4052 1573 4123 dicebatur,
1609 4062 1667 4108 ut
1695 4070 1760 4109 ex
1788 4055 1976 4111 eadem
2013 4072 2110 4111 no-

513 4142 633 4196 titia
671 4151 836 4211 patet,
871 4153 997 4196 tunc
1040 4158 1200 4198 nemo
1248 4158 1354 4199 non
1385 4160 1643 4201 assensus
1683 4154 1767 4200 est
1818 4147 2107 4215 Victorem,

515 4235 761 4304 prteclari
795 4236 952 4303 hujus
975 4248 1251 4293 auctorem
1288 4239 1492 4308 operis,
1539 4240 1814 4294 Vitenscm
1842 4243 1979 4308 lesse
2016 4257 2110 4308 ap-

517 4323 849 4391 pellandum.
873 4325 1055 4395 Neque
1081 4328 1285 4383 dixeris
1303 4328 1619 4384 Florentino
1647 4330 1882 4385 Uticensi
1915 4332 1967 4385 in
2018 4346 2112 4386 ex-

2220 1824 2439 1878 l'itensis
2470 1824 2729 1892 episcopo.
2765 1823 3023 1878 Eumdem
3054 1833 3329 1879 auctorem
3361 1825 3655 1897 episcopum
3708 1826 3804 1880 Vi-

2211 1926 2423 1978 tensem,
2456 1931 2558 1968 non
2593 1913 2881 1969 Uticensem
2911 1916 3098 1970 diserte
3118 1916 3377 1986 appellari
3398 1918 3451 1972 in
3480 1917 3665 1973 codice
3692 1934 3802 1974 ms.
3863 1958 3866 1963 ρ

2208 2011 2550 2067 bibliotheca:
2600 2011 2874 2067 Vaticante
2926 2020 3112 2067 monet
3168 2012 3346 2068 Lucas
3388 2012 3693 2068 llolstcnius
3750 2015 3806 2069 in

2210 2102 2595 2158 animadversis
2614 2102 2681 2157 ad
2708 2102 3147 2174 Martyrologium
3174 2102 3481 2158 Romanum
3515 2103 3581 2159 ad
3603 2103 3751 2159 diem
3774 2121 3806 2161 χ

2209 2198 2461 2254 calendas
2492 2197 2853 2267 Septembris.
2884 2196 3123 2267 Denique
3147 2196 3338 2252 beatus
3369 2195 3674 2262 Rhenanus,
3700 2197 3807 2267 qui

2210 2292 2415 2362 primus
2444 2304 2587 2346 anno
2612 2290 2750 2345 1555
2794 2290 2935 2346 hanc
2972 2289 3254 2344 historiam
3314 2290 3456 2360 typis
3497 2288 3805 2358 mandavit,

2210 2386 2353 2455 quod
2402 2386 2468 2441 ex
2488 2400 2596 2440 uno
2623 2385 2812 2441 saltem
2846 2398 2949 2440 ms.
2980 2383 3165 2439 codice
3192 2384 3390 2439 factum
3431 2384 3594 2438 fuisse
3628 2383 3808 2437 faten-

2212 2478 2338 2531 dum
2368 2486 2474 2543 est,
2507 2476 2711 2531 Victori
2742 2489 2861 2532 eam
2908 2475 3111 2530 Vitensi
3146 2474 3369 2540 tribuit;
3410 2476 3551 2545 quod
3583 2490 3715 2529 sane
3757 2477 3808 2531 ei

2214 2585 2320 2623 non
2350 2570 2665 2634 accidisset,
2695 2572 2738 2625 si
2763 2570 2911 2626 illius
2937 2572 3106 2626 codex
3135 2569 3403 2627 Uticensis
3428 2570 3721 2626 notissima:
3753 2571 3809 2627 in

2213 2661 2392 2715 Africa
2420 2660 2572 2716 urbis
2613 2662 2768 2717 titulo
2817 2660 3004 2717 fuisset
3045 2660 3353 2731 insignitus.
3406 2661 3562 2717 Unde
3604 2661 3811 2716 inferre

2212 2752 2357 2816 licet,
2386 2752 2602 2807 codices
2645 2767 2714 2808 ex
2766 2752 2937 2819 Italia,
2972 2749 3263 2808 Germania
3295 2760 3350 2807 et
3390 2751 3565 2807 Gallia
3597 2753 3647 2807 in
3697 2753 3811 2809 hoc

2215 2859 2379 2899 unum
2407 2844 2740 2913 consentire,
2771 2853 2830 2901 ut
2865 2844 3050 2901 Victor
3100 2845 3202 2900 iste
3232 2845 3482 2911 Vitensis,
3534 2860 3639 2901 non
3686 2843 3811 2901 Uti-

2213 2936 2391 2991 censis
2417 2936 2648 2992 dicatur.

2285 3032 2350 3085 V.
2392 3032 2602 3087 Primus
2641 3031 2877 3087 omnium
2899 3031 2989 3102 qui
3018 3032 3288 3087 sincerum
3338 3031 3496 3102 hujus
3522 3030 3697 3100 operis
3734 3032 3813 3086 ti-

2217 3124 2385 3181 tulum
2404 3124 2665 3195 corrupit,
2690 3123 2905 3178 videtur
2935 3123 3101 3179 fuisse
3134 3122 3471 3179 Reinhardus
3500 3123 3811 3181 Lorichius.

2214 3217 2313 3272 Hic
2342 3217 2540 3287 quippe
2579 3224 2721 3271 anno
2771 3216 2911 3272 1557
2941 3214 3181 3271 Colonia
3219 3216 3465 3272 eamdem
3517 3216 3813 3271 Historiam

2212 3310 2313 3365 sub
2361 3310 2579 3364 Victoris
2623 3310 2805 3378 patria:
2859 3308 3113 3364 Uticensis
3160 3298 3378 3367 nomine
3434 3309 3738 3382 evolgavit,
3774 3327 3811 3364 a

2215 3405 2465 3458 tinearum
2498 3403 2718 3474 injuria,
2750 3403 2937 3473 quibus
2966 3403 3145 3456 arrodi
3185 3402 3468 3465 videbatur,
3501 3414 3557 3457 ut
3587 3403 3698 3472 ipse
3723 3402 3813 3456 lo—

2213 3497 2411 3567 quitur,
2442 3496 2786 3551 vindicatam.
2839 3495 2909 3550 Et
2937 3495 3182 3566 quamvis
3220 3510 3361 3550 anno
3396 3494 3525 3550 1541
3560 3494 3809 3550 Rhenani

2213 3590 2379 3645 editio
2404 3588 2626 3644 Parisiis
2644 3588 2785 3659 apud
2810 3586 3089 3643 Galeotum
3120 3588 3455 3655 Pratensem,
3487 3590 3677 3642 iterum
3703 3589 3813 3643 sub

2214 3680 2448 3737 Victoris
2480 3680 2717 3737 Vitensis
2752 3681 2971 3737 nomine
3011 3694 3199 3736 recusa
3241 3680 3437 3747 fuerit;
3470 3697 3589 3736 cum
3626 3693 3809 3737 tamen

2214 3772 2457 3842 ejusdem
2500 3773 2600 3827 hoc
2638 3773 2757 3842 ipso
2804 3788 2945 3828 anno
2981 3772 3150 3829 altera
3196 3772 3429 3829 Loricbii
3470 3774 3657 3844 editio,
3704 3775 3811 3830 sub

2214 3865 2448 3921 Victoris
2481 3864 2747 3921 Uticensis
2776 3864 3014 3934 nomine,
3050 3867 3252 3937 pariter
3279 3867 3415 3923 facta
3449 3868 3635 3924 fuisset
3658 3869 3811 3924 Basi-

2214 3960 2313 4017 lete
2354 3959 2495 4032 apud
2522 3959 2977 4027 Westhemerum,
3027 3959 3369 4031 placeretque
3412 3961 3621 4017 cunctis
3666 3960 3808 4016 bella

2213 4035 2327 4121 illa,
2356 4064 2416 4109 ut
2440 4048 2569 4123 ipsis
2600 4052 2903 4117 videbatur,
2935 4050 3237 4116 restitutio;
3268 4052 3393 4106 inde
3416 4051 3611 4107 factum
3642 4063 3809 4108 estut

2213 4128 2603 4215 subsequentes
2625 4144 2888 4199 editiones
2919 4158 3126 4208 omnes,
3155 4145 3267 4199 sive
3314 4145 3366 4199 in
3394 4144 3583 4210 Gallia,
3615 4146 3729 4201 sive
3751 4143 3808 4200 in

2215 4237 2525 4301 Germania,
2550 4246 2644 4290 aut
2670 4236 2721 4291 in
2753 4236 2872 4291 aliis
2917 4238 3247 4307 regionibus,
3279 4237 3508 4293 Victoris
3542 4238 3809 4294 Uticensis

2217 4341 2411 4382 nomen
2445 4326 2798 4396 praetulerint.
2843 4328 2928 4384 An
2960 4342 3088 4384 vero
3125 4328 3175 4384 id
3222 4329 3443 4399 proprio
3480 4332 3672 4398 marte,
3716 4340 3809 4385 aut

518 4413 644 4470 silio
668 4415 809 4485 apud
834 4414 1109 4473 Corsicam
1138 4416 1396 4473 defuncto
1441 4420 1711 4475 Victorem
1759 4421 1898 4476 forte
1945 4422 2282 4518 fuisseDex
2325 4420 2527 4478 codicis
2569 4420 2795 4491 alicujus
2841 4423 2968 4476 vitio
3011 4420 3064 4477 id
3121 4422 3450 4477 commiserit
3500 4421 3807 4488 Loriehius,

517 4506 897 4572 substitutum,
930 4508 1021 4575 qui
1074 4508 1216 4565 hanc
1257 4508 1538 4566 historiam
1589 4511 1956 4580 descripserit.
1991 4516 2112 4571 Ista:

520 4597 665 4652 enim
694 4612 861 4654 merae
903 4607 1030 4653 sunt
1056 4600 1385 4671 conjectura:
1416 4618 1536 4673 qua:
1566 4602 1811 4659 codicum
1858 4620 1987 4661 mss.
2021 4622 2113 4663 au-

518 4692 759 4747 ctoritati
805 4693 1098 4761 praevalere
1144 4710 1480 4766 nequaquam
1540 4707 1784 4767 possunt,
1817 4702 2112 4770 praesertim

520 4798 642 4839 cum
672 4783 943 4855 episcopis
978 4795 1106 4842 tunc
1131 4787 1400 4845 defunctis
1430 4791 1606 4847 nullos
1645 4791 1781 4847 alios
1815 4793 1865 4847 in
1908 4792 1990 4849 his
2027 4803 2114 4849 tu—

520 4878 777 4933 multibus
822 4878 988 4935 fuisse
1012 4880 1335 4938 substitutos
1359 4896 1612 4941 conSIare
1642 4886 1908 4942 videatur.
1945 4886 2112 4943 Porro

520 4971 613 5039 qui
647 4970 912 5056 Victorem
955 4974 1264 5031 Uticensem
1286 4992 1385 5049 pro
1415 4977 1626 5035 Vitensi
1658 4981 2012 5049 intruserunt,
2058 4982 2111 5038 id

519 5065 911 5121 commiserunt
963 5083 1029 5123 ex
1056 5069 1399 5139 ignoratione
1454 5073 1598 5129 sedis
1638 5073 1899 5143 Vitensis,
1960 5076 2112 5145 cujus

518 5152 641 5209 loco
669 5154 976 5215 Uticensem
1007 5160 1111 5217 sibi
1154 5170 1339 5219 notam
1382 5164 1798 5233 substituerunt,
1858 5168 2109 5224 mendum

518 5247 575 5302 in
610 5249 846 5318 antiquis
893 5254 1292 5324 exemplaribus
1345 5257 1635 5330 irrepsisse
1687 5264 1978 5332 suspicati;
2013 5265 2108 5320 sed

520 5340 713 5396 eadem
741 5356 933 5400 vocum
956 5346 1215 5404 affinitate
1240 5365 1345 5420 qua
1399 5352 1536 5409 alios
1574 5353 1792 5410 delusos
1816 5356 1981 5412 fuisse
2001 5357 2115 5412 exi-

517 5434 831 5503 stimabant,
880 5453 1001 5495 sese
1049 5441 1150 5511 ipsi
1208 5442 1544 5503 deluserunt.
1601 5446 1793 5503 Merito
1847 5451 2028 5519 itaque
2082 5465 2112 5505 a

519 5523 681 5583 Petro
709 5526 994 5587 Fraucisco
1019 5532 1287 5590 Chifﬂetio
1326 5536 1383 5593 S.
1417 5538 1470 5595 J.
1519 5540 1859 5611 presbytero,
1905 5542 2111 5597 Victori

520 5614 731 5676 Vitensi
760 5622 1032 5696 episcopo,
1063 5634 1315 5697 tanquam
1347 5643 1447 5683 suo
1474 5643 1607 5685 vero
1645 5645 1708 5686 ac
1736 5632 1977 5702 legitimo
2014 5648 2111 5688 au-

502 5711 685 5789 steri,
727 5712 960 5776 Historia
1000 5716 1263 5779 Africanae
1294 5722 1689 5793 persecutionis
1718 5724 1964 5791 restituta
2002 5734 2105 5784 est.

736 5845 793 5869 οἳ(
887 5848 938 5876 ’Ἧι-

2220 4514 2352 4570 mihi
2384 4530 2514 4571 sane
2542 4516 2806 4572 incertum
2832 4524 2948 4572 est:
2975 4516 3220 4587 quamvis
3260 4515 3535 4587 probabile
3563 4517 3811 4573 rideatur

2219 4609 2459 4665 codicem
2502 4609 2669 4680 ipsius
2718 4610 2927 4665 caeteris
2968 4609 3197 4665 similem
3242 4610 3428 4678 fuisse,
3485 4609 3645 4680 idque
3684 4609 3811 4666 inde

2219 4702 2470 4771 conjieio,
2499 4702 2640 4772 quod
2684 4704 2826 4758 hunc
2871 4711 3147 4759 auctorem
3186 4702 3436 4757 Victorem
3478 4703 3662 4773 patria:
3690 4702 3811 4758 Uti-

2217 4798 2377 4852 censis
2416 4797 2711 4865 episcopum
2747 4796 3001 4868 appellet,
3031 4806 3088 4851 tit
3128 4795 3312 4853 caeteri
3353 4804 3595 4851 nostrum
3630 4796 3812 4852 Victo-

2220 4903 2334 4945 rem
2384 4890 2566 4957 patria:
2614 4888 2849 4944 Vitensis.
2884 4890 2951 4944 Et
2972 4889 3186 4959 quidem
3233 4890 3413 4959 patrita
3440 4905 3542 4944 vox
3585 4889 3809 4945 dioecesi

2221 4982 2379 5037 alicui
2405 4983 2624 5053 integra:
2662 4982 2851 5039 melius
2881 4997 3039 5052 quam
3071 4984 3187 5039 urbi
3227 4982 3593 5051 nobilis‘simae,
3631 4982 3811 5053 qualis

2221 5085 2336 5131 erat
2366 5076 2540 5143 Utica,
2562 5086 2868 5147 competere
2899 5077 3126 5133 videtur.
3156 5078 3426 5133 Victorem
3453 5078 3593 5132 enim
3624 5077 3811 5146 patria:

2222 5167 2453 5223 Vitensis
2480 5168 2791 5239 episcopum
2818 5169 3020 5225 dictum
3076 5168 3241 5226 fuisse
3277 5170 3430 5226 facile
3459 5169 3807 5235 crediderim,

2222 5262 2363 5333 quod
2406 5276 2527 5317 cum
2568 5263 2618 5316 in
2668 5262 2809 5317 illius
2838 5263 3057 5319 dioecesi
3093 5263 3235 5319 nulla
3276 5273 3419 5318 esset
3461 5262 3609 5326 urbs,
3645 5264 3810 5317 totius

2219 5355 2444 5423 alicujus
2486 5369 2662 5424 parvae
2696 5356 2929 5425 regionis
2958 5357 3244 5428 episcopus
3282 5356 3581 5413 dicebatur.
3621 5355 3712 5412 Sic
3756 5356 3810 5413 in

2218 5448 2532 5502 Marmarica
2564 5446 2657 5501 tuti
2683 5450 2970 5514 provinciae
2991 5466 3129 5506 unus
3159 5454 3442 5522 episcOpus
3470 5462 3719 5521 praeerat,
3756 5455 3809 5508 itt

2218 5556 2319 5611 qua
2350 5555 2469 5595 cum
2518 5555 2627 5594 non
2655 5550 2798 5596 esset
2837 5542 3023 5598 civitas
3062 5544 3348 5600 admodum
3395 5546 3647 5609 celebris,
3688 5559 3809 5614 qua:

2217 5641 2533 5688 etetcrarum
2558 5642 2717 5702 caput
2734 5647 2853 5688 esse
2875 5647 3193 5705 mereretur,
3220 5638 3505 5708 episcopus
3534 5652 3674 5692 nunc
3697 5638 3806 5703 hic,

2218 5742 2363 5791 nunc
2391 5726 2497 5784 illic
2540 5724 2723 5785 sedem
2761 5727 2988 5801 habens,
3022 5733 3184 5789 totius
3232 5732 3467 5811 regionis
3521 5733 3810 5809 episcopus
