4080 6350
260 428 371 487 “5

1619 418 2145 477 PROLEGOMENA.

3426 431 3526 489 μϐ

262 541 643 613 appellabatur.
676 539 783 596 Sed
807 553 942 608 opus
962 553 1066 593 non
1089 546 1170 594 est
1193 537 1350 607 hujus
1378 536 1455 592 rei
1480 537 1723 606 exempla
1746 552 1841 592 ex—
1868 539 1923 597 Α
1949 538 2126 605 perire
2171 538 2315 593 licet.
2372 540 2601 608 Primus,
2644 542 2736 613 qui
2770 542 2994 599 Victoris
3042 544 3194 600 istius
3236 556 3433 601 nomen
3466 544 3526 601 in

192 705 196 709 ‘
255 645 336 691 tra
364 633 556 689 Atticm
588 632 785 686 limites
827 630 1082 697 mutuari,
1105 645 1227 684 cum
1266 629 1319 682 in
1350 629 1577 685 concilio
1616 628 1835 682 Latera-

255 728 404 783 nensi
439 725 538 780 sub
562 733 751 779 sancto
797 725 1044 791 Martino,
1089 724 1304 778 actione
1344 724 1401 787 2,
1450 724 1587 777 inter
1613 732 1837 778 caeteros

255 816 437 872 Patres
472 818 778 887 Byzacenos
812 814 1191 885 subscripserit
1221 814 1491 870 Candidus
1531 814 1698 884 gratia
1742 815 1837 871 Dei

258 908 534 979 episcopus
558 911 744 975 patrita
778 905 1040 960 Dicensis.
1071 904 1181 959 Nec
1208 905 1399 959 mirum
1428 906 1597 960 videri
1628 906 1836 974 episco-

250 1010 348 1071 pos
375 998 492 1053 sine
520 997 740 1052 civitate
771 995 954 1060 fuisse,
986 1010 1107 1049 cum
1134 1006 1339 1050 certum
1370 996 1439 1050 sit
1468 997 1521 1051 in
1543 995 1721 1050 Africa
1742 1011 1835 1051 co—

252 1108 369 1149 rum
391 1092 694 1162 complures
724 1091 779 1145 in
802 1091 941 1145 villis
966 1098 1021 1145 et
1064 1089 1240 1145 fundis
1267 1100 1323 1145 et
1352 1105 1449 1159 per
1476 1105 1633 1160 agros
1673 1090 1828 1145 insti-

248 1176 390 1241 lutos
431 1184 619 1249 fuisse,
646 1193 705 1237 ut
732 1181 833 1236 sibi
881 1180 1107 1236 invicem
1151 1181 1547 1251 exprobravere
1586 1182 1832 1239 Aurelius

251 1277 565 1345 catholicus,
597 1283 653 1330 et
694 1274 993 1329 Primianus
1040 1274 1336 1342 Donatista,
1384 1274 1830 1337 Carthaginenses

251 1368 508 1440 episcopi,
546 1367 601 1422 in
622 1366 921 1423 Collatione
939 1366 1192 1437 Carthag.
1225 1381 1344 1436 cap.
1379 1366 1474 1421 181
1507 1375 1561 1421 et
1584 1367 1707 1434 182,
1740 1381 1832 1421 co-

250 1464 376 1534 gnit.
409 1464 463 1519 1.

318 1554 401 1609 Vl.
435 1553 640 1629 Verum
669 1552 904 1609 Vitensis
945 1553 1088 1609 sedis
1126 1552 1506 1610 obscuritatem
1547 1555 1602 1610 in
1645 1564 1827 1609 nostro

253 1647 459 1702 Victore
486 1646 752 1716 primatus
792 1645 1049 1715 dignitate
1073 1655 1476 1715 compensatam
1507 1646 1667 1702 fuisse
1693 1661 1826 1701 con-

248 1739 411 1795 tendit
432 1737 756 1805 Chimetius,
785 1739 875 1809 qui
902 1754 1023 1809 cap.
1046 1739 1081 1793 9
1100 1738 1344 1808 opusculi
1374 1739 1428 1793 in
1459 1740 1705 1795 eumdem
1732 1754 1828 1793 au-

251 1839 442 1885 ctorem
466 1845 596 1884 cum
637 1830 809 1898 ipsum
849 1844 970 1885 esse
1006 1837 1190 1885 censet
1221 1828 1489 1885 Victorem
1536 1831 1823 1899 provinciae

1942 626 2115 683 Fastis
2135 630 2302 685 sacris
2333 632 2634 687 ascribendi
2658 635 2995 690 occasionem
3031 636 3281 706 praebuit,
3311 635 3526 692 videtur

1941 720 2104 777 fuisse
2126 723 2315 779 Petrus
2341 726 2405 779 de
2431 724 2725 794 Natalibus,
2760 737 2817 782 ut
2838 729 3056 798 conjicit
3081 728 3401 785 Chiflletius.
3427 730 3525 785 llic

1888 876 1893 883 _
1938 819 2079 874 enim
2110 819 2198 875 die
2232 819 2301 875 20
2348 822 2545 889 Aprilis
2587 822 2853 878 Victorem
2897 828 3206 896 episcopum
3244 826 3523 897 Carthagi-

1937 924 2159 964 nensem
2194 911 2391 979 laudat,
2421 927 2579 981 quem
2617 914 2689 967 ait
2738 914 3017 970 sanctitate
3056 926 3110 971 et
3147 917 3389 971 doctrina
3423 917 3523 973 sub

1936 1002 2220 1057 Anastasio
2250 1003 2574 1073 imperatore
2598 1004 2860 1071 ﬂoruisse,
2886 1007 3041 1076 eique
3060 1008 3241 1062 omnia
3262 1008 3522 1077 opuscula

1935 1092 2311 1164 attribuitque:
2340 1094 2648 1151 Gennadius
2689 1097 2743 1150 in
2782 1096 3045 1166 catalogo,
3085 1112 3203 1166 cap.
3233 1099 3321 1164 77,
3362 1113 3392 1151 a
3422 1095 3523 1152 Vi-

1933 1193 2082 1239 ctore
2107 1184 2463 1241 Cartennensi
2488 1188 2743 1259 episcopo
2766 1188 2907 1243 edita
2936 1199 3343 1245 commemorat.
3373 1190 3520 1245 Mau—
3578 1207 3583 1213 ·

1931 1276 2128 1332 rolicus
2171 1278 2335 1333 abbas
2364 1280 2580 1335 Petrum
2620 1290 2857 1350 secutus,
2890 1283 3079 1337 eadem
3115 1283 3203 1337 die
3249 1284 3517 1339 Victorem
3574 1334 3575 1337 η

1930 1366 2405 1439 Carthaginiensem
2436 1372 2769 1441 episcopum,
2800 1373 2975 1427 virum
3006 1372 3399 1436 doctissimum,
3424 1374 3518 1443 qui
3574 1372 3589 1413 ‘-

1930 1458 2031 1512 sub
2072 1458 2357 1514 Anastasio
2392 1461 2715 1529 imperatore
2758 1463 2972 1531 claruit,
3015 1464 3270 1531 celebrat,
3319 1465 3517 1519 omisso

1929 1564 2148 1619 operum
2172 1552 2431 1622 catalogo.
2454 1554 2642 1609 Petrus
2658 1554 2962 1610 Galesiuius
2986 1556 3144 1625 paulo
3163 1557 3318 1611 aliter
3334 1556 3517 1623 habet,

1929 1657 2124 1713 nempe
2153 1643 2312 1698 Utica:
2338 1646 2391 1698 in
2417 1646 2593 1714 Africa
2621 1648 2782 1701 sancti
2822 1648 3046 1703 Victoris
3075 1650 3299 1719 episcOpi
3319 1658 3367 1702 et
3395 1664 3516 1702 con-

1928 1737 2155 1805 fessoris,
2195 1747 2356 1807 atque
2398 1740 2451 1792 in
2502 1740 2938 1795 annotationibus
2980 1742 3286 1810 complures
3336 1741 3518 1796 laudat

1931 1827 2170 1883 Victores
2226 1829 2526 1896 Africanos,
2577 1832 2769 1900 quibus
2823 1831 2876 1885 id
2926 1832 3157 1902 elogium
3210 1841 3517 1901 competere

248 1924 537 1994 Byzacenm
580 1923 888 1993 primatem,
920 1937 1028 1993 quo
1059 1923 1389 1978 concedente
1421 1922 1730 1992 Fulgentius
1769 1923 1821 1978 in
1852 1911 1898 1973 Β
1929 1922 2115 1990 possit.
2151 1923 2218 1975 At
2257 1922 2535 1976 Ferrarius
2566 1923 2619 1977 in
2647 1922 2888 1993 catalogo
2917 1924 3153 1992 generali
3178 1932 3512 1991 sanctorum,

172 2054 177 2061 .
248 2014 539 2082 Ruspensis
577 2012 827 2068 Ecclesia:
856 2013 1107 2068 thronum
1151 2022 1369 2068 evectus
1406 2020 1509 2081 est,
1545 2021 1602 2067 ut
1644 2021 1824 2068 narrat

247 2103 402 2175 ipsius
433 2104 701 2175 Fulgentii
732 2104 867 2159 Vita:
904 2106 1134 2174 scriptor
1154 2120 1271 2174 cap.
1305 2106 1392 2161 16.
1432 2105 1490 2159 ld
1536 2115 1594 2160 ut
1634 2106 1823 2175 probet

248 2196 321 2250 vir
336 2196 601 2264 eruditus,
624 2196 877 2251 observat
904 2196 956 2250 in
979 2197 1175 2251 Notitia
1204 2197 1450 2252 Africana
1480 2207 1585 2253 tres
1613 2199 1819 2253 solum-

248 2288 396 2344 modo
428 2288 675 2343 Victores
716 2289 853 2344 inter
884 2288 1074 2344 Patres
1109 2289 1415 2359 Byzacenos
1444 2288 1651 2356 haberi,
1690 2305 1823 2358 quo-

247 2395 355 2435 rum
378 2379 548 2449 prior,
573 2378 754 2434 Victor
777 2378 987 2435 scilicet
1014 2380 1267 2436 Narensis
1284 2382 1587 2449 episcopus,
1611 2380 1821 2436 decimo

248 2473 396 2526 tertio
420 2472 541 2526 loco
567 2479 915 2538 recensetur;
949 2471 1136 2527 Victor
1165 2471 1554 2527 Gauvaritanus
1594 2486 1821 2539 nonage-

250 2565 376 2619 simo
402 2563 601 2632 primo,
630 2576 694 2618 ac
722 2561 955 2632 denique
1003 2571 1185 2617 noster
1224 2561 1482 2627 Vitensis,
1520 2561 1608 2631 qui
1642 2560 1819 2616 locum

251 2656 571 2726 trigesimum
604 2640 816 2712 sexium
852 2656 907 2711 in
936 2671 998 2711 ea
1033 2656 1257 2712 obtinet.
1290 2655 1360 2709 At
1400 2650 1551 2724 teque
1582 2654 1819 2709 insolens

248 2748 443 2803 videtur
468 2747 741 2803 Chiflletio
766 2747 1035 2803 aflirmare
1078 2748 1358 2817 episcopos
1388 2748 1696 2816 nonaginta,
1726 2752 1820 2800 aut

246 2840 569 2896 solummodo
598 2840 903 2908 duodecim,
934 2841 1117 2912 viginti
1158 2855 1420 2895 annorum
1448 2841 1620 2911 spatio
1650 2839 1817 2894 inter-

247 2933 389 3002 iisse,
422 2932 647 3003 hincque
675 2949 793 2988 rem
828 2934 940 2989 veri
982 2933 1204 2988 omnino
1232 2933 1459 2988 similem
1496 2947 1616 2988 esse
1645 2940 1812 3003 putat,

248 3024 504 3081 Victorem
536 3026 827 3097 Byzacente
860 3039 970 3081 suae
1014 3025 1303 3096 provincia:
1348 3025 1633 3095 primatum
1675 3025 1817 3078 obti-

246 3119 431 3174 nuisse.
478 3119 535 3174 ld
569 3134 700 3175 vero
739 3119 784 3173 si
820 3118 1149 3186 admittatur,
1187 3118 1556 3175 Confessionis
1606 3118 1815 3172 titulum

244 3210 338 3281 ipsi
360 3211 541 3267 deberi
571 3200 845 3267 fatendum
866 3220 966 3276 est,
992 3227 1097 3266 non
1128 3211 1300 3267 solum
1328 3210 1468 3279 quod
1500 3210 1599 3264 sub
1628 3210 1812 3264 Hune-

1929 2013 2020 2082 qui
2068 2012 2120 2066 in
2173 2014 2552 2084 Martyrologio
2590 2016 2832 2069 Romano
2866 2031 2971 2069 non
3019 2015 3305 2080 habentur,
3357 2013 3515 2069 habet

1926 2105 2281 2172 solummodo,
2314 2104 2380 2159 In
2416 2107 2589 2175 Africa
2618 2108 2779 2159 sancti
2827 2107 3046 2161 Victoris
3074 2107 3316 2177 episcopi,
3354 2119 3515 2173 quem

1928 2207 2105 2253 tamen
2139 2198 2192 2251 in
2221 2199 2361 2252 notis
2383 2208 2566 2252 monet
2593 2198 2751 2252 alium
2797 2214 2901 2253 non
2942 2214 3063 2254 csse
3092 2215 3120 2252 a
3152 2198 3367 2253 Victore
3397 2196 3516 2253 Uti-

1924 2290 2091 2355 censi,
2123 2294 2210 2360 qui
2231 2290 2508 2345 historiam
2532 2293 2925 2358 persecutionis
2950 2293 3253 2347 Vandalicae
3274 2292 3512 2347 conscri-

1925 2384 2049 2452 psit.
2083 2382 2160 2436 Ex
2184 2382 2376 2452 quibus
2406 2383 2655 2438 omnibus
2692 2392 2839 2453 patet
2875 2385 3157 2439 obscuram
3190 2384 3330 2454 apud
3374 2385 3512 2439 anti-

1923 2488 2056 2543 quos
2086 2473 2252 2528 fuisse
2284 2474 2513 2529 Victoris
2542 2474 2710 2530 nostri
2750 2476 3089 2541 memoriam,
3134 2492 3235 2532 nec
3275 2493 3511 2548 unquam

1922 2578 2117 2619 nomen
2170 2564 2339 2633 ipsius
2367 2565 2419 2618 in
2444 2565 2619 2620 Fastis
2648 2569 2815 2622 sacris
2857 2569 3030 2623 locum
3060 2567 3333 2634 habuisse,
3366 2570 3510 2639 quod

1920 2654 1968 2707 ei
2002 2670 2121 2708 cum
2151 2655 2269 2709 aliis
2296 2656 2659 2725 compluribus
2697 2658 2825 2712 viris
2869 2660 3153 2713 sanctitate
3179 2668 3236 2714 et
3263 2658 3509 2715 doctrina

1919 2745 2290 2801 celeberrimis
2316 2762 2604 2803 commune
2625 2758 2729 2803 est.
2753 2748 2863 2804 Nec
2891 2750 3019 2805 licet
3048 2752 3204 2806 nobis
3232 2765 3300 2806 ex
3331 2752 3508 2807 incer-

1922 2835 1989 2891 tis
2015 2851 2235 2905 prorsus
2262 2847 2315 2893 et
2342 2838 2517 2893 dubiis
2557 2841 2919 2896 monumentis
2950 2842 3150 2898 Victori
3195 2854 3381 2898 nostro
3410 2859 3508 2898 no-

1919 2943 2043 2983 men
2070 2930 2380 2997 conciliare,
2406 2932 2494 2999 qui
2531 2932 2730 2988 solidas
2761 2948 3027 3003 verasque
3066 2935 3253 2991 laudes
3280 2938 3349 2992 ob
3396 2946 3505 2992 tam

1923 3024 2195 3095 egregium
2222 3041 2356 3096 opus
2377 3040 2406 3079 a
2434 3040 2492 3081 se
2517 3025 2716 3082 editum
2750 3036 3007 3096 meretur,
3041 3030 3193 3099 cujus
3220 3032 3505 3100 praeclaras

1919 3118 2161 3183 virtutes,
2195 3128 2252 3173 ut
2282 3119 2570 3189 loquuntur
2603 3120 2854 3177 doctores
2895 3122 3247 3178 Colonienses
3288 3125 3377 3193 qui
3416 3125 3503 3179 Bi-

1918 3210 2197 3269 bliotheca:
2233 3214 2447 3269 Patrum
2486 3216 2774 3272 editionem
2821 3226 3195 3286 procurarunt,
3221 3218 3495 3287 pietatem,

246 3304 350 3359 rico
378 3319 493 3358 cum
542 3304 751 3358 cazteris
794 3302 956 3358 fuerit
988 3303 1308 3374 exagitatus,
1342 3310 1433 3357 aut
1479 3311 1625 3357 certe
1670 3302 1814 3372 quod
1839 3286 1886 3350 Ο
1918 3306 2297 3373 eruditionem,
2339 3309 2613 3380 religionis
2663 3298 2834 3365 zelum
2880 3311 2946 3365 ad
2998 3311 3175 3365 vivum
3215 3286 3500 3380 expressas

243 3393 585 3450 Trasamundi
630 3395 881 3450 violentia
923 3410 955 3450 e
1004 3394 1133 3451 sede
1191 3394 1351 3449 fuerit
1394 3394 1667 3460 abreptus,
1717 3393 1812 3449 sed

244 3488 391 3543 etiam
417 3488 560 3559 quod
584 3488 737 3544 exsul
781 3502 878 3559 pro
906 3487 1105 3545 Christi
1138 3488 1242 3542 lide
1269 3503 1299 3542 e
1326 3487 1461 3542 vivis
1498 3487 1810 3543 excesserit.

244 3579 496 3636 Victorem
526 3579 667 3636 enim
695 3580 982 3651 Byzacenae
1004 3581 1285 3649 primatem
1317 3580 1367 3634 in
1407 3580 1670 3650 Fulgentii
1695 3579 1811 3635 Vita

243 3672 527 3741 laudatum,
558 3673 797 3744 quisquis
835 3672 1048 3729 demum
1095 3672 1274 3740 fuerit,
1326 3672 1561 3727 exsulem
1611 3672 1811 3728 obiisse

245 3766 512 3836 colligitur,
540 3765 681 3836 quod
706 3780 771 3821 eo
797 3774 1036 3835 tempore
1056 3781 1183 3836 quo,
1208 3779 1338 3835 pace
1370 3764 1625 3820 Ecclesiae
1656 3764 1811 3820 resti-

245 3867 361 3927 tuta,
379 3859 649 3931 episcopis
666 3863 718 3914 in
745 3858 901 3914 sedes
922 3874 1047 3914 suas
1074 3859 1252 3914 redire
1274 3858 1447 3925 licuit,
1475 3874 1579 3913 non
1605 3858 1806 3927 Victor,

244 3950 327 4005 sed
368 3951 651 4007 Liberatus
689 3950 977 4022 Byzacenae
1022 3951 1308 4021 provincia:
1350 3950 1633 4020 primatum
1671 3949 1810 4004 obti-

242 4052 397 4101 ηθῐει.

302 4140 406 4194 Vll.
440 4139 661 4210 Maioris
683 4138 911 4193 fortasse
936 4136 1192 4192 momenti
1223 4149 1344 4191 esse
1367 4132 1635 4188 nonnullis
1668 4132 1812 4187 vide-

244 4230 367 4287 bitur
399 4233 502 4288 alia
552 4232 781 4302 quaestio
831 4245 990 4301 quam
1046 4230 1187 4285 idem
1237 4227 1537 4283 Chiilletius
1586 4235 1807 4291 movet,

241 4335 399 4380 utrum
442 4325 651 4381 scilicet
676 4324 862 4379 Victor
903 4323 1061 4392 hujus
1102 4321 1351 4377 llislorim
1397 4321 1627 4388 scriptor
1672 4319 1810 4373 inter

241 4424 436 4471 sanctos
462 4414 753 4485 aliquando
798 4413 999 4469 relatus
1038 4414 1219 4481 fuerit,
1260 4420 1351 4467 aut
1388 4410 1597 4482 publica
1632 4410 1809 4479 aliquo

241 4505 372 4559 cultu
399 4507 651 4561 donatus.
684 4505 861 4574 Ipsum
892 4513 1038 4559 certe
1064 4504 1131 4557 iis
1167 4503 1365 4558 sanctis
1410 4501 1808 4557 confessoribus

240 4596 320 4663 qui
347 4596 441 4652 sub
467 4596 721 4652 Hunerici
767 4595 979 4667 tyranni
1024 4595 1395 4663 persecutione
1424 4609 1520 4663 pro
1564 4592 1685 4647 ﬁdei
1714 4608 1806 4648 ca-

1915 3396 2019 3453 lioc
2047 3398 2098 3452 in
2119 3398 2235 3464 ejus
2259 3414 2425 3469 opere
2451 3416 2673 3457 cernere
2696 3402 2839 3458 licet.

1986 3488 2120 3544 Vlll.
2150 3490 2407 3558 Quaerunt
2430 3492 2555 3547 item
2582 3495 2827 3549 nonnulli
2857 3511 2963 3566 quo
2995 3505 3236 3566 tempore
3265 3496 3347 3550 vel
3371 3510 3503 3566 qua-

1870 3624 1885 3642 .
1915 3595 2039 3636 nam
2089 3583 2143 3636 in
2174 3584 2391 3653 regione
2440 3588 2757 3643 constitutus
2811 3588 2992 3644 Victor
3036 3590 3173 3644 hanc
3222 3589 3501 3645 historiam

1914 3674 2315 3744 conscripserit.
2353 3676 2527 3732 Priori
2556 3679 2842 3748 quaestioni
2889 3666 3067 3735 facere
3110 3681 3241 3735 satis
3278 3680 3498 3735 difﬁcile

1913 3778 2019 3819 non
2050 3774 2151 3832 est,
2176 3780 2299 3821 cum
2329 3766 2555 3835 ipsemet
2573 3768 2753 3823 Victor
2780 3784 2839 3825 se
2860 3785 3022 3838 anno,
3054 3780 3331 3840 postquam
3358 3771 3506 3825 Van-

1912 3857 2017 3910 dali
2038 3857 2089 3911 in
2115 3858 2349 3914 Africam
2369 3861 2591 3929 ingressi
2619 3861 2847 3929 fuerant,
2863 3864 3197 3932 sexagesimo
3217 3865 3500 3933 scripsisse

1915 3957 2160 4015 testetur,
2187 3952 2278 4019 qui
2310 3965 2439 4005 sane
2470 3966 2638 4006 annus
2666 3962 2750 4007 est
2788 3954 3024 4021 vulgaris
3063 3968 3188 4007 cera}
3213 3954 3341 4019 487,
3374 3968 3498 4008 cum

1912 4047 2116 4093 certum
2149 4039 2227 4093 sit
2248 4040 2516 4095 Vandalus
2542 4056 2683 4095 anno
2712 4042 2839 4109 427,
2866 4042 3046 4097 llierio
3071 4058 3106 4095 ll
3133 4051 3187 4097 et
3217 4042 3499 4098 Ardabure

1912 4131 2239 4196 consulibus,
2266 4132 2319 4186 in
2343 4132 2576 4187 Africam
2608 4149 2673 4189 ex
2703 4133 2952 4203 llispania
2977 4135 3267 4204 trajeeisse.
3296 4135 3497 4191 Verum

1913 4239 2018 4279 non
2053 4224 2126 4278 ita
2156 4223 2325 4281 facilis
2354 4234 2437 4280 est
2461 4226 2681 4282 alterius
2711 4227 3022 4297 quteSIionis
3067 4227 3283 4283 solutio.
3320 4228 3497 4285 Victo-

1912 4331 2025 4372 rem
2053 4316 2514 4387 ConstantinOpoli
2543 4318 2611 4374 de
2645 4321 3016 4390 persecutione
3048 4321 3331 4378 Vandalica
3359 4323 3498 4379 scri-

1910 4409 2083 4479 psisse
2106 4408 2403 4464 Chillletius
2432 4408 2591 4465 infert
2617 4426 2677 4466 ex
2722 4411 2930 4467 duobus
2970 4411 3211 4480 ejusdem
3249 4413 3498 4470 Historiae

1908 4498 2062 4555 locis.
2112 4500 2321 4555 Primus
2364 4500 2591 4556 habetur
2640 4501 2775 4557 libro
2814 4517 2864 4567 ν,
2919 4518 3068 4557 num.
3101 4505 3155 4572 7,
3190 4504 3277 4559 ubi
3313 4504 3497 4559 Victor

1911 4600 2033 4661 post
2057 4592 2357 4663 descriptos
2388 4595 2567 4648 varios
2596 4594 2864 4650 cruciatus
2892 4595 3085 4664 quibus
3120 4594 3497 4651 alliciebantur

238 4683 444 4740 tholicaa
469 4686 778 4743 defensione
803 4687 1167 4749 decertarunt,
1203 4685 1547 4741 annumerari
1591 4684 1789 4740 debere
1841 4667 1899 4728 Ι)
1922 4686 2368 4753 ortltodoxi,.hiee
2406 4686 2677 4756 subjungit
2717 4705 2730 4738 :
2776 4688 2883 4742 Sed
2921 4689 3007 4758 qui
3059 4688 3153 4743 hoc
3204 4688 3496 4758 fabulosum

241 4792 409 4848 nemo,
431 4788 489 4834 ut
516 4789 663 4847 puto,
700 4776 1041 4833 inliciabitur.
1071 4777 1209 4846 Quin
1249 4786 1302 4832 et
1342 4777 1393 4831 in
1422 4776 1691 4832 veteribus
1719 4789 1809 4830 co-

240 4872 433 4929 dicibus
469 4888 603 4930 mss.
634 4881 840 4927 sanctus
882 4871 1056 4925 Victor
1096 4870 1294 4941 passim
1334 4870 1650 4939 appellatur.
1701 4868 1806 4923 Sed

242 4963 343 5020 hinc
368 4978 480 5022 erat
499 4976 742 5022 veterum
772 4963 1023 5033 formula,
1053 4978 1157 5034 qua
1186 4963 1270 5019 hic
1300 4962 1483 5018 titulus
1504 4961 1807 5019 auctoribus

241 5058 625 5126 ecclesiasticis,
654 5057 886 5113 maxime
913 5056 1198 5126 episcopis,
1245 5055 1592 5111 tribuebatur.
1642 5055 1808 5124 Magis

242 5148 298 5202 ad
324 5166 431 5205 rem
460 5150 695 5222 pertinet
722 5148 862 5219 quod
890 5162 950 5203 ea
978 5148 1047 5202 de
1073 5162 1133 5203 re
1171 5148 1223 5201 in
1254 5146 1513 5201 hodierno
1547 5147 1809 5217 Martyro-

241 5238 366 5309 logio
410 5241 659 5297 Romano
698 5241 913 5310 legitur,
954 5239 1043 5295 ubi
1085 5239 1172 5294 die
1218 5238 1289 5292 25
1334 5238 1538 5297 mensis
1584 5237 1805 5306 Augusti

242 5327 344 5386 hzec
361 5332 627 5388 habentur
653 5350 665 5384 :
695 5330 857 5385 Utica:
876 5331 930 5385 in
950 5330 1127 5401 Africa
1149 5329 1279 5384 beati
1311 5329 1527 5384 Victoris
1548 5330 1804 5398 episcopi;

238 5436 386 5491 quem
428 5423 704 5479 Victorem
745 5423 1005 5477 Baronius
1044 5423 1097 5477 in
1141 5421 1283 5477 notis
1330 5421 1398 5476 ad
1441 5422 1583 5476 hunc
1629 5422 1806 5477 locum

182 5506 191 5615 ί
240 5525 407 5570 monet
428 5530 553 5571 eum
582 5514 757 5584 ipsum
798 5529 920 5570 esse
959 5514 1050 5585 qui
1089 5514 1159 5569 ob
1201 5513 1455 5584 scriptam
1501 5513 1805 5569 Vandalicas

243 5609 615 5674 persecutionis
635 5607 914 5663 historiam
934 5607 1159 5663 celebris
1186 5613 1287 5662 est.
1313 5609 1381 5661 At
1406 5606 1574 5661 Lucas
1593 5605 1803 5661 Holstc-

242 5698 346 5754 nius
383 5700 439 5755 in
468 5698 860 5755 animadversis
897 5698 963 5754 ad
998 5697 1430 5769 Martyrologium
1478 5697 1799 5767 Romanum,

241 5790 341 5849 haec
364 5793 526 5850 verba
554 5808 587 5849 a
615 5791 1002 5849 recentioribus
1023 5790 1199 5847 addita
1229 5790 1396 5846 fuisse
1419 5788 1541 5858 jure
1569 5804 1803 5860 conque-

240 5887 380 5959 ritur,
402 5902 524 5961 qua:
550 5888 723 5959 reipsa
758 5886 1015 5959 nusquam
1047 5885 1101 5943 in
1133 5883 1365 5958 antiquis
1404 5882 1677 5947 codicibus
1717 5899 1801 5957 re:
1848 5941 1882 5953 ,,

1909 4787 2077 4848 putat,
2111 4777 2362 4832 Uranium
2385 4776 2605 4831 Zenonis
2628 4780 2845 4848 legatum
2871 4779 3167 4850 interroget,
3192 4787 3297 4835 etc.
3320 4780 3495 4834 Locus

1910 4871 2047 4925 alter
2074 4886 2139 4925 ex
2169 4869 2358 4925 eodem
2389 4870 2524 4924 libro
2565 4870 2880 4940 desumptus
2917 4879 3000 4926 est
3034 4886 3184 4925 num.
3224 4872 3276 4936 6,
3308 4870 3397 4925 ubi
3426 4870 3493 4926 de

1910 4962 2234 5032 Tipasitanis
2265 4961 2687 5026 confessoribus,
2717 4963 2807 5031 qui
2846 4962 3047 5032 absque
3082 4962 3259 5032 lingua
3308 4962 3495 5034 loque-

1912 5054 2125 5120 bantur,
2154 5069 2337 5123 agens,
2386 5053 2600 5121 subjicit
2632 5070 2647 5107 :
2696 5053 2758 5108 Si
2792 5054 2905 5123 quis
2932 5054 3225 5108 incredulus
3269 5072 3376 5111 esse
3408 5074 3493 5111 vo-

1915 5147 2088 5212 luerit,
2112 5154 2286 5217 pergat
2311 5161 2445 5198 nunc
2468 5144 2982 5209 ConstantinOpolim,
3011 5154 3117 5200 etc.
3147 5146 3351 5213 Quibus
3373 5165 3493 5204 ver-

1913 5237 2013 5303 bis,
2049 5238 2219 5308 inquit
2247 5236 2565 5301 Chillletius,
2601 5236 2787 5292 Victor
2816 5235 3279 5309 Constantinopoli
3329 5255 3493 5312 agens

1912 5340 2206 5401 prazscntes
2234 5329 2462 5385 lectores
2490 5328 2678 5384 invitat
2708 5338 2765 5384 ut
2809 5329 3068 5386 Uranium
3118 5331 3173 5387 in
3209 5332 3331 5388 aula
3373 5350 3495 5390 ver-

1911 5429 2120 5477 santem
2150 5422 2499 5492 interrogent,
2528 5420 2778 5478 absentes
2809 5436 2937 5478 vero
2985 5424 3040 5478 in
3083 5425 3271 5481 urbem
3308 5437 3367 5481 ut
3404 5440 3494 5481 ve-

1913 5515 2082 5580 niant,
2114 5522 2276 5569 totam
2296 5514 2686 5585 persecutionis
2714 5516 2912 5571 seriem
2940 5517 3225 5586 cognituri.
3254 5516 3493 5584 Hincque

1912 5606 2070 5662 infert
2119 5608 2236 5661 illos
2286 5607 2551 5662 antistites
2603 5607 2693 5677 qui
2726 5608 2792 5663 ad
2840 5608 3043 5663 calcem
3083 5607 3299 5662 Notitiae
3348 5605 3494 5660 Afri-

1909 5713 2078 5765 canm,
2116 5699 2195 5751 hic
2224 5698 2433 5771 relegati
2488 5698 2758 5764 dicuntur,
2811 5697 3276 5765 Constantinopoli
3325 5710 3490 5753 exsu-
3548 5748 3555 5757 .

1910 5790 2069 5846 lasse.
2099 5791 2206 5846 Sed
2244 5792 2383 5847 hanc
2421 5791 2725 5861 opinionem
2760 5791 3056 5848 Cotelerius
3086 5797 3231 5844 tomo
3276 5788 3344 5844 ΙΙΙ
3382 5789 3494 5847 Μο‹

1911 5894 2289 5943 numentorum
2319 5886 2573 5943 Ecclesia:
2600 5885 2825 5952 Crescat,
2860 5886 2913 5939 in
2935 5882 3075 5939 notis
3096 5879 3161 5936 ad
3180 5880 3341 5942 vitam
3372 5897 3493 5943 sam
