4080 6350
508 406 611 467 M7

1827 394 2079 452 VICTOR
2114 393 2446 454 VI'I‘ENSIS.
2540 451 2549 461 ,

3676 400 3788 460 H8

508 525 582 583 eti
610 524 765 581 Saba
801 520 1084 593 improbat,
1117 516 1261 589 quod
1301 517 1479 573 minus
1516 522 1662 571 recte
1705 514 1781 570 illi
1821 512 2086 567 antistites
2111 512 2169 571 Δ
2191 514 2501 584 episcopum
2527 520 2581 569 et
2609 512 2947 567 Ruﬁnianum
2987 512 3227 569 exsulem
3255 526 3323 568 ex
3360 512 3541 568 Africa
3570 516 3787 585 episco-

509 611 1024 681 Constantinopolim
1053 609 1261 679 relegati
1291 608 1612 662 dicerentur.
1658 604 1857 672 Potuit,
1891 603 2081 674 inquit,

512 708 831 769 Hunericus,
855 718 945 757 rea:
977 700 1355 767 Vandalorum,
1373 700 1637 770 episcopos
1661 698 1936 751 catholicos
1956 696 2087 749 rele-

509 816 632 870 gare
652 800 704 851 in
722 796 863 849 varia
889 792 1005 847 loca
1032 790 1239 845 ditionis
1266 807 1391 856 suat,
1420 790 1584 861 potuit
1618 805 1644 841 e
1677 804 1833 858 regno
1861 802 1953 841 suo
1990 801 2083 840 ea:-

510 891 714 961 pellere,
746 887 911 959 potuit
942 882 1436 955 Constantinopolim
1466 883 1685 946 mittere,
1709 881 1798 934 sed
1832 880 2088 951 ejusmodi

509 983 684 1036 missio
709 995 1027 1050 nequaquam
1054 978 1296 1049 relegatio
1332 976 1581 1030 censenda
1613 984 1705 1027 est.
1737 972 1886 1029 Unde
1928 972 2088 1027 infert

510 1074 591 1129 vir
641 1072 883 1127 cruditus
940 1068 1269 1139 probabilius
1317 1081 1436 1135 esse
1504 1066 1775 1122 Victorem
1820 1065 1875 1118 in
1915 1063 2086 1119 veteri

510 1167 696 1237 Epiro,
726 1179 845 1233 qua
874 1162 1021 1232 regio
1040 1160 1293 1215 Vandalis
1315 1160 1553 1229 subjecta
1582 1167 1717 1226 erat,
1749 1160 2086 1214 exsulantem

510 1258 897 1327 conscripsisse
922 1254 1197 1309 historiam
1227 1268 1397 1321 suam,
1429 1270 1548 1323 quae
1576 1254 1736 1309 etiam
1795 1253 1953 1307 fuerit
1994 1266 2084 1307 oc-

510 1351 655 1408 casio
681 1363 813 1418 opus
841 1362 994 1403 suum
1023 1346 1361 1416 nttncupandi
1394 1345 1688 1412 Diadocho,
1716 1346 1807 1415 qui
1825 1344 1877 1399 in
1899 1344 2088 1400 eadem

512 1442 781 1513 provincia
813 1440 1100 1510 episcopus
1136 1438 1300 1493 fuisse
1327 1437 1542 1492 dicitur.
1589 1435 1787 1491 Verum
1822 1437 1867 1490 si
1907 1435 2088 1504 conje-

509 1535 681 1591 cturis
707 1534 785 1589 uti
835 1533 981 1598 licet,
1013 1530 1145 1586 mihi
1179 1530 1525 1585 verisimilius
1568 1528 1785 1585 videtur.
1821 1528 2087 1583 Victorem

511 1628 567 1681 in
616 1624 798 1680 Africa
840 1622 1118 1678 historiam
1164 1635 1314 1676 suam
1358 1635 1631 1677 exarasse.
1686 1620 1844 1675 Multa
1894 1620 2089 1691 quippe

511 1717 672 1771 habet
706 1715 903 1785 passim
926 1713 1117 1784 quibus
1154 1712 1327 1768 innuit
1354 1726 1415 1768 se
1462 1713 1515 1767 in
1553 1712 1753 1767 exteris
1783 1712 2090 1782 regionibus

510 1824 617 1865 non
645 1818 917 1865 versatum
948 1808 1113 1862 fuisse
1131 1820 1251 1862 cum
1274 1806 1413 1862 hanc
1435 1807 1717 1861 scriberet.
1732 1805 1830 1872 Qui
1854 1819 1984 1860 vero
2004 1804 2089 1858 hic

2192 622 2314 673 pum
2344 608 2513 674 ipsum
2546 622 2574 659 a
2604 606 2875 675 proposito
2900 619 3213 672 revocasse;
3254 606 3394 676 quod
3428 606 3636 663 scilicet
3664 624 3788 666 mo-

2192 698 2391 753 nachos
2422 698 2491 752 ibi
2522 697 2776 766 degentes
2805 715 2838 751 a
2865 698 3219 752 communione
3247 698 3380 752 beati
3412 698 3553 754 Petri
3579 702 3787 771 perﬁda

2191 792 2434 847 dissensio
2474 800 2751 863 separaret.
2802 791 2937 848 Vide
2976 791 3111 846 infra
3143 801 3325 847 notam
3353 793 3387 849 3
3418 793 3471 847 in
3505 793 3786 851 Victorem

2196 884 2463 941 Vitensem
2496 899 2615 954 pag.
2648 884 2739 951 6i,
2777 884 2867 939 62.
3794 958 3801 970 _

2263 978 2330 1032 Χ.
2395 978 2519 1033 Haec
2569 977 2795 1033 Victoris
2846 975 3075 1033 Historia
3134 992 3198 1032 ea
3240 978 3614 1049 complectitur
3658 995 3789 1051 quae

2194 1069 2417 1125 Vandali
2446 1070 2709 1125 adversus
2732 1070 3063 1126 orthodoxos
3088 1072 3408 1126 commisere
3446 1072 3514 1127 ab
3542 1073 3659 1143 ipso
3688 1088 3789 1129 eo-

2193 1176 2311 1217 rum
2345 1163 2587 1233 ingressu
2618 1178 2785 1232 usque
2812 1162 2878 1217 ad
2910 1162 3159 1218 Hunerici
3192 1174 3455 1230 mortem;
3498 1164 3568 1220 ita
3599 1174 3785 1224 tamen

2193 1267 2250 1312 ut
2282 1258 2444 1311 multa
2474 1258 2540 1312 ab
2565 1271 2631 1312 eo
2666 1266 2883 1313 auctore
2913 1258 3274 1326 praetermissa
3316 1260 3424 1315 sint
3444 1301 3459 1325 ,
3499 1261 3613 1315 sive
3634 1258 3781 1331 quad

2193 1364 2297 1405 non
2335 1351 2464 1404 satis
2498 1349 2599 1418 ipsi
2638 1350 2834 1405 fuerint
2863 1358 3009 1415 nota,
3037 1349 3148 1406 sive
3178 1350 3321 1420 quod
3349 1364 3410 1406 ea
3444 1352 3791 1420 potissimum

2193 1454 2309 1508 quae
2335 1439 2433 1494 sub
2463 1440 2709 1494 Hunerici
2739 1441 3111 1510 persecutione
3134 1441 3283 1496 testis
3307 1441 3549 1499 oculatus
3572 1443 3791 1499 viderat

2193 1533 2395 1589 referre
2425 1534 2717 1589 statuisset.
2770 1534 2907 1589 Hinc
2935 1533 3130 1604 saepius
3157 1534 3329 1588 innuit
3364 1548 3424 1590 se
3446 1548 3511 1589 ex
3538 1534 3788 1605 pluribus

2195 1639 2359 1695 pauca
2390 1624 2648 1695 selegisse
2669 1666 2684 1690 ,
2718 1624 2990 1693 multaque
3036 1639 3065 1678 a
3106 1639 3165 1680 se
3206 1624 3367 1680 luisse
3398 1626 3596 1680 omissa
3618 1664 3634 1691 ,
3666 1640 3788 1684 non

2193 1718 2364 1772 solum
2404 1732 2523 1787 qua:
2560 1717 2612 1771 in
2660 1716 2860 1772 exteris
2907 1715 3215 1787 regionibus
3259 1717 3632 1788 contigerant,
3679 1718 3788 1775 sed

2194 1808 2356 1863 etiam
2385 1822 2448 1863 ex
2480 1808 2546 1864 iis
2574 1823 2693 1878 qua:
2736 1808 2788 1861 in
2821 1807 2982 1862 variis
3029 1806 3217 1863 Africa
3260 1808 3566 1878 regionibus
3595 1820 3788 1878 pertu-

510 1903 721 1974 relegati
745 1901 799 1956 in
830 1899 1027 1955 Notitia
1052 1900 1323 1964 dicuntur,
1351 1899 1386 1953 ii
1420 1899 1521 1969 ipsi
1547 1898 1677 1952 mihi
1702 1898 1951 1954 videntur
1971 1913 2090 1955 esse
2119 1892 2168 1955 Β
2194 1898 2367 1954 lerant
2393 1898 2698 1953 orthodoxi.
2741 1898 3054 1955 Generalem
3090 1912 3220 1954 vero
3250 1899 3301 1953 in
3330 1907 3437 1954 tota
3468 1899 3646 1955 Africa
3673 1901 3788 1957 sub

511 1994 576 2048 de
610 1994 809 2060 quibus,
844 2000 1076 2048 testante
1121 1991 1386 2062 Fulgentii
1437 1991 1568 2047 Vita:
1616 1999 1834 2047 auctore
1877 2005 1997 2061 cap.
2032 1992 2085 2057 4,

513 2088 763 2142 Hunerici
792 2087 997 2158 tyranni
1026 2087 1362 2158 persecutoris
1404 2093 1573 2141 astuta
1617 2086 1908 2155 malignitas
1951 2085 2091 2140 ordi-

512 2189 737 2247 naverat,
762 2190 815 2234 ut
836 2184 994 2251 juxta
1023 2181 1241 2249 patriam
1268 2180 1529 2248 propriam
1561 2179 1983 2251 peregrinationis
2018 2179 2089 2231 in-

510 2273 832 2329 commodum
860 2272 1181 2327 sustinerent.
1208 2271 1351 2326 Talis
1380 2270 1479 2327 fuit
1504 2270 1733 2325 Faustus
1773 2269 2091 2325 Pratsidien-

507 2368 583 2422 sis
610 2366 915 2437 episcopus,
945 2364 1035 2435 qui
1065 2370 1124 2418 ut
1148 2363 1343 2419 ibidem
1374 2362 1591 2427 dicitur,
1627 2379 1727 2417 non
1765 2364 1915 2435 longe
1943 2380 1973 2416 a
1998 2378 2091 2421 sua

512 2459 753 2513 cathedra
782 2456 997 2525 relegari
1018 2457 1200 2526 jussus
1237 2456 1422 2523 fuerat.
1462 2453 1520 2509 Id
1558 2454 1626 2509 de
1652 2452 1871 2509 Victore
1907 2460 2091 2508 nostro

513 2551 691 2622 potius
718 2563 879 2620 quam
904 2548 971 2603 de
1003 2549 1213 2603 czeteris
1257 2547 1412 2601 facile
1456 2546 1797 2611 crediderim,
1839 2546 1979 2614 quod
2026 2546 2090 2601 ad

514 2652 832 2699 conventum
861 2640 1333 2709 Carthaginensem
1374 2653 1475 2692 non
1503 2639 1797 2704 occurrerit,
1844 2638 2093 2705 proinde-

514 2749 620 2805 que
646 2736 693 2790 ei
723 2732 935 2787 facilius
965 2732 1125 2786 fuerit
1160 2728 1478 2783 Arianorum
1511 2743 1698 2783 manus
1727 2728 1975 2782 evadere.
2010 2727 2092 2782 ln-

510 2831 646 2885 vitat
670 2837 850 2885 autem
884 2828 1062 2881 Victor
1092 2825 1324 2880 lectores
1356 2833 1414 2878 ut
1445 2823 1699 2879 Uranium
1740 2824 2087 2893 interrogent,

511 2928 639 2976 tunc
679 2919 909 2973 fortasse
946 2916 1121 2972 adhuc
1175 2917 1226 2970 in
1267 2915 1443 2971 Africa
1480 2924 1754 2985 agentem;
1803 2930 1922 2969 cum
1961 2928 2090 2969 vero

511 3014 650 3068 alios
698 3021 755 3068 ut
802 3018 1028 3081 pergant
1063 3008 1585 3077 Constantinopolim
1614 3007 1887 3073 admonet,
1924 3022 2004 3071 se,
2034 3014 2093 3061 ut

514 3105 727 3176 quidem
757 3104 889 3160 mihi
918 3103 1151 3173 videtur,
1176 3104 1230 3159 in
1252 3116 1315 3159 ea
1352 3101 1487 3158 urbe
1525 3115 1631 3156 non
1662 3102 1863 3157 versari
1910 3110 2092 3171 aperte

512 3197 767 3253 declarat.

585 3288 676 3343 IX.
728 3286 894 3341 Multo
936 3288 1115 3341 minus
1148 3284 1439 3355 probabilis
1466 3294 1547 3340 est
1575 3286 1811 3355 ejusdem
1841 3285 2090 3341 Chililetii
2115 3253 2164 3320 θ

511 3381 695 3451 opinio
720 3420 734 3445 ,
768 3378 1045 3434 sentientis
1090 3377 1360 3433 Victorem
1387 3418 1403 3445 ,
1442 3393 1599 3449 quem
1630 3380 2094 3450 Constantinopoli

514 3472 796 3543 scripsisse
826 3470 1122 3540 praemittit,
1151 3470 1426 3525 historiam
1457 3485 1606 3526 suam
1632 3473 1719 3526 vix
1750 3473 1903 3527 alteri
1933 3488 2091 3542 quam

514 3570 708 3627 Acacio
735 3564 1329 3634 Constantinopolitano
1364 3581 1673 3635 nuncupare
1708 3578 1797 3622 aut
1831 3568 2088 3637 potuisse,

512 3670 605 3715 aut
645 3659 916 3715 debuisse.
969 3657 1022 3711 ld
1053 3657 1196 3712 enim
1231 3664 1289 3711 ut
1322 3658 1600 3713 credamus
1628 3668 1772 3713 vetat
1800 3673 2007 3714 summa
2039 3661 2091 3715 in

512 3752 694 3809 sedem
736 3751 1079 3821 apostolicam
1111 3751 1408 3805 reverentia
1439 3765 1540 3820 qua
1571 3760 1693 3806 tunc
1729 3753 1986 3821 temporis
2016 3762 2094 3808 te-

511 3846 774 3902 nebantur
805 3845 1036 3915 episcopi
1066 3843 1299 3901 Africani
1328 3886 1342 3911 ,
1390 3860 1510 3900 cum
1554 3850 1855 3904 econtrario
1893 3851 2095 3921 gravis-

510 3938 648 3992 sima
674 3937 809 3991 inter
832 3936 1129 3991 Romanum
1158 3937 1455 4006 pontificem
1477 3948 1530 3993 et
1557 3938 1804 3997 Acacium
1827 3941 2091 3996 Constan-

510 4026 917 4096 tinopolitanum
950 4028 1339 4085 intercederent
1369 4029 1615 4097 dissidia,
1649 4047 1768 4103 qua:
1796 4035 2009 4089 tandem
2038 4036 2093 4089 in

510 4128 750 4187 apertum
780 4120 1012 4174 schisma
1051 4131 1364 4189 eruperunt.
1412 4122 1573 4177 Certe
1617 4123 1668 4177 in
1701 4124 1929 4179 concilio
1959 4126 2090 4179 Car-

510 4210 808 4279 thaginensi
866 4212 1006 4276 quod
1066 4213 1242 4265 statim
1302 4209 1423 4279 pos't
1476 4216 1778 4269 restitutam
1840 4216 2093 4271 Ecclesiae

508 4300 774 4361 Africanae
816 4303 1116 4357 libertatem
1165 4314 1551 4359 convocaverat
1600 4306 1925 4373 Reparatus,
1960 4323 2091 4362 con-

507 4397 684 4452 testati
717 4406 839 4451 sunt
868 4396 1106 4466 ejusdem
1140 4396 1393 4452 Ecclesiae
1434 4397 1617 4452 Patres
1647 4412 1707 4453 se
1735 4399 1863 4452 nihil
1895 4401 2093 4454 admis-

506 4502 679 4554 suros,
708 4489 804 4541 nisi
832 4489 1171 4555 consuetudo,
1206 4494 1296 4541 aut
1324 4485 1565 4542 Ecclesia:
1597 4488 1841 4544 Romana:
1867 4492 2095 4561 deﬁnitio

506 4579 825 4651 proderetur.
855 4579 972 4633 Jam
1003 4578 1158 4633 initio
1181 4579 1479 4650 tyrannidis
1509 4579 1811 4635 Vandalicas
1840 4582 1890 4636 in
1918 4582 2089 4639 Africa

504 4670 798 4741 Capreolus
823 4671 1258 4741 Carthaginensis
1299 4672 1520 4727 antistes
1548 4672 1599 4726 in
1631 4672 1855 4741 epistola
1886 4674 1950 4728 ad
1984 4673 2085 4729 Pa-

507 4768 616 4816 tres
645 4761 853 4815 concilil
886 4760 1139 4831 Ephesini
1167 4776 1259 4817 eos
1294 4761 1606 4817 adhortatur
1631 4772 1689 4817 ut
1714 4776 1925 4819 errores
1953 4780 2087 4835 quos

504 4852 885 4922 repullulantes
906 4852 1213 4919 apostolicae
1232 4853 1376 4908 sedis
1397 4853 1704 4920 auctoritas,
1722 4856 2087 4913 sacerdotum-

504 4958 608 5013 que
642 4943 694 4998 in
734 4958 896 4998 unum
936 4957 1239 4998 consonans
1277 4947 1544 5001 sententia
1586 4959 1964 5017 oppresserat,
2006 4965 2082 5003 se-

472 5034 669 5087 “sunda
698 5035 1038 5105 disputatione
1081 5050 1188 5089 non
1219 5037 1439 5106 agitent.
1491 5037 1552 5091 Et
1580 5039 1793 5107 quidem
1824 5040 2082 5110 Byzaceni

503 5132 682 5192 patres
723 5126 777 5179 in
815 5126 1058 5181 Sardinia
1099 5125 1314 5181 exsules
1351 5141 1378 5179 a
1420 5126 1625 5183 Joanne
1654 5135 1708 5184 et
1738 5129 1967 5186 Venerio
1996 5132 2081 5187 in-

502 5217 755 5285 terrogati
781 5215 911 5286 quid
940 5215 1008 5272 de
1032 5217 1204 5287 gratia
1233 5226 1287 5273 et
1314 5215 1483 5274 libero
1507 5218 1731 5276 arbitrio
1757 5222 1825 5275 slt
1850 5224 2085 5278 seutien-
2132 5201 2136 5207 ”

501 5306 626 5361 dum
652 5346 668 5373 ,
701 5306 751 5361 id
782 5307 1096 5363 discendum
1143 5323 1264 5365 esse
1309 5312 1633 5380 respondent
1661 5327 1726 5368 ex
1756 5316 2000 5384 capitulis
2030 5318 2079 5370 in

500 5397 690 5467 quibus
730 5401 1033 5453 continetur
1076 5401 1200 5468 quid
1253 5401 1508 5469 Romana,
1552 5403 1647 5458 Itoc
1689 5414 1763 5459 est
1806 5406 2077 5476 catholica,

499 5498 737 5557 sequatur
763 5497 808 5544 et
836 5500 995 5544 seruet
1018 5488 1281 5546 Ecclesim
1298 5494 1400 5549 Sed
1430 5495 1597 5563 magis
1620 5497 1684 5551 ad
1710 5511 1823 5551 rem
1844 5508 2077 5553 nostram

500 5579 625 5637 facit
649 5582 789 5652 quod
819 5592 1003 5637 auctor
1032 5582 1169 5639 Vite
1197 5590 1365 5642 sancti
1399 5588 1663 5659 Fulgentii
1699 5600 1878 5646 narrat
1908 5592 2080 5659 capite

500 5673 571 5728 η
597 5682 652 5729 et
684 5675 786 5739 l5;
835 5690 1028 5746 ncmpe
1055 5691 1175 5731 cum
1208 5678 1347 5734 idem
1388 5680 1698 5751 Fulgentius
1738 5683 1804 5735 ad
1848 5684 2079 5737 ultimam

503 5763 773 5822 Thebaida
800 5768 1019 5841 regionis
1049 5784 1270 5824 cremant
1300 5786 1521 5843 pergere
1548 5774 1728 5827 animo
1759 5773 2079 5829 destinasset

497 5854 620 5911 vita:
652 5856 990 5926 perfectionis
1021 5860 1283 5916 desiderio
1305 5904 1321 5929 ,
1376 5862 1636 5917 Eulalium
1682 5863 2075 5933 Syracusanum

2193 1991 2461 2047 Hunerico
2509 1993 2939 2062 persecutionem
2985 1993 3243 2048 adversus
3286 1993 3580 2049 catholicos
3620 2010 3786 2051 com-

2193 2094 2389 2140 motam
2422 2084 2586 2139 fuisse
2614 2084 2815 2139 diserte
2852 2083 3013 2138 tradit
3040 2084 3243 2151 Victor,
3272 2086 3603 2152 potissimum
3637 2087 3787 2143 libro

2190 2192 2245 2241 v,
2276 2192 2433 2247 quam
2463 2175 2668 2231 cladem
2699 2176 2765 2230 ad
2792 2183 3005 2231 exteras
3032 2177 3193 2230 etiam
3220 2176 3465 2232 nationes
3493 2178 3789 2249 pertigisse

2194 2266 2469 2325 Genserici
2500 2268 2829 2337 temporibus
2858 2282 2922 2323 ex
2949 2268 3137 2323 eodem
3161 2276 3378 2349 auctore
3406 2278 3652 2337 constat,
3680 2270 3787 2339 qui

2192 2360 2293 2416 sub
2331 2361 2453 2416 libri
2496 2361 2653 2431 primi
2696 2361 2855 2417 ﬁnem
2904 2359 3159 2417 tredecim
3208 2362 3428 2416 omnino
3473 2362 3789 2430 provincias

2192 2462 2341 2508 extra
2364 2452 2599 2510 Africam
2624 2463 2867 2511 recenset
2895 2468 3014 2525 qum
3034 2454 3147 2509 dira
3174 2453 3440 2523 ejusmodi
3462 2461 3788 2525 tempestate

2191 2548 2469 2615 exagitata:
2499 2546 2725 2601 fuerant.

2266 2635 2357 2690 Xl.
2402 2637 2552 2704 Quod
2602 2639 2791 2693 attinet
2835 2638 2903 2693 ad
2950 2638 3109 2709 hujus
3147 2639 3398 2696 Historia
3435 2640 3783 2709 divisionem,

2194 2744 2301 2783 non
2334 2730 2503 2799 liquet
2535 2746 2602 2785 an
2629 2745 2748 2786 eam
2775 2741 2959 2788 auctor
2982 2733 3093 2802 ipse
3124 2735 3301 2803 plures
3329 2735 3382 2789 in
3422 2734 3589 2790 libros
3615 2733 3788 2790 fuerit

2195 2822 2443 2890 partitus.
2474 2822 2530 2877 Si
2559 2824 2789 2893 primum
2817 2824 3007 2881 librum
3039 2827 3294 2897 excipias,
3320 2828 3408 2898 qui
3440 2829 3491 2883 in
3529 2827 3787 2886 omnibus

2195 2921 2299 2966 tam
2330 2912 2487 2968 editis
2511 2928 2669 2983 quam
2694 2930 2824 2969 mss.
2851 2916 3128 2977 codicibus
3153 2918 3219 2973 ad
3247 2918 3516 2975 Genserici
3548 2929 3784 2978 mortem

2192 3003 2427 3070 desinit,
2475 3014 2553 3061 tot
2582 3016 2705 3061 sunt
2734 3010 2895 3063 varias
2926 3009 3079 3065 istius
3123 3013 3300 3080 operis
3329 3011 3619 3069 divisiones
3645 3023 3786 3083 quot

2196 3095 2307 3151 fere
2335 3106 2625 3154 occurrunt
2651 3099 2866 3154 codices
2897 3116 3027 3155 mss.
3076 3101 3207 3157 Tres
3250 3103 3304 3157 in
3347 3104 3510 3159 libros
3532 3146 3547 3169 ,
3580 3114 3785 3175 praeter

2196 3191 2496 3257 passionem
2527 3200 2832 3247 sanctorum
2865 3194 3270 3259 monachorum,
3299 3195 3553 3251 dividitur
3580 3198 3632 3253 in
3658 3200 3786 3256 vul-

2195 3281 2331 3351 gatis
2355 3282 2706 3349 editionibus;
2748 3293 2803 3338 at
2831 3285 3064 3355 quinque
3091 3296 3183 3341 aut
3208 3301 3302 3343 sex
3331 3288 3493 3343 libros
3518 3289 3784 3347 exhibent

2196 3373 2410 3429 codices
2434 3389 2564 3429 mss.
2591 3384 2645 3430 et
2670 3375 2883 3444 quidem
2915 3380 3002 3447 qui
3034 3379 3180 3434 varie
3207 3380 3261 3434 in
3291 3379 3450 3435 variis
3477 3380 3733 3451 incipiunt
3760 3398 3779 3451 ;

2197 3465 2492 3521 Chifiletius
2516 3480 2645 3521 vero
2674 3476 2839 3524 totum
2884 3484 3017 3539 opus
3045 3470 3276 3542 quinque
3304 3470 3360 3526 in
3391 3470 3587 3537 libros,
3618 3480 3784 3541 prout

2195 3558 2297 3612 sibi
2324 3560 2512 3614 melius
2538 3561 2708 3615 visum
2738 3570 2852 3629 est,
2886 3562 3164 3631 distinxit,
3198 3564 3348 3633 cuius
3377 3565 3610 3635 vestigiis
3646 3579 3785 3622 con-

2195 3650 2337 3704 sulto
2366 3650 2677 3706 inhaesimus
2703 3654 2773 3707 ob
2798 3654 3068 3722 publicum
3094 3656 3429 3711 commodum
3450 3699 3463 3724 ,
3497 3656 3632 3727 quod
3660 3655 3784 3715 haec

2195 3740 2390 3797 divisio
2409 3741 2519 3810 jam
2555 3744 2917 3813 receptissima
2946 3747 3015 3801 sit
3037 3747 3175 3817 apud
3204 3748 3464 3804 eruditos.

2269 3831 2381 3887 Xll.
2424 3832 2679 3899 Quterunt
2710 3836 2950 3890 nonnulli
2979 3852 3048 3890 an
3079 3838 3197 3893 ﬁdei
3230 3838 3490 3907 professio
3516 3855 3633 3910 qua:
3661 3848 3782 3896 ter-

2199 3925 2325 3979 tium
2354 3924 2602 3981 Historiae
2633 3926 2860 3983 Victoris
2885 3928 3078 3984 librum
3105 3931 3376 3986 constituit
3401 3971 3417 3998 ,
3449 3932 3623 4001 reipsa
3651 3932 3782 3991 huic

2196 4018 2397 4072 auctori
2449 4019 2729 4073 tribuenda
2772 4021 2860 4073 sit.
2911 4021 3039 4077 Cete
3086 4020 3388 4078 Gennadius
3436 4024 3486 4076 in
3531 4024 3781 4095 catalogo

2196 4110 2364 4180 ipsius
2390 4120 2660 4166 auctorem
2692 4112 2815 4167 facit
2843 4113 3134 4182 Eugenium
3162 4114 3635 4185 Carthaginensem
3663 4117 3781 4186 cpi-

2196 4215 2446 4269 scopum,
2489 4202 2601 4255 sive
2628 4201 2768 4270 quod
2794 4216 2977 4259 revera
3019 4205 3087 4261 ab
3112 4206 3228 4275 ipso
3256 4206 3396 4261 edita
3427 4207 3622 4274 fuerit,
3660 4208 3782 4266 sive

2195 4291 2333 4360 quod
2363 4292 2477 4358 ejus
2503 4292 2653 4359 jussu
2683 4294 2896 4361 Victor,
2937 4310 3030 4351 seu
3058 4297 3230 4366 quivis
3264 4298 3401 4353 alius
3434 4313 3553 4353 eam
3585 4302 3779 4354 condi-

2196 4384 2349 4449 derit,
2382 4393 2474 4438 aut
2497 4384 2708 4440 tandem
2735 4387 2875 4457 quod
2904 4403 3024 4443 cum
3051 4391 3164 4459 ipse
3189 4399 3502 4446 cancrorum
3532 4395 3778 4451 omnium

2198 4478 2395 4546 primas
2417 4487 2561 4533 esset
2582 4488 2635 4534 et
2660 4482 2957 4550 praecipuus
2988 4486 3148 4540 totius
3174 4485 3368 4541 African
3387 4487 3628 4553 antistes,
3652 4487 3778 4557 ejus

2196 4568 2311 4624 sedi
2342 4578 2395 4624 et
2423 4569 2662 4639 dignitati
2693 4572 2874 4628 datum
2906 4573 3086 4642 fuerit,
3118 4576 3256 4646 quod
3289 4577 3356 4631 ab
3386 4577 3492 4632 alio
3519 4579 3775 4648 quopiam

2197 4661 2409 4716 nomine
2436 4664 2673 4718 omnium
2705 4664 2901 4721 factum
2933 4666 3125 4723 fuerat.
3161 4668 3420 4724 Omnibus
3444 4669 3602 4724 simul
3633 4671 3777 4725 Alri~

2192 4753 2338 4807 canis
2372 4754 2637 4823 episcOpis
2669 4757 2916 4813 tribuitur
2944 4761 2999 4814 in
3038 4761 3399 4816 vetustissimo
3429 4761 3628 4817 ‘codice
3666 4775 3773 4817 ms.

2192 4844 2449 4901 Ecclesiae
2490 4846 2889 4914 Lauduncnsis,
2929 4851 3017 4907 ubi
3046 4853 3146 4906 sub
3184 4854 3285 4907 hoc
3323 4853 3474 4907 titulo
3513 4852 3774 4913 habetur:

2191 4936 2380 5007 Incipit
2410 4939 2605 4995 libellus
2630 4942 2984 5012 episcoporum
3016 4943 3382 4999 catholicorum
3402 4947 3470 4999 ad
3496 4945 3776 5001 Unericum

2187 5045 2355 5101 regem
2390 5031 2739 5088 Vandalorum
2768 5036 2959 5089 datum.
2988 5036 3143 5103 Tum,
3174 5037 3352 5109 Reguli
3380 5040 3612 5109 imperio,
3634 5049 3771 5111 etc.,

2191 5129 2247 5175 ut
2277 5122 2327 5175 in
2356 5123 2586 5181 Victoris
2630 5126 2892 5192 Historia;
2944 5128 3150 5199 ipsique
3197 5130 3531 5200 subiungitur
3572 5130 3775 5186 Notitia

2188 5216 2441 5273 Ecclesiae
2463 5216 2749 5284 Africaine,
2783 5235 2810 5272 a
2839 5220 3127 5277 Sirmundo
3156 5222 3383 5291 primum
3415 5223 3575 5288 edita,
3607 5238 3771 5291 quam

2187 5322 2367 5381 postea
2412 5311 2709 5368 Chifiletius
2749 5314 2979 5370 Victoris
3024 5317 3272 5372 Historiae
3319 5319 3556 5374 inseruit.
3598 5317 3774 5375 Porro

2184 5404 2371 5460 eadem
2414 5406 2535 5460 iidci
2568 5407 2829 5474 professio
2867 5409 2965 5462 sub
3005 5408 3238 5464 Victoris
3283 5412 3498 5465 nomine
3536 5410 3773 5466 scorsim

2182 5497 2323 5553 edita
2373 5497 2595 5554 habetur
2638 5499 2688 5552 in
2732 5498 3056 5555 Bibliotheca
3109 5499 3368 5566 Patrum,
3411 5501 3551 5557 unde
3579 5516 3771 5557 ansam
3834 5566 3837 5571 η

2183 5602 2460 5657 sumpsere
2482 5588 2721 5643 nonnulli
2750 5591 2837 5658 qui
2863 5591 3131 5659 cntalogos
3161 5592 3481 5662 scriptorum
3512 5594 3775 5648 ccclesia-
3832 5586 3835 5605 ³

2183 5681 2436 5737 sticorum
2468 5689 2713 5748 lcxuere,
2748 5697 2940 5737 novum
2973 5683 3258 5740 inducendi
3287 5686 3575 5749 Victorem,
3609 5686 3775 5755 hujus
3822 5666 3833 5677 δ

2183 5773 2348 5829 libelli
2374 5784 2665 5840 auctorem,
2689 5788 2845 5843 quem
2870 5775 3027 5845 aliqui
3053 5776 3322 5835 Victorem
3350 5778 3630 5835 Cul'lemim
3654 5777 3775 5847 cpi-

2182 5880 2401 5935 scopum
2430 5864 2593 5922 fuisse
2624 5864 3026 5937 existimarunt,
3056 5870 3196 5939 quod
3240 5872 3339 5929 iste
3381 5871 3519 5943 apud
3549 5870 3774 5936 Genna-
