4080 6350
345 295 447 357 H9

1722 268 2250 331 PROLEGOMENA.

3516 259 3620 318 150

345 412 488 468 dium
532 408 586 463 in
632 404 875 472 catalogo
923 411 1041 467 cap.
1088 395 1159 449 77
1193 394 1435 447 adversus
1478 390 1699 442 Arianae
1746 386 1933 440 libram
1962 386 2017 447 Α
2041 382 2273 437 Lorichii
2302 383 2468 472 editio
2498 382 2720 436 Basilete
2747 378 2945 450 prodiit
2968 392 3110 433 anno
3136 374 3295 441 l5“,
3329 375 3463 445 typis
3491 373 3620 429 Bar-

345 518 497 558 unum
538 501 748 571 longum
793 474 1179 559 conscripsisse
1224 490 1572 541 memoretur.
1631 483 1703 535 At
1728 479 1806 533 illi
1834 478 1929 533 ad-

345 603 555 653 vertere
579 568 878 647 debuerant
903 582 1133 640 Victoris
1167 577 1546 634 Cartennensis
1571 574 1765 628 librum
1792 568 1931 626 Gen-

347 690 515 746 scrico
541 686 776 741 oblatum
808 680 969 735 fuisse
995 722 1008 746 ,
1051 684 1108 730 ut
1147 688 1207 729 se
1241 687 1305 727 ex
1337 667 1652 741 prtefatione
1677 664 1936 721 didicisse

350 790 573 839 testatur
628 778 856 845 ipsemet
911 766 1219 825 Gennadius
1276 764 1392 818 loco
1449 760 1709 824 laudato;
1773 770 1935 827 quem

350 872 573 945 proinde
599 868 761 923 alium
789 878 909 920 esse
937 877 968 915 a
998 859 1120 914 ﬁdei
1161 855 1343 911 libello
1373 852 1463 923 qui
1502 853 1550 905 in
1583 849 1817 904 Victoris
1843 848 1935 903 Hi-

348 939 510 1024 storia
535 962 787 1024 habetur,
812 952 1088 1012 fatendum
1112 958 1214 1006 est.
1238 944 1503 1002 Caeterum
1541 941 1721 997 Victor
1743 939 1933 995 eodem

352 1060 510 1119 modo
532 1056 656 1112 fidei
680 1050 1070 1124 professionem
1098 1042 1345 1101 Historia:
1364 1055 1479 1099 suae
1498 1037 1737 1094 inserere
1763 1034 1935 1107 potuit

357 1170 462 1227 quo
488 1148 745 1208 Hunerici
768 1144 967 1202 edicta.

418 1246 558 1304 Xlll.
602 1243 862 1312 Superest
890 1242 953 1299 ut
974 1233 1214 1289 dicamus
1249 1227 1317 1283 de
1346 1223 1569 1282 vetustis
1613 1216 1935 1289 exemplari-

355 1528 588 1586 Vitensis
607 1521 841 1580 Historia
860 1517 1112 1581 habetur,
1133 1509 1352 1567 omnino
1373 1512 1602 1577 quatuor
1620 1500 1937 1555 habuimus:

356 1633 467 1678 tres
492 1619 701 1675 scilicet
728 1629 796 1669 ex
824 1607 1145 1667 bibliotheca
1172 1598 1485 1657 Colbertina
1513 1636 1529 1661 ,
1556 1607 1690 1665 quos
1719 1605 1816 1659 pro
1842 1602 1940 1643 suo

354 1730 507 1773 more
532 1721 588 1767 et
613 1712 868 1766 consueta
894 1716 1019 1772 erga
1043 1699 1250 1755 litteras
1277 1687 1675 1752 benevolentia,
1699 1680 1940 1739 exhibuit

2035 473 2307 529 tholommi
2324 470 2699 528 Westhemeri.
2725 470 2781 524 In
2804 484 2905 539 qua
2928 469 3053 523 item
3076 467 3208 522 urbe
3231 480 3370 520 anno
3393 463 3532 519 1555
3551 477 3621 519 ex

2036 565 2253 621 Henrici
2303 565 2447 619 Petri
2478 563 2690 619 officina
2742 562 2937 633 prodiit
2966 576 3102 616 nova
3133 574 3407 616 sacrorum
3438 568 3621 614 auclo-

2033 678 2153 717 rum
2202 662 2450 717 collectio
2511 661 2613 715 sub
2671 658 3225 729 Orthodoxographize
3271 656 3522 725 nomine,
3565 654 3621 709 in

2036 771 2163 826 qua,
2192 757 2331 811 inter
2360 755 2463 809 alia
2490 768 2659 809 sacra:
2679 755 3007 823 antiquitatis
3028 762 3393 822 monumenta,
3420 751 3622 806 baben-

2038 860 2126 906 tur
2156 851 2385 906 Victoris
2417 850 2584 904 nostri
2615 850 2735 904 libri
2766 858 2876 904 tres
2918 850 2986 904 de
3010 850 3386 904 Persecutione
3412 847 3622 903 Vanda-

2039 942 2163 1011 lica,
2192 956 2311 995 cum
2342 942 2591 1010 passione
2633 948 2940 994 sanctorum
2980 950 3182 1008 septem
3212 939 3622 993 monachorum.

2037 1034 2305 1091 Caeterum
2336 1048 2477 1089 anno
2523 1032 2660 1089 1569
2692 1046 2884 1087 novam
2930 1032 3054 1086 item
3084 1031 3309 1085 Victoris
3334 1029 3625 1085 editionem

2041 1125 2259 1181 Parisiis
2306 1126 2510 1181 curavit
2552 1126 2633 1179 vir
2680 1124 2746 1179 de
2794 1139 2852 1177 re
2896 1122 3155 1176 litteraria
3203 1120 3340 1177 bene
3378 1121 3626 1189 meritus,

2041 1218 2357 1275 Franciscus
2403 1217 2726 1282 Baldninns,
2770 1216 3000 1271 celebris
3041 1214 3478 1284 iurisconsultus,
3532 1213 3628 1283 qui

2044 1317 2247 1387 primus
2276 1316 2514 1371 omnium
2548 1313 2685 1368 hanc
2730 1311 3018 1367 Historiam
3069 1307 3468 1363 commentariis
3498 1306 3625 1377 illu-

2041 1382 2250 1467 stravit.
2286 1410 2449 1466 Paulo
2492 1417 2633 1478 post,
2668 1423 2809 1465 anno
2855 1407 3061 1462 scilicet
3092 1402 3252 1469 1576,
3295 1382 3627 1473 Margarinus

2044 1506 2265 1578 Bignius
2309 1506 2531 1561 Parisiis
2560 1503 2727 1559 edidit
2752 1502 3139 1558 Bibliothecam
3182 1506 3489 1555 sanctorum
3522 1496 3630 1552 Pa-

2047 1606 2207 1665 trum,
2241 1613 2359 1669 qure
2390 1598 2583 1653 iterum
2613 1610 2754 1651 anno
2787 1595 2925 1650 1589
2953 1596 3007 1649 in
3050 1595 3236 1650 eadem
3276 1593 3409 1647 urbe
3436 1606 3633 1649 excusa

2044 1698 2149 1758 est,
2178 1698 2231 1745 et
2262 1690 2312 1743 in
2360 1698 2583 1758 utraque
2630 1687 2806 1742 locum
2848 1685 3010 1741 habet
3038 1692 3220 1741 noster
3251 1684 3463 1747 Victor;
3497 1683 3634 1737 sicut

356 1768 511 1864 nobis
538 1804 603 1859 V.
635 1802 698 1857 C.
733 1768 1039 1868 Stephanus
1084 1787 1331 1845 Baluzius
1359 1802 1375 1850 ;
1402 1788 1649 1854 quartum
1694 1792 1825 1833 vero
1874 1790 1939 1830 ex

2058 1788 2101 1836 et
2123 1781 2177 1836 in
2205 1778 2607 1841 Coloniensium
2638 1779 2894 1845 editione,
2916 1786 2971 1833 et
3001 1779 3055 1832 in
3084 1778 3200 1832 aliis
3224 1776 3487 1847 ejusmodi
3512 1791 3634 1831 san-

352 1896 682 1957 monasterio
710 1888 1057 1949 Benedictino
1084 1881 1267 1940 Sancti
1307 1875 1521 1935 Martini
1545 1889 1576 1928 a
1605 1870 1821 1941 Campis
1850 1884 1941 1923 or-

351 1997 497 2053 dinis
529 1986 917 2046 Cluniacensis.
976 1980 1051 2036 Ex
1085 1972 1409 2033 Colbcrtinis
1440 1967 1711 2037 antiquior
1740 1962 1943 2019 saeculo

354 2102 501 2145 nono
527 2093 621 2141 aut
648 2077 896 2152 sequenti
933 2073 1163 2143 scriptus
1203 2066 1445 2129 videtur,
1485 2058 1752 2117 secundus
1785 2055 1943 2126 paulo

353 2180 625 2238 recentior
654 2150 773 2239 est;
805 2169 996 2227 tertius
1026 2178 1153 2221 vero
1179 2158 1393 2217 nonnisi
1423 2168 1593 2210 annos
1624 2150 1945 2222 quingentos

354 2237 566 2329 videtur
598 2237 876 2338 praeferre,
907 2257 1002 2315 sed
1030 2255 1121 2326 qui
1150 2265 1312 2308 manu
1340 2253 1586 2303 accurata
1622 2250 1675 2298 et
1704 2237 1946 2309 diligenti

357 2330 612 2425 exaratus
638 2367 759 2423 est,
780 2358 848 2411 in
885 2352 1039 2422 cuius
1080 2346 1393 2418 paginarum
1425 2337 1752 2408 marginibus
1782 2330 1947 2387 varize

358 2477 424 2517 ex
458 2460 565 2513 alio
594 2455 776 2523 aliquo
799 2446 984 2505 codice
1025 2442 1285 2499 lectiones
1329 2436 1595 2491 habentur
1621 2472 1636 2497 ,
1677 2430 1749 2484 ita
1771 2436 1831 2482 ut
1860 2426 1947 2479 hic

359 2515 527 2609 codex
561 2562 660 2617 pro
678 2515 888 2599 duobus
912 2535 1105 2593 merito
1133 2528 1433 2587 censendus
1462 2526 1550 2580 sit.
1580 2520 1758 2577 Codex
1788 2515 1946 2573 deni-

362 2660 464 2719 que
480 2611 665 2699 Sancti
686 2633 893 2692 Martini
909 2646 940 2685 a
953 2627 1187 2698 Campis,
1212 2624 1304 2694 qui
1316 2622 1444 2677 olim
1465 2614 1777 2673 monasterii
1792 2611 1948 2667 Cres-

364 2706 629 2811 piacensis
652 2732 783 2795 fuit,
816 2728 884 2783 ab
908 2723 1063 2780 annis
1104 2722 1230 2775 item
1260 2715 1431 2772 ferme
1459 2709 1769 2783 quingentis
1800 2706 1950 2765 vide-

366 2802 455 2889 tur
477 2830 726 2898 scriptus.
767 2816 1144 2876 Consuluimus
1171 2812 1333 2867 etiam
1360 2806 1537 2861 varias
1567 2802 1828 2859 lectiones
1853 2812 1947 2853 co-

371 2923 506 2980 dicis
547 2889 701 2975 bonae
748 2923 930 2978 nota,
984 2917 1043 2963 ut
1082 2904 1273 2960 asserit
1312 2898 1636 2957 Chiftletius,
1664 2889 1953 2948 carthusia:

370 3018 647 3073 Portarum
672 3052 687 3077 ,
734 3020 867 3078 quas
908 3004 1048 3059 idem
1085 3000 1201 3069 ipse
1242 2996 1320 3050 vir
1353 2991 1593 3049 eruditus
1628 2988 1685 3043 in
1719 2985 1858 3041 notis
1886 2983 1955 3037 ad

369 3111 641 3165 Victorem
672 3076 828 3159 nobis
856 3091 1233 3167 suppeditavit.
1267 3089 1335 3142 At
1364 3094 1557 3153 praeter
1590 3082 1687 3135 hos
1716 3076 1951 3167 codices,

2046 1882 2253 1931 ctorum
2280 1875 2497 1931 Patrum
2525 1889 2748 1944 operum
2778 1874 3206 1941 collectionibus,
3236 1889 3355 1943 quae
3379 1872 3634 1941 deinceps

2046 1966 2100 2022 in
2127 1967 2298 2023 lucem
2330 1967 2666 2036 prodierunt.
2715 1967 2847 2035 Qua:
2877 1981 3065 2022 omnes
3113 1965 3377 2021 editiones
3414 1966 3513 2020 sub
3546 1966 3635 2021 Vi-

2046 2065 2211 2117 ctoris
2261 2063 2528 2119 Uticensis
2578 2061 2795 2116 nomine
2844 2060 3072 2131 vulgatae
3123 2069 3249 2115 sunt
3280 2066 3473 2128 praeter
3504 2058 3637 2115 duas

2049 2153 2190 2207 beati
2223 2152 2489 2215 Rhenani.
2543 2155 2593 2207 in
2642 2153 2834 2222 quibus
2864 2152 3045 2207 Victor
3074 2150 3309 2206 Vitensis
3352 2152 3637 2222 episcopus

2049 2245 2362 2314 appellatur.
2397 2245 2505 2300 Sed
2530 2260 2713 2299 verum
2738 2244 2948 2299 titulum
2980 2244 3211 2299 asseruit
3242 2244 3433 2299 Petrus
3463 2245 3637 2301 Fran-

2049 2336 2226 2390 ciscus
2250 2336 2548 2391 Cl:iflletius
2570 2336 2621 2390 in
2642 2335 2753 2405 jam
2777 2335 2987 2389 laudata
3015 2334 3273 2402 editione,
3305 2349 3465 2404 quam
3496 2349 3637 2391 anno

2054 2429 2192 2485 1664
2224 2430 2448 2485 Divione
2499 2428 2615 2483 fieri
2653 2427 2878 2482 curavit.
2911 2426 3199 2494 Cteterum,
3240 2438 3306 2479 ne
3351 2426 3385 2479 ii
3418 2428 3505 2497 qui
3539 2424 3639 2481 La-

2053 2523 2164 2579 tine
2194 2524 2439 2593 ignorant
2466 2532 2572 2577 tam
2610 2522 2791 2577 eximii
2822 2523 3002 2589 operis
3050 2520 3281 2576 lectione
3313 2520 3638 2579 frustraren-

2056 2622 2161 2678 tur,
2194 2614 2242 2665 in
2294 2611 2633 2666 vernaculam
2682 2611 2916 2679 linguam
2962 2625 3069 2663 non
3113 2610 3280 2665 semel
3324 2608 3641 2664 translatum

2054 2712 2158 2761 est.
2190 2705 2257 2760 Et
2288 2705 2460 2774 primo
2490 2704 2706 2773 quidem
2738 2702 2939 2759 Gallice
2967 2702 3167 2773 prodiit
3211 2701 3409 2756 saeculo
3436 2716 3644 2770 praece-

2055 2797 2224 2862 denti,
2252 2812 2393 2853 anno
2422 2797 2629 2853 scilicet
2672 2796 2857 2863 1565,’
2884 2811 3050 2865 opera
3100 2794 3374 2850 Francisci
3404 2793 3641 2850 Bellore-

2057 2890 2164 2953 stii,
2197 2889 2413 2944 Parisiis
2457 2888 2596 2955 apud
2647 2886 2950 2943 Gabrielem
3000 2889 3176 2952 Buon;
3222 2894 3276 2944 et
3321 2901 3465 2941 anno
3506 2886 3646 2941 1664

2058 2984 2225 3039 altera
2256 2984 2307 3037 in
2338 2983 2524 3037 eadem
2555 2981 2711 3047 urbe,
2745 2980 2812 3035 ab
2856 2980 3215 3036 illustrissimo
3255 2978 3489 3034 Arnaldo
3537 2978 3645 3032 An-

2060 3077 2213 3134 dillio
2236 3085 2540 3147 procurata.
2566 3075 2643 3129 Ad
2671 3074 2785 3130 hzec
2804 3074 3025 3139 Anglice
3050 3072 3192 3135 edita
3215 3080 3296 3127 est
3319 3085 3460 3126 anno
3484 3070 3646 3126 l605.

385 3145 641 3165 τιυιυιι...
674 3145 828 3159 μνη.-
856 3145 1159 3167 --ηηηη
1366 3145 1379 3153 _
2239 3145 2246 3147 _

368 3205 503 3261 alios
532 3200 674 3255 idem
708 3206 817 3250 “'85
855 3188 1137 3245 habUimﬂs
1157 3223 1172 3247 ι
1202 3182 1255 3236 in
1281 3177 1506 3249 (ιυὶὒυεν
1532 3174 1752 3240 dempto
1791 3165 1955 3237 Ρΐῖοΐί
1983 3145 2030 3210 c
2062 3171 2259 3226 Harum
2306 3183 2435 3224 vero
2467 3170 2705 3223 omnium
2736 3168 2803 3221 ad
2837 3174 3073 3221 nostram
3118 3164 3351 3219 Victoris
3398 3164 3646 3217 Historia)

369 3300 546 3364 libro,
597 3289 828 3347 Victoris
874 3281 1044 3339 nostri
1094 3274 1325 3333 Historia
1367 3273 1570 3338 integra
1602 3268 1828 3321 habetur
1855 3260 1955 3316 sub

372 3352 642 3448 Passionis
676 3380 844 3438 sancti
874 3372 1100 3446 Eugenii
1132 3368 1305 3425 titulo.
1343 3364 1492 3419 Unus
1522 3375 1587 3415 ex
1619 3358 1702 3412 his
1729 3365 1809 3448 est
1840 3352 1953 3448 HR.

372 3444 474 3536 PP.
506 3471 832 3533 Fuliensium
879 3444 1189 3521 monasterii
1227 3455 1408 3513 Sancti
1458 3448 1716 3507 Bernardi
1760 3447 1812 3500 in
1859 3444 1957 3498 hac

369 3574 504 3629 urbe
526 3567 814 3631 Parisiaca,
834 3561 969 3615 alter
996 3557 1050 3611 in
1082 3561 1263 3609 nostra
1285 3546 1466 3605 Sancti
1491 3539 1746 3601 Germani
1773 3552 1802 3592 a
1830 3536 1960 3590 Pra-

372 3668 441 3721 tis
466 3627 1157 3719 bibliotheca'asservatur,
1198 3652 1421 3710 uterque
1451 3638 1518 3691 ab
1561 3632 1717 3689 annis
1743 3627 1959 3685 circiter

374 3759 476 3815 500
505 3751 867 3821 conscriptus.
900 3742 1005 3802 Sed
1037 3756 1143 3797 uno
1196 3736 1393 3793 saeculo
1440 3729 1711 3787 recentior
1751 3725 1961 3779 videtur

374 3848 564 3904 tertius
598 3858 668 3899 ex
707 3814 793 3895 his
830 3835 1099 3894 codicibus
1127 3874 1142 3899 ,
1186 3829 1278 3900 qui
1320 3833 1406 3882 est
1444 3819 1752 3879 monasterii
1793 3814 1962 3872 nostri

375 3941 554 4000 Sancti
585 3933 827 3993 Cornelii
863 3923 1327 3998 Compendiensis.
1368 3921 1637 3975 Praeterea
1685 3913 1809 3968 fidei
1842 3924 1964 3980 pro-

376 4035 690 4093 fessionem,
713 4026 763 4082 id
794 4033 875 4079 est
903 4023 1118 4077 tertium
1147 4015 1375 4072 Victoris
1403 4010 1650 4067 Historiae
1672 4006 1888 4070 librum,
1910 4009 1966 4058 et

378 4124 634 4182 Notitiam
663 4116 916 4175 Ecclesia:
940 4112 1201 4168 Africanae
1228 4104 1551 4163 contulimus
1572 4115 1691 4156 cum
1717 4098 1967 4152 vetustis-

381 4222 517 4277 simo
553 4226 610 4273 et
640 4212 856 4284 optimas
885 4217 1026 4263 notae
1053 4204 1236 4260 codice
1269 4214 1368 4255 ms.
1403 4194 1647 4252 ecclesiae
1686 4189 1966 4247 cathedra-

382 4314 448 4369 lis
467 4282 689 4369 Sanctae
700 4304 881 4362 Mariae
900 4295 1289 4359 Laudunensis,
1312 4292 1399 4363 qui
1422 4289 1490 4345 ab
1510 4287 1663 4343 annis
1686 4282 1966 4339 minimum

384 4402 707 4477 Octingentis
733 4404 981 4454 exaratus
1008 4401 1109 4449 est.

456 4469 597 4552 XIV.
620 4492 901 4549 Editiones
922 4501 1050 4543 vero
1076 4480 1316 4555 ejusdem
1345 4475 1603 4539 auctoris,
1631 4486 1765 4544 quas
1787 4469 1971 4526 videre

388 4588 558 4654 licuit,
585 4586 673 4641 lue
699 4589 846 4639 sunt.
876 4580 1059 4635 Primo
1082 4573 1294 4645 quidem
1321 4568 1530 4625 caeteris
1556 4565 1805 4621 omnibus
1833 4560 1972 4616 anti-

396 4681 629 4749 quiorem
658 4670 1057 4735 consuluimus,
1094 4680 1125 4719 a
1154 4667 1309 4719 beato
1347 4661 1607 4717 Hhenano
1635 4662 1972 4726 procuratam

392 4746 611 4827 Hasilete
640 4781 781 4823 anno
818 4761 959 4820 1555
982 4804 1000 4830 ,
1046 4774 1152 4831 quo
1177 4771 1242 4813 ex
1276 4754 1490 4810 officina
1523 4748 1857 4807 Frobeniana
1888 4746 1976 4801 Vi-

388 4873 509 4919 ctor
555 4871 742 4916 noster
781 4854 1016 4912 Vitensis
1040 4896 1054 4920 ,
1103 4852 1245 4906 inter
1286 4846 1421 4902 alios
1453 4843 1690 4900 historim
1718 4840 1973 4897 ecclesia-

390 4956 541 5012 sticre
568 4961 835 5015 auctores,
864 4945 1094 5016 primum
1120 4943 1177 4998 in
1200 4942 1371 4995 lucem
1399 4937 1611 5008 prodiit.
1648 4932 1847 4990 Eadem
1878 4947 1976 4986 au-

389 5059 603 5106 ctorum
626 5041 872 5099 collectio
887 5037 1107 5093 Parisiis
1126 5034 1319 5089 iterum
1345 5044 1541 5087 excusa
1563 5037 1644 5083 est
1664 5042 1790 5081 ann.
1815 5023 1974 5091 1541,

390 5140 537 5212 typis
552 5133 763 5191 Galeoti
782 5130 1068 5187 Pratensis.
1087 5128 1154 5182 At
1171 5141 1236 5181 eo
1257 5122 1514 5193 temporis
1534 5118 1815 5176 intervallo
1834 5115 1977 5187 quod

390 5210 833 5298 interutramqne
854 5224 1141 5280 editionem
1163 5218 1388 5284 efﬂuxit,
1408 5216 1521 5270 haec
1540 5212 1726 5269 eadem
1754 5210 1979 5266 Victoris

392 5324 634 5384 Historia
657 5320 893 5377 Colonia:
922 5314 1231 5386 Agrippina;
1259 5324 1401 5366 anno
1427 5308 1586 5375 1557,
1616 5322 1647 5361 a
1673 5299 1979 5359 Reinhardo

391 5418 649 5476 Lorichio
675 5410 994 5470 Hadamario
1023 5407 1163 5479 typis
1188 5403 1433 5459 mandata
1464 5409 1567 5467 est,
1595 5407 1649 5453 et
1672 5396 1886 5466 quidem
1913 5409 1979 5449 ex

394 5513 591 5570 codice
620 5522 721 5564 ms.
749 5505 823 5560 uti
846 5503 1073 5567 videtur,
1096 5497 1359 5569 siquidem
1387 5494 1440 5549 in
1461 5492 1685 5563 epistola
1704 5489 1982 5545 dedicato-

2060 3262 2352 3319 editionem
2382 3259 2745 3329 edomandam
2777 3258 2860 3313 usi
2888 3271 3099 3323 sumus,
3126 3255 3336 3310 collatis
3364 3255 3504 3307 inter
3526 3268 3648 3308 sese

2062 3364 2169 3410 tam
2222 3368 2352 3409 mss.
2384 3368 2540 3422 quam
2573 3351 2731 3406 editis
2772 3350 3070 3414 codicibus,
3101 3363 3325 3418 quorum
3368 3345 3540 3400 varias
3568 3346 3649 3401 le-

2060 3449 2267 3504 ctiones
2308 3460 2407 3502 suo
2436 3446 2554 3501 loco
2592 3443 2983 3500 exhibebimus.
3030 3441 3156 3496 Hac
3200 3441 3266 3496 de
3294 3439 3529 3495 Victoris
3562 3438 3652 3491 Vi-

2064 3540 2228 3595 tensis
2260 3536 2488 3592 Historia
2545 3536 2867 3604 praemittere
2909 3534 3083 3589 visum
3134 3540 3237 3586 est.
3285 3530 3359 3583 De
3391 3529 3473 3582 his
3521 3542 3652 3583 vero

2062 3650 2183 3706 quae
2210 3639 2453 3703 spectant
2480 3630 2544 3685 ad
2574 3638 2767 3685 etetera
2799 3634 3165 3693 monumenta,
3193 3639 3312 3694 quae
3339 3624 3392 3676 in
3424 3621 3527 3675 isto
3556 3636 3651 3675 vo-

2065 3727 2267 3784 lumine
2296 3720 2661 3789 continentur,
2692 3720 2864 3776 fusius
2912 3719 2996 3773 hic
3024 3718 3291 3773 disserere
3336 3728 3654 3784 supervaca-

2065 3835 2224 3877 neum
2267 3818 2426 3883 foret,
2458 3833 2579 3873 cum
2630 3828 2723 3873 sua
2754 3813 3047 3884 unicuique
3068 3810 3328 3881 oausculo
3377 3806 3656 3879 prmissa

2067 3914 2361 3971 admonitio
2412 3911 2465 3966 id
2508 3909 2719 3965 abunde
2766 3907 2975 3962 doceat.
3018 3904 3122 3960 Sed
3172 3913 3351 3958 tamen
3399 3911 3456 3955 ut
3493 3902 3656 3956 totius

2067 4006 2316 4062 Historia:
2343 4001 2645 4059 Vandalicas
2690 3998 2892 4073 seriem
2928 3995 3029 4051 sub
3072 4008 3203 4059 uno,
3253 4001 3313 4047 ut
3343 3992 3416 4045 ita
3457 3992 3653 4057 dicam,

2068 4098 2210 4156 oculi
2240 4102 2531 4164 conspectu
2554 4094 2723 4149 lector
2745 4088 2945 4144 habere
2968 4086 3155 4156 possit,
3182 4084 3301 4154 poét
3321 4097 3505 4136 corum
3533 4097 3655 4153 qua:
3756 4088 3775 4105 '

2069 4192 2163 4248 hic
2203 4190 2545 4248 continentur
2588 4184 2876 4257 syllabam,
2941 4177 3378 4247 chronologicum
3424 4175 3656 4231 indicem

2071 4285 2409 4347 exhibemus,
2455 4282 2509 4336 in
2557 4294 2661 4348 quo
2687 4274 2921 4347 vsingula
2952 4286 3176 4344 quaeque
3222 4269 3376 4324 istius
3408 4267 3660 4324 Historiae

2071 4380 2245 4449 capita
2271 4374 2496 4445 singulis
2535 4370 2690 4427 annis
2730 4367 2925 4438 quibus
2948 4363 3240 4433 contigisse
3291 4362 3449 4430 vulgo
3474 4360 3635 4417 existi

2075 4480 2289 4530 mantur
2317 4465 2780 4538 consignavimus.
2813 4461 2872 4517 Si
2903 4458 3031 4531 quid
3059 4472 3214 4525 vero,
3260 4455 3371 4511 imo
3401 4453 3662 4526 quidquid

2075 4583 2105 4623 a
2136 4581 2224 4622 me
2252 4563 2305 4619 in
2345 4570 2457 4616 toto
2498 4556 2658 4627 hujus
2687 4554 2935 4610 Historiae
2964 4552 3195 4606 decursu
3236 4555 3515 4617 peccatum
3546 4544 3661 4605 fue-

2078 4659 2174 4723 rit,
2197 4655 2426 4724 benigne
2468 4648 2698 4719 accipiat
2741 4646 2929 4707 lector,
2976 4652 3032 4697 et
3071 4653 3249 4695 meum
3279 4639 3470 4694 saltem
3517 4636 3571 4691 in
3600 4638 3695 4691 re‘

2078 4758 2186 4805 tam
2214 4745 2491 4817 praeclara,
2526 4742 2622 4797 sed
2666 4737 2783 4794 fere
2810 4734 3076 4805 neglecta,
3103 4738 3353 4787 conatum
3399 4727 3536 4798 aequi
3566 4728 3662 4783 bo-

2080 4844 2243 4911 nique
2269 4836 2536 4901 consulat,
2560 4831 2739 4889 animo
2760 4836 3039 4899 reputans,
3066 4837 3165 4880 nec
3191 4822 3322 4878 mihi
3351 4819 3545 4875 sinceri
3570 4825 3664 4873 aut

2081 4934 2198 4991 veri
2224 4930 2481 4995 studium,
2508 4939 2610 4983 nec
2636 4921 2985 4993 diligentiam,
3011 4916 3106 4974 sed
3126 4913 3476 4971 eruditionem
3503 4926 3664 4981 argu-

2086 5030 2267 5080 mento
2298 5034 2479 5091 parem
2510 5012 2796 5087 aliquando
2825 5010 3082 5075 definisse,
3111 5020 3269 5077 quam
3297 5004 3365 5060 ab
3397 5002 3516 5057 aliis
3539 5018 3662 5058 eru-

2084 5115 2366 5173 ditioribus
2394 5108 2632 5181 suppleri
2656 5114 2921 5176 opumus.
2958 5099 3226 5156 Caeterum
3268 5097 3383 5151 haec
3412 5093 3665 5149 Vandali-

2083 5226 2160 5266 cas
2190 5203 2577 5279 persecutionis
2620 5198 2856 5257 Historia
2906 5209 3032 5267 pars
3074 5199 3191 5249 erat
3222 5190 3381 5245 totius
3417 5188 3665 5243 Historiae

2086 5298 2516 5373 persecutionum
2560 5294 2627 5349 ab
2664 5290 2876 5349 Arianis
2900 5295 3013 5343 tum
3066 5281 3499 5353 imperatoribus,
3551 5286 3663 5333 tum

2084 5371 2244 5451 etiam
2277 5389 2526 5447 Barbaris
2553 5385 2926 5447 excitatarum,
2958 5393 3120 5449 quam
3158 5384 3399 5447 paratam
3430 5371 3664 5427 habeba-

2088 5500 2239 5550 mus;
2286 5482 2439 5552 cuius
2468 5480 2625 5535 aliam
2656 5482 2881 5547 partem,
2932 5470 3197 5543 siquidem
3227 5468 3327 5538 piis
3355 5474 3408 5521 et
3441 5461 3663 5519 eruditis

396 5609 478 5665 ria
503 5648 517 5667 ,
549 5604 690 5660 haec
714 5597 990 5655 historiam
1016 5612 1046 5648 a
1079 5593 1358 5655 tinearum,
1385 5587 1562 5657 quibus
1587 5584 1761 5639 αγγοάί
1789 5581 1989 5638 videba-
2090 5578 2216 5633 viris
2246 5590 2349 5631 non
2396 5571 2780 5643 displicituram
2822 5563 3265 5626 intellexerimus,
3294 5571 3413 5613 cum
3455 5563 3665 5622 tempus

2912 5658 2924 5667 .
3132 5654 3147 5667 .
3226 5665 3236 5667 Α
3280 5644 3570 5667 ,ηηιεωη

400 5648 517 5764 tur:
547 5695 739 5769 injuria
766 5708 827 5749 se
861 5688 1160 5745 vindicasse
1200 5644 1496 5754 proﬁtetur.
1541 5678 1719 5734 Altera
1750 5675 1989 5747 ejusdem
2092 5671 2197 5728 erit
2224 5667 2391 5739 magis
2422 5658 2957 5736 opportunum,typis
2988 5654 3244 5714 mandare
3271 5644 3591 5716 curabimus.
3686 5678 3687 5683 η
