3988 6344
276 368 392 423 185

1264 376 1348 437 DE
1388 379 1903 437 PERSECUTIONE
1949 377 2334 436 VANDAMCA
2371 382 2498 437 LIB.
2538 380 2581 436 1.

3458 380 3561 438 186

270 486 433 543 Tunc
459 488 603 544 enim
634 498 688 545 et
717 498 916 545 nostrae
953 489 1186 551 civitatis
1214 492 1536 549 venerabilis
1560 502 1585 530 ι
1615 493 1864 564 Papinia-
1891 492 1945 556 Α
2042 490 2131 546 IV.
2166 492 2493 564 Carthaginis
2520 493 2794 547 excidium.
2819 521 2889 533 —-
2916 490 3054 561 Quid
3081 490 3284 547 multa?
3305 491 3431 547 Post
3461 492 3559 549 has

268 594 403 646 aus,
449 580 699 646 antistes,
742 581 1026 638 candentis
1067 582 1193 639 ferri
1237 584 1452 639 laminis
1484 594 1597 641 toto
1643 587 1866 640 adustus

265 680 359 725 est
388 686 644 742 corpore.
677 674 941 731 Similiter
970 684 1027 731 et
1055 674 1082 714 δ
1116 676 1427 732 Mansuetus
1457 676 1785 742 Uricitanus,
1811 677 1864 731 in

262 772 431 831 porta
452 763 703 819 incensus
732 776 817 820 est
842 766 1155 822 Fornitana.
1177 768 1290 834 Qua
1318 778 1633 837 tempestate
1662 766 1863 837 Hippo-

262 854 485 925 regium
516 856 736 912 obsessa
768 868 849 912 est
870 859 1081 925 civitas,
1114 876 1271 931 quam
1300 862 1446 917 omni
1477 861 1634 916 laude
1671 860 1864 930 dignus

261 947 470 1003 beatus
512 950 867 1020 Augustinus,
916 952 1174 1008 librorum
1222 954 1515 1009 multorum
1559 954 1857 1019 confector,

258 1042 517 1110 pontifex
566 1043 921 1113 gubernabat.
964 1045 1113 1100 Tunc
1158 1045 1291 1101 illud
1346 1047 1671 1116 eloquentiae
1717 1045 1861 1116 quod

259 1133 507 1187 ubertim
555 1150 651 1203 per
693 1150 888 1191 omnes
941 1151 1164 1207 campos
1216 1138 1473 1194 Ecclesiae
1514 1138 1856 1204 decurrebat,

255 1226 382 1296 ipso
407 1237 560 1283 metu
585 1232 845 1285 siccatum
872 1239 958 1286 est
986 1230 1208 1297 flumen,
1239 1240 1402 1302 atque
1425 1233 1651 1289 dulcedo
1680 1232 1860 1288 suavi-

255 1320 389 1374 tatis
442 1320 655 1377 dulcius
697 1324 1002 1393 propinata,
1052 1324 1107 1379 in
1149 1325 1561 1382 amaritudinem
1602 1326 1856 1382 absinthii

252 1426 421 1467 versa
451 1423 553 1482 est,
586 1426 642 1469 ut
669 1414 981 1471 Davidicum
1005 1417 1333 1486 praeconium
1356 1422 1667 1473 conveniret
1684 1433 1700 1474 :
1720 1415 1857 1470 Dum

258 1507 563 1560 consisteret
584 1517 822 1577 peccator
842 1509 1111 1563 aduersum
1149 1525 1248 1571 me.
1282 1508 1509 1581 obmutui
1533 1520 1581 1563 et
1606 1507 1854 1563 humilia-

254 1605 335 1649 tus
364 1613 506 1661 sum,
533 1607 580 1651 et
616 1599 735 1654 silui
770 1616 804 1653 a
834 1601 978 1655 bonis
1008 1599 1183 1674 (Psal.
1216 1616 1441 1667 xxxvm,
1470 1603 1527 1665 2,
1560 1602 1636 1670 ὅ).
1670 1600 1852 1672 Usque

252 1693 316 1744 ad
339 1692 480 1747 illud
513 1702 723 1763 tempus
747 1696 800 1767 5
829 1695 1093 1751 ducentos
1117 1697 1228 1767 jam
1254 1696 1468 1767 triginta
1486 1706 1542 1752 et
1560 1696 1695 1751 duos
1724 1711 1852 1752 con-

1974 593 2153 640 truces
2181 585 2470 654 impietatis
2500 584 2773 652 insanias,
2817 586 2986 656 ipsam
3034 585 3219 641 urbem
3258 587 3548 643 maximam

1970 674 2350 746 Carthaginem
2378 675 2685 733 Geisericus
2720 678 2894 732 tenuit
2933 687 2987 733 et
3024 676 3277 744 intravit;
3322 687 3377 733 et
3415 679 3557 734 anti-

1968 781 2127 836 quam
2179 769 2321 824 illam
2372 770 2654 839 ingenuam
2697 784 2761 825 ac
2807 769 3040 826 nobilem
3091 769 3396 826 libertatem
3429 769 3453 808 ά
3501 773 3553 828 in

1968 861 2279 917 servitutem
2332 862 2559 932 redegit.
2613 862 2745 917 Nam
2798 872 2851 918 et
2896 873 3205 919 senatorum
3252 864 3401 919 urbis
3446 880 3553 921 non

1966 968 2184 1024 parvam
2216 955 2611 1010 multitudinem
2657 955 2964 1024 captivavit.
3004 956 3072 1010 Et
3108 956 3233 1012 inde
3273 959 3549 1028 proposuit

1965 1049 2272 1113 decretum,
2322 1057 2381 1103 ut
2420 1048 2789 1119 unusquisque
2837 1049 2989 1118 auri,
3034 1050 3274 1119 argenti,
3318 1066 3553 1121 gemma-

1964 1152 2080 1192 rum
2110 1179 2125 1204 ,
2185 1138 2741 1209 vestimentorumque
2792 1138 3148 1205 pretiosorum
3195 1141 3552 1212 quodcunque

1964 1230 2185 1287 haberet
2233 1231 2331 1305 [al.
2362 1231 2618 1303 offerret]
2668 1232 2910 1299 afferret;
2956 1241 3012 1288 et
3044 1232 3115 1286 ita
3164 1233 3216 1287 in
3262 1234 3405 1289 brevi
3438 1234 3552 1290 avi-

1961 1333 2043 1380 tas
2073 1335 2234 1396 atque
2267 1338 2516 1396 paternas
2557 1340 2689 1395 opes
2715 1326 2804 1381 tali
2831 1326 3093 1381 industria
3113 1326 3333 1381 abstulit
3358 1343 3542 1397 rapax.

1959 1417 2262 1486 Disponcns
2300 1432 2513 1487 quoque
2552 1417 2792 1487 singulas
2821 1432 3064 1487 quasque
3095 1418 3415 1488 provincias,
3446 1419 3549 1475 sibi

1964 1508 2299 1579 Byzacenam
2334 1510 2717 1575 Abaritanam,
2769 1518 2927 1578 atquc
2968 1509 3271 1577 Getuliam,
3322 1520 3377 1566 et
3424 1524 3548 1580 par-

1958 1610 2065 1656 tem
2095 1601 2362 1657 Numidia:
2385 1604 2723 1669 reservavit;
2760 1604 3018 1660 exercitui
3048 1620 3176 1660 vero
3203 1604 3546 1676 Zeugitanam

1958 1694 2049 1750 vel
2120 1697 2563 1765 proconsularem
2620 1694 2860 1751 funiculo
2922 1696 3253 1753 hmreditatis
3316 1697 3544 1764 divisit;

252 1782 667 1852 feceratlibros,
693 1789 937 1857 exceptis
963 1788 1447 1846 innumerabilibus
1470 1789 1735 1859 epistolis,
1761 1789 1850 1845 vel
1955 1784 2337 1841 Valentiniano
2384 1785 2561 1843 adhuc
2609 1788 2936 1856 imperatore
2983 1787 3237 1859 reliquas,
3275 1789 3402 1844 licet
3424 1789 3536 1858 jam

250 1878 597 1945 expositione
623 1879 787 1934 totius
826 1878 1096 1949 Psalterii,
1130 1890 1187 1937 et
1221 1881 1659 1952 Evangeliorum,
1685 1890 1845 1953 atque
1874 1875 1924 1936 B
1949 1878 2356 1944 exterminatas,
2398 1877 2702 1946 provincias
2772 1876 3093 1934 defendente
3124 1896 3138 1945 ;
3208 1888 3329 1949 post
3392 1882 3544 1949 cuius

254 1970 573 2024 tractatibus
622 1971 996 2041 popularibus,
1044 1987 1183 2043 quos
1236 1972 1411 2029 Graeci
1458 1974 1706 2029 bomilias
1753 1989 1849 2029 vo-
1956 1980 2206 2039 mortem,
2238 1970 2404 2027 totius
2431 1970 2626 2026 Africa:
2658 1970 2915 2028 ambitum
2947 1972 3219 2038 obtinuit,
3250 1989 3460 2028 necnon
3490 1982 3543 2031 et

251 2066 398 2124 cant,
424 2075 657 2130 quorum
687 2077 972 2119 numerum
1001 2064 1464 2135 comprehendere
1497 2066 1632 2120 satis
1658 2066 1851 2135 impos-
1952 2063 2156 2119 insulas
2210 2064 2504 2128 maximas,
2547 2062 2886 2135 Sardiniam],
2925 2060 3198 2131 Siciliam,
3232 2061 3540 2132 Corsicam,

249 2154 406 2211 sibile
427 2166 510 2212 est
540 2167 585 2212 ο,
1957 2167 1981 2196 ⁸
2005 2158 2266 2226 Ebusum,
2297 2156 2625 2228 Majoricam,
2656 2155 2968 2213 Minoricam
2992 2165 3047 2213 et
3070 2156 3202 2212 alias
3235 2157 3428 2213 multas
3454 2173 3542 2212 su-

322 2395 353 2459 f
378 2386 471 2443 Sic
500 2388 629 2444 editi
656 2390 713 2446 4.
740 2388 811 2445 At
838 2388 960 2446 cod.
995 2388 1279 2445 Portarum
1308 2388 1470 2445 habet
1506 2388 1844 2458 Pampinius;
1950 2388 2239 2459 Fulgentii,
2273 2387 2519 2459 capri”.
2568 2386 2809 2458 Denique
2853 2386 2936 2459 his
2979 2386 3231 2459 omnibus
3266 2389 3536 2459 antiquior

247 2456 401 2531 Colb.
436 2459 889 2531 1,,Pampianus;
924 2459 1082 2515 Colb.
1118 2461 1277 2527 alter,
1317 2456 1705 2531 Pampinianus.
1739 2456 1842 2516 0r?
1948 2456 2376 2531 fuit’Geminiusja
2392 2456 3254 2531 Furm's,qui—pro_rebaptizandis
3272 2456 3538 2531 hmreticls

247 2530 399 2584 tbod.
424 2540 479 2585 et
507 2528 787 2603 Lorichius
810 2546 932 2586 cum
960 2531 1175 2586 Martin.
1202 2539 1258 2586 et
1278 2528 1649 2603 Colb.,‘tertio,
1681 2530 1843 2603 Pam-
1946 2533 2269 2588 sententiam
2313 2529 2447 2603 dixit
2472 2530 2525 2585 in
2554 2529 2785 2585 concilio
2813 2528 3066 2600 Carthag.
3089 2532 3188 2584 sub
3215 2540 3403 2585 sancto
3430 2528 3535 2603 Cy-

246 2603 441 2672 pinias,
471 2600 617 2671 quod
661 2617 857 2656 nomen
898 2611 1122 2669 uterque
1165 2603 1337 2657 codex
1372 2602 1535 2672 etiam
1581 2602 1634 2657 in
1685 2602 1840 2657 titulo
1943 2603 2155 2672 priano,
2186 2617 2334 2672 num.
2358 2600 2450 2656 59.

246 2670 410 2742 capiti
440 2670 660 2744 przelixo
690 2673 931 2729 exhibet.
964 2672 1156 2742 Hujus,
1178 2689 1335 2742 quem
1370 2671 1629 2744 Papinum
1650 2674 1837 2743 appel-
1947 2670 1957 2672 ’
2017 2683 2040 2711 ο
2072 2672 2125 2727 1η
2148 2671 2305 2744 Colb.
2336 2672 2385 2736 Ι,
2410 2671 2499 2741 qui
2522 2678 2899 2744 annorum_est
2928 2670 3145 2744 circiter
3173 2671 3321 2744 _700,
3374 2671 3536 2726 inter-

247 2740 343 2825 μί³
359 2751 419 2796 et
436 2741 698 2825 .Mdnsueti
721 2740 1100 2825 episcoporum,
1127 2740 1653 2825 memoriamgrecolit
1677 2740 1834 2799 vetus
1940 2752 2201 2825 seruntur
2219 2741 2305 2825 hic
2327 2740 2632 2824 sex’versus
2654 2741 2762 2825 sub
2776 2741 3044 2825 Epitaphii
3069 2740 3249 2825 titulo,
3269 2756 3405 2812 quos
3432 2744 3535 2799 etsi

249 2812 623 2868 kalendarium
650 2814 707 2869 in
733 2815 1039 2870 sanctuario
1060 2814 1314 2883 Capuano
1342 2814 1618 2869 Michaelis
1648 2830 1837 2871 mona-
1940 2814 2112 2870 nostri
2143 2814 2372 2869 Victoris
2396 2828 2517 2868 esse
2539 2828 2645 2867 non
2677 2812 3076 2883 existimemus,
3105 2814 3208 2870 huc
3237 2823 3413 2870 tamen
3445 2829 3536 2870 re-

251 2884 366 2949 chi,
391 2883 481 2938 dic
515 2884 579 2938 ΞΒ
601 2885 942 2954 Novembris,
965 2899 1067 2955 qua
1093 2884 1219 2939 item
1247 2885 1336 2941 die
1356 2886 1411 2939 iu
1436 2884 1665 2953 vulgatis
1687 2901 1837 2942 mar-
1940 2884 2081 2942 ferre
2113 2886 2283 2940 visum
2314 2893 2419 2940 est.

250 2955 532 3024 tyrologiis
564 2955 824 3012 festivitas
850 2971 1038 3011 eorum
1082 2956 1405 3013 celebratur.
1455 2955 1535 3010 Ex
1580 2955 1666 3011 his
1703 2973 1835 3014 vero

294 3027 527 3097 suakrdus
555 3037 613 3083 et
632 3028 749 3083 Δύο
776 3028 1013 3097 priorem
1048 3025 1329 3095 Papinium
1369 3026 1663 3096 appellant,
1710 3027 1833 3083 Flo.

248 3112 337 3151 rus
369 3095 677 3167 Papyrium.
708 3095 823 3165 Quo
850 3099 980 3153 item
1009 3096 1098 3153 die
1123 3098 1305 3168 plures
1326 3095 1481 3165 alios,
1516 3099 1606 3166 qui
1630 3099 1830 3167 passim

247 3168 297 3222 in
347 3167 579 3223 Victoris
617 3169 837 3224 historia
881 3167 1190 3235 laudantur,
1221 3169 1380 3224 simul
1415 3170 1468 3223 in
1505 3184 1668 3225 ttnum
1713 3170 1831 3224 Ado

249 3216 928 3311 asnj'saai."caj:.;;&s;
937 3216 1036 3295 ἷιῖἑ
1044 3216 1831 3311 "euaginatafagina};
1858 3216 1907 3281 C

249 3310 409 3364 habet
448 3319 572 3378 post
618 3312 843 3366 relatum
884 3322 1193 3365 sanctorum
1242 3309 1447 3378 Papinii
1485 3318 1533 3364 et
1570 3309 1830 3367 Mansueti

246 3382 560 3452 martyrium
592 3383 691 3436 sub
723 3381 997 3437 Genserici
1028 3384 1440 3452 persecutione:
1468 3383 1584 3447 Quo
1605 3391 1832 3452 tempore

247 3451 396 3505 etiam
424 3454 520 3507 alii
543 3453 706 3507 sancti
732 3453 979 3521 episcopi,
1007 3451 1238 3507 videlicet
1276 3452 1662 3520 Quodvultdeus
1702 3451 1832 3508 Car-

247 3523 617 3597 thaginensis,__
639 3522 975 3597 Valerianus,
1027 3522 1299 3597 Urbanus,
1346 3524 1601 3597 Crescens,
1648 3534 1698 3597 et
1742 3526 1832 3597 qui

247 3592 522 3649 uocabatur
566 3594 919 3660 Ilabeldeum,
960 3605 1006 3650 et
1055 3594 1385 3664 Eustachius,
1418 3592 1828 3663 Crescentianus,

247 3676 288 3717 et
307 3666 634 3731 Cresconius,
662 3674 708 3720 et
732 3665 905 3731 Felix,
929 3680 975 3719 et
1008 3664 1346 3730 Hortolanus.
1371 3676 1417 3721 et
1440 3664 1827 3734 Florentianus,

249 3748 450 3808 propter
496 3738 725 3791 eamdem
770 3737 1148 3805 praedicationis
1193 3739 1482 3801 veritatem,
1534 3739 1831 3807 gravissimo
1936 3750 2077 3791 anno
2104 3734 2229 3808 459,
2262 3752 2365 3806 qua
2392 3735 2460 3791 de
2485 3751 2543 3790 re
2572 3736 2757 3808 fusius
2782 3737 3081 3808 agimuspin
3123 3738 3526 3792 Commentario

249 3805 473 3862 damnati
501 3810 702 3873 exsilio,
726 3811 780 3863 in
800 3810 1115 3878 confessione
1134 3809 1336 3878 pietatis
1361 3805 1568 3862 cursum
1591 3811 1707 3862 vitae
1725 3826 1833 3864 sua:
1938 3816 2121 3860 nostro
2150 3805 2561 3878 historicocap.
2579 3805 2837 3878 ,5,Ainfra.
2878 3806 2955 3878 De
2999 3806 3161 3875 hujus
3209 3823 3340 3863 vero
3380 3810 3530 3863 urbis

250 3887 742 3933 consummaverunt.
766 3876 1032 3934 llaac‘Ado
1052 3876 1350 3934 de'sanctis
1381 3879 1485 3934 illis
1506 3879 1832 3935 confessori-
1940 3879 2175 3946 potentia
2224 3887 2277 3931 et
2322 3877 2483 3931 variis
2531 3876 2802 3930 officiariis
2837 3877 2988 3946 plura
3044 3878 3205 3932 habet
3241 3878 3529 3934 Salvianus

250 3892 742 3933 consummaverunt.
768 3892 892 3933 Haec
915 3892 1032 3934 nuo
1052 3892 1121 3934 de
1150 3892 1350 3934 sanctis
1381 3892 1485 3934 illis
1506 3892 1832 3935 contessort-
1938 3892 2175 3999 petentia
2224 3892 2277 3931 et
2322 3893 2483 3931 varus
2531 3892 2802 3930 omcnarus
2837 3892 2988 3946 plura
3044 3892 3205 3932 habet
3241 3892 3527 3934 satvianus

249 3946 362 4020 bus,
392 3951 461 4005 de
491 3951 685 4020 quibus
711 3950 823 4004 suis
850 3950 982 4004 locis
1008 3949 1319 4019 singillatim
1357 3964 1597 4019 agemus.
1959 3947 2031 4020 ib.
2067 3963 2149 4020 vug
2177 3947 2245 4000 de
2279 3946 2681 4020 Gubernatione
2710 3947 2822 4012 Dei,
2858 3947 2944 4000 ubi
2995 3948 3527 4020 observatLCartha-

316 4019 341 4058 δ
371 4023 461 4075 Sic
507 4016 661 4075 Colb.
706 4021 727 4073 l
768 4036 889 4074 cum
925 4020 1055 4076 edit.
1097 4016 1279 4076 Chifﬂ.
1314 4016 1582 4085 Balduin,,
1622 4029 1728 4076 etc.
1764 4022 1831 4076 At
1936 4018 2079 4085 gine,
2111 4018 2249 4073 sicut
2275 4029 2330 4072 et
2369 4016 2573 4079 Romae,
2611 4024 2854 4071 senatum
2905 4017 3188 4087 variasque
3235 4017 3528 4085 dignitates

252 4088 393 4146 Colb.
428 4092 565 4146 alter
590 4107 711 4145 cum
736 4091 914 4158 Mart.,
950 4089 1295 4156 Viricitanus;
1324 4089 1481 4146 Colb.
1506 4092 1696 4145 tertius
1711 4107 1830 4146 cum
1939 4087 2105 4143 fuisse
2145 4088 2440 4153 institutas,
2494 4088 2717 4143 retentis
2745 4088 2918 4158 etiam
2956 4086 3146 4143 iisdem
3197 4088 3526 4156 nominibus,

1937 4175 2055 4225 qum
2083 4159 2345 4213 Romaein
2380 4173 2475 4211 usu
2513 4166 2690 4229 erant.
2740 4156 3013 4229 Unicersa,
3060 4158 3255 4227 inquit,
3301 4161 3527 4229 penitus,

1937 4232 2118 4299 quibus
2144 4230 2199 4284 in
2221 4238 2324 4284 toto
2352 4230 2543 4284 mundo
2567 4228 2840 4297 disciplina
2865 4229 3155 4296 reipublica:
3187 4230 3263 4283 vel
3284 4228 3530 4299 procura-

1939 4310 2046 4363 tur,
2064 4300 2139 4356 vel
2153 4303 2366 4372 regitur,
2387 4302 2438 4354 in
2456 4316 2509 4355 se
2528 4299 2727 4354 habuit.
2744 4300 2866 4372 Illic
2886 4300 3022 4355 enim
3042 4302 3214 4354 omnia
3234 4299 3528 4369 ofﬁciorum

1937 4371 2255 4442 publicorum
2283 4371 2822 4426 instrumenta...illic
2861 4372 3022 4442 capia:
3057 4372 3331 4435 militares,
3370 4381 3415 4425 et
3453 4389 3530 4427 re-

249 4442 351 4517 quo
380 4447 500 4501 loco
549 4442 855 4500 Harduinus
894 4444 948 4500 in
1003 4442 1145 4500 notis
1177 4446 1245 4499 ad
1291 4461 1411 4515 cap.
1441 4446 1496 4512 4,
1523 4445 1631 4517 64
1662 4447 1755 4501 lib.
1799 4462 1831 4501 v
1937 4452 2109 4517 gentes
2154 4442 2388 4517 militiam
2421 4451 2717 4517 potestates,
2768 4442 2873 4496 illic
2915 4442 3077 4496 honor
3121 4443 3523 4517 proconsularis,

252 4515 447 4581 Plinii,
495 4517 779 4585 legendum
818 4532 940 4572 esse
976 4524 1161 4571 censet
1202 4514 1511 4584 Quintianus
1543 4514 1829 4582 ll‘citanus,
1942 4514 2047 4568 illic
2072 4514 2400 4585 quotidianus
2426 4514 2590 4585 judea;
2625 4522 2673 4567 et
2706 4522 2893 4576 rector,
2934 4522 3178 4575 quantum
3225 4514 3294 4566 ad
3341 4530 3526 4569 nomen

255 4588 407 4667 cuius
428 4583 655 4667 nominis
680 4587 811 4667 duas
842 4588 901 4667 in_
923 4588 1105 4667 Africa
1122 4583 1285 4667 urbes
1310 4588 1474 4667 fuisse
1500 4597 1707 4667 certum
1726 4597 1830 4655 est,
1864 4607 1913 4667 υ
1940 4583 2147 4667 quidem
2174 4585 2466 4666 proconsul,
2497 4583 2589 4638 sed
2617 4591 2868 4667 quantum
2906 4585 2974 4636 ad
2997 4585 3289 4667 potentiam.
3303 4586 3491 4667 consul
3507 4601 3527 4651 ;

254 4660 337 4712 vel
370 4673 433 4713 ex
462 4657 613 4713 Plinii
636 4658 757 4713 loco
780 4658 1018 4723 laudato,
1053 4658 1143 4714 ubi
1168 4659 1241 4714 ait
1266 4673 1282 4713 :
1311 4658 1529 4713 Ucitana
1554 4660 1658 4712 duo
1685 4654 1825 4727 sunt,
1865 4654 1909 4667 “’
1939 4656 2044 4727 illic
2094 4658 2310 4721 denique
2354 4672 2528 4727 omnes
2558 4654 2731 4727 rerum
2760 4656 3130 4727 dispensatores
3160 4665 3207 4708 et
3236 4654 3528 4723 cli/Tereum

249 4731 416 4800 majus
444 4740 489 4783 et
511 4731 719 4802 minus.
739 4730 805 4802 [fit
829 4729 1147 4802 (letavianus
1166 4732 1431 4801 episcOpus
1457 4725 1831 4802 Ucimajuswin;
1935 4726 2066 4780 inter
2077 4737 2271 4802 _se_tam
2293 4726 2487 4802 gradu,
2513 4742 2667 4802 quam
2694 4725 2937 4802 uocabulﬁo
2965 4726 3261 4802 dignitates.

250 4793 427 4871 terruit
450 4800 722 4856 collationi
746 4800 1152 4871 Carthaginensi
1170 4793 1473 4866 cognitione
1497 4793 1682 4871 l,cap.
1702 4801 1825 4856 155.
1934 4866 1955 4871 _
2014 4796 2250 4871 °-Colh._
2284 4793 2317 4849 1⁷
2345 4808 2400 4851 et
2430 4796 2586 4850 Mart.
2619 4796 2853 4871 Efesum.
2886 4793 3137 4871 Orthiid.,
3187 4796 3433 4871 Rhenan.
3473 4806 3528 4851 et

249 4869 514 4943 Tripolius
559 4873 860 4943 episcopus
916 4866 1158 4943 Ecclesiae
1214 4872 1446 4943 Ucitana:
1489 4866 1826 4943 subscripsit.
1934 4866 2377 4943 Lori_ch_ius_l_ianc
2417 4882 2598 4943 vocem
2621 4868 2904 4943 omittunt.
2958 4870 3207 4943 Ebusum
3242 4868 3413 4943 insula
3443 4876 3526 4922 est

249 4936 525 5010 Synodicaa
558 4936 1033 4998 Procon'snlarium
1055 4942 1266 4997 actione
1300 4942 1336 4995 2
1364 4942 1572 4997 concilii
1606 4936 1826 4998 Latera-
1933 4939 2097 4993 maris
2126 4938 2521 5010 Mediterranei,
2546 4938 2702 5010 cujus
2723 4939 3030 5010 episcopus,
3067 4940 3239 5006 Opilio
3270 4940 3333 4992 de
3355 4936 3528 4993 Euuso

196 5052 201 5053 ν
252 5008 447 5068 nensis.
481 5013 686 5069 Tamen
719 5014 772 5067 in
807 5012 981 5068 indice
1005 5013 1329 5084 Cyprianico
1364 5013 1495 5070 edit.
1530 5013 1703 5067 Oxon.
1740 5029 1827 5068 re-
1932 5019 2243 5084 recensctur
2274 5008 2410 5063 infra
2433 5008 2485 5063 in
2526 5009 2722 5064 Notitia
2770 5009 3281 5084 Africanaomnium
3312 5017 3524 5084 postre-

251 5096 493 5140 censetur
519 5086 664 5140 inter
690 5087 823 5139 alias
853 5084 1011 5139 urbes
1039 5080 1256 5149 Africae,
1288 5082 1431 5148 Urei,
1461 5085 1555 5138 sed
1584 5083 1827 5139 fortassis
1935 5094 2075 5151 mus.
2108 5080 2231 5136 Inde
2287 5087 2434 5149 patet
2480 5096 2596 5135 eam
2653 5095 2866 5151 quoque
2906 5081 3132 5136 insulam
3186 5080 3438 5135 Vandalis
3470 5081 3525 5136 in

251 5168 314 5207 ex
340 5155 438 5211 hoc
469 5155 685 5210 Notitize
713 5159 848 5211 loco.
901 5151 1069 5210 Porro
1109 5154 1197 5210 hic
1240 5162 1457 5209 sanctus
1504 5156 1728 5210 antistes
1772 5155 1827 5209 in
1936 5150 2114 5205 Africa
2145 5152 2490 5213 regnantibus
2518 5150 2813 5221 subiectam
2844 5152 3028 5218 fuisse,
3060 5151 3395 5221 proindeque
3422 5152 3525 5206 im-

254 5236 399 5291 parta
433 5229 678 5281 incensus
704 5223 993 5281 Fornitaua
1029 5226 1253 5290 dicitur;
1294 5226 1486 5296 quibus
1520 5225 1726 5292 verbis,
1770 5240 1827 5280 nt
1936 5223 2133 5277 merito
2158 5220 2243 5277 hic
2268 5238 2386 5296 eam
2406 5222 2485 5276 .in
2517 5220 2748 5296 aliquot_
2771 5220 3120 5296 editionibus“
3140 5220 3335 5279 omitti.
3394 5222 3527 5279 Vide

252 5297 460 5363 quidem
490 5298 624 5352 mihi
655 5297 888 5364 videtur,
923 5297 1231 5367 designatur
1270 5293 1606 5366 Carthaginis
1651 5306 1823 5365 porta,
1934 5302 2113 5367 autem
2142 5310 2262 5367 qua:
2302 5293 2368 5347 de
2391 5310 2451 5349 ea
2483 5294 2710 5367 aliisque
2736 5293 2869 5367 locis
2901 5294 2986 5367 hic
3012 5309 3054 5367 7a
3087 5294 3299 5349 Victore
3326 5309 3526 5350 memo-

252 5384 347 5435 qua
374 5370 457 5422 via
480 5384 598 5423 erat
639 5369 704 5421 ad
734 5368 919 5423 urbem
954 5363 1317 5424 Fufnitanam.
1367 5370 1421 5422 Si
1456 5363 1733 5423 {amen'de
1762 5369 1826 5425 iis
1937 5364 2087 5426 ratis,
2108 5366 2461 5420 observamus
2492 5364 2625 5419 infra
2661 5367 2710 5419 in
2744 5363 2884 5420 notis
2912 5364 2978 5418 ad
3009 5366 3264 5421 Notitiam
3317 5368 3526 5420 Africa-

252 5437 493 5509 loquatur
520 5439 722 5506 Victor,
748 5454 866 5509 qnze
894 5449 1017 5494 ante
1045 5450 1255 5509 captam
1277 5439 1655 5508 Carthaginem
1689 5455 1824 5495 con-
1938 5450 2082 5509 nam.
2110 5436 2218 5507 65
2246 5437 2318 5509 [te
2346 5437 2594 5509 Odoacro
2627 5446 2815 5509 autem,
2842 5435 3161 5491 Hernlorum
3196 5454 3341 5507 rege,
3376 5438 3465 5506 qui
3496 5452 3525 5492 a

1935 5506 2229 5562 Censet-icti
2257 5508 2493 5563 Siciliam
2516 5507 2617 5561 sub
2637 5507 2819 5562 tributi
2843 5508 3024 5562 debito
3052 5509 3138 5564 hic
3160 5506 3527 5564 dicituracce-

1938 5580 2100 5646 pisse,
2137 5579 2270 5633 nihil
2299 5578 2695 5633 observandum
2726 5581 2978 5643 occurrit,
3003 5596 3125 5634 cum
3148 5582 3265 5649 ejus
3291 5587 3436 5649 gesta
3459 5594 3526 5638 ex

1932 5650 2160 5718 vulgatis
2191 5651 2389 5718 passim
2418 5652 2729 5705 auctoribus
2756 5660 2881 5705 nuta
2911 5650 3038 5706 sint.
3094 5653 3303 5707 Primus
3343 5660 3426 5706 est
3457 5664 3527 5708 ex

1932 5718 2176 5774 barbaris
2205 5720 2313 5791 qui,
2340 5723 2607 5776 exstincto
2645 5721 3255 5789 Occidentali'lmperio,
3292 5722 3343 5776 in
3376 5722 3529 5781 Italia

1929 5791 2071 5855 regis
2103 5806 2296 5845 nomen
2328 5793 2583 5847 obtinuit.
2614 5793 2746 5847 Eum
2778 5801 2993 5847 secutus
3036 5806 3119 5845 eat
3149 5792 3526 5857 Theudoricus

1932 5862 2155 5934 Magnus
2200 5863 2290 5931 qui
2308 5862 2758 5934 Ostrogothorum
2781 5878 3005 5933 regnum
3030 5864 3082 5920 in
3106 5864 3253 5923 Italia
3276 5867 3529 5941 instituit,

2404 3013 2683 3050 EPI'I‘APBIUI
2715 3012 2758 3048 8ο
2802 3011 3064 3049 Αυοσετικι.

2029 3105 2122 3169 Hic
2146 3106 2310 3169 posuit
2330 3106 2764 3169 cineresgenitrix
2789 3106 3056 3155 castissima
3083 3105 3250 3169 prolis,

2092 3167 2388 3231 Augustine,
2411 3168 2482 3231 tui
2504 3167 2659 3231 altera
2683 3167 2766 3231 lux
2786 3169 2973 3231 meriti.

2034 3229 2127 3293 Qui
2150 3228 2352 3281 servans
2374 3230 2504 3293 pacis
2535 3229 2762 3293 _cmlestia
2781 3228 2888 3289 iura
2910 3229 3159 3292 sacerdos,

2097 3290 2388 3342 Commissos
2404 3290 2607 3353 populos
2627 3293 2842 3341 moribus
2864 3293 3092 3353 instituis.

2033 3352 2195 3404 Gratia
2224 3366 2305 3402 vos
2330 3352 2514 3412 manet,
2542 3361 2793 3412 gestorum
2817 3352 2963 3403 laude
2981 3359 3197 3406 coronat.

2094 3414 2340 3466 Virtutum
2360 3422 2516 3465 mater
2542 3414 2731 3465 felicior
2767 3415 2965 3465 sobolis.

2008 3522 2172 3578 Paulo
2199 3532 2339 3591 post,
2354 3537 2450 3592 pro
2472 3522 2555 3577 his
2567 3523 2770 3594 verbis,
2793 3532 2961 3577 truces
2979 3522 3258 3594 impietatis
3278 3523 3528 3591 insanias,

1935 3593 2089 3663 Colb.
2112 3595 2137 3648 l
2167 3609 2288 3649 cum
2313 3594 2460 3650 edito
2481 3608 2588 3648 uno
2610 3593 2791 3659 habet,
2811 3595 2966 3649 trucis
2986 3593 3269 3663 im’pietates
3290 3596 3527 3652 insaniae.

2007 3662 2035 3702 ά
2062 3665 2383 3720 Gensericus
2434 3664 2807 3733 Carthaginem
2849 3667 2995 3735 cepit
3046 3662 3133 3721 die
3173 3666 3237 3721 l9
3281 3666 3529 3721 Octobris

251 4162 470 4216 Orthod.
504 4161 752 4217 Lorichio
778 4171 834 4217 et
861 4162 981 4216 aliis
1010 4164 1167 4227 edit.,
1198 4161 1539 4217 Juricitanus.
1564 4161 1671 4218 Sed
1696 4163 1833 4219 hanc

250 4233 427 4288 sedem
459 4234 703 4303 reperire
730 4248 836 4287 non
862 4234 1033 4287 licuit.
1076 4233 1327 4289 Urcitana
1361 4235 1603 4289 occurrit
1635 4246 1745 4288 tum
1778 4234 1832 4289 in

250 4304 359 4358 ind.
387 4304 735 4375 Cyprianico,
754 4315 878 4375 tum
903 4303 957 4375 in
986 4303 1454 4375 NotitiaAfricana
1482 4308 1534 4359 in
1559 4305 1831 4373 provincia

251 4374 643 4443 proconsulari,
676 4374 830 4443 cujus
859 4374 1145 4445 episcopus
1168 4374 1239 4429 ibi
1270 4375 1469 4430 dicitur
1495 4376 1829 4441 Quintianus,

254 5508 436 5580 tigere.
468 5510 677 5580 hazcﬂde
704 5508 817 5579 ipsa
841 5512 973 5566 urbe
1001 5508 1287 5580 Furnitana
1313 5511 1621 5580 accipienda
1650 5524 1827 5567 erunt.

252 5578 411 5651 Cujus
440 5581 543 5635 loci
571 5578 901 5635 Florentinus
924 5584 1190 5651 episcopus
1226 5578 1543 5636 Furnitanus
1565 5598 1629 5636 ex
1656 5582 1831 5635 Dona-

256 5648 495 5723 tistarum
520 5662 666 5707 secta
695 5648 1227 5723 interfuit'collalioni
1263 5652 1517 5720 Carthag.
1541 5668 1661 5723 cap.
1698 5653 1821 5707 198.

258 5720 549 5795 EltSimeon
575 5723 847 5795 episcopus
870 5722 1027 5795 plebis
1045 5721 1351 5777 Furuitance
1373 5720 1830 5795 subscripsitcon-

258 5792 373 5865 c_ilio
386 5791 638 5863 Carthag.
656 5792 758 5849 sub
783 5794 1078 5858 Bonifacio;
1098 5796 1187 5865 qui
1211 5795 1351 5848 idem
1372 5791 1671 5850 Bonifacius
1687 5796 1825 5865 apud

262 5860 459 5925 Furuos
486 5860 773 5929 ecclesiam
804 5860 1148 5933 consecrasse
1189 5865 1386 5922 dicitur
1413 5868 1467 5923 in
1503 5868 1616 5923 Vita
1650 5860 1822 5925 sancti
