3988 6344
502 418 603 477 191

1807 413 2114 473 VICTORIS
2153 412 2456 472 VITENS'lS
3670 414 3757 470 illi

497 538 768 600 Oensem;
809 543 862 589 et
889 532 1251 590 Adrumetinae
1298 532 1534 588 civitatis
1583 533 1814 588 Felicem
1860 533 2068 602 episco-
2095 532 2381 595 Arentur.
2414 530 2481 584 Et
2505 531 2625 601 quia
2653 530 2767 584 loca
2799 530 2943 586 nulla
2985 530 3322 586 sufﬁciebant
3367 529 3431 584 ad
3479 545 3758 602 capessen-

499 644 646 699 pum,
694 628 765 682 ob
812 625 910 679 hoc
940 623 1080 693 quod
1106 623 1433 692 suscepisset
1462 622 1750 695 quemdam
1776 622 2073 679 Johannem

499 720 816 775 menachum
842 717 1288 781 transmarinum;
1324 716 1420 772 sed
1450 727 1504 772 et
1524 717 1662 772 alios
1694 715 1915 782 multos,
1941 729 2078 785 quos

505 811 718 880 longum
741 818 825 864 est
851 818 902 863 et
926 823 1204 865 enarrare.
1238 808 1441 876 Quibus
1467 818 1644 864 tamen
1677 809 1729 864 in
1758 808 1947 864 exsilio
1979 823 2077 877 po-

500 904 617 958 sitis
648 903 771 955 dum
799 902 977 957 obitus
1005 901 1334 969 obvenisset,
1368 916 1474 957 non
1505 902 1701 957 licebat
1724 901 1860 957 alios
1888 915 2077 956 eorum

496 994 804 1051 civitatibus
830 994 1066 1048 ordinari
1098 994 1404 1064 episcopos.
1460 995 1605 1050 Inter
1645 993 1761 1048 haec
1781 1002 1957 1048 tamen
1983 993 2077 1048 Dei

496 1086 724 1156 populus
748 1086 800 1139 in
831 1085 935 1141 lide
962 1085 1290 1148 consistens.
1320 1094 1379 1139 ut
1406 1100 1638 1139 examen
1684 1098 1843 1154 apum
1895 1098 2079 1139 cereas

496 1176 772 1232 :cdiﬁcans
804 1176 1112 1231 mansiones
1133 1217 1147 1242 ,
1194 1176 1489 1232 crescendo
1518 1175 1728 1232 melleis
1759 1175 1882 1231 ﬁdei
1911 1185 1936 1213 ³
1968 1176 2081 1230 cal-

495 1271 628 1325 culis
657 1269 996 1335 ﬁrmabatur;
1024 1280 1082 1325 ut
1103 1270 1418 1339 impleretur
1440 1271 1529 1325 illa
1549 1269 1845 1326 sententia:
1874 1270 2080 1334 Quanto

505 1364 669 1433 magis
694 1380 780 1417 eos
800 1362 1120 1433 afﬂigebant,
1145 1371 1286 1417 tanto
1314 1363 1476 1435 magis
1502 1360 2003 1432 multiplicabuntur,
2033 1370 2081 1415 et

497 1456 868 1510 invalescebant
896 1457 1049 1509 nimis
1076 1454 1272 1525 (Exod.
1306 1471 1347 1522 ι,
1380 1454 1495 1525 η).

574 1546 704 1600 Vill.
739 1547 1044 1617 Deogratias
1095 1548 1324 1601 virtutes.
1348 1576 1420 1590 —-
1445 1546 1574 1601 Post
1603 1546 1719 1602 haec
1748 1547 1944 1602 factum
1974 1552 2079 1611 est,

498 1640 830 1707 sitpplicante
894 1638 1264 1692 Valentiniano
1320 1639 1607 1707 Augusto,
1674 1637 2080 1707 Carthaginensi

501 1730 756 1785 Ecclesia:
779 1739 898 1801 post
923 1730 1138 1798 longum
1171 1730 1444 1786 silentium
1475 1729 1840 1795 desolationis,
1873 1729 2082 1798 episco-

502 1838 624 1892 pum
655 1823 894 1877 ordinari
925 1822 1139 1878 nomine
1192 1822 1507 1892 Deogratias
1541 1841 1554 1875 :
1604 1822 1754 1890 cujus
1794 1822 1839 1876 si
1883 1822 2082 1876 nitatur

2176 624 2296 679 dam
2328 623 2722 681 multitudinem
2745 632 2967 689 tantam,
2999 624 3249 680 basilicas
3270 625 3405 680 duas
3448 625 3748 680 nominatas

2188 724 2243 771 et
2271 715 2499 784 amplas,
2522 713 2550 753 ⁷ο
2577 715 2779 782 Fausti,
2814 725 2869 772 et
2893 714 3186 783 Novarum,
3212 731 3334 771 cum
3370 717 3581 773 lectulis
3608 723 3760 787 atque

2178 808 2527 864 strazninihus
2552 808 2851 879 deputavit,
2897 808 3197 864 decernens
3238 824 3334 879 per
3370 810 3613 879 singulos
3658 808 3762 865 dies

2179 911 2432 972 quantum
2457 901 2575 971 quis
2600 917 2697 970 pro
2724 902 2917 957 merito
2938 901 3221 971 acciperet.
3251 902 3310 956 Et
3339 902 3458 972 quia
3484 903 3764 971 plerosque

2182 991 2275 1063 [αι.
2310 990 2539 1060 mansio]
2572 991 2854 1046 insuetudo
2898 991 3092 1062 navigii
3132 1002 3187 1047 et
3224 992 3514 1048 crudelitas
3545 993 3764 1059 captivi-

2182 1083 2305 1137 tatis
2331 1082 2615 1149 afﬁixerat,
2649 1097 2753 1138 non
2777 1097 2974 1154 parvus
3000 1084 3143 1139 inter
3166 1100 3260 1141 eos
3294 1099 3552 1139 numerus
3594 1084 3763 1141 fuerat

2180 1183 2520 1243 aegrotorum,
2552 1189 2684 1245 quos
2713 1174 2803 1230 ille
2825 1175 3013 1229 beatus
3043 1176 3288 1243 antistes,
3330 1186 3388 1230 ut
3428 1176 3612 1231 nutrix
3660 1179 3762 1245 pia,

2184 1279 2279 1334 per
2305 1275 2572 1320 momenta
2599 1266 2804 1336 singula
2833 1281 2954 1321 cum
2993 1265 3096 1339 [al.
3128 1266 3243 1321 vice
3274 1265 3502 1338 medici]
3545 1266 3765 1323 medicis

2181 1356 2527 1421 circumibat;
2569 1356 2914 1426 sequentibus
2935 1356 3091 1425 cibis,
3117 1367 3177 1411 ut
3196 1357 3435 1428 inspecta
3456 1371 3621 1423 vena,
3644 1358 3765 1428 quid

2111 1478 2117 1491 ι
2181 1447 2268 1502 cui
2291 1463 2425 1515 Opus
2453 1456 2619 1513 esset,
2641 1446 2731 1502 illo
2751 1456 3019 1518 praesente
3041 1448 3276 1504 daretur.
3298 1448 3406 1505 Sed
3428 1464 3526 1505 nec
3547 1458 3764 1505 noctur-

2182 1538 2267 1593 nis
2294 1538 2439 1593 horis
2457 1538 2525 1593 ab
2555 1538 2657 1592 hoc
2684 1552 2847 1607 opere
2875 1538 3261 1595 misericordias
3292 1539 3627 1606 feriabatur;
3676 1539 3764 1597 sed

2186 1629 2443 1699 pergebat
2483 1643 2780 1685 excurrens
2820 1643 2915 1698 per
2963 1630 3200 1700 singulos
3242 1630 3440 1698 lectos,
3488 1630 3765 1688 sciscitans

2184 1720 2413 1789 qualiter
2446 1720 2671 1790 quisque
2717 1733 2779 1775 se
2824 1718 3065 1777 haberet.
3122 1720 3197 1776 Ita
3238 1736 3297 1777 se
3328 1721 3451 1775 huic
3476 1721 3765 1779 tradiderat

2186 1811 2355 1882 [Colb.
2385 1816 2437 1878 1,
2462 1812 2628 1886 omni]
2659 1815 2878 1868 omnino
2904 1813 3098 1881 labori,
3130 1824 3190 1869 ut
3216 1828 3318 1870 nec
3346 1814 3577 1872 defessis
3597 1831 3765 1872 mem-

501 1914 780 1983 quisquam
808 1929 940 1983 quas
971 1929 1065 1983 per
1114 1914 1264 1968 illum
1304 1913 1526 1968 virtutes
1564 1914 1823 1968 Dominus
1872 1913 2078 1978 fecerit,
2109 1906 2159 1967 B
2185 1905 2316 1971 bris,
2376 1921 2475 1961 nec
2518 1909 2742 1962 cariosae
2788 1906 2897 1977 jam
2948 1907 3213 1962 senectuti
3262 1916 3526 1977 parceret.
3593 1908 3766 1976 Quare

499 2006 755 2076 paulatim
810 2006 914 2078 [αι.
946 2005 1267 2077 excurrare]
1316 2015 1590 2071 excutere,
1645 2016 1773 2060 ante
1822 2004 2082 2071 incipient

498 2099 661 2153 verba
718 2098 951 2152 deﬁcere
1000 2111 1157 2166 quam
1210 2097 1302 2153 ille
1343 2096 1543 2165 aliquid
1588 2096 1764 2151 valeat
1792 2095 2078 2165 explicare.

499 2188 596 2244 Illo
625 2190 785 2259 igitur
825 2188 1078 2258 episcopo
1121 2188 1414 2242 constituto
1455 2186 1651 2243 factum
1698 2194 1803 2250 est,
1849 2185 2081 2255 peccatis

499 2280 838 2350 urgentibus,
884 2291 942 2335 ιιι
973 2281 1159 2336 urbem
1202 2281 1347 2335 illam
1392 2280 1661 2351 quondam
1692 2280 2079 2335 nobilissimam

504 2382 664 2443 atque
694 2372 1105 2427 famosissimam
1136 2373 1323 2443 quinto
1370 2372 1584 2427 decimo
1621 2372 1774 2442 regni
1814 2371 1897 2425 sui
1940 2385 2082 2425 anno

501 2464 803 2520 Geisericus
830 2472 1044 2533 caperet
1066 2466 1290 2519 Romam
1316 2464 1427 2535 (an.
1452 2464 1610 2534 455);
1639 2474 1696 2519 et
1711 2464 1870 2519 simul
1888 2463 2083 2519 exinde

503 2571 687 2625 regum
740 2556 1031 2610 multorum
1084 2556 1300 2610 divitias
1346 2571 1468 2611 cum
1517 2555 1727 2625 populis
1771 2556 2080 2625 captivavit.

500 2648 629 2713 Quae
659 2646 783 2700 dum
820 2646 1102 2702 multitudo
1130 2647 1458 2716 captivorum
1490 2645 1800 2702 Africanum
1847 2647 2078 2716 attinge-

508 2747 592 2793 ret
619 2739 787 2805 littus,
828 2737 1188 2793 dividentibus
1219 2736 1475 2793 Vandalis
1502 2746 1559 2793 et
1585 2737 1782 2792 Mauris
1812 2738 2081 2807 ingentem

502 2830 684 2900 populi
710 2830 1085 2900 quantitatem,
1110 2839 1167 2884 ut
1193 2829 1359 2884 moris
1386 2838 1472 2884 est
1493 2828 1759 2893 barbaris,
1810 2828 1987 2882 mariti
2014 2828 2082 2882 ab

504 2922 776 2989 uxoribus,
829 2929 884 2975 et
913 2922 1063 2976 liberi
1095 2936 1124 2975 a
1151 2921 1465 2991 parentibus
1494 2920 1901 2990 separabantur.
1956 2919 2084 2974 Sta-

502 3012 595 3067 tim
624 3011 818 3083 sategit
844 3012 927 3066 vir
959 3013 1067 3067 Deo
1096 3012 1287 3083 plenus
1317 3020 1371 3066 et
1399 3026 1574 3077 carus,
1622 3010 1871 3066 universa
1921 3011 2083 3065 mini-

502 3100 650 3156 sterii
679 3115 800 3154 vasa
831 3116 989 3156 aurea
1016 3100 1099 3156 vel
1128 3108 1383 3171 argentea
1428 3100 1747 3167 distrahere,
1779 3110 1834 3156 et
1864 3100 2083 3156 liberta-

503 3202 611 3248 tem
633 3192 700 3249 de
724 3195 982 3251 servitute
1013 3194 1288 3250 barbarica
1322 3195 1582 3262 liberare,
1629 3204 1685 3250 et
1730 3204 1788 3250 ut
1834 3195 2080 3265 conjugis

2187 1997 2357 2051 livore
2384 1996 2564 2052 Ariani
2589 1997 2856 2066 succensi,
2899 1997 3035 2052 dolis
3062 2013 3184 2053 eum
3218 1997 3635 2069 quamplurimis
3675 2013 3766 2056 vo-

2184 2090 2397 2144 luerunt
2425 2090 2620 2159 smpius
2648 2104 2893 2148 enecare.
2926 2089 3080 2157 Quod
3112 2091 3296 2161 credo,
3326 2090 3628 2163 praevidens
3657 2092 3767 2148 Do-

2184 2184 2392 2252 minus,
2438 2184 2545 2238 cito
2581 2198 2854 2253 passerem
2885 2199 3040 2239 suum
3073 2184 3142 2240 de
3175 2186 3419 2243 manibus
3447 2188 3765 2259 accipitrum

2183 2276 2352 2330 voluit
2396 2275 2648 2331 liberare.
2711 2274 2877 2347 Cujus
2913 2277 3113 2333 exitum
3156 2279 3226 2333 ita
3267 2290 3290 2318 °
3345 2281 3525 2339 Urbici
3574 2282 3766 2352 captivi

2186 2367 2529 2436 planxerunt,
2558 2375 2615 2421 ut
2639 2374 2765 2422 tunc
2794 2383 2855 2423 se
2881 2377 3130 2437 putarent
3155 2369 3324 2440 magis
3353 2371 3494 2428 tradi
3518 2373 3767 2431 manibus

2187 2458 2543 2515 Barbarorum
2574 2460 2787 2529 quando
2806 2459 2895 2515 ille
2917 2461 3149 2530 perrexit
3174 2461 3239 2516 ad
3263 2462 3482 2519 etclam.
3524 2464 3763 2522 Functus

2185 2564 2268 2606 eat
2305 2560 2482 2605 autem
2533 2550 2831 2606 sacerdotio
2880 2553 3033 2607 annis
3062 2553 3254 2609 tribus.
3308 2553 3473 2625 Cujus
3500 2571 3689 2613 amore
3715 2566 3769 2613 et

2186 2642 2455 2697 desiderio
2487 2644 2715 2713 populus
2760 2645 2995 2700 intentus
3040 2655 3287 2715 potuerat
3336 2647 3576 2704 membra
3623 2648 3771 2720 digni

2185 2736 2427 2804 corporis
2454 2750 2676 2803 rapere,
2720 2736 2823 2793 nisi
2865 2737 3090 2793 consilio
3128 2738 3411 2809 prudenti,
3456 2741 3584 2797 dum
3615 2742 3643 2779 ά
3671 2757 3772 2813 pro

2187 2840 2338 2882 more
2363 2826 2594 2882 orationi
2624 2837 2869 2895 vacatur,
2897 2830 3172 2887 nesciente
3201 2831 3544 2890 multitudine
3572 2834 3772 2905 sepeli~

2187 2927 2356 2974 retur.

2257 3010 2350 3067 IX.
2391 3010 2616 3066 Thomas
2645 3016 2925 3083 confessor.
2955 3044 3027 3054 ——
3069 3013 3137 3070 Et
3163 3014 3285 3085 quia
3314 3015 3595 3073 tacendum
3627 3032 3773 3075 sem—

2188 3118 2283 3173 per
2312 3118 2417 3159 non
2441 3113 2523 3158 est
2545 3104 2611 3159 de
2638 3103 3003 3174 impietatibus
3032 3105 3406 3164 haereticorum
3425 3148 3441 3174 ,
3482 3123 3583 3165 nec
3609 3125 3773 3166 vere-

2186 3194 2419 3250 cundum
2438 3195 2631 3265 poterit
2651 3211 2773 3252 esse
2794 3196 2935 3266 quod
2950 3196 3017 3252 ad
3039 3197 3251 3254 laudem
3264 3199 3474 3268 proﬁcit
3486 3201 3771 3272 patientis;

502 3284 759 3341 fmderata
808 3294 1108 3352 manerent,
1148 3295 1204 3341 et
1242 3285 1463 3357 pignora
1505 3285 1839 3357 genitoribus
1885 3288 2078 3342 redde-
2104 3276 2151 3337 C
2182 3287 2457 3343 ordinatus
2481 3287 2747 3358 quondam
2775 3290 3028 3346 sacerdos
3052 3291 3271 3346 nomine
3304 3301 3328 3330 ο
3351 3292 3611 3363 Thomas,
3640 3294 3773 3350 dum

572 3428 599 3458 α
629 3418 719 3473 Sic
747 3419 902 3475 Colb.
931 3421 958 3476 1
993 3429 1047 3475 et
1071 3418 1197 3474 editi
1229 3428 1356 3475 tres.
1408 3422 1477 3474 At
1505 3418 1804 3474 Orthodox.
1837 3428 1891 3473 et
1921 3419 2074 3474 Lori-

503 3492 679 3555 chius,
714 3491 992 3545 claviculis.
1032 3488 1288 3554 Chimet.,
1332 3491 1583 3544 coliculis.
1636 3491 1798 3544 Paulo
1839 3502 1982 3556 ante,
2024 3499 2080 3544 ut

502 3578 735 3632 examen,
767 3574 871 3616 etc.
910 3560 1187 3615 Lorichius
1219 3561 1407 3625 habet,
1452 3570 1506 3613 ut
1556 3561 1788 3615 examina
1819 3577 1973 3631 apum
1999 3577 2081 3615 ce.

504 3650 617 3688 reas
648 3632 973 3698 aadi/icantia,
1002 3640 1107 3687 etc.

575 3704 602 3743 ι)
635 3701 860 3758 Orthod.
890 3717 1009 3756 cum
1050 3700 1299 3757 Lorichio
1323 3708 1378 3755 et
1396 3701 1644 3766 versione
1671 3701 1858 3769 gallica
1904 3702 2081 3757 Bello-

505 3775 674 3835 restii.
701 3769 886 3825 Fausti
916 3781 960 3827 et
1005 3772 1164 3826 Varii.
1193 3772 1345 3826 Colb.
1364 3772 1643 3841 Lamplas,
1672 3788 1785 3841 qum
1805 3774 1855 3826 in
1878 3775 2081 3826 nomine

504 3843 691 3898 Fausti
720 3854 864 3896 erant
893 3854 1218 3905 constt-uelle,
1251 3856 1298 3897 et
1333 3843 1615 3896 Novarum.
1665 3844 1727 3897 Et
1756 3845 1911 3909 paulo
1942 3844 2080 3897 infe-

504 3916 637 3978 rius,
667 3928 763 3983 pro
797 3930 913 3967 cum
944 3916 1160 3980 lectulis,
1204 3911 1690 3983 Loricitiushabct,
1724 3930 1898 3967 eorum
1925 3915 2082 3969 lectu-

505 3987 591 4041 lis.
642 3982 810 4040 Porro
854 3984 1082 4040 celebris
1132 3994 1246 4038 erat
1287 3984 1423 4052 apud
1471 3982 1847 4051 Carthaginem
1900 3985 2081 4039 Fausti

504 4056 749 4120 ecclesia,
773 4056 826 4110 in
855 4071 956 4125 qua
980 4058 1180 4124 aliquot
1208 4055 1471 4109 Africana:
1496 4053 1748 4111 Ecclesiae
1780 4057 1967 4125 synodi
1993 4073 2083 4111 ce-

504 4127 723 4182 lebrata:
752 4136 892 4180 sunt.
945 4125 1001 4180 In
1041 4142 1102 4179 ca
1141 4136 1357 4181 sanctus
1400 4128 1728 4182 Autzusunus
1775 4141 2078 4182 sermonem

504 4196 689 4251 habuit
720 4196 842 4253 12%.
873 4196 961 4251 ubi
987 4198 1148 4249 etiam
1176 4196 1451 4249 ordinatus
1490 4196 1587 4249 fttit
1622 4196 1931 4257 Dengratias
1957 4212 2079 4251 sau-

504 4267 773 4321 ctissimus
803 4266 1047 4331 antistes,
1077 4266 1229 4332 cujus
1260 4266 1346 4319 hic
1375 4265 1659 4334 praeclaras
1689 4267 1909 4319 virtutes
1937 4280 2082 4321 com-

506 4344 769 4390 memorat
795 4334 995 4388 Victor.
1040 4336 1189 4387 Tunc
1220 4339 1362 4388 cnim
1406 4346 1522 4388 erat
1553 4336 1825 4401 primaria,
1862 4347 1914 4388 et
1948 4350 2083 4402 prm-

504 4407 659 4475 cipua
687 4402 1084 4475 Catholicorum
1115 4403 1340 4458 ecclesia
1368 4404 1505 4472 apud
1528 4404 1923 4471 Carthaginem.
1958 4421 2079 4459 cum

505 4475 781 4529 basilicam
829 4474 1146 4528 Restitntatn
1185 4475 1391 4539 Ariani,
1430 4482 1486 4526 ut
1525 4487 1685 4539 supra
1724 4475 1921 4527 dictum
1965 4485 2080 4540 est,

505 4552 878 4613 occupassent.
913 4546 965 4598 In
998 4544 1111 4611 ipsa
1135 4548 1294 4597 etiam
1329 4544 1672 4612 baptismales
1699 4544 1875 4611 fontes
1901 4554 2077 4611 erant,

503 4617 647 4684 quod
695 4624 838 4685 patet
880 4631 944 4669 ex
988 4617 1103 4684 ipso
1155 4614 1367 4667 Victore
1399 4613 1530 4667 infra
1565 4615 1656 4667 lib.
1702 4615 1757 4679 2,
1796 4631 1943 4668 nutu.
1993 4618 2078 4669 l7.

2187 3420 2399 3493 videtur
2416 3435 2537 3477 esse
2558 3436 2716 3493 quam
2743 3422 3066 3487 Augustinus
3086 3425 3141 3480 in
3171 3426 3445 3484 breviculo
3464 3428 3775 3487 collationis

2182 3492 2286 3547 diei
2314 3493 2505 3568 tertiae,
2530 3492 2585 3546 c.
2617 3495 2782 3568 l3,_n.
2811 3494 3180 3568 l5,_basilicam
3213 3497 3478 3553 Novarum
3508 3502 3773 3568 appellat.

2259 3562 2407 3640 °_Sic_
2425 3563 2650 3640 Optatus
2671 3564 2809 3619 libro
2830 3566 3003 3635 primo
3042 3566 3303 3623 adversus
3340 3562 3771 3640 Parmet'tiarum,

2183 3632 2542 3711 Zephyrinum
2584 3632 2882 3711 Romanum
2911 3640 3262 3711 _pontificem,
3311 3641 3543 3695 urbicum
3572 3632 3775 3711 episco;

2185 3721 2306 3770 pum
2334 3705 2587 3773 appellat.
2629 3706 2694 3759 Et
2731 3706 2870 3760 idem
2902 3706 3126 3776 Optatos
3146 3711 3374 3765 urbicam
3404 3705 3775 3766 commentem-

2184 3775 2371 3849 tionem
2403 3776 2527 3829 dicit
2556 3776 2647 3830 lib.
2668 3792 2753 3849 Att.
2781 3776 2912 3831 Vide
2948 3779 3201 3849 Cypriani
3238 3780 3397 3847 epist.
3433 3784 3522 3845 45,
3569 3783 3644 3836 al.
3674 3785 3772 3840 40.

2186 3844 2453 3915 Οιιέιθινυηι
2479 3862 2574 3915 pro
2596 3847 2778 3909 urbici,
2811 3849 2943 3903 edit.
2976 3844 3211 3904 Lorichii
3241 3844 3401 3906 habet
3426 3844 3586 3907 urbis.

2254 3912 2280 3952 ἀ
2313 3917 2402 3972 Sic
2428 3912 2728 3983 Lorichius,
2754 3919 2979 3973 Orthod.
3005 3933 3058 3975 et
3088 3920 3290 3976 Belior.
3317 3925 3385 3977 At
3409 3921 3585 3978 Chifﬁ.
3609 3923 3775 3981 habet

2184 3987 2308 4040 dum
2353 4004 2509 4041 mora:
2537 3998 2783 4055 vocatur;
2829 3989 3074 4044 Rhenan.
3123 3994 3247 4045 dum
3282 4005 3539 4047 avocatur.
3602 3995 3775 4052 Porro

2184 4067 2402 4113 sanctus
2446 4058 2754 4127 Deogratias
2791 4061 3066 4116 ordinatus
3111 4060 3282 4118 fuerat
3311 4063 3459 4118 Ᾱέιίο
3497 4076 3551 4119 et
3579 4064 3776 4121 Studio

2183 4129 2517 4206 consulibus,
2631 4140 2714 4185 est
2737 4146 2875 4206 anno
2899 4131 3027 4206 εδδ,
3056 4131 3108 4187 in
3136 4132 3362 4206 basilica
3395 4134 3597 4190 Fausti.
3636 4137 3773 4206 Ejus

2184 4197 2446 4273 festivitas
2472 4201 2775 4273 celebratur
2807 4202 2857 4254 iu
2898 4202 3277 4273 Martyrologio
3310 4205 3551 4259 Romano
3579 4197 3773 4263 die'22

2186 4268 2380 4343 Martii,
2410 4278 2466 4323 et
2496 4271 2550 4343 in_
2576 4270 2887 4324 kalendario
2917 4268 3323 4343 Cart'ltagiu'ensi
3365 4278 3519 4331 nonis
3541 4277 3769 4333 Ianuar.

2260 4347 2283 4374 ο
2317 4338 2404 4391 Lis
2429 4349 2512 4393 est
2539 4340 2678 4394 inter
2704 4351 2951 4395 auctores
2975 4359 3041 4397 an
3068 4338 3302 4399 Thomas
3333 4345 3418 4400 hic
3441 4359 3774 4403 memoratus

2186 4406 2237 4487 in
2260 4408 3300 4487 _episcpporum_68_Carthaginensium
3323 4418 3563 4487 catalogo
3588 4418 3771 4474 locum

2184 4476 2387 4555 habere
2402 4478 2613 4533 debeat.
2630 4476 2921 4549 Et'qitidem
2939 4476 3058 4555 cuin
3075 4500 3334 4555 nusquam
3348 4486 3480 4542 alias
3492 4476 3610 4555 Ejus
3623 4506 3776 4545 men-

2186 4549 2263 4600 tio
2291 4548 2568 4615 ltabeatur,
2604 4566 2691 4606 res
2717 4548 2797 4607 est
2837 4568 2902 4606 ex
2945 4552 3045 4609 hoc
3087 4548 3315 4611 Victoris
3350 4558 3469 4614 loco
3510 4548 3772 4615 ﬁnienda.

2184 4618 2361 4684 Quare
2390 4620 2625 4674 omnium
2655 4636 2789 4690 quos
2824 4622 3007 4679 videre
3043 4625 3193 4681 licuit
3233 4627 3476 4683 codicum
3508 4629 3775 4686 lectiones

503 4686 668 4778 Quin,
709 4686 1162 4778 et'complulribus
1187 4695 1815 4778 sanctorummartyrum.
1840 4686 2080 4778 reliquiis
2108 4718 2158 4778 ι)
2187 4686 2819 4778 proferant,.utquisqune,
2847 4704 3005 4778 prout
3019 4696 3127 4778 sibi
3153 4697 3351 4778 .melius
3383 4699 3551 4754 visum
3582 4700 3773 4768 fuerit,

510 4759 730 4812 ditatam
780 4756 942 4809 fuisse
989 4756 1349 4826 discimusex
1400 4755 1633 4826 antiquis
1683 4756 2078 4826 martyrulogiis

505 4826 996 4891 Adeuis,Usuardi.
1022 4836 1153 4891 etc.,
1184 4825 1271 4879 ubi
1295 4825 1471 4879 idibus
1489 4824 1612 4879 Julii
1638 4826 1751 4880 lucc
1775 4824 2035 4882 habentur
2061 4847 2073 4882 :

505 4897 573 4954 In
604 4899 800 4967 Africa,
830 4898 1028 4951 civitate
1053 4896 1377 4966 Carthagine,
1410 4897 1592 4950 natalis
1612 4906 1903 4951 sanctorum
1925 4898 2077 4952 Cato-

506 4969 599 5022 lini
626 4969 848 5035 diaconi,
895 4977 942 5021 et
980 4969 1295 5037 reliquorum
1320 4975 1625 5036 martyrum,
1650 4970 1737 5035 qui
1766 4969 2081 5037 requiescunt

505 5040 557 5092 iu
588 5039 793 5110 basilica
834 5034 1035 5092 Fausti.
1070 5034 1171 5091 Pro
1212 5034 1609 5110 Fattstt',rivetus
1642 5034 2079 5110 martyrologium

505 5119 690 5180 sancto
734 5109 1056 5180 Hieronymo
1097 5110 1254 5177 vulgo
1281 5109 1637 5180 attributum,
1678 5108 1841 5163 habet
1889 5118 2080 5163 sancta:

504 5175 737 5232 Faustus.
769 5179 893 5239 Sed.
935 5175 994 5231 ut
1015 5180 1124 5247 jam
1168 5175 1210 5230 a'
1242 5178 1370 5232 viris
1397 5179 1621 5233 eruditis
1650 5196 1757 5233 non
1795 5181 1956 5235 semel
1987 5181 2081 5234 ob.

503 5258 769 5302 servatum
796 5260 898 5314 est,
924 5251 1061 5317 apud
1089 5260 1297 5303 veteres
1321 5250 1624 5317 frequenter
1654 5260 1938 5304 occurrunt
1962 5250 2079 5305 ista}

504 5319 799 5374 litterarum
845 5323 1186 5373 mutationes.
1238 5320 1498 5373 Caeterum
1541 5317 1811 5372 Catuliuus
1852 5323 1935 5374 Itic
1966 5337 2081 5374 mc-

505 5400 759 5456 tuoratus,
794 5393 836 5443 is
864 5390 977 5456 ipse
1007 5400 1088 5443 est
1117 5391 1316 5457 ahSque
1341 5388 1503 5459 dubio
1526 5391 1591 5442 de
1614 5406 1719 5459 quo
1748 5391 2076 5459 Augustinus

503 5459 686 5514 habuit
721 5476 1023 5515 sermonem
1054 5462 1141 5530 qui
1176 5477 1263 5527 per
1304 5457 1547 5513 Natalem
1577 5457 1799 5514 (ἐὰιαὶἰηὶ
1834 5457 2077 5516 inscribi-

503 5542 606 5584 tur.
625 5531 752 5597 Ejus
780 5533 903 5584 item
927 5529 1177 5584 memeria
1200 5530 1424 5583 celebris
1444 5541 1523 5583 est
1551 5532 1600 5583 iu
1631 5529 2077 5586 kalendarioCar-

499 5597 820 5668 hbugiueu-i,
845 5600 1019 5655 idibus
1045 5600 1188 5654 Julii.
1206 5600 1597 5670 Deniqueipost
1623 5610 1889 5670 receptam
1922 5617 1950 5656 a
1976 5602 2071 5656 Ju-

502 5675 733 5726 suniuno
776 5672 1097 5739 imperatore
1144 5669 1400 5733 Africam,
1456 5669 1759 5741 Reparatus’
1798 5672 2073 5741 Carthagi-

504 5746 681 5795 neusis
728 5744 948 5795 antistes
999 5740 1053 5795 in
1106 5741 1320 5795 basilica
1370 5741 1551 5794 F303“
1605 5739 1788 5795 sedem
1840 5739 2075 5796 restituit

502 5813 878 5879 episcopalem,
919 5826 973 5865 ut
1010 5815 1061 5865 in
1103 5809 1497 5867 Commentario
1536 5810 1794 5865 ltistOrico
1831 5812 2071 5867 dicemus

512 5892 630 5954 cap.
666 5881 752 5938 l2.
800 5883 1021 5938 Basilica
1058 5880 1324 5937 Novarum
1368 5880 1454 5935 hic
1493 5890 1812 5950 memorata,
1859 5897 1921 5938 ea
1959 5884 2070 5953 ipsa

2187 4773 2253 4840 ea
2279 4760 2347 4815 de
2372 4776 2432 4840 re
2468 4760 2722 4840 judicium
2750 4760 2906 4840 ferat.
2935 4765 3235 4840 Chifﬁetius
3271 4779 3346 4835 et,
3370 4778 3430 4840 ut
3458 4771 3574 4840 ipse
3603 4760 3775 4826 testa;

2183 4839 2291 4912 tur,
2313 4830 2480 4912 codex
2503 4832 2749 4912 cartttsia:
2778 4834 3059 4912 Portarum
3078 4837 3287 4912 habent
3311 4830 3637 4895 {Ordinatur
3655 4845 3747 4912 qui
3756 4873 3774 4885 -

2184 4902 2303 4978 dam
2350 4902 2405 4978 in
2448 4902 3031 4978 sacerdotiummomine
3076 4906 3319 4977 Thomas,
3361 4912 3445 4978 qui
3483 4912 3628 4977 dum,
3658 4902 3773 4969 etc.

2183 4970 2409 5049 Qrthod.
2436 4980 2493 5049 et
2511 4974 2694 5049 _vers_io
2724 4974 2953 5049 Belf9r_.,
2978 4976 3263 5049 Ordinatur
3287 4970 3497 5049 quidam
3519 4970 3770 5038 sacerdo-

2184 5043 2276 5104 tio.
2307 5052 2412 5096 etc.
2450 5042 2588 5098 Edit.
2623 5043 2865 5099 Ritenatti
2896 5046 3139 5103 Balduini
3182 5059 3236 5105 et
3289 5042 3634 5109 Bibliotheca:
3668 5054 3774 5110 Pa-

2187 5121 2347 5177 trum,
2376 5113 2657 5188 Ordinator
2683 5117 2945 5188 quondam
2985 5121 3249 5173 memorati
3274 5124 3576 5188 sacerdotis,
3606 5133 3717 5179 etc.
3755 5144 3769 5180 :

2183 5196 2345 5261 quam
2376 5185 2661 5261 lectionem
2693 5185 2768 5240 uti
2803 5201 3112 5261 germanam
3143 5204 3447 5261 propugnat
3476 5185 3765 5253 Baronius.

2182 5252 2353 5333 Porro
2375 5255 2427 5308 in
2442 5252 2991 5333 prthodoxographia
3014 5268 3068 5333 et
3087 5252 3291 5333 aliquot
3313 5252 3495 5330 Editis,
3514 5274 3635 5333 post
3652 5267 3772 5322 haec

2180 5324 2379 5399 verba,
2435 5323 2833 5399 Ordinatur...'..
2868 5323 3092 5383 'nomine
3147 5323 3397 5399 Thomas,
3447 5323 3767 5399 resumitur.

2181 5394 2408 5447 Thomas
2425 5397 2731 5474 _veneral_ti_lis
2759 5398 3048 5474 episcopus,
3089 5401 3232 5474 dum,
3261 5394 3417 5474 etas:
3445 5420 3565 5474 qua:
3601 5394 3769 5463 verba

2179 5479 2244 5546 ex
2275 5465 2639 5546 margine,_uti
2665 5466 2718 5546 in
2748 5465 2880 5527 mss.
2900 5465 3052 5546 Cpr.
3083 5472 3110 5546 _l
3136 5481 3199 5546 _et
3220 5465 3439 5546 Martia.
3465 5465 3765 5545 habentur,

2180 5536 2233 5588 in
2277 5544 2478 5589 textum
2510 5536 2759 5591 videntur
2791 5541 3044 5594 translata
3076 5540 3261 5598 fuisse.
3309 5544 3445 5600 Hinc
3471 5546 3634 5601 etiam
3662 5536 3770 5604 L0:-

2181 5604 2506 5682 tichiussic
2550 5607 2711 5682 habet
2740 5624 2754 5659 :
2790 5607 3071 5682 Ordinatur
3111 5614 3321 5682 quidam
3347 5618 3632 5671 sacerdotio
3664 5636 3767 5673 no-

2178 5678 2312 5728 mine
2344 5674 2589 5754 I‘homas.
2618 5675 2753 5754 Tum
2770 5679 2967 5754 titulus
2987 5674 3208 5754 _capi_t'u|i
3230 5688 3504 5754 sequentis
3528 5685 3766 5743 Ordina-

2178 5753 2261 5829 tur
2289 5747 2499 5827 quidam
2528 5748 2814 5829 sacerdotio
2861 5747 3073 5829 nomine:
3095 5747 3337 5808 Thomas.
3383 5755 3589 5829 Deinde
3617 5762 3767 5829 capi-

2179 5815 2348 5894 tulum
2373 5816 2451 5870 sic
2476 5817 2660 5894 incipit
2688 5835 2715 5894 ί
2733 5818 2950 5894 Thomas
2988 5823 3258 5894 episcopus
3284 5827 3606 5894 venerabilis,
3638 5815 3765 5883 dum

2179 5888 2354 5955 variis,
2376 5896 2482 5943 etc.
2507 5888 2674 5945 Porro
2701 5889 2986 5948 lectionem
3014 5888 3243 5961 duorum
3268 5896 3514 5959 codicum
3537 5888 3767 5959 Colber-
