3988 6344
162 294 243 349 195
1126 289 1210 343 DE
1249 286 1762 345 PERSECUTIONE
1806 287 2188 344 VANDALICA
2229 288 2353 344 LIB.
2396 290 2432 344 Ι.

3291 288 3397 347 194

159 404 299 459 variis
321 404 389 458 ab
416 403 498 459 eis
521 401 725 458 insidiis
745 400 951 471 saepius
970 410 1284 466 arctaretur,
1327 404 1554 470 quodam
1583 408 1719 456 teut-
1746 405 1797 466 Α
1824 401 2062 457 membra
2093 403 2195 458 mei
2240 404 2480 472 corporis
2508 403 2770 469 dedicavi,
2815 418 2914 458 nec
2953 417 3172 474 possum
3204 405 3395 461 huma-

159 512 268 567 pore
315 494 677 551 venerabilem
729 508 917 548 senem
970 493 1022 547 in
1074 491 1170 566 [αι.
1213 492 1447 565 publica]
1501 492 1715 563 publico

158 592 271 647 facie
298 589 529 644 catomis
558 586 890 643 ceciderunt.
945 586 1097 655 Quod
1151 586 1241 642 ille
1283 602 1388 640 non
1428 586 1493 639 ad
1523 599 1717 654 oppro-

159 685 336 748 brium,
364 681 459 737 sed
483 681 551 735 ad
580 680 881 735 mercedem
912 687 1226 749 computans
1263 678 1447 747 gloria:
1484 692 1619 743 suae,
1662 678 1717 731 in

160 776 369 833 Domino
399 773 700 829 laztabatur.
735 770 884 827 Unde
923 770 1118 825 factum
1153 779 1233 825 est
1269 778 1326 823 ut
1368 778 1486 838 post
1514 767 1717 822 obitum

160 865 377 937 episcopi
414 867 470 937 8
497 861 856 932 Carthaginis,
896 861 1200 931 Zeugitana:
1239 868 1294 915 et
1344 857 1718 913 Proconsulari

160 958 437 1032 provinciae
458 958 739 1025 episc0pos
759 953 1105 1010 interdiceret
1124 950 1473 1016 ordinandus,
1487 964 1715 1021 quorum

164 1059 264 1107 erat
284 1063 540 1104 numerus
568 1055 780 1103 centum
817 1044 1090 1113 sexaginta
1120 1051 1369 1111 quatuOr.
1399 1042 1501 1109 Qui
1534 1040 1718 1110 paula-

162 1143 234 1197 tim
260 1140 596 1206 deficientes,
623 1151 786 1205 nunc,
808 1136 855 1192 si
883 1135 967 1191 vel
991 1135 1090 1206 ipsi
1114 1145 1423 1204 supersunt,
1462 1142 1572 1189 tres
1600 1143 1722 1188 tan-

162 1247 249 1291 tum
291 1248 416 1291 esse
450 1232 732 1288 videntur:
764 1229 1071 1284 Vincentius
1099 1237 1126 1266 ⁸
1164 1227 1475 1298 Cigitanus,
1524 1225 1724 1283 Paulus

164 1324 592 1391 ItSinnaritanus,
632 1337 760 1378 vere
800 1320 996 1376 merito
1035 1329 1089 1375 et
1129 1319 1347 1375 nomine
1388 1318 1617 1383 Paulus;
1664 1324 1720 1373 et

163 1420 275 1475 alius
303 1417 651 1486 Quintianus,
701 1414 791 1483 qui
835 1427 977 1468 nunc
1021 1411 1453 1482 persecutionem
1482 1409 1715 1481 fugiens,

165 1510 280 1583 apud
331 1519 355 1547 ε
406 1507 663 1563 Edessam
719 1503 1043 1560 Macedoniae
1093 1501 1365 1559 civitatem
1418 1513 1726 1558 commanet

166 1603 488 1674 peregrinus.

222 1696 285 1751 Χ.
316 1694 558 1749 Matium
584 1701 632 1747 et
659 1691 752 1747 alii
778 1700 1026 1762 martyres
1053 1699 1101 1744 et
1129 1694 1459 1758 confessurus.
1486 1685 1593 1728 -ά
1618 1684 1725 1743 Sed

1818 507 1948 547 num
1970 493 2155 548 sortiri
2183 493 2508 562 conjugium,
2544 494 2747 548 habens
2768 493 2878 563 jam
2914 495 3189 551 cmlestem
3216 506 3270 552 et
3304 513 3397 554 ve-

1820 599 1938 639 rum
1970 599 2247 651 sponsum.
2279 584 2384 641 Sed
2408 585 2547 640 dabo
2571 586 2869 641 consilium.
2911 586 2967 643 Si
3006 589 3161 656 velis,
3198 592 3397 659 poteris

1820 684 1876 731 et
1904 676 2021 746 ipse
2051 677 2143 731 tibi
2174 688 2465 747 praestare,
2515 679 2642 731 dum
2673 678 2824 741 licet,
2874 689 2934 733 ut
2962 679 3048 734 cui
3077 696 3176 751 ego
3197 696 3396 738 concu-

1820 768 1928 838 pivi
1957 771 2175 834 nubere,
2204 769 2488 827 delecteris
2517 779 2570 825 et
2598 771 2711 841 ipse
2732 773 2952 828 servire.
2973 773 3047 827 lta
3077 774 3271 830 factum
3293 787 3397 843 est,

1821 861 2048 916 Domino
2073 872 2425 932 procurante,
2460 871 2517 916 ut
2543 861 2801 917 obediens
2834 863 3031 930 Virgini
3069 866 3229 921 etiam
3272 868 3403 924 ado-

1822 950 2032 1008 lescens
2076 968 2230 1008 suum
2271 952 2502 1006 animam
2555 952 2870 1007 lucraretur.
2916 952 3198 1011 Nesciente
3242 957 3402 1028 igitur

1822 1044 2065 1099 Vandalo
2092 1044 2352 1114 spiritalis
2387 1043 2581 1099 secreti
2611 1043 3017 1112 commercium,
3049 1059 3401 1116 compunctus

1822 1149 1983 1205 atque
2011 1145 2243 1193 mutatus
2273 1137 2642 1201 Martinianus,
2675 1136 2838 1192 etiam
2865 1138 2977 1193 suis
3006 1138 3255 1195 fratribus
3281 1157 3401 1211 per-

1822 1230 1991 1285 suasit
2008 1239 2066 1284 ut
2089 1229 2394 1299 thesaurum
2415 1244 2574 1299 quem
2598 1230 2876 1286 invenerat
2897 1230 3175 1300 haberent,
3200 1242 3258 1287 ut
3280 1243 3404 1302 pote

1822 1325 2089 1395 germani,
2118 1338 2485 1379 communem.
2528 1322 2836 1378 Conversus
2871 1323 3049 1393 itaque
3084 1339 3207 1379 cum
3238 1325 3405 1379 tribus

1826 1418 2078 1473 fratribus
2108 1417 2241 1485 suis,
2290 1416 2382 1472 Dei
2407 1431 2619 1487 quoque
2672 1418 2848 1487 puella
2893 1418 3209 1482 comitante,
3248 1428 3405 1473 nocte

1825 1512 1965 1567 clam
1993 1510 2353 1581 egredientes,
2382 1510 2396 1547 ί
2430 1511 2741 1566 Tabraceno
2776 1511 3123 1576 monasterio,
3152 1513 3237 1568 cui
3279 1527 3407 1581 prae-

1827 1613 1943 1659 erat
1967 1612 2094 1659 tunc
2121 1602 2314 1658 nobilis
2334 1610 2518 1672 pastor
2532 1602 2796 1668 Andreas,
2824 1603 3116 1658 sociantur.
3149 1603 3241 1659 Illa
3273 1618 3405 1659 vero

1831 1693 1973 1749 baud
2015 1694 2199 1763 procul
2246 1693 2627 1751 monasterium
2675 1694 2896 1750 incoluit
2928 1696 3241 1764 puellarum.
3293 1695 3407 1752 Sci-

166 1789 302 1843 etiam
335 1796 465 1841 tunc
485 1792 751 1855 martyres
784 1780 1163 1852 quamplurimi
1204 1779 1371 1836 fuisse
1409 1779 1723 1848 probantur.
1754 1768 1805 1831 Β
1830 1787 2056 1841 scitante
2082 1785 2242 1854 igitur
2271 1786 2500 1842 barbaro
2542 1786 2972 1857 inquisitionibus
3000 1795 3053 1841 et
3090 1786 3406 1842 muneribus

168 1877 533 1934 Confessorum
556 1884 735 1931 autem
764 1873 953 1945 ingens
978 1881 1033 1927 et
1062 1872 1289 1941 plurima
1321 1869 1628 1937 multitudo,
1657 1885 1727 1926 ex

166 1971 334 2040 quibus
384 1968 600 2036 aliquos
646 1979 869 2021 narrare
918 1962 1153 2019 tentabo.
1195 1962 1362 2017 Erant
1413 1971 1539 2016 tunc
1584 1961 1727 2016 servi

168 2060 423 2129 cujusdam
460 2056 726 2113 Vandali:
759 2054 856 2111 fuit
877 2064 1055 2110 autem
1089 2054 1178 2109 hic
1206 2052 1475 2107 Vandalus
1504 2053 1570 2108 de
1596 2053 1724 2121 illis,

168 2166 279 2221 quos
309 2149 640 2206 Hillenarios
668 2156 877 2211 vocant,
923 2155 948 2183 ο
979 2145 1348 2212 Martinianus,
1387 2143 1723 2210 Saturianus,

172 2252 217 2298 et
251 2257 428 2297 eorum
479 2241 589 2295 duo
632 2238 907 2310 germani;
957 2245 1069 2293 erat
1101 2245 1155 2292 et
1180 2236 1426 2306 quaedam
1462 2250 1726 2291 conserva

170 2350 330 2390 eorum
362 2332 576 2403 egregia
601 2330 798 2385 Christi
819 2328 1014 2385 ancilla
1046 2329 1265 2384 nomine
1292 2328 1556 2393 Maxima,
1599 2342 1726 2382 cor—
1773 2321 1781 2327 ”

169 2443 279 2496 pore
304 2427 545 2483 simulet
576 2424 669 2497 [al.
698 2421 899 2494 mente]
921 2421 1084 2477 corde
1111 2422 1326 2477 decora.
1358 2422 1426 2477 Et
1444 2423 1565 2491 quia
1588 2421 1729 2476 Mar-

167 2519 383 2573 linianus
410 2515 724 2572 armifactor
750 2522 887 2577 erat,
928 2522 983 2568 et
1009 2511 1230 2568 domino
1265 2528 1365 2567 suo
1411 2513 1541 2567 satis
1580 2512 1728 2587 side-

168 2610 306 2664 batur
324 2618 602 2677 acccptus,
635 2616 689 2662 et
718 2605 947 2661 Maxima
977 2605 1241 2659 universae
1266 2604 1446 2658 domui
1476 2603 1726 2659 domina-

166 2702 342 2767 ltatur,
403 2700 625 2756 credidit
678 2697 978 2766 Vandalus,
1037 2705 1097 2752 ut
1149 2696 1332 2752 fideles
1395 2696 1497 2751 sibi
1559 2697 1729 2767 magis

166 2804 483 2847 memoratos
510 2793 708 2846 faceret
734 2791 979 2853 famulos,
1012 2789 1385 2844 Martinianum
1418 2789 1729 2845 Maximam-

161 2900 265 2953 que
289 2883 555 2953 coniugali
580 2882 851 2938 consortio
879 2883 1109 2937 sociare.
1151 2880 1504 2936 Martinianus
1547 2881 1733 2937 adole-

162 2976 517 3029 scentulorum
544 2973 881 3029 stecnlarium
910 2987 1060 3028 more
1080 2972 1387 3041 conjugium
1411 2972 1728 3039 affectabat;

163 3066 509 3137 Maximaque,
540 3067 650 3133 jam
689 3067 799 3121 Deo
825 3072 1054 3129 sacrata,
1103 3064 1364 3119 humanas
1395 3064 1607 3133 nuptias
1647 3080 1732 3120 rc-

1828 1878 2052 1945 crebris,
2075 1878 2215 1948 quod
2236 1888 2443 1949 gestum
2461 1887 2578 1934 erat
2592 1879 2755 1934 celari
2780 1893 2885 1933 non
2910 1879 3099 1948 potuit.
3128 1878 3409 1934 inveniens

1829 1972 2007 2038 itaque
2056 1969 2165 2038 jam
2213 1984 2316 2025 non
2362 1984 2482 2034 sua,
2529 1969 2623 2025 sed
2649 1968 2845 2023 Christi
2875 1968 3162 2037 mancipia,
3194 1968 3410 2036 conjicit

1831 2062 1884 2116 in
1916 2062 2161 2125 vinculis,
2194 2070 2250 2115 et
2277 2062 2441 2115 variis
2478 2060 2759 2116 tormentis
2791 2061 2884 2115 Dei
2918 2060 3143 2115 famulos
3179 2061 3411 2115 insecta-

1830 2162 1945 2218 tur;
1977 2167 2141 2220 ageus
2167 2167 2289 2208 cum
2318 2154 2399 2208 eis
2427 2167 2533 2217 non
2568 2162 2771 2207 tantum
2795 2160 2855 2206 ut
2884 2152 3083 2221 pariter
3118 2152 3411 2207 misceren-

1832 2254 1937 2312 tur,
1968 2246 2087 2309 sed,
2120 2245 2262 2314 quod
2290 2245 2505 2315 gravius
2545 2253 2649 2311 est,
2696 2258 2791 2312 per
2824 2245 3263 2312 rebaptizationis
3302 2258 3410 2299 cae.

1831 2352 1981 2404 num,
2016 2336 2139 2392 fidei
2166 2351 2276 2391 sum
2311 2344 2623 2391 ornamenta
2672 2344 2971 2405 turparent.
3019 2334 3266 2389 Pervenit
3307 2333 3410 2390 hoc

1831 2428 2002 2498 ipsum
2034 2443 2205 2495 usque
2230 2427 2297 2482 ad
2324 2425 2567 2482 notitiam
2596 2426 2853 2482 Geiserici
2882 2426 3045 2495 regis,
3091 2427 3179 2495 qui
3209 2440 3411 2495 praece-

1830 2521 1910 2589 pit
1950 2528 2008 2575 ut
2051 2519 2232 2574 tandiu
2282 2516 2641 2588 implacabilis
2685 2516 2849 2571 herus
2897 2531 3083 2571 servos
3129 2515 3410 2585 afﬂigeret,

1831 2611 2067 2682 quandiu
2099 2611 2242 2665 illius
2267 2609 2683 2665 succumberent
2708 2608 2993 2663 voluntati.
3024 2607 3184 2664 Jubet
3212 2608 3264 2662 in
3297 2622 3412 2662 mo-

1832 2704 1958 2760 dum
2009 2701 2242 2759 ferarum
2283 2701 2451 2757 fustes
2489 2701 2737 2756 robustos
2772 2700 2939 2756 veluti
2980 2700 3244 2769 palmatos
3288 2714 3411 2754 cum

1832 2795 2092 2865 stirpibus
2120 2794 2255 2857 fieri,
2288 2794 2376 2863 qui
2409 2791 2579 2865 [Colb.
2615 2793 2667 2857 1,
2699 2790 3019 2862 quatientes]
3050 2791 3413 2860 quatientibus
3464 2790 3467 2791 ⁷

1834 2886 1999 2956 tergis
2023 2901 2129 2941 non
2153 2885 2327 2940 solum
2357 2898 2480 2938 ossa
2507 2881 2925 2952 confringerent,
2954 2881 3047 2935 sed
3077 2881 3238 2935 etiam
3269 2889 3410 2936 tere-

1835 2978 2054 3033 brantes
2103 2977 2275 3031 aculei
2328 2975 2651 3030 intrinsecus
2704 2981 3064 3029 remanerent.
3134 2973 3235 3038 Qui
3282 2971 3408 3026 dum

1834 3069 2049 3140 sanguis
2081 3068 2345 3133 elllueret,
2390 3077 2446 3121 et
2483 3065 2754 3130 dissipatis
2790 3064 3040 3118 carnibus
3067 3063 3275 3119 viscera
3312 3079 3408 3117 nu-

167 3158 375 3213 futabat.
412 3164 485 3211 At
511 3157 597 3213 ubi
628 3166 843 3211 ventum
872 3164 955 3211 est
990 3164 1048 3208 ut
1070 3154 1301 3210 cubiculi
1331 3154 1607 3209 adirentur
1636 3170 1726 3210 se-
1754 3145 1804 3211 C
1835 3162 2112 3227 darentur,
2145 3158 2389 3229 sequenti
2411 3158 2521 3224 die,
2550 3155 2767 3211 Christo
2794 3155 3065 3222 medentc,
3093 3169 3306 3223 semper
3329 3159 3406 3209 in-

165 3260 300 3306 creta
328 3252 559 3316 silentia,
586 3259 643 3306 et
689 3249 1036 3305 Martinianus
1079 3248 1325 3305 nesciens
1360 3248 1487 3319 quid
1536 3249 1604 3305 de
1635 3250 1729 3305 illo

163 3343 461 3399 decreverat
488 3344 651 3407 Deus,
675 3341 904 3397 maritali
936 3340 1126 3396 fiducia
1167 3342 1317 3408 quasi
1351 3355 1473 3395 cum
1499 3342 1728 3412 conjuge

166 3447 371 3506 cuperet
411 3436 690 3499 cubitare,
744 3434 863 3487 viva
905 3448 1038 3489 voce
1083 3435 1130 3487 ei
1185 3442 1478 3487 memorata
1531 3434 1729 3490 famula

162 3527 346 3583 Christi
381 3525 669 3602 reSpondit
694 3544 706 3579 :
735 3523 953 3581 Christo
984 3539 1105 3595 ego,
1147 3539 1179 3579 ο
1205 3523 1517 3582 Martiniano
1538 3526 1722 3596 frater,

163 3703 369 3772 tinorum
399 3701 716 3770 selegimus,
738 3700 820 3772 cui
853 3714 987 3767 pene
1013 3699 1304 3772 conformis
1326 3710 1409 3756 est
1427 3717 1488 3757 ea
1517 3719 1637 3772 quae
1668 3706 1723 3760 in

160 3771 298 3826 Colb.
329 3774 497 3828 tertio
526 3781 581 3825 et
609 3772 661 3825 in
703 3771 887 3824 codice
916 3772 1083 3825 sancti
1113 3771 1319 3825 Martini
1350 3771 1593 3837 habetur,
1636 3777 1725 3832 ubi

158 3844 407 3897 ordinatur
435 3842 701 3908 quondam
730 3841 1030 3905 sacerdotio,
1078 3851 1209 3908 etc.,
1237 3843 1377 3910 quod
1405 3846 1611 3899 crcteris
1647 3847 1728 3898 vi-

157 3914 327 3967 deatur
359 3913 537 3967 textui
564 3912 908 3966 confortnior.
942 3912 1007 3965 Et
1030 3913 1243 3979 quidem
1270 3912 1372 3967 hoc
1401 3929 1485 3968 me
1514 3917 1721 3981 potissi-

159 3999 288 4037 mum
319 3993 530 4048 movet,
562 3992 620 4036 ut
660 3982 881 4036 Thomas
912 3997 1103 4037 nomen
1130 3999 1193 4038 ex
1225 3982 1721 4051 Carthagineusium

153 4056 434 4111 antistitum
465 4055 712 4122 catalogo
740 4068 1060 4123 expungam,
1086 4054 1224 4123 quod
1250 4054 1391 4107 nulla
1420 4054 1586 4121 ipsius
1606 4070 1720 4109 me-

154 4126 310 4179 moria
338 4128 391 4179 in
439 4121 811 4179 vetustiSsimo
851 4121 1160 4177 kalendaria
1187 4122 1591 4192 Carthaginensi
1627 4128 1721 4178 Ita-

156 4195 347 4261 beatur,
376 4201 430 4251 in
460 4211 575 4265 quo
597 4203 777 4247 tamen
802 4196 979 4247 caeteri
1012 4194 1235 4248 istorum
1266 4202 1564 4263 temporum
1590 4195 1723 4249 Car-

153 4267 489 4335 thaginienses
514 4265 752 4333 episcopi
777 4273 1019 4318 accurate
1040 4265 1486 4335 recensentur.Et
1508 4266 1721 4332 quidem

154 4337 197 4386 in
221 4334 280 4388 eo
309 4353 415 4391 non
446 4337 629 4391 solum
662 4335 917 4399 Aurelius,
946 4335 1244 4402 Capreolus,
1278 4345 1379 4405 aut
1398 4334 1719 4405 l)eogratias,

148 4407 227 4473 qui
256 4409 307 4461 in
329 4407 519 4462 AfriCa
541 4422 573 4462 e
594 4406 729 4459 vivis
756 4414 1123 4471 exceSserunt,
1148 4406 1240 4460 sed
1268 4414 1323 4459 et
1354 4404 1722 4470 Quotoultdeus

148 4489 191 4528 et
223 4476 516 4548 Eugenius,
546 4478 601 4531 in
634 4476 887 4548 externis
910 4475 1033 4529 licet
1081 4476 1366 4548 provinciis
1406 4476 1514 4530 fato
1556 4476 1721 4530 functi

146 4545 532 4602 memorantur.
579 4545 783 4600 Deinde
811 4545 928 4600 Ado
956 4555 1169 4615 sanctos
1197 4546 1477 4615 episcopos
1505 4548 1591 4615 qui
1621 4547 1722 4601 sub

140 4618 419 4671 Geoserici
472 4617 848 4685 persecutione
880 4617 1016 4684 passi
1060 4614 1291 4681 fuerant,
1337 4614 1627 4673 recensens
1654 4633 1721 4673 ex

139 4686 374 4743 Victoris
406 4688 653 4749 historia,
687 4685 936 4739 Thomam
966 4687 1106 4740 hunc
1130 4688 1328 4740 omisit.

205 4768 229 4794 ⁸
260 4758 496 4814 Urthod.
519 4770 573 4813 et
595 4758 877 4828 Lorichius
905 4758 1102 4828 habent
1128 4757 1417 4828 Vigilanus.
1444 4758 1499 4811 lu
1528 4758 1722 4813 Nolitia

143 4830 323 4884 Africa:
354 4830 601 4885 occurrit
633 4827 927 4881 Vincentius
954 4826 1220 4897 Ziggensis
1246 4829 1299 4882 in
1331 4830 1720 4896 proconsulari,

140 4915 283 4980 quem
307 4901 457 4980 hunc
480 4901 665 4980 ipsum
693 4912 814 4977 esse
838 4898 1034 4980 qui-hic
1059 4910 1409 4980 tne-moratur,
1430 4908 1579 4980 putat
1596 4915 1725 4980 eru-

139 4970 267 5023 ditus
304 4966 566 5025 Baluzius
612 4969 663 5022 in
698 4968 836 5023 notis
860 4966 944 5022 ad
988 4983 1106 5036 cap.
1141 4966 1241 5022 128
1265 4966 1568 5023 collationis
1593 4968 1722 5024 Car-

140 5044 496 5107 titaginensis,
518 5041 607 5094 ubi
637 5041 773 5092 inlt'r
798 5038 1098 5106 Catltolicos
1125 5040 1386 5093 antistites
1413 5050 1723 5094 recensetur

140 5111 425 5182 Quadratus
440 5113 726 5182 episwpus
743 5108 898 5177 plebis
915 5108 1195 5182 Gegitanae.
1219 5108 1421 5163 Videsis
1436 5109 1567 5182 infra
1589 5109 1724 5180 (Col.

137 5181 251 5249 288)
264 5193 453 5237 notam
471 5180 546 5235 41
566 5183 621 5234 in
638 5181 914 5247 episcopos
929 5180 1216 5249 provinciae
1230 5181 1620 5247 proconsularis
1636 5182 1725 5248 qui

139 5252 183 5303 in
212 5254 405 5307 Notitia
453 5252 757 5306 habentur.
795 5250 960 5303 Porro
988 5250 1171 5305 sedem
1205 5251 1289 5304 hic
1315 5263 1345 5303 a
1378 5250 1588 5305 Victore
1612 5266 1725 5305 me-

138 5333 384 5380 moratam
403 5337 542 5380 csse
566 5320 783 5390 Gegetu,
814 5337 931 5390 qua:
953 5322 1088 5375 ultra
1129 5320 1487 5389 Naraggaram
1536 5335 1724 5375 versus

135 5392 429 5449 Numidiam
462 5397 581 5447 sita
625 5402 709 5446 est
748 5392 800 5443 in
839 5392 1030 5446 tabulis
1066 5391 1509 5458 Peutingcrianis,
1541 5400 1724 5445 censet

138 5462 365 5519 Norisius
417 5466 476 5518 in
534 5476 765 5517 censura
817 5471 1057 5516 nutarum
1100 5460 1343 5516 Carnerii
1395 5461 1445 5513 in
1498 5461 1720 5515 Marium

137 5533 513 5592 Mercatorem.
560 5533 693 5586 lliuc
720 5546 1016 5602 anouymus
1043 5533 1324 5585 Ravenuas
1354 5531 1445 5585 lib.
1478 5546 1718 5591 Ill,ntim.

138 5606 177 5666 li,
203 5604 396 5675 Gegem
428 5606 680 5661 collocat
712 5604 761 5656 in
804 5602 1066 5675 Numidia.
1100 5602 1243 5657 Inter
1269 5602 1548 5675 episcopos
1578 5602 1723 5655 Mau-

139 5672 323 5731 ritania:
352 5677 649 5733 Sitifensis
678 5689 824 5727 nunt.
858 5674 923 5727 15
948 5678 997 5728 in
1031 5674 1221 5727 Notiliu
1254 5672 1501 5725 Africana
1534 5688 1721 5725 recen-

136 5760 267 5804 sctur
296 5748 656 5805 Constantius
683 5744 975 5811 Gegittums.
1008 5745 1112 5802 Sed
1142 5745 1223 5799 hic
1255 5747 1486 5812 aliquem
1514 5746 1720 5798 antisti-

1835 3251 2075 3309 cOlumes
2104 3249 2483 3304 reddebantur.
2516 3246 2629 3300 Hoc
2664 3246 2857 3313 saepius
2893 3259 2956 3299 ac
2999 3246 3166 3300 multo
3215 3245 3408 3301 factum

1830 3354 1912 3401 est
1936 3356 2197 3413 tempore,
2229 3341 2417 3413 [Mat-1.
2458 3341 2544 3413 ut]
2584 3351 2638 3397 et
2688 3342 2830 3395 nulla
2877 3340 3146 3409 plagarum
3187 3337 3409 3407 vestigia

1828 3437 2162 3499 videbantur,
2195 3443 2382 3488 sancto
2407 3433 2611 3502 Spiritu
2640 3433 2864 3488 subinde
2887 3440 3130 3487 curante.
3159 3429 3289 3484 Post
3311 3430 3412 3482 hoc

1832 3539 1858 3577 κ
1887 3535 2162 3583 arctantur
2195 3525 2425 3579 maxime
2453 3523 2584 3579 dura
2606 3524 2870 3594 custodia,
2893 3520 3258 3592 compedeque
3298 3534 3413 3574 cru-
3491 3523 3493 3528 '

1833 3715 1940 3761 tem
1966 3720 1997 3761 e
2020 3702 2489 3775 proconsularibus
2508 3701 2759 3758 aVictore
2776 3701 2997 3757 iudicari
3019 3709 3168 3756 extra
3187 3702 3407 3759 dubium

1831 3786 1934 3832 est.

1898 3846 1925 3883 ιι
1957 3846 2046 3900 Sic
2073 3844 2225 3898 Colb.
2258 3845 2292 3896 2
2312 3858 2432 3897 cum
2466 3843 2723 3897 Rhenano
2748 3851 2802 3897 et
2822 3843 2941 3895 aliis
2968 3841 3143 3896 editis.
3166 3844 3231 3895 At
3252 3842 3405 3897 Mart.

1830 3927 1879 3970 et
1910 3916 2061 3969 Colb.
2098 3916 2119 3967 1
2160 3913 2355 3967 habent
2379 3911 2767 3967 Sitinaritanus.
2803 3912 2995 3966 Etlit.2
3018 3911 3406 3966 Sitmaritamts.

1828 3987 2037 4041 Nostra:
2084 3984 2331 4038 lectionis
2364 3982 2557 4037 veritas
2588 3997 2650 4035 ex
2697 3981 2889 4036 Notitia
2934 3980 3182 4036 Africana
3213 3984 3411 4036 confir-

1829 4064 2025 4117 matur,
2071 4055 2158 4108 ubi
2193 4055 2331 4108 inter
2352 4054 2633 4121 episcopos
2664 4051 2951 4121 provincia:
2983 4052 3401 4118 proconsularis,

1831 4142 1977 4182 num.
2011 4127 2065 4189 5,
2103 4123 2298 4178 Paulus
2326 4123 2673 4185 Sinnarensis,
2705 4126 2776 4175 uti
2818 4136 2883 4175 cx
2913 4121 3031 4175 cod.
3066 4122 3409 4178 Laudunensi

1830 4197 2180 4259 restituimus,
2195 4194 2447 4249 occurrit.
2468 4193 2763 4247 Videuotas
2782 4192 2833 4247 in
2847 4208 2968 4247 eum
2989 4192 3399 4248 Notitizelocum.

1905 4278 1927 4307 α
1958 4266 2258 4329 Lorichius,
2292 4265 2553 4318 Adessam.
2581 4264 2810 4318 JEdessa
2859 4279 3018 4325 porro
3047 4265 3173 4317 urbs
3197 4273 3279 4317 est
3304 4264 3411 4319 Ma-

1830 4338 2069 4392 cedonia:
2097 4337 2149 4391 in
2181 4333 2476 4397 Emathia,
2509 4350 2627 4405 quae
2658 4335 2813 4403 vulgo
2850 4333 3062 4387 Vodena
3088 4335 3408 4402 appellatur.

1834 4408 1892 4462 ln
1921 4407 2119 4461 Notitia
2164 4406 2355 4461 Africa:
2400 4404 2539 4459 inter
2569 4404 2864 4474 Episcopos
2896 4407 3289 4474 proconsularis
3320 4421 3410 4460 re-

1832 4488 2083 4534 censetur
2128 4476 2436 4543 Quintianus
2478 4475 2771 4540 Urcitanus,
2812 4477 2901 4542 qui
2944 4475 3188 4529 fortassis
3221 4476 3265 4528 is
3295 4476 3412 4545 ipse

1830 4560 1912 4604 est
1943 4548 2251 4615 Quintianus
2277 4561 2433 4613 quem
2467 4545 2552 4601 hic
2586 4545 2767 4600 Victor
2794 4557 2980 4601 noster
3010 4546 3205 4599 laudat.

1899 4619 1927 4656 ά
1957 4620 2046 4674 Sic
2072 4616 2226 4672 Colb.
2254 4618 2305 4671 l.
2332 4616 2547 4688 Crateri,
2567 4616 2672 4670 Sed
2695 4617 2848 4670 etiam
2865 4618 3112 4685 martyria
3142 4618 3413 4688 quamplu-

1829 4691 1960 4743 rima
1991 4706 2184 4743 esse....
2218 4703 2279 4740 ea:
2306 4686 2485 4756 quibus
2516 4688 2708 4756 aliqua,
2740 4696 2845 4741 etc.

1908 4770 1931 4799 ε
1953 4758 2201 4819 0rthod.,
2219 4757 2329 4828 69
2347 4756 2703 4828 Maturianus;
2724 4756 3025 4828 Lorichius,
3044 4755 3409 4828 dlouritanus;

1830 4831 1924 4885 sed
1944 4830 2160 4884 inferius
2176 4825 2391 4893 semper
2403 4828 2591 4880 scribit
2605 4825 2949 4881 Maturianus.
2965 4825 3112 4881 Colb.
3132 4829 3155 4881 1
3174 4842 3408 4896 sequen-

1832 4911 1937 4955 tem
1960 4900 2191 4968 appellat
2220 4898 2611 4968 Siaturnianum.
2648 4897 3018 4967 Martyrologia
3044 4906 3220 4968 vetera
3262 4897 3408 4968 Atio-

1832 4972 1935 5037 nis,
1973 4966 2216 5034 usuardi,
2249 4966 2412 5030 Flori,
2432 4978 2538 5021 etc.
2563 4970 2652 5021 die
2676 4970 2740 5023 16
2766 4966 3012 5023 Octobris
3042 4967 3235 5021 habent
3262 4966 3408 5020 Mar-

1836 5042 2003 5095 tianus
2030 5049 2078 5094 et
2106 5039 2435 5109 Satyrianus.
2472 5037 2546 5092 De
2570 5038 2879 5092 Millenariis
2916 5052 3046 5109 vero
3085 5037 3173 5109 hic
3205 5053 3406 5092 memo-

1833 5113 1963 5237 zgt‘is
1982 5152 1995 5175 ,
2019 5112 2128 5248 iam)
2145 5108 2304 5179 supra
2340 5109 2570 5163 diximus
2595 5124 2660 5164 ex
2688 5110 2949 5180 Procopio
2981 5108 3092 5179 (Ad
3119 5110 3274 5162 imam
3305 5109 3405 5163 col.

1945 5223 1959 5245 ,
1990 5199 2041 5236 η.
2138 5222 2152 5236 .

1910 5184 1959 5245 ι,
1990 5199 2041 5236 n.
2078 5184 2152 5245 ⁸).

1906 5251 1923 5289 τ
1957 5252 2191 5305 Tabraca
2229 5249 2355 5304 urbs
2396 5258 2479 5303 cst
2518 5262 2639 5303 nota
2675 5251 2815 5318 apud
2854 5250 3100 5317 antiquos
3135 5258 3405 5318 auctores,

1828 5323 1972 5378 inter
1998 5320 2437 5375 Proconsularem
2461 5328 2516 5374 et
2538 5319 2858 5385 Numidiam,
2884 5322 2935 5375 iu
2967 5320 3225 5376 hodierno
3246 5320 3407 5389 Alge-

1828 5393 1893 5446 r'ii
1927 5406 2090 5461 regno
2118 5392 2239 5453 sita,
2269 5390 2422 5461 cujus
2449 5389 2733 5459 episcopus
2774 5390 3059 5444 Victoricus
3085 5408 3115 5443 a
3144 5390 3409 5443 Thabraca

1827 5463 2145 5517 sententiam
2191 5460 2325 5514 dixit
2365 5476 2510 5514 num.
2552 5461 2623 5516 ‘25
2665 5461 2716 5514 in
2757 5462 2986 5516 concilio
3027 5460 3275 5528 Carthag.
3308 5461 3407 5513 sub

1828 5543 2015 5587 sancto
2042 5532 2343 5602 Cypriano;
2377 5540 2431 5587 et
2456 5531 2778 5602 Rusticianus
2806 5533 3072 5586 collationi
3095 5530 3403 5602 Carthagin.

1828 5603 2014 5665 adfuit,
2042 5600 2161 5654 cum
2188 5602 2454 5656 Clarentio
2474 5601 2591 5669 ejus
2615 5603 2921 5658 adversario
2948 5619 3011 5657 ex
3041 5611 3189 5671 parte
3213 5600 3403 5654 llonati

1827 5674 2035 5743 Cognit.
2078 5674 2122 5730 l.
2153 5688 2269 5741 cap.
2310 5672 2405 5727 125
2429 5673 2627 5727 et187.

1904 5740 1931 5792 ἑ
1960 5745 2048 5799 Sic
2079 5740 2404 5800 rcstituimus
2425 5760 2489 5799 ex
2514 5744 2720 5800 duobus
2743 5759 2895 5809 tttss.,
2923 5760 3028 5798 uno
3054 5743 3258 5797 scilicet
3281 5740 3406 5795 Col-
