3988 6344
515 336 619 394 199

1817 323 2127 380 VICTORIS
2168 322 2470 382 VITENSIS

3687 323 3791 381 906

514 449 723 508 Poteris
752 463 873 504 eum
905 446 1131 502 diversis
1177 440 1556 498 afflictionibus
1604 439 1922 496 interficere.
1964 439 2096 493 Nam
2125 443 2177 501 Α
2206 439 2313 502 ire;
2356 439 2443 508 qui
2479 453 2600 494 cum
2650 439 2832 494 multis
2863 438 3072 494 insidiis
3120 446 3457 508 premeretur
3483 447 3541 492 ut
3563 438 3791 494 catholi-

513 545 557 599 si
582 543 759 615 gladio
789 538 1098 610 peremeris.
1136 536 1389 604 incipient
1435 549 1556 589 eum
1587 542 1612 570 ³
1642 532 1870 587 Romani
1897 540 2100 602 marty-

514 652 626 693 rem
682 634 991 705 prmdicare.
1041 630 1191 684 Tunc
1237 627 1605 683 Theodericus
1654 626 1706 678 in
1768 623 2098 694 Byzacenam

515 726 843 800 provinciam
895 723 960 777 ad
989 720 1268 776 fodiendus
1317 734 1438 773 eum
1489 715 1812 772 condemnat
1857 713 2096 767 scrobes.

521 819 713 873 Postea
738 814 888 885 quasi
914 812 977 866 ad
998 812 1165 881 majus
1195 809 1563 880 opprobrium,
1595 809 1733 863 haud
1758 806 1943 877 procul
1968 804 2099 860 Car-

513 908 749 979 thagine,
785 906 874 962 ubi
921 906 989 961 ab
1015 905 1264 960 omnibus
1311 904 1619 968 videretur,
1661 917 1783 956 eum
1827 910 2095 972 pastorem

513 999 768 1069 praecepit
815 1011 935 1053 esse
979 1011 1282 1052 vaccarum.
1333 995 1479 1050 Inter
1505 994 1640 1060 haec,
1673 994 1834 1059 dum,
1869 993 2097 1048 Domino

514 1089 810 1159 revelante,
841 1087 1178 1143 dormitionis
1205 1101 1316 1141 suae
1345 1086 1644 1156 proximum
1668 1084 2090 1151 cerneretdiem,

510 1180 737 1236 advocat
795 1178 1078 1249 quemdam
1132 1176 1386 1243 Felicem,
1423 1175 1780 1231 venerabilem
1837 1173 2096 1230 Christia-

510 1288 664 1338 num,
716 1282 1120 1342 procuratorem
1171 1269 1366 1324 domus
1393 1269 1486 1324 lilii
1517 1269 1680 1339 regis,
1711 1269 1800 1338 qui
1829 1269 2092 1338 Armoga-

507 1374 643 1420 stem
669 1372 729 1420 ut
759 1363 1060 1434 apostolum
1094 1362 1483 1427 venerabatur;
1514 1361 1747 1430 dicitque
1774 1360 1850 1416 illi
1879 1379 1892 1414 :
1932 1362 2092 1416 Tem-

513 1473 610 1528 pus
640 1471 775 1512 meae
803 1455 1148 1511 resolutionis
1179 1455 1418 1509 advenit.
1452 1454 1689 1510 Obsecro
1729 1462 1781 1508 te
1808 1467 1902 1523 per
1933 1452 2092 1509 fidem

508 1564 673 1620 quam
697 1549 908 1617 utrique
949 1559 1218 1612 tenemus,
1263 1556 1322 1600 ut
1350 1545 1378 1583 δ
1407 1545 1507 1600 sub
1531 1545 1630 1600 hac
1659 1545 1800 1611 ilice,
1831 1559 1918 1600 me
1938 1558 2095 1614 sepe-

514 1640 616 1695 llre
631 1639 887 1712 digneris,
912 1638 1222 1693 redditurus
1243 1636 1338 1709 [al.
1363 1637 1612 1709 Domino]
1638 1637 1746 1692 Deo
1769 1647 1975 1706 nostro,
1990 1636 2092 1693 nisi

509 1730 728 1797 feceris,
758 1731 1042 1788 rationem.
1069 1729 1186 1784 Non
1205 1727 1346 1798 quod
1379 1729 1469 1786 ille
1498 1740 1710 1784 curaret
1732 1728 1819 1784 ubi
1851 1737 2092 1800 antqua-

2203 547 2317 585 cam
2342 532 2613 587 amitteret
2644 532 2821 598 (idem,
2851 532 2966 601 ipse
2987 546 3107 586 eum
3129 546 3221 586 rex
3254 540 3436 600 postea
3463 531 3790 588 blandiendo

2201 624 2454 678 affatibus
2509 625 2858 680 saecularibus
2907 624 3190 688 invitabat,
3243 623 3559 692 promittens
3606 624 3790 679 multis

2199 732 2320 772 eum
2356 717 2451 790 [al.
2486 716 2717 789 deliciis]
2767 717 2970 773 divitiis
2999 717 3400 783 cumulandum,
3448 717 3493 769 si
3529 715 3788 771 voluntati

2200 811 2317 878 ejus
2359 811 2600 865 auditum
2655 810 2867 866 facilem
2911 809 3329 864 commodasset.
3359 809 3457 876 Qui
3486 823 3608 862 eum
3638 809 3789 864 fortis

2199 912 2359 971 atque
2410 903 2640 957 invictus
2685 904 2737 956 in
2787 902 2892 958 fide
2932 909 3190 966 maneret,
3241 901 3388 969 jubet
3436 916 3557 955 eum
3604 901 3789 957 subire

2199 997 2520 1050 sententiam
2571 995 2895 1065 capitalem;
2951 996 3023 1049 ita
3067 1003 3244 1048 tamen
3303 992 3526 1048 callidus
3574 992 3789 1048 occulte

2200 1088 2542 1159 praecipiens,
2577 1087 2702 1142 utsi
2746 1089 2796 1140 in
2845 1086 2932 1140 illa
2985 1085 3113 1139 hora
3146 1085 3404 1140 vibrantia
3431 1083 3594 1154 gladii
3621 1085 3787 1152 perti-

2199 1188 2467 1235 mesceret
2496 1179 2684 1245 ictum,
2719 1178 2887 1248 magis
2913 1192 3036 1233 eum
3073 1176 3362 1242 occideret,
3398 1190 3466 1232 ne
3492 1186 3788 1245 martyrem

2197 1271 2492 1342 gloriosum
2525 1270 2774 1335 fecisset;
2821 1269 2865 1325 si
2907 1277 3088 1323 autem
3120 1269 3313 1323 fortem
3350 1269 3404 1322 in
3445 1266 3788 1322 confessione

2198 1361 2559 1431 conspiceret,
2592 1375 2621 1415 a
2647 1361 2825 1431 gladio
2858 1368 3203 1428 temperaret.
3235 1359 3337 1414 Sed
3373 1359 3464 1414 ille
3495 1366 3548 1412 ut
3580 1359 3790 1413 colum-

2197 1471 2265 1510 na
2295 1453 2583 1509 immobilis
2627 1452 2842 1507 Christo
2886 1451 3154 1506 solidante
3196 1449 3349 1505 fortis
3375 1449 3624 1516 eﬁ’ectus,
3655 1462 3790 1504 con-

2197 1548 2368 1603 fessor
2416 1546 2702 1601 revertitur
2738 1542 3027 1614 gloriosus.
3077 1542 3189 1597 Etsi
3239 1550 3528 1612 martyrem
3574 1539 3789 1594 invidus

2198 1641 2367 1697 hostis
2423 1639 2598 1694 noluit
2641 1637 2851 1703 facere,
2905 1635 3271 1691 confessorem
3321 1643 3498 1689 tamen
3538 1641 3789 1689 nostrum

2195 1749 2302 1788 non
2333 1732 2506 1802 potuit
2537 1731 2760 1788 violare.

502 1823 626 1880 liter
661 1838 814 1878 suum
864 1821 1186 1892 sepeliretur
1213 1835 1437 1890 corpus;
1479 1820 1573 1875 sed
1605 1828 1662 1875 ut
1707 1819 1836 1874 illud
1865 1819 2088 1874 demon-
2116 1820 2166 1882 B
2268 1825 2404 1881 XVI.
2434 1825 2615 1880 Saturi
2638 1824 2787 1893 ﬁdes.
2819 1852 2889 1863 —
2921 1821 3173 1876 Novimus
3199 1829 3254 1876 et
3279 1821 3441 1874 alium
3476 1833 3540 1874 ea
3571 1826 3784 1887 tempe-

504 1924 770 1972 straretur
790 1913 932 1984 quod
957 1928 1114 1969 servo
1141 1927 1241 1966 suo
1264 1913 1596 1967 revelaverat
1625 1912 1717 1983 [al.
1752 1909 1913 1982 Deus]
1935 1908 2091 1964 Chri-

500 2016 638 2062 stus.
685 2005 984 2076 Respondit
1033 2006 1203 2070 Felix,
1232 2013 1288 2060 et
1321 2004 1488 2059 dixit:
1515 2005 1670 2059 Absit
1696 2018 1726 2058 a
1758 2004 1930 2069 nobis,
1961 2017 2089 2058 con-

499 2100 674 2157 fessor
692 2098 1050 2164 venerabilis;
1073 2098 1167 2154 sed
1195 2098 1448 2168 sepeliam
1469 2107 1520 2152 te
1540 2097 1593 2152 in
1617 2112 1724 2152 una
1745 2096 2086 2152 basilicarum

503 2206 624 2247 cum
681 2190 949 2262 triumpho
991 2201 1046 2246 et
1072 2190 1242 2260 gratia
1267 2205 1426 2259 quam
1480 2189 1726 2244 mereris.
1753 2186 1852 2243 Cui
1899 2188 2086 2243 beatus

499 2285 846 2354 Armogastes
870 2299 883 2334 :
908 2281 1045 2345 Non,
1070 2280 1164 2335 sed
1191 2284 1289 2351 ιι
1309 2279 1452 2348 quod
1477 2278 1587 2334 dixi
1620 2279 1856 2334 facturus
1883 2293 1961 2334 es.
1996 2279 2088 2334 Ille

498 2376 696 2431 timens
724 2375 818 2431 Dei
851 2373 1124 2429 hominem
1153 2373 1493 2436 contristare,
1518 2373 1783 2427 veraciter
1802 2372 1946 2441 quod
1972 2372 2087 2441 jus-

497 2478 638 2524 serat
684 2468 927 2537 promisit
970 2482 1031 2522 se
1073 2480 1192 2520 esse
1235 2465 1520 2520 facturum.
1550 2464 1738 2519 Statim
1770 2465 1907 2518 intra
1953 2479 2084 2534 pau-

500 2558 749 2613 cissimos
773 2557 888 2612 dies
915 2568 936 2595 ε
961 2571 1143 2611 comes
1172 2555 1326 2610 bona:
1356 2554 1715 2609 confessionis
1744 2554 1812 2609 de
1851 2553 1951 2608 hac
1975 2555 2081 2610 vita

499 2649 768 2720 migravit.
797 2647 1093 2702 Festinavit
1137 2645 1300 2716 igitur
1325 2644 1475 2700 Felix
1520 2645 1621 2700 sibi
1650 2645 1953 2716 delegatum
1983 2645 2084 2699 sub

497 2742 688 2796 arbore
717 2739 902 2795 fodere
932 2739 1261 2809 sepulcrum.
1300 2737 1396 2791 Cui
1427 2752 1548 2792 cum
1577 2737 1770 2792 intem:
1800 2737 2009 2792 radices
2029 2745 2084 2792 et

497 2834 738 2889 soliditas
768 2833 930 2889 arida:
966 2832 1174 2888 telluris
1222 2846 1426 2885 moram
1472 2829 1738 2898 facerent,
1790 2840 1844 2885 et
1896 2831 2084 2886 labore

497 2937 784 2998 angeretur
811 2925 953 2996 quod
1000 2924 1200 2979 tardius
1229 2923 1399 2978 sancti
1438 2922 1676 2977 membra
1709 2921 1954 2991 corporis
1983 2923 2082 2978 hu-

499 3029 799 3083 marentur,
851 3018 1065 3072 tandem
1099 3017 1352 3072 abscissis
1401 3015 1669 3071 radicibus
1710 3017 1880 3071 multo
1922 3017 2081 3073 altius

497 3121 699 3167 terram
731 3126 947 3177 cavans,
975 3109 1238 3179 conspicit
1271 3107 1607 3180 sarcofagum
1661 3107 2079 3178 splendidissimi

2193 1930 2333 1976 state
2358 1919 2575 1974 nomine
2601 1917 2850 1972 Saturum
2875 1934 2886 1969 :
2907 1915 3018 1986 qui,
3047 1929 3167 1970 cum
3200 1913 3430 1968 lucidum
3446 1920 3594 1968 esset
3615 1926 3788 1967 mem-

2192 2015 2346 2069 brum
2400 2011 2658 2068 Ecclesia:
2706 2008 2931 2074 Christi,
2985 2017 3038 2063 et
3087 2008 3405 2077 pravitatem
3459 2004 3788 2060 Arianorum

2195 2104 2443 2161 libertate
2472 2102 2734 2157 catholica
2759 2099 3066 2170 frequenter
3093 2106 3341 2168 argueret
3369 2095 3488 2165 (fuit
3520 2095 3613 2150 hic
3655 2111 3788 2164 pro-

2189 2197 2613 2254 curatordomus
2637 2192 2938 2264 Huncrici),
2963 2192 3298 2254 convenitur,
3317 2199 3603 2244 accusante
3624 2197 3646 2224 ε
3675 2187 3790 2242 Ma-

2191 2289 2381 2346 rivado
2409 2287 2639 2358 quodam
2671 2284 2919 2348 diacono,
2965 2299 3124 2354 quem
3171 2283 3472 2338 llunericus
3515 2280 3789 2336 infaustus

2189 2379 2536 2451 singulariter
2581 2377 2901 2443 honorabat,
2951 2384 3010 2430 ut
3056 2375 3208 2430 fieret
3255 2375 3478 2429 Saturus
3519 2373 3786 2428 Arianus.

2190 2473 2587 2527 Promittuntur
2619 2469 2852 2523 honores
2879 2475 2934 2522 et
2973 2466 3176 2521 divitia:
3221 2466 3405 2520 multa:
3447 2465 3494 2520 si
3540 2464 3784 2530 faderet,

2191 2571 2558 2633 praeparantur
2607 2559 2866 2630 supplicia
2907 2557 3018 2613 dira
3051 2558 3095 2612 si
3128 2557 3295 2610 nollet
3339 2573 3350 2606 :
3396 2556 3495 2610 hac
3549 2557 3790 2624 optione

2188 2653 2497 2722 proposita,
2543 2659 2602 2706 ut
2650 2650 2698 2704 si
2744 2650 3012 2719 regalibus
3059 2646 3294 2718 jussibns
3339 2662 3448 2702 non
3497 2646 3786 2711 obediret,

2187 2745 2364 2816 primo
2415 2744 2549 2798 facta
2581 2741 2940 2806 discussione,
2993 2749 3050 2796 et
3087 2749 3214 2795 ante
3240 2739 3434 2793 amissa
3481 2737 3642 2792 domo
3700 2739 3788 2794 vel

2189 2836 2511 2905 substantia,
2565 2834 2838 2889 distractis
2886 2833 3137 2888 omnibus
3180 2830 3466 2901 mancipiis
3509 2844 3573 2886 ac
3610 2830 3786 2895 fiilis,

2185 2945 2320 2985 uxor
2348 2928 2497 2998 ejus,
2542 2928 2659 2996 ipso
2706 2933 2994 2996 prasente,
3042 2924 3340 2979 camelario’
3373 2923 3426 2976 in
3465 2921 3786 2990 conjugium

2186 3021 2513 3077 traderetur.
2547 3018 2699 3085 Quod
2739 3019 2830 3074 ille
2857 3017 3047 3088 plenus
3078 3017 3188 3071 Deo
3218 3016 3386 3085 magis
3431 3024 3487 3068 ut
3520 3014 3786 3070 velociter

2185 3115 2512 3187 proveniret,
2569 3112 2763 3181 impios
2813 3111 3156 3182 provocabat.
3215 3108 3295 3163 0b
3335 3123 3493 3177 quam
3543 3121 3776 3161 causam

499 3204 785 3261 marmoris
825 3211 1208 3273 praeparatum.
1233 3201 1444 3270 qualem
1471 3201 1608 3256 forte
1646 3199 1826 3256 nullus
1861 3202 2081 3257 omnino
2108 3199 2156 3264 C
2187 3225 2328 3264 uxor
2355 3208 2472 3276 ejus
2494 3205 2734 3262 inducias
2756 3203 2866 3258 visa
2891 3212 2974 3258 est
2999 3201 3067 3256 ab
3094 3201 3174 3255 his
3197 3201 3286 3269 qui
3310 3197 3785 3267 exsequebantur,

499 3295 689 3350 habuit
720 3311 924 3365 regum.

566 3388 682 3443 XV.
735 3388 1061 3442 Archinimus
1105 3391 1384 3456 confessor.
1417 3415 1487 3425 —
1512 3385 1617 3441 Sed
1667 3402 1767 3441 nec
1793 3387 2078 3456 quemdam

495 3483 524 3522 ά
555 3482 926 3540 Arcbinimum
975 3481 1212 3546 nomine,
1245 3481 1625 3546 Masculanum,
1655 3480 1827 3536 debeo
1858 3493 2079 3552 praeter-

567 3656 592 3683 ι
635 3645 993 3699 Romanorum
1040 3640 1258 3694 nomine
1287 3637 1592 3711 Catholicos
1623 3639 1789 3694 fuisse
1819 3640 2064 3711 designa-

497 3728 602 3782 tos,
627 3725 739 3770 tum
753 3715 820 3768 ab
836 3712 1102 3782 haereticis
1122 3711 1362 3782 ipsis,ut
1389 3711 1438 3762 in
1470 3709 1570 3782 hoc
1601 3711 1742 3774 loco,
1772 3719 1883 3782 tum
1906 3709 2069 3767 etiam

494 3805 522 3842 a
552 3779 829 3842 catholicis
851 3779 1159 3837 auctoribus
1175 3781 1367 3850 probat
1395 3779 1576 3833 multis
1597 3781 1864 3850 exemplis
1891 3794 2074 3838 noster

494 3858 833 3914 Mabillonius
865 3855 917 3907 in
957 3849 1271 3922 prmfatione
1301 3850 1366 3904 ad
1393 3849 1681 3922 Liturgiam
1720 3849 2068 3908 Gallicanam.

493 3930 585 3984 "is
614 3925 942 3995 adjiciendus
962 3921 1064 3978 est
1093 3921 1428 3995 Theodosius
1459 3921 1657 3995 iJunior
1707 3923 1974 3990 Augustus
2020 3927 2069 3980 in

491 3994 716 4068 epistola
749 3997 814 4050 ad
842 3994 1360 4068 Acacium_al_iosque
1387 3994 1666 4068 episcopos
1693 4002 1748 4068 _e_t
1774 3999 2057 4068 anachore-

491 4063 594 4138 tas,
617 4085 734 4139 quin
753 4070 804 4123 in
829 4067 1057 4139 concilio
1085 4065 1356 4139 Ephesiae
1382 4063 1630 4139 refertur,
1653 4063 1742 4139 ubi
1763 4078 1857 4118 eos
1879 4066 2076 4139 adhor-

491 4135 716 4196 tatnr'ut
755 4155 876 4194 sese
920 4138 1156 4206 probatos
1191 4136 1433 4189 Romanw
1487 4135 1746 4204 religionis
1789 4137 2074 4191 sacerdotes

491 4211 796 4266 exhibeant.
837 4209 964 4262 Vide
1015 4206 1297 4259 Baronium
1357 4217 1502 4258 tomo
1543 4221 1572 4257 v
1616 4205 1808 4258 Annal.
1849 4207 1914 4259 ad
1944 4222 2070 4260 ann.

491 4283 598 4336 402
638 4291 690 4333 et
716 4279 842 4332 452.
877 4278 925 4330 Is
954 4286 1129 4328 autem
1162 4291 1278 4328 mos
1303 4275 1638 4342 potissimum
1671 4275 1921 4336 invaluit,
1952 4293 2072 4330 cum

497 4349 702 4405 barbari
733 4349 946 4401 Arianm
962 4356 1122 4400 sectae
1144 4346 1337 4399 addicti
1365 4343 1588 4396 Romani
1625 4345 1832 4412 Imperii
1857 4346 2075 4412 provin-

494 4422 603 4476 cias
630 4421 992 4472 devastarunt.
1017 4415 1151 4468 Vide
1175 4415 1306 4467 infra
1341 4412 1474 4481 (Col.
1503 4413 1630 4476 255,
1657 4431 1705 4465 ιι.
1739 4412 1812 4482 ι³).

2190 3302 2464 3356 nesciente
2494 3300 2704 3364 marito,
2741 3297 2958 3365 petisse.
2992 3293 3211 3349 Accedit
3263 3294 3328 3345 ad
3381 3292 3626 3346 maritum
3674 3291 3785 3346 alia

2189 3393 2296 3447 Eva
2320 3390 2546 3445 consilio
2577 3389 2884 3458 magistrata
2911 3385 3174 3455 serpentis
3211 3382 3365 3451 (Gen.
3393 3385 3494 3450 ιιι).
3541 3382 3647 3438 Sed
3692 3383 3786 3437 ille

2187 3486 2358 3540 Adam
2390 3498 2497 3538 non
2535 3481 2653 3547 fuit,
2683 3480 2772 3550 qui
2805 3478 3118 3535 illecebrosa
3160 3477 3252 3548 [al.
3291 3474 3433 3544 vitae]
3466 3485 3643 3529 vetitae
3695 3491 3785 3530 ειτ-

2177 3640 2562 3712 autographnm
2589 3655 2864 3712 penesnos
2890 3640 3169 3698 habemus,
3192 3639 3384 3712 legitur
3404 3638 3781 3712 {tre/tinnitus,-

2177 3708 2335 3782 quam
2368 3708 2653 3767 lectionem
2677 3711 2932 3766 exhibent
2956 3720 3185 3782 quatuor
3215 3709 3339 3782 item
3367 3708 3468 3782 alia
3495 3719 3784 3782 martyru-

2176 3779 2335 3852 logia,
2378 3799 2404 3835 a
2461 3783 2821 3852 Bollandianis
2872 3779 3069 3835 die’29
3101 3779 3544 3852 Martii_laudata.
3583 3780 3783 3835 Codex

2177 3849 2520 3910 Culberlinus
2541 3851 2830 3915 secundus,
2848 3851 3241 3904 Archimininm.
3259 3849 3564 3902 Notkherus
3589 3860 3778 3904 autem

2178 3926 2230 3980 in
2257 3925 2641 3996 martyrologio
2668 3925 2773 3994 72
2797 3923 2993 3996 quoda
3031 3920 3247 3996 canisio
3275 3930 3418 3996 tonio
3441 3919 3502 3996 Yl
3529 3921 3779 3996 antiqua:

2181 3990 2424 4051 lectionis
2450 3990 2846 4066 vulgatum—est,
2875 3993 3032 4066 habet
3060 3991 3420 4066 Archiniinins.
3445 3990 3572 4066 Quae
3602 3992 3774 4066 lectio

2183 4079 2266 4122 est
2282 4069 2441 4122 etiam
2475 4060 2677 4121 codicis
2711 4065 2849 4120 tertii
2893 4061 3215 4119 Colhertinze
3258 4060 3598 4115 bibliothecae
3624 4102 3640 4124 ,
3676 4061 3783 4117 sed

2183 4139 2422 4191 omnium
2455 4138 2786 4192 recentioris.
2824 4132 3257 4205 Martyrologium
3284 4132 3579 4205 Leodiense
3610 4131 3782 4200 Argi-

2184 4211 2378 4261 nimum
2407 4223 2526 4262 enm
2558 4208 2809 4276 appellat.
2835 4204 3118 4276 Jamlvero
3146 4204 3429 4276 exemplar
3451 4212 3723 4276 vetustum
3748 4217 3780 4254 a

2188 4279 2414 4330 Baronio
2441 4271 2710 4330 lauda-tum
2745 4276 2903 4328 habet
2929 4275 3306 4328 Masculanum.
3336 4272 3431 4326 Cui
3463 4271 3781 4340 suffragati-

2185 4357 2270 4400 tur
2302 4347 2483 4399 mss.9.
2531 4347 2683 4400 Colb.
2715 4357 2768 4399 et
2795 4345 2923 4399 edit.
2959 4345 3198 4398 Rhenaui
3221 4387 3235 4406 ,
3271 4343 3544 4404 Balduiui,
3598 4342 3782 4412 Bignii

2189 4427 2242 4470 ct
2273 4416 2460 4471 Colon.
2484 4456 2498 4480 ,
2530 4418 2615 4469 tibi
2655 4417 2844 4486 legitur
2878 4415 3166 4470 Masculan.
3200 4415 3407 4486 Martiu.
3436 4413 3595 4486 habet
3627 4415 3777 4467 Mas-

564 4465 603 4529 ἰῖ
629 4465 1530 4544 sie'ii;r'i‘."oiu.tansatus:
1552 4465 1702 4546 Alii,
1752 4465 1842 4535 s’ub
1884 4484 2082 4552 siliqua:
2113 4465 2161 4524 Ι)
2187 4465 3641 4542 suis:"Lirimsichumiei"sa.1:“arcmnami.’...
3677 4465 3782 4538 ηδ-

553 4561 688 4614 bore.
706 4569 811 4614 etc.

553 4575 579 4614 υ
617 4577 670 4614 re
706 4575 811 4614 etc.

493 4580 550 4661 at
572 4578 613 4670 eo
638 4602 712 4686 Εἰς
743 4631 845 4685 hac
874 4642 1006 4681 voce
1036 4627 1247 4680 occasio
1278 4633 1486 4694 sumpta
1516 4632 1600 4678 est
1624 4624 1996 4687 Armogastem
2029 4627 2079 4680 in

495 4703 739 4758 Romano
791 4698 1168 4768 Martyrologio
1215 4699 1446 4749 comitem
1498 4694 1829 4768 appellandi,
1879 4694 1964 4750 die
2009 4697 2078 4752 29

496 4773 668 4829 Martii
695 4812 708 4835 ,
751 4771 900 4841 quasi
926 4765 1005 4841 vir
1035 4765 1132 4821 iste
1155 4776 1378 4841 sanctus
1397 4767 1664 4841 comitatus
1690 4765 1948 4841 dignitate
1978 4768 2081 4822 ali-

494 4837 1198 4913 quaudof‘u'eritinsignitus.
1220 4842 1288 4913 At
1313 4837 1465 4913 fallar
1488 4839 1531 4891 si
1565 4851 1726 4890 voces
1754 4837 1876 4913 illae,
1908 4853 2076 4892 comes

495 4910 636 4970 bona:
665 4912 1028 4980 confessionis,
1053 4911 1194 4963 aliud
1221 4910 1304 4963 hic
1340 4911 1553 4980 signent
1572 4923 1730 4980 quam
1755 4910 1805 4959 in
1843 4917 2073 4962 autcum

495 4987 623 5040 bona
649 4978 978 5055 conferamus.
1008 4980 1160 5055 Unde
1193 4981 1328 5045 Ado,
1354 4979 1626 5055 Usum-dus
1649 4978 2071 5055 aliiqtteﬁvetere‘s

496 5049 989 5124 martyrol'ogiorum
1043 5053 1362 5124 scriptores,
1397 5051 1497 5124 qui
1527 5049 1740 5124 hacipa
1801 5050 1869 5103 29
1897 5050 2070 5104 Martii

495 5127 581 5181 die
612 5119 812 5180 festnni
829 5124 1068 5193 ejusdem
1086 5122 1251 5175 sancti
1283 5120 1609 5193 confessoris
1633 5119 1966 5193 duorumque
1988 5137 2072 5193 se-

494 5199 764 5264 quentium
790 5239 802 5259 ,
841 5187 1118 5247 ilrchinimi
1157 5192 1359 5245 scilicet
1392 5201 1444 5243 et
1474 5190 1686 5264 saturi,
1730 5205 1822 5264 seu
1872 5187 2068 5261 Satyri,

495 5261 754 5328 recolunt,
788 5266 918 5318 nihil
949 5265 1145 5317 habent
1169 5265 1236 5316 de
1266 5265 1364 5315 hac
1395 5261 1889 5331 comitisdignitate.

565 5335 589 5373 ἀ
630 5336 831 5399 Cliifﬂ.,
890 5335 1278 5398 Archimimum,
1319 5331 1520 5384 nomine
1555 5329 1863 5402 Massiliam,
1921 5331 2069 5402 quasi

496 5421 689 5461 nomen
714 5408 984 5476 proprium
1010 5405 1163 5471 hujus
1189 5402 1514 5457 confessoris
1549 5401 1813 5476 Μαξίμῳ,
1849 5401 2068 5476 quinti-

496 5481 647 5532 mica:
678 5471 777 5530 arti
817 5471 1106 5543 praefectus
1136 5476 1340 5528 fuisset.
1371 5479 1438 5526 Λι
1469 5487 1604 5526 unus
1635 5471 1786 5543 Colb.
1831 5472 2069 5527 omnium

495 5550 785 5608 vetustior,
831 5542 885 5601 et
921 5545 1075 5598 Mart.
1108 5560 1227 5598 cum
1266 5543 1512 5597 Lorichio
1541 5552 1594 5596 et
1618 5542 1840 5596 Orthod.
1877 5544 2075 5597 habent

500 5621 867 5680 Archinimum,
889 5617 976 5684 qui
1000 5625 1054 5668 et
1075 5617 1152 5668 sic
1183 5615 1481 5682 appellatur
1503 5615 1553 5667 in
1581 5613 1780 5666 Adonis
1811 5625 2075 5684 martyra-

500 5691 638 5758 lugio
659 5691 825 5752 edito,
857 5687 1087 5758 atquein
1122 5687 1290 5738 tribus
1310 5686 1530 5758 vetustis
1558 5686 1955 5758 manuscriptis,
1988 5686 2073 5758 cui

499 5755 658 5818 etiam
687 5767 952 5818 consentit
983 5757 1193 5813 Florus.
1228 5757 1380 5826 Apud
1407 5755 1704 5811 Usuardum
1737 5771 1895 5824 vero,
1925 5757 2076 5824 cujus

2189 4559 2323 4609 mine
2352 4600 2365 4622 ,
2421 4556 2802 4620 Masculinnnt,
2849 4565 2904 4610 et
2952 4557 3146 4610 Belfor.
3185 4556 3342 4609 vertit
3401 4554 3683 4606 Masculin.
3737 4557 3783 4612 Ε

2185 4628 2379 4695 quibus
2408 4629 2655 4681 omnibus
2687 4630 2844 4696 liquet
2881 4642 3074 4681 nomen
3111 4629 3264 4693 hujus
3290 4624 3618 4696 confessoris
3641 4641 3776 4690 pro-

2187 4694 2354 4765 priutn
2390 4698 2551 4751 fuisse
2584 4694 2931 4750 Archinimum
2959 4707 3051 4750 aut
3077 4697 3449 4755 Archiminum,
3473 4694 3780 4750 Masculam

2184 4784 2331 4835 vero,
2362 4783 2480 4837 quas
2501 4767 2625 4822 urbs
2645 4769 2742 4822 fuit
2767 4770 2815 4822 in
2831 4769 3074 4822 Numidia
3090 4768 3339 4831 celebris,
3369 4766 3484 4837 ejus
3513 4765 3780 4837 patriam.

2184 4838 2262 4893 De
2291 4835 2395 4904 qua
2427 4839 2557 4894 urbe
2596 4840 2744 4906 plura
2781 4839 2942 4894 habes
2981 4841 3032 4892 in
3063 4843 3201 4892 notis
3231 4837 3298 4891 ad
3339 4836 3624 4906 episcOpos
3653 4835 3784 4891 Nu-

2185 4911 2396 4973 midia},
2444 4910 2532 4978 qui
2567 4905 2617 4963 in
2649 4910 2840 4964 Notitia
2871 4918 3219 4964 recensentur
3247 4923 3392 4961 num.
3423 4905 3515 4978 94.
3547 4906 3626 4978 Et
3647 4909 3786 4974 qui-

2182 4981 2302 5034 dem
2326 4996 2390 5033 cx
2419 4975 2666 5034 omnibus
2711 4981 3103 5051 martyrologiis
3132 4995 3158 5031 a
3202 4995 3286 5032 me
3316 4991 3475 5043 supra
3505 4975 3782 5051 laudatis,

2181 5067 2299 5174 311:1}
2347 5051 2488 5105 hunc
2518 5062 2760 5106 sanctum
2796 5046 2952 5105 slt'nul
2994 5046 3113 5104 cum
3146 5054 3460 5117 Armogaste
3482 5055 3535 5100 et
3565 5046 3786 5102 Saturo

2221 5124 2266 5174 ie
2295 5122 2364 5174 29
2393 5121 2562 5174 Martii
2589 5131 3038 5174 commemorant.
3070 5135 3137 5174 ne
3165 5120 3380 5174 unicum
3413 5117 3627 5174 quidem
3650 5116 3784 5169 Μα-

2221 5124 2266 5174 ie
2295 5122 2364 5175 29
2393 5121 2562 5175 Martii
2589 5131 3038 5185 commemorant,
3070 5135 3137 5174 ne
3165 5116 3380 5174 unicum
3413 5117 3627 5184 quidem
3650 5116 3784 5169 Ma-

2180 5194 2340 5246 srufte
2379 5193 2654 5254 meminit,
2683 5207 2868 5247 omnes
2919 5192 3220 5246 econtrario
3253 5188 3603 5244 Archinimum
3653 5187 3784 5240 lau-

2182 5263 2339 5325 dant;
2389 5261 2530 5330 quod
2584 5278 2774 5332 nempe
2825 5264 3048 5316 istorum
3079 5260 3358 5332 Fastorum
3413 5258 3785 5332 scriptoribus

2180 5327 2494 5402 persuasum
2527 5327 2726 5395 fuerit,
2756 5333 2853 5387 hac
2881 5348 3014 5386 voce
3038 5331 3328 5395 Masculan,
3346 5344 3469 5402 non
3489 5327 3785 5382 confesso-

2178 5399 2290 5456 rem
2325 5406 2521 5472 ipsum,
2553 5403 2646 5456 sed
2675 5405 2791 5471 ejus
2821 5405 3042 5470 patriam
3091 5400 3380 5472 designari.
3411 5399 3543 5472 Hinc
3571 5413 3783 5472 emeri-

2179 5468 2734 5536 dandi‘reccntiores',
2767 5468 2854 5542 qui
2881 5473 3191 5537 Masculmn,
3213 5468 3560 5539 professione
3589 5468 3787 5522 archi-

2181 5544 2426 5604 mimum,
2462 5545 2672 5597 incaute
2701 5545 2752 5596 in
2786 5545 2950 5598 fastos
2981 5559 3162 5598 sacros
3195 5545 3468 5598 invexere.

2254 5624 2276 5649 ε
2319 5613 2471 5667 Mart.
2493 5655 2506 5674 ,
2541 5612 2868 5670 Maurivado.
2901 5615 3128 5669 Orthod.
3175 5625 3228 5667 et
3262 5611 3541 5666 lorichius
3567 5650 3581 5669 .
3616 5607 3786 5661 Mau-

2182 5685 2382 5736 ridano.
2428 5684 2733 5749 Legendum
2765 5684 2902 5740 forte
2933 5686 3234 5739 Varimado.
3266 5682 3401 5738 Vide
3427 5681 3784 5736 Commenta-

2182 5757 2316 5810 rium
2342 5754 2655 5810 historicum
2680 5770 2797 5824 cap.
2832 5758 2882 5811 4.
