3988 6344
242 336 335 395 εονι

1189 336 1277 395 us
1314 335 1838 397 PERSECUTIONE
1882 291 2271 395 vANDXucs
2310 334 2442 393 LIB;
2482 324 2543 391 ιι.

3413 343 3512 401 209

244 453 381 511 boris
405 464 566 525 poma
595 450 973 525 contingeret:
1002 451 1126 524 quia
1154 466 1258 508 non
1301 453 1568 526 indigens,
1599 454 1694 512 sed
1726 456 1822 513 Sa-
1850 456 1906 519 Α
1930 469 2051 526 ego,
2083 469 2305 511 securus
2330 454 2398 512 de
2420 452 2723 525 promissis,
2748 454 2910 511 verba
2940 456 3169 515 tenebo:
3194 457 3393 531 Siquis
3415 480 3515 519 non

244 556 387 602 turus
417 543 733 611 vocabatur,
768 545 865 619 [al.
895 544 1141 618 satiatus]
1169 554 1441 603 saturatus
1487 547 1556 604 ab
1584 547 1827 604 ubertate

244 639 432 695 domus
458 638 585 707 Dei,
616 648 671 695 et
701 645 940 695 torrente
964 637 1276 695 deliciarum
1310 638 1428 710 ejus
1457 647 1688 710 potatus.
1721 638 1829 695 Ad-

243 736 385 789 venit
415 733 611 788 mulier
632 732 699 788 ad
728 732 905 789 locum
931 731 1022 788 ubi
1048 732 1271 790 maritus
1304 732 1592 804 singularis
1618 732 1826 801 orabat,

243 822 527 879 conscissis
554 822 817 891 vestibus,
848 822 1103 894 crineque
1132 823 1331 892 soluto,
1362 837 1543 880 secum
1572 824 1831 879 comitan-

243 916 378 972 tibus
408 915 551 981 ﬁliis,
586 923 612 953 ³³
636 930 902 985 unamque
947 914 1286 981 infantulam,
1340 929 1459 987 qua:
1493 924 1620 973 tunc
1668 914 1832 971 lacta-

244 1009 397 1065 batur
428 1008 678 1065 manibus
706 1018 956 1080 gestans;
986 1023 1147 1079 quam
1204 1007 1497 1065 nescientis
1540 1007 1832 1079 projiciens

246 1103 310 1158 ad
340 1102 505 1173 pedes
534 1100 737 1169 mariti,
771 1102 934 1158 etiam
981 1101 1094 1172 ipsa
1121 1102 1233 1157 suis
1262 1114 1432 1172 genua
1461 1100 1833 1172 complectitur

244 1199 405 1263 ulnis,
432 1198 657 1254 sibilans
683 1196 1070 1254 vociferatione
1100 1196 1388 1253 draconis:
1428 1196 1682 1254 Miserere
1703 1196 1830 1263 mei,

244 1290 576 1358 dulcissime,
608 1289 768 1345 simul
794 1298 849 1346 et
880 1290 994 1355 tui;
1033 1289 1293 1367 miserere
1337 1289 1713 1357 communibus
1764 1290 1832 1344 li-

244 1383 413 1452 beris,
443 1398 580 1456 quos
610 1381 878 1454 conspicis
904 1382 1040 1453 ipse.
1066 1382 1182 1449 Non
1207 1381 1517 1452 subiaceant
1539 1378 1833 1436 conditioni

245 1475 458 1543 servili,
489 1490 628 1547 quos
654 1474 828 1540 claros
852 1472 1102 1544 prosapia
1133 1471 1368 1528 reddidit
1393 1472 1606 1543 generis
1638 1470 1831 1526 nostri.

244 1571 360 1630 Non
408 1569 667 1641 subjiciar
692 1582 792 1640 ego
817 1566 1040 1638 indigno
1078 1576 1132 1622 et
1158 1568 1295 1636 turpi
1326 1565 1576 1636 coniugio
1623 1564 1835 1619 vivente

246 1664 476 1730 marito,
507 1678 630 1733 qua:
677 1660 809 1716 mihi
838 1673 1053 1729 semper
1084 1659 1222 1714 inter
1265 1672 1475 1712 coaevas
1514 1655 1834 1727 plaudebam

248 1755 313 1813 de
336 1754 533 1810 Saturo
563 1767 705 1808 meo.
730 1751 1019 1823 Cognoscit
1062 1750 1204 1806 Deus
1224 1750 1348 1817 quia
1378 1748 1577 1804 invitus
1598 1747 1835 1803 facturus

1935 550 2184 605 dimiserit
2217 565 2449 612 uxorem.
2480 549 2637 617 ﬁlios,
2667 566 2838 620 agros,
2866 560 2956 605 aut
2983 550 3206 621 domum,
3245 571 3389 610 meus
3418 574 3516 612 non

1936 642 2117 711 poterit
2146 657 2253 696 esse
2276 639 2534 712 dicipulus
2563 638 2715 712 (Luc.
2738 657 2849 712 χιιι,
2874 641 2991 713 26).
3017 643 3155 711 Quid
3184 645 3321 701 ultra
3347 648 3369 702 ?
3402 648 3518 704 Dis-

1933 739 2161 795 cedente
2200 738 2424 796 muliere
2464 751 2585 793 cum
2616 735 2739 793 ﬁliis
2768 737 3018 807 relutata,
3063 740 3396 798 confortatur
3422 744 3518 798 Sa-

1936 841 2088 887 turus
2110 830 2176 886 ad
2207 844 2487 896 coronam,
2509 828 2812 894 discutitur,
2837 830 3181 901 exspoliatur,
3209 832 3379 902 poenis
3400 848 3519 889 con.

1937 925 2154 992 teritur,
2170 924 2450 982 mendicus
2472 923 2778 991 dimittitur,
2795 922 3129 979 interdicitur
3147 924 3194 980 ei
3223 926 3521 995 prodeundi

1936 1035 2209 1075 accessus.
2235 1019 2429 1095 Totum
2453 1019 2501 1074 ei
2527 1017 2781 1086 tulerunt,
2808 1018 3001 1074 stolam
3028 1029 3202 1076 tamen
3234 1019 3521 1091 baptisma-

1936 1116 2004 1167 tis
2027 1113 2239 1168 auferre
2271 1112 2319 1168 ei
2359 1127 2463 1169 non
2492 1121 2803 1183 potuerunt.

2006 1202 2164 1259 XVII.
2192 1202 2431 1270 Geiserici
2461 1203 2827 1273 persecutionis
2855 1204 3136 1257 conclusio.
3158 1234 3228 1245 -
3248 1205 3376 1261 Post
3405 1205 3521 1261 haec

1941 1295 2244 1353 Geisericus
2286 1296 2572 1352 ecclesiam
2623 1294 2962 1365 Carthaginis
3010 1296 3182 1352 claudi
3234 1299 3521 1367 praecepit,

1937 1386 2207 1457 dissipatis
2236 1397 2395 1457 atque
2416 1386 2674 1456 dispersis
2701 1400 2796 1456 per
2817 1385 3028 1442 diversa
3053 1387 3367 1443 exsiliorutn
3388 1389 3525 1453 loca,

1937 1481 2059 1552 quia
2092 1481 2377 1550 episcopus
2422 1496 2528 1536 non
2573 1489 2719 1544 erat,
2763 1479 3096 1551 presbyteris
3145 1488 3198 1535 et
3245 1479 3527 1535 ministris.

1938 1573 2070 1641 Qua:
2110 1572 2200 1629 vix
2248 1583 2487 1629 reserata
2516 1579 2600 1627 est
2630 1572 2846 1628 Zenone
2895 1571 3136 1642 principe
3194 1572 3529 1643 supplicante

1941 1678 2037 1734 per
2082 1662 2363 1734 patricium
2406 1663 2707 1727 Severum;
2752 1672 2806 1718 et
2854 1662 2933 1719 sic
2964 1664 3199 1719 universi
3242 1665 3313 1718 ab
3342 1664 3531 1719 exsilio

1946 1756 2244 1812 redierunt.
2268 1756 2399 1823 Quae
2425 1771 2553 1811 vero
2580 1756 2636 1811 ir.
2668 1756 2942 1827 HiSpania,
2964 1757 3016 1811 in
3050 1757 3218 1823 Italia,
3249 1758 3532 1821 Dalmatia,

248 1863 307 1904 es
332 1847 457 1912 hoc,
492 1846 634 1917 quod
660 1844 797 1900 forte
831 1843 1136 1898 voluntarie
1163 1842 1421 1912 aliquanti
1454 1839 1711 1899 fecerunt.
1744 1837 1840 1895 Cui
1872 1845 1919 1905 Β
1945 1850 2258 1920 Campania,
2291 1850 2563 1917 Calabria,
2594 1849 2805 1919 Apulia,
2842 1850 3046 1917 Sicilia,
3092 1851 3362 1920 Sardinia,
3398 1854 3529 1908 Bm.

250 1943 338 1999 ille
368 1942 472 1997 Job
499 1941 669 1996 sancti
698 1954 829 1995 voce
877 1936 1157 2008 respondit
1184 1953 1197 1988 :
1232 1934 1497 2007 Tanquam
1543 1951 1645 1988 una
1670 1950 1733 1988 ex
1758 1934 1838 1988 in-

252 2034 551 2108 sipientibus
578 2026 885 2088 mulieribus
908 2030 1132 2102 loqueris
1171 2029 1294 2100 (Job
1330 2044 1388 2097 ιι,
1427 2028 1531 2097 I0).
1559 2026 1839 2083 Formida—

254 2144 385 2194 rem,
411 2127 625 2195 mulier,
657 2126 704 2181 si
733 2124 845 2180 sola
873 2131 1018 2180 esset
1045 2122 1203 2193 hujus
1232 2122 1355 2177 vita:
1376 2135 1558 2177 amara
1589 2119 1837 2175 dulcedo.-

256 2222 518 2286 Artiﬁcio,
540 2220 763 2288 conjux,
783 2216 980 2273 diaboli
1006 2217 1298 2271 ministras.
1326 2214 1379 2271 Si
1398 2214 1647 2285 diligeres
1672 2213 1838 2269 mari-

257 2324 386 2379 tum,
421 2327 694 2383 nunquam
716 2311 782 2367 ad
807 2310 1096 2367 secundam
1134 2318 1362 2365 mortem
1390 2308 1687 2364 attraheres
1719 2323 1841 2378 pro-

256 2411 422 2480 prium
456 2408 650 2462 virum.
682 2404 779 2478 [al.
816 2402 1131 2475 Detraltant]
1158 2403 1467 2459 Disn'altant
1498 2403 1656 2470 ﬁlios,
1686 2417 1844 2473 sepa-

256 2508 373 2558 rent
399 2502 500 2573 12
532 2513 779 2565 uxorem,
807 2495 1053 2553 auferant
1073 2495 1467 2563 substantiam;
1504 2497 1607 2552 mei
1634 2496 1845 2553 Domini

326 2673 351 2702 ⁸
389 2666 541 2722 Mart.
562 2706 579 2731 ,
612 2681 870 2736 unumque
909 2665 1199 2732 parvulum,
1247 2664 1333 2734 qui
1354 2706 1370 2729 ,
1399 2673 1530 2731 etc.,
1562 2663 1612 2717 in
1645 2677 1845 2736 genere

256 2740 566 2818 masculino.
610 2738 703 2793 Sic
742 2734 853 2793 fere
882 2736 1164 2793 Lorichius
1191 2776 1205 2802 ,
1237 2751 1439 2806 unaque
1486 2734 1798 2806 infantulum
1823 2774 1839 2798 ,

295 2823 349 2859 ut
399 2820 500 2863 etc.

256 2822 293 2875 ᾳ
335 2849 369 2915 ιθ
398 2878 688 2935 Orthodox.
706 2877 1046 2935 solummodo
1067 2887 1121 2933 et
1150 2877 1432 2933 Lorichius
1450 2891 1569 2931 cum
1586 2876 1837 2931 versione

265 2946 460 3005 Gallica
497 2950 796 3007 Bellorestii
835 2950 1115 3006 Venetiam
1164 2949 1251 3004 hic
1296 2954 1601 3004 recensent.
1635 2948 1701 3002 Et
1739 2963 1836 3017 pro

1944 1943 2052 2010 liis,
2086 1942 2111 1981 ιο
2144 1942 2389 2008 Venetia,
2427 1941 2683 2009 Lucania,
2734 1941 2901 2012 Epiro
2934 1942 3136 2006 Veteri,
3184 1944 3269 1999 vel
3316 1945 3535 1999 IIellatIa

1940 2039 2188 2106 gesserit,
2221 2035 2421 2089 melius
2467 2034 2540 2088 ibi
2574 2034 2674 2103 ipsi
2700 2034 2787 2103 qui
2821 2035 2963 2104 passi
2993 2044 3118 2089 sunt
3159 2036 3535 2091 miserabiliter

1946 2127 2043 2200 [al.
2080 2125 2333 2196 lugenda]
2363 2125 2597 2193 lugendo
2648 2110 2964 2179 narrabunt.
3009 2125 3112 2179 Sed
3138 2127 3246 2193 jam
3288 2138 3537 2196 persecu-

1945 2219 2108 2275 tionis
2138 2228 2359 2285 nostrte,
2393 2232 2421 2270 a
2452 2216 2728 2272 Geiserico
2775 2228 2978 2287 quanto
3019 2218 3343 2284 sublimiter,
3388 2229 3538 2275 tanto

1946 2311 2241 2368 crudeliter
2270 2320 2454 2379 gestae,
2486 2310 2588 2365 iste
2618 2309 2687 2364 sit
2729 2309 2869 2364 ﬁnis.
2899 2310 3117 2365 Duravit
3159 2319 3337 2367 autem
3368 2312 3422 2367 in
3452 2327 3537 2368 re-

1946 2418 2054 2475 gno
2078 2404 2232 2459 annis
2261 2404 2476 2474 triginta
2510 2410 2717 2473 septem
2749 2412 2803 2458 et
2829 2403 3101 2459 mensibus
3132 2404 3321 2461 tribus.

1951 2661 2037 2716 his
2061 2660 2261 2718 verbis.
2288 2657 2451 2727 Epiro
2480 2657 2675 2723 Veteri,
2702 2658 2779 2712 vel
2812 2657 3059 2726 Hellada,
3084 2658 3364 2715 Lorichius
3383 2658 3544 2719 habet

1948 2730 2143 2799 Epiro,
2190 2728 2665 2800 Helladesvocula
2712 2731 2866 2783 veteri
2919 2730 3187 2786 omittitur
3231 2746 3446 2800 quoque
3483 2732 3539 2786 in

1946 2804 2182 2858 editione
2216 2799 2480 2855 ttltenani.
2512 2799 2586 2852 De
2612 2809 2785 2855 morte
2808 2800 3085 2857 Genscrici
3110 2802 3230 2859 vide
3249 2799 3542 2860 Commen-

1943 2875 2137 2928 tarium
2172 2871 2486 2927 historicum
2515 2871 2736 2940 capitul.
2769 2873 2822 2925 7.

267 3069 3513 3107 MM

1156 3153 1639 3263 LIBER
1722 3147 2611 3258 SECUNDUS.

1332 3337 1537 3383 ῙΝΙΤῙΔ
1581 3332 2078 3392 ΡΕιιιεΕαῠτιοΝιε
2124 3330 2458 3375 HUNERICI.

322 3465 362 3523 l.
414 3467 668 3524 Hunerici
720 3467 886 3523 initia.
933 3497 1003 3509 ——
1050 3465 1259 3523 Mortuo
1316 3465 1474 3538 igitur
1539 3464 1851 3530 Geiserico,
1881 3466 1929 3529 C
1959 3462 2218 3531 scriptum
2278 3463 2481 3518 habens
2524 3462 2575 3516 in
2609 3461 2851 3519 femore:
2894 3462 3214 3520 Manicltasus
3261 3464 3547 3535 discipulus

255 3568 281 3598 ι
303 3560 611 3618 [innericus
662 3560 838 3630 major
868 3559 1011 3614 ﬁlius
1039 3559 1177 3630 patri
1205 3559 1464 3613 succedit.
1516 3558 1616 3623 Qui
1651 3560 1701 3612 in
1740 3556 1849 3627 pri-

251 3654 464 3709 mordio
490 3653 665 3724 regni,
701 3662 759 3708 ut
780 3652 940 3708 habet
969 3651 1240 3707 subtilitas
1272 3651 1655 3716 Barbarorum,
1688 3650 1851 3719 coepit

252 3746 435 3803 mitius
464 3756 524 3802 et
550 3746 890 3802 moderatius
919 3755 1172 3826 agere,_et
1200 3744 1433 3799 maxime
1460 3744 1601 3799 circa
1636 3744 1853 3810 religio-

248 3854 373 3896 nem
404 3848 693 3907 nostram:
726 3838 967 3895 utetiam
992 3838 1081 3894 ubi
1115 3846 1271 3893 antea
1298 3837 1397 3892 sub
1428 3852 1553 3907 rege
1578 3837 1852 3893 Geiserico

250 3928 344 4002 [αι.
381 3927 767 4002 praedicatum]
798 3918 1200 3999 prtrjudicatum
1251 3927 1425 3984 fuerat
1468 3944 1536 3981 ne
1582 3926 1851 3996 spiritales

243 4020 444 4079 ﬁerent
471 4032 799 4088 conventus,
849 4022 1221 4078 conventicula
1258 4028 1644 4076 concurrerent
1678 4035 1852 4090 popu-

244 4114 452 4173 lorum.
488 4116 561 4172 Et
588 4126 646 4171 ut
670 4131 732 4172 se
760 4115 1071 4187 religiosum
1116 4114 1449 4180 ostenderet,
1478 4112 1505 4151 δ
1535 4114 1719 4168 statuit
1748 4112 1856 4166 sol-

1952 3544 2141 3610 Citriin
2174 3552 2322 3608 Jesu.
2354 3554 2580 3625 Propter
2619 3554 2760 3625 quod
2807 3556 2975 3626 magis
3014 3569 3036 3595 ε
3065 3558 3384 3614 laudabilior
3430 3572 3547 3612 me-

1953 3655 2191 3701 moratus
2221 3654 2477 3717 tyrannus
2509 3644 2833 3701 videbatur:
2858 3647 2914 3701 in
2945 3663 3050 3703 uno
3079 3649 3394 3719 displicens,
3423 3650 3548 3720 quia

1958 3738 2238 3808 cupiditati
2290 3737 2575 3793 insatiabili
2622 3734 2997 3795 vehementius
3048 3738 3306 3807 inhiabat,
3337 3750 3394 3795 et
3420 3754 3550 3811 pro-

1956 3833 2159 3887 vincias
2191 3834 2340 3901 regni
2371 3831 2455 3887 sui
2481 3832 2644 3886 variis
2672 3832 2958 3887 calumniis
2982 3842 3144 3901 atque
3166 3833 3549 3888 indictiouibus

1958 3926 2252 3989 onerabat;
2284 3934 2340 3978 ut
2366 3925 2434 3978 de
2467 3924 2556 3977 illo
2581 3926 2854 3993 praecipue
2875 3924 3169 3978 diceretur:
3195 3922 3221 3960 ἀ
3244 3924 3358 3978 Rex
3384 3938 3550 3992 egens

1960 4032 2185 4087 magnus
2214 4026 2297 4073 est
2327 4018 2703 4072 calumniator.
2729 4017 2885 4083 Dedit
2906 4026 3085 4072 autem
3118 4018 3411 4082 licentiam,
3444 4019 3548 4073 Ze-

1961 4127 2103 4167 none
2152 4112 2508 4182 imperatore,
2562 4120 2721 4180 atque
2755 4121 2777 4148 θ
2811 4109 3044 4166 Placidia
3105 4111 3288 4167 relicta
3341 4112 3547 4183 Olybrii

241 4206 449 4265 Iicitius
473 4207 837 4278 requirendos
866 4206 1157 4262 haereticos
1177 4205 1502 4260 Manichaeos
1526 4220 1541 4271 ;
1571 4219 1636 4259 ex
1663 4204 1855 4275 quibus

240 4302 447 4357 multos
504 4299 769 4366 incendit,
821 4284 1079 4369 plurimos
1121 4307 1300 4354 autem
1341 4297 1590 4352 distraxit
1631 4291 1855 4350 naidbus

241 4392 635 4450 transmarinis
661 4409 676 4446 :
708 4406 844 4464 quos
872 4407 1009 4462 pene
1041 4406 1230 4446 omnes
1259 4390 1583 4446 Manichaeos
1628 4404 1740 4443 suae
1769 4376 1876 4445 re?

234 4484 464 4556 ligionis
492 4483 725 4554 invenit,
750 4494 802 4540 et
826 4484 1092 4554 praecipue
1116 4482 1458 4555 presbyteros
1491 4491 1545 4538 ct
1573 4480 1848 4546 diaconos,

232 4582 469 4636 Arianm
494 4578 795 4635 haereseos.
823 4576 980 4634 Unde
1004 4575 1175 4646 magis
1226 4575 1571 4640 erubescens,
1619 4573 1852 4643 amplius

228 4673 292 4727 in
328 4672 467 4727 illos
500 4672 720 4727 exarsit.
749 4669 824 4725 De
852 4667 1046 4740 quibus
1066 4676 1314 4738 repertus
1339 4674 1421 4723 est
1441 4680 1599 4736 unus,
1634 4666 1851 4720 nomine

227 4762 327 4839 [σι.
368 4760 797 4822 Dementianusl
825 4760 1254 4831 Clementianus,
1281 4760 1578 4818 monachus
1608 4759 1848 4827 illorum,

1968 4208 2305 4279 rogantibus,
2357 4217 2414 4261 ut
2459 4206 2896 4276 Cattltaginensis
2947 4205 3187 4261 Ecclesia
3240 4206 3339 4261 sibi
3389 4222 3550 4277 quem

1961 4302 2123 4358 vellet
2150 4302 2460 4372 episcopum
2483 4301 2779 4369 ordinaret,
2809 4316 2928 4370 quae
2950 4299 3060 4368 jam
3085 4314 3181 4369 per
3203 4299 3389 4368 viginti
3417 4313 3551 4369 qua-

1960 4404 2083 4449 tuor
2111 4394 2210 4464 13
2242 4406 2412 4448 annos
2444 4391 2536 4447 tali
2564 4400 2885 4447 ornamento
2922 4391 3095 4446 fuerat
3124 4389 3401 4445 destituta.

2029 4486 2095 4544 ll.
2136 4484 2397 4540 Permittit
2443 4485 2670 4554 episcopi
2711 4482 3106 4538 ordinationem.
3140 4511 3213 4521 —
3237 4481 3397 4535 Mittit
3422 4496 3553 4551 ergo

1958 4589 2085 4635 tunc
2110 4578 2176 4633 ad
2206 4579 2491 4635 ecclesiam
2524 4577 2889 4633 Alexandrum
2920 4577 3206 4644 illustrem,
3241 4574 3550 4645 ltujusmodi

1959 4672 2278 4743 legationem
2312 4672 2592 4736 ferentem,
2620 4679 2676 4725 ut
2708 4670 2759 4724 in
2794 4668 3079 4739 praesentia
3107 4668 3225 4737 ejus
3257 4666 3552 4723 catholicus

1958 4765 2187 4834 populus
2222 4764 2440 4834 dignum
2480 4762 2580 4819 sibi
2612 4769 2819 4832 peteret
2858 4760 3222 4827 sacerdotem,
3268 4760 3549 4815 destinans

300 4975 326 5005 ³
368 4964 619 5022 Codices
664 4976 799 5017 mss.
844 4959 1029 5019 Sancti
1071 4958 1327 5016 Germani
1367 4958 1638 5031 a_Pratis,
1662 4958 1851 5031 Sancti
1880 4960 1933 5021 D
1982 5029 1992 5031 Α
2030 4957 2057 4996 ἀ
2098 4960 2251 5016 Colb.
2281 4961 2334 5025 2,
2366 4960 2578 5023 Germ.,
2623 4958 2826 5031 Fulset
2873 4958 3225 5031 Com_p.cum
3278 4959 3549 5031 Lorichio,

224 5034 475 5093 Cornelii
536 5032 995 5102 compendiensis;
1041 5041 1096 5087 et
1142 5029 1449 5102 monasterii
1491 5030 1675 5102 Sancti
1719 5031 1850 5102 Ber-
1968 5029 2081 5085 Rea:
2107 5048 2255 5102 egens
2284 5031 2551 5097 reditibus,
2588 5041 2693 5102 etc.
2728 5030 2884 5102 Mart.
2911 5039 2961 5083 et
2983 5029 3133 5084 Colb.
3158 5032 3208 5093 I,
3244 5046 3456 5102 magnos
3480 5029 3554 5088 est

224 5110 385 5163 nardi
432 5108 507 5162 Β.
569 5106 639 5161 R.
668 5098 737 5157 Ι).
765 5103 830 5158 P.
864 5103 1197 5158 Fuliensium
1240 5100 1623 5155 Parisiensium
1654 5101 1854 5155 habent
1965 5098 2330 5157 calumniatus.
2363 5102 2518 5157 Orth.
2551 5111 2601 5156 et
2633 5100 2935 5162 Lorichius,
2966 5116 3151 5169 magna
3175 5098 3441 5156 calamitas
3460 5120 3553 5159 est.

222 5178 583 5236 Nundricus.
621 5174 923 5231 Orthodox.
956 5182 1011 5230 et
1038 5172 1341 5238 Lorichius,
1379 5170 1665 5225 Hunericus
1694 5170 1853 5225 Nun-
1964 5173 2134 5228 Porro
2156 5173 2293 5241 apud
2340 5173 2530 5228 mediae
2560 5172 2735 5227 aetatis
2761 5179 3006 5241 auctores
3035 5170 3151 5224 haec
3178 5186 3275 5226 vox
3295 5212 3310 5236 ,
3358 5174 3556 5226 calum-

220 5252 395 5306 ἀνίας.
1965 5245 2131 5311 niare,
2153 5240 2247 5298 seu
2277 5244 2602 5309 calumniari,
2637 5242 2781 5298 idem
2814 5240 3075 5312 signiﬁcat
3092 5242 3197 5312 73
3213 5256 3273 5297 ac
3304 5244 3450 5298 litem
3476 5246 3557 5298 in-

1964 5310 2194 5377 tentare.
2225 5330 2319 5369 seu
2352 5330 2446 5382 pro
2476 5314 2654 5383 aliqua
2685 5310 2976 5382 repetenda
3006 5310 3059 5366 in
3087 5310 3185 5382 jus
3215 5328 3429 5370 vocare.
3458 5314 3551 5367 Vi-

1965 5386 2110 5443 desis
2140 5384 2471 5440 Glossarium
2504 5384 2853 5453 Cangianum.

2039 5467 2063 5494 °
2104 5457 2231 5511 Haec
2274 5464 2387 5511 erat
2430 5456 2689 5510 Eudoxize
2720 5454 2974 5511 llunerici
3006 5458 3186 5511 uxoris
3216 5470 3398 5520 soror,
3430 5468 3553 5521 qua:

1963 5528 2123 5585 simul
2155 5543 2273 5582 cum
2312 5528 2421 5595 ipsa
2447 5541 2737 5593 earumque
2769 5536 2939 5581 matre
2969 5543 2999 5581 a
3043 5526 3354 5587 Genserieo,
3382 5524 3553 5595 Roma

1962 5611 2139 5669 capta,
2200 5599 2252 5652 in
2306 5594 2537 5653 Africam
2582 5598 2808 5653 abducta
2864 5597 3056 5669 fuerat.
3088 5596 3466 5669 Dehisplura
3498 5594 3553 5669 i_n

1962 5664 2363 5725 Commentario
2406 5670 2661 5723 historico
2692 5670 2865 5738 capite
2891 5668 2943 5723 6.
2988 5668 3092 5722 Pro
3123 5666 3357 5719 Placidia
3404 5664 3554 5722 Lori-

1963 5741 2119 5800 chius
2147 5756 2360 5811 scmper
2390 5740 2551 5797 habet
2594 5740 2823 5798 Placida.

290 5321 321 5361 δ
362 5317 626 5378 Orthod.
658 5325 713 5373 et
748 5315 1055 5383 Lorichius,
1084 5315 1357 5371 sollicitius
1380 5313 1527 5384 jubet
1558 5329 1663 5369 esse
1684 5313 1852 5384 requi-

217 5396 438 5447 rendus.
491 5389 668 5445 Mart.
708 5396 763 5444 et
806 5386 1019 5457 Comp.,
1062 5387 1332 5441 sollicitius
1370 5385 1677 5457 requirebat.
1711 5384 1851 5439 Infra

216 5477 319 5534 pro
350 5460 662 5528 distraxit,
685 5458 848 5531 aliqui
880 5458 1078 5515 habent
1099 5458 1371 5513 destruxit.
1404 5456 1687 5512 Lorichius
1720 5470 1853 5511 vero

215 5535 470 5592 deduxit.

289 5619 314 5648 ε
360 5608 509 5663 Haec
528 5617 646 5659 vox
668 5602 824 5659 deest
853 5601 908 5658 in
932 5601 1111 5668 Mart.,
1130 5600 1314 5657 Germ.
1333 5608 1384 5655 et
1418 5598 1566 5664 Ful.,
1595 5598 1684 5669 qui
1711 5597 1850 5653 infra

216 5676 429 5736 habent
475 5675 822 5731 Videbat....
850 5688 954 5745 qua
981 5674 1281 5744 cupiditate.
1311 5671 1594 5727 Lorichius
1619 5684 1749 5745 vero
1771 5670 1851 5745 sic

218 5750 385 5823 habet
403 5794 423 5819 ,
454 5755 688 5823 propter
715 5742 1055 5823 quod'magis'
1084 5752 1395 5799 memoratus
1425 5753 1673 5813 tyrannus
1705 5742 1851 5795 lude-

216 5820 301 5885 bat
364 5817 427 5883 in
455 5817 594 5876 ἀπὸ
623 5817 897 5886 displicens
923 5817 1067 5885 quia,
1094 5824 1202 5873 etc.

533 5859 1202 5981 ἱλτὶἷξιζῗὶῧὲἰὶ.““
1357 5859 1365 5871 ί
2365 5905 2369 5909 ~
3206 5899 3247 5963 π
