3988 6344
499 416 603 474 205

1822 398 2128 456 VICTORIS
2167 394 2467 456 VITENSIS

3646 394 3745 457 201

504 544 711 601 quoque
745 543 839 600 per
872 526 1134 584 notarium
1174 535 1352 587 suum,
1383 519 1598 577 nomine
1625 517 1795 588 [edit.,
1829 512 2069 583 Vitared]
2097 518 2150 575 A
2175 511 2457 568 Pecuniam
2501 512 2639 583 apud
2684 528 2805 567 eum
2854 528 3127 593 nunquam
3172 511 3434 593 mansisse
3478 510 3747 589 probatur,

505 622 713 689 Vitarit,
747 620 976 676 edictum
1004 617 1145 687 quod
1176 614 1383 686 publice
1415 614 1700 682 legeretur,
1732 608 1872 662 hunc
1900 607 2069 661 conti-

504 730 636 769 nens
668 713 877 767 modum
911 728 925 764 :
962 728 980 761 ι
1016 709 1180 766 Jussit
1202 708 1351 763 vobis
1379 706 1627 763 dominus
1656 713 1839 759 noster
1870 702 1961 773 [αι.
1995 701 2072 754 di-

504 805 649 874 cere]
678 802 799 867 dici,
827 804 949 871 quia
978 800 1265 871 imperator
1288 799 1489 863 Zenon,
1520 806 1571 851 et
1600 794 1923 850 nobilissima
1949 792 2068 846 Pla~

504 897 664 960 cidia,
694 910 787 964 per
816 893 1174 950 Alexandrum
1206 892 1385 946 virum
1424 891 1686 944 illustrem
1724 886 2070 955 scripserunt,

504 983 747 1055 petentes
794 994 850 1039 ut
896 984 1131 1039 Ecclesia
1171 979 1505 1049 Carthaginis
1558 977 1831 1047 religionis
1879 984 2074 1029 vestra:

503 1078 779 1146 proprium
823 1078 1129 1147 episcopum
1178 1074 1391 1129 habeat.
1474 1072 1585 1125 Hoc
1626 1069 1741 1123 ﬁeri
1794 1065 2072 1137 praecepit;

506 1176 671 1236 atque
712 1168 789 1221 eis
830 1166 1123 1236 rescripsit,
1155 1165 1237 1219 vel
1284 1163 1468 1233 legatis
1505 1163 1569 1215 ah
1608 1160 1687 1215 eis
1710 1158 1926 1213 directis
1972 1154 2077 1210 dici

506 1257 683 1327 jussit,
714 1268 769 1310 ut
797 1256 933 1312 sicut
960 1256 1225 1323 petierunt
1258 1254 1408 1307 vobis
1450 1253 1761 1321 episcopum
1794 1246 1953 1318 quem
1986 1260 2079 1300 vo-

507 1349 713 1404 lucritis
744 1347 1027 1412 ordinetis;
1052 1347 1151 1402 sub
1180 1360 1243 1399 eo
1276 1352 1479 1407 tenore,
1505 1351 1563 1397 ut
1585 1350 1779 1396 nostrae
1809 1338 2080 1408 religionis

508 1440 741 1509 episcopi
772 1440 860 1508 qui
887 1436 1025 1508 apud
1053 1433 1563 1504 Constantinopolim
1596 1441 1719 1486 sunt
1745 1439 1798 1485 et
1822 1445 1913 1499 per
1949 1428 2080 1482 alias

507 1529 807 1599 provincias
836 1528 1089 1592 Orientis,
1120 1543 1183 1582 ex
1211 1525 1325 1594 ejus
1371 1533 1634 1593 praecepto
1677 1522 1900 1575 liberum
1932 1517 2079 1574 arbi-

508 1619 667 1672 trium
724 1618 949 1671 habeant
990 1617 1045 1670 in
1094 1615 1346 1670 Ecclesiis
1400 1614 1543 1678 suis,
1585 1612 1774 1681 quibus
1816 1609 2083 1663 voluerint

507 1707 703 1778 linguis
760 1707 953 1775 pepulo
1007 1716 1031 1741 α
1077 1714 1333 1768 tractare,
1400 1712 1453 1757 et
1513 1702 1683 1771 legem
1731 1698 2080 1755 Christianam

508 1800 685 1855 colere
711 1816 723 1852 :
751 1797 1197 1869 quemadmodum
1231 1811 1324 1851 vos
1347 1794 1453 1859 hic,
1481 1793 1564 1848 vel
1593 1795 1643 1846 in
1673 1792 1791 1847 aliis
1818 1789 2079 1852 ecclesiis,

2171 605 2275 660 nisi
2310 605 2446 660 forte
2486 605 2574 659 tali
2620 602 2749 659 lt‘bra
2786 592 3091 677 offerretur,
3127 590 3339 674 quando
3372 604 3479 674 jam
3524 608 3603 660 so'.
3646 605 3750 661 diei

2172 696 2443 766 explicans
2474 712 2711 762 cursum,
2749 695 3022 769 nocturnis
3063 696 3297 750 tenebris
3324 695 3570 751 ordinem
3603 695 3752 752 daret

2173 799 2228 844 et
2257 789 2448 844 locum.
2483 790 2707 843 Tantum
2742 788 2837 861 [αι.
2856 790 3069 859 additur
3094 787 3219 859 sibi]
3250 789 3560 845 reservabat
3589 806 3750 858 quan-

2175 888 2285 935 tum
2340 882 2442 935 diei
2489 879 2779 945 sufficeret,
2828 896 2936 933 non
2988 890 3243 952 quantum
3290 878 3551 951 cupiditas
3596 894 3754 949 expe-

2177 974 2347 1033 tisset,
2374 973 2484 1028 Deo
2512 981 2695 1028 nostro
2719 972 2945 1027 subinde
2968 971 3205 1041 quotidie
3226 972 3459 1043 ingentia
3480 982 3535 1027 et
3558 971 3755 1042 majora

2177 1066 2427 1119 donante.
2477 1066 2581 1119 Sed
2622 1080 2741 1120 cum
2781 1064 2917 1118 fama
2956 1064 3074 1133 ejus
3113 1074 3254 1119 esset
3291 1064 3487 1135 ubique
3526 1063 3753 1118 celebris

2178 1166 2336 1226 atque
2378 1156 2681 1220 manifesta,
2730 1165 3011 1226 coeperunt
3052 1155 3253 1211 exinde
3281 1155 3601 1209 Arianorum
3645 1157 3754 1226 epi-

2178 1249 2325 1319 scopi
2351 1248 2545 1304 invidia
2577 1248 2724 1319 gravi
2756 1249 3014 1317 torqueri,
3041 1248 3386 1317 quotidianis,
3410 1256 3465 1303 et
3491 1248 3758 1318 praecipue

2182 1339 2208 1379 δ
2233 1340 2432 1411 Cyrila,
2461 1355 2579 1395 eum
2610 1340 2889 1396 calumniis
2919 1342 3259 1395 insectantes.
3279 1339 3414 1406 Quid
3444 1339 3760 1409 plurimum?

2182 1431 2485 1502 Suggerunt
2525 1432 2631 1501 regi
2662 1432 2727 1487 de
2765 1431 2857 1485 illo
2899 1440 2957 1484 ut
2997 1446 3151 1485 suum
3187 1444 3518 1501 nequaquam
3552 1430 3761 1485 sederet

2184 1524 2455 1587 thronum,
2484 1538 2659 1592 neque
2682 1522 2747 1576 ad
2777 1522 2867 1577 Dei
2903 1522 3157 1591 populum
3192 1522 3410 1577 verbum
3432 1521 3633 1577 faceret
3664 1521 3763 1593 14

2184 1621 2521 1667 consuetum.
2565 1612 2766 1667 Deinde
2796 1612 2898 1682 (ut)
2926 1626 3266 1682 quoscunque
3297 1626 3471 1667 mares
3498 1613 3583 1667 vel
3615 1612 3775 1681 femi-1

2185 1722 2281 1761 nas
2310 1707 2362 1760 in
2388 1706 2567 1761 habitu
2598 1706 2823 1761 barbaro
2865 1706 3171 1761 incedentes
3209 1706 3261 1759 in
3304 1705 3527 1760 ecclesia
3554 1696 3775 1776 conSpi?

2185 1808 2351 1866 ceret,
2395 1799 2723 1869 prohiberet.
2771 1799 2859 1854 Ille
2902 1798 3179 1867 respondit
3221 1807 3279 1853 ut
3317 1798 3513 1853 decuit.
3568 1798 3763 1853 Domus

508 1905 626 1959 qua:
656 1889 707 1943 in
739 1887 1030 1957 provinciis
1055 1886 1319 1941 Africanis
1346 1885 1648 1940 constituta:
1676 1892 1819 1947 sunt,
1854 1880 2077 1936 liberum

2191 1892 2276 1948 Dei
2304 1893 2551 1947 omnibus
2578 1902 2745 1962 patet,
2772 1892 3035 1946 intrantes
3063 1890 3238 1945 nullus
3262 1891 3455 1960 poterit
3481 1889 3759 1959 repellere.

508 1981 787 2036 arbitrium
813 1980 906 2050 [αι.
940 1979 1221 2050 habebitis]
1254 1979 1480 2043 habetis,
1514 1978 1566 2031 in
1610 1977 1852 2031 ecclesiis
1892 1974 2083 2029 vestris

507 2074 701 2130 missas
728 2088 906 2145 agere,
938 2074 1018 2127 vel
1041 2084 1300 2149 tractare,
1332 2084 1384 2126 et
1412 2086 1528 2140 qua:
1559 2071 1689 2139 legis
1720 2078 1913 2125 vestrae
1938 2078 2081 2131 sunt,

509 2164 953 2236 quemadmodum
982 2164 1160 2229 vultis,
1194 2163 1392 2218 facere.
1444 2162 1576 2217 Nam
1607 2162 1653 2217 si
1684 2162 1784 2217 hoc
1810 2162 1952 2216 circa
1992 2175 2086 2215 eos

506 2271 615 2312 non
640 2258 796 2310 fuerit
844 2254 935 2327 [αι.
963 2252 1315 2324 reservatum]
1346 2255 1707 2317 observatum,
1738 2263 1845 2307 tam
1874 2252 2083 2321 episco-

507 2363 611 2420 pus
657 2348 743 2417 qui
787 2347 1064 2401 ordinatus
1110 2345 1273 2399 fuerit
1313 2358 1471 2413 quam
1514 2345 1715 2407 clerici,
1763 2342 1855 2398 sed
1900 2352 1953 2396 et
1996 2341 2086 2395 alii

508 2441 745 2509 episcOpi
771 2453 891 2494 cum
916 2437 1126 2492 clericis
1153 2436 1282 2500 suis,
1308 2439 1398 2505 qui
1427 2435 1479 2489 in
1508 2435 1773 2491 Africanis
1796 2434 2084 2504 provinciis

508 2539 656 2595 sunt,
685 2528 1012 2597 jubebuutur
1039 2530 1177 2581 inter
1194 2527 1402 2580 Mauros
1432 2526 1590 2579 mitti.
1627 2547 1643 2577 ι
1677 2526 1828 2591 Quod
1851 2525 2086 2578 edictum

512 2622 638 2675 dum
680 2620 832 2675 nobis
865 2618 1233 2686 praesentibus,
1266 2625 1457 2686 quarto
1492 2616 1704 2671 decinto
1744 2616 2084 2670 calendarutn

511 2713 657 2785 [ραὶι.
677 2726 736 2775 ιι,
753 2707 1053 2777 Juniarumj
1066 2707 1320 2762 Juliarum
1344 2706 1605 2761 universa:
1622 2706 1875 2761 Ecclesia:
1892 2706 2089 2774 legere-

508 2814 617 2869 tur,
636 2820 850 2873 gemere
869 2802 1127 2870 cmpimus
1148 2800 1511 2864 mussitantes,
1538 2816 1601 2853 co
1622 2798 1761 2869 quod
1785 2798 2088 2853 meditanti-

508 2895 612 2951 bus
633 2896 782 2950 dolos
805 2894 1063 2948 malorum
1086 2903 1227 2949 esset
1248 2892 1422 2946 futura
1444 2890 1744 2961 persecutio
1762 2899 2081 2960 praeparata.

509 2987 582 3043 Et
611 2989 679 3041 ita
712 2987 883 3057 legato
910 2985 1114 3041 dixisse
1160 2984 1449 3053 probamur
1479 3003 1490 3036 :
1528 3002 1546 3036 ι
1584 2984 1640 3038 Si
1670 2986 1740 3038 ita
1780 2994 1882 3051 est,
1919 2984 2084 3037 inter-

507 3078 696 3149 positis
741 3078 824 3141 his
868 3076 1261 3139 conditionibus
1310 3076 1645 3144 periculosis,
1693 3075 1807 3129 haec
1842 3074 2086 3129 Ecclesia

508 3173 818 3241 episcopum
869 3185 975 3223 non
1021 3169 1316 3223 delectatur
1367 3168 1584 3233 habere.
1650 3167 1752 3240 [αι.
1789 3162 2086 3235 Gubernetl

2188 1986 2417 2041 Maxime
2441 1985 2562 2053 quia
2600 1984 2787 2053 ingens
2822 1984 2993 2038 fuerat
3026 1982 3310 2039 multitudo
3340 1990 3648 2037 nostrorum
3680 1997 3765 2038 ca-

2187 2076 2532 2142 tholicorum,
2578 2077 2628 2130 in
2661 2075 2846 2130 habitu
2887 2075 3096 2129 illorum
3140 2073 3522 2139 incedentium,
3557 2072 3625 2128 ob
3669 2072 3766 2127 hoc

2188 2169 2327 2240 quod
2358 2168 2537 2222 domui
2575 2167 2736 2235 regite
2771 2167 3098 2221 serviebant.

2258 2259 2345 2313 IV.
2389 2258 2764 2313 Persecutionis
2794 2258 2958 2311 initia.
2991 2286 3060 2296 —
3106 2258 3175 2311 At
3203 2256 3291 2311 ubi
3328 2256 3395 2310 ab
3432 2254 3649 2311 homine
3678 2256 3767 2310 Dei

2189 2351 2296 2407 tale
2342 2364 2660 2420 responsum
2706 2349 2947 2417 accepit,
2989 2348 3171 2401 statuit
3217 2347 3269 2401 in
3316 2348 3484 2416 portis
3528 2348 3766 2402 ecclesiae

2188 2442 2436 2499 collocari
2471 2450 2699 2495 tortores
2729 2457 2740 2492 :
2775 2440 2863 2509 qui
2898 2439 3137 2493 videntes
3168 2438 3414 2494 feminam
3447 2439 3529 2493 vel
3559 2453 3766 2493 mascu«

2190 2533 2299 2588 lum
2343 2534 2393 2587 iu
2443 2532 2627 2603 specie
2671 2546 2781 2586 suae
2830 2531 3003 2600 gentis
3051 2529 3405 2594 ambulantes,
3450 2531 3589 2584 illico
3638 2531 3768 2598 palis

2190 2624 2499 2680 minoribus.
2529 2622 2759 2677 dentatis
2790 2621 2947 2691 jactis
2995 2622 3045 2674 in
3090 2621 3284 2688 capite,
3329 2621 3674 2689 crinibusque
3720 2622 3767 2675 in

2190 2718 2391 2773 eisdem
2424 2717 2706 2787 colligatis,
2738 2730 2801 2769 ac
2830 2714 3197 2770 vehementius
3236 2714 3578 2783 stringentes,
3611 2714 3768 2766 simul

2190 2822 2310 2864 eum
2342 2808 2544 2876 capillis
2586 2822 2797 2861 omnem
2841 2806 3141 2876 pelliculam
3188 2806 3374 2874 capitis
3430 2805 3767 2860 auferebant.

2191 2900 2444 2955 Nonnulli
2473 2908 2672 2964 autem,
2698 2898 2821 2952 dum
2855 2899 2954 2953 hoc
2986 2898 3162 2963 fieret,
3199 2898 3376 2952 statim
3419 2898 3603 2951 oculos
3633 2899 3770 2951 ami-

2192 2997 2396 3056 serunt,
2437 2988 2525 3042 alii
2570 2989 2685 3057 ipso
2712 2986 2897 3042 dolore
2925 2985 3159 3041 defuncti
3189 2994 3333 3040 sunt.
3361 2984 3608 3041 Mulieres
3638 3002 3771 3041 vero

2192 3089 2315 3151 post
2351 3080 2487 3133 banc
2534 3093 2766 3147 pmnam,
2799 3077 3062 3146 capitibus
3093 3077 3230 3147 pelle
3270 3076 3481 3131 nudatis
3518 3092 3771 3146 praecone

2192 3179 2461 3242 praeeunte
2489 3185 2583 3242 per
2611 3170 2830 3238 plateas,
2863 3169 2928 3224 ad
2959 3171 3319 3225 ostensionem
3353 3168 3513 3223 totius
3540 3167 3771 3222 civitatis

508 3263 783 3318 Gubernat
828 3277 943 3316 eam
990 3261 1263 3328 Christus,
1310 3262 1399 3331 qui
1453 3276 1666 3329 semper
1710 3261 1956 3330 dignatus
2004 3266 2088 3314 est
2114 3259 2160 3321 C
2191 3250 2540 3320 ducebantur.
2582 3262 2733 3329 Quod
2777 3262 2877 3317 sibi
2923 3262 3089 3331 magis
3130 3277 3247 3331 quae
3295 3261 3653 3331 patiebantur,
3694 3261 3771 3317 lu-

508 3355 826 3423 gubernare.
865 3372 882 3405 ›
932 3354 1099 3420 Quam
1152 3353 1544 3422 suggestionem
1594 3353 1798 3421 legatus
1842 3352 2085 3421 accipere

508 3443 763 3512 neglexit.
812 3443 979 3498 Simul
1008 3453 1062 3497 et
1103 3446 1351 3514 populus,
1390 3452 1447 3497 ut
1490 3452 1613 3498 tunc
1655 3444 1823 3508 ﬁeret,
1852 3453 1909 3497 ut
1951 3444 2085 3512 ignis

509 3539 732 3603 exarsit,
777 3538 927 3605 cujus
975 3546 1089 3591 erat
1135 3539 1338 3593 clamor
1388 3538 1759 3605 intolerabilis,
1803 3540 1892 3608 qui
1940 3540 2083 3594 nulla

506 3639 691 3701 posset
719 3631 926 3685 ratione
956 3629 1150 3684 sedari.

529 3745 533 3749 ν
581 3723 671 3778 lll.
716 3722 928 3792 Eugem'i
969 3723 1195 3776 virtutes.
1227 3751 1297 3762 ——
1332 3722 1588 3777 Ordinato
1626 3724 1803 3793 itaque
1833 3724 2086 3792 episcopo

508 3815 776 3886 Eugenio,
810 3817 923 3869 viro
954 3822 1137 3869 sancto
1169 3814 1385 3885 Deoque
1420 3824 1660 3887 accepto,
1692 3816 1934 3871 sublimis
1963 3825 2085 3872 nata

509 3916 593 3964 est
622 3909 822 3976 laetitia,
853 3916 907 3963 et
933 3906 1181 3977 gaudium
1212 3908 1540 3962 cumulatum
1572 3918 1657 3963 est
1687 3909 1938 3964 Ecclesiae
1969 3909 2081 3963 Dei.

507 3999 759 4056 Exsultat
802 3997 1087 4057 multitudo
1129 3998 1390 4053 catholica
1427 3999 1526 4053 sub
1568 3998 1793 4054 barbara
1836 4000 2081 4054 domina-

507 4091 673 4156 tione,
708 4090 774 4145 de
796 4090 1129 4146 ordinatione
1166 4091 1432 4160 pontiﬁcis
1468 4092 1717 4160 reparati.
1751 4092 1883 4146 Nam
1918 4094 2085 4147 maxi-

509 4198 633 4239 mus
693 4196 945 4236 numerus
997 4181 1250 4249 juvenum
1302 4191 1460 4248 atque
1534 4182 2083 4246 adolescentularum,

508 4272 723 4328 sibimet
752 4272 805 4325 in
839 4288 1123 4327 commune
1162 4273 1524 4342 congaudens,
1566 4274 1915 4328 attestabatur
1944 4275 2083 4341 quod

508 4378 781 4431 nunquam
827 4363 1048 4417 vidisset
1092 4364 1399 4432 episcopum
1452 4364 1504 4417 in
1553 4364 1745 4418 throno
1786 4365 2082 4419 sedentem.

509 4450 679 4505 Porro
730 4452 821 4506 ille
875 4453 953 4505 vir
993 4452 1116 4518 Dei,
1166 4454 1417 4508 sacerdos
1468 4454 1736 4522 Eugenius
1782 4454 1945 4523 coepit
1992 4468 2088 4522 per

506 4543 969 4596 conversationem
998 4558 1216 4610 Operum
1258 4544 1521 4597 bonorum
1552 4544 1873 4598 venerabilis
1908 4556 1961 4598 et
1993 4562 2083 4599 re-

2193 3372 2344 3414 crum
2370 3356 2660 3413 maximum
2687 3353 3087 3423 computabant.
3120 3353 3356 3420 Quorum
3386 3367 3482 3406 nos
3511 3350 3771 3421 plurimos

2190 3448 2466 3513 novimus,
2515 3460 2615 3501 nec
2663 3444 2861 3501 scimus
2901 3444 3131 3514 aliquem
3182 3458 3365 3499 eorum
3413 3452 3557 3510 tunc,
3603 3444 3769 3499 etiam

2192 3538 2367 3609 pennis
2406 3536 2742 3607 urgentibus,
2781 3549 2812 3589 a
2842 3542 2989 3589 recto
3020 3534 3211 3589 itinere
3251 3533 3539 3588 destitisse.
3588 3534 3659 3587 At
3686 3535 3773 3589 ubi

2190 3629 2297 3685 isto
2344 3627 2504 3683 modo
2549 3626 2672 3682 (idei
2718 3626 3007 3695 infringere
3050 3639 3155 3680 non
3207 3624 3374 3679 valuit
3433 3624 3528 3697 [αι.
3580 3612 3773 3695 ullum]

2190 3736 2426 3787 murum,
2456 3720 2655 3789 cogitat
2680 3727 2735 3773 ut
2759 3726 2956 3772 nostra:
2986 3715 3263 3787 religionis
3294 3716 3538 3771 homines
3569 3716 3619 3770 in
3650 3717 3771 3771 aula

2192 3815 2309 3884 ejus
2333 3811 2627 3879 constituti,
2661 3825 2834 3880 neque
2859 3810 3103 3875 annonis,
3135 3823 3306 3879 neque
3334 3808 3615 3879 stipendiis
3645 3810 3769 3864 801i-

2192 3910 2260 3965 tis
2286 3910 2607 3979 potirentur.
2645 3906 2863 3962 Addidit
2891 3920 3101 3977 quoque
3126 3914 3181 3960 et
3212 3904 3480 3960 laboribus
3508 3919 3602 3961 ens
3642 3921 3772 3961 con-

2192 4008 2370 4057 terere
2398 3999 2701 4055 rusticanis.
2734 3997 2924 4067 Dirigit
2952 3997 3094 4051 viros
3122 3997 3377 4065 ingenuos
3403 4006 3454 4051 et
3482 3996 3773 4053 admodum

2193 4092 2451 4148 delicatos
2503 4090 2569 4143 ad
2621 4102 2867 4157 campum
2916 4085 3248 4151 Uticensem,
3296 4095 3352 4139 ut
3397 4086 3497 4141 sub
3535 4088 3774 4141 ardentis

2194 4187 2323 4240 solis
2373 4183 2639 4249 incendio,
2691 4181 2920 4251 cespites
2967 4180 3219 4235 messium
3270 4177 3609 4233 desecarent.
3674 4179 3771 4233 Ubi

2194 4289 2382 4328 omnes
2409 4288 2527 4326 cum
2554 4271 2745 4341 gaudio
2772 4280 3073 4340 pergentes,
3106 4270 3157 4324 in
3181 4269 3406 4323 Domino
3432 4269 3771 4324 laetabantur.

2194 4366 2253 4419 ln
2288 4379 2512 4434 quorum
2542 4364 2889 4418 contubernio
2933 4364 3147 4434 quidam
3191 4363 3287 4417 fuit
3325 4363 3530 4417 aridam
3570 4362 3775 4418 habens

2194 4470 2444 4519 manum,
2488 4470 2606 4524 qua:
2648 4470 2743 4524 per
2781 4468 2951 4509 annos
2999 4456 3418 4525 quamplurimos
3470 4455 3676 4510 nullum
3725 4457 3773 4511 ei

2192 4547 2515 4618 praestiterat
2545 4546 2876 4616 obsequium.
2907 4546 3005 4613 Qui
3043 4562 3164 4602 cum
3209 4548 3470 4603 veraciter
3492 4559 3775 4603 excusaret

506 4632 773 4687 verendus
822 4634 1021 4699 haberi,
1056 4637 1216 4689 etiam
1255 4636 1322 4689 ab
1350 4636 1427 4689 eis
1457 4636 1546 4704 qui
1580 4634 1708 4689 foris
1737 4645 1892 4699 sunt;
1924 4647 1977 4691 et
2015 4638 2087 4693 ita
2114 4630 2169 4693 D
2193 4652 2253 4695 se
2301 4638 2508 4707 operari
2557 4652 2663 4691 non
2711 4651 2900 4708 posse,
2953 4639 3118 4707 magis
3162 4638 3423 4693 violenter
3464 4638 3649 4705 jussus
3694 4649 3777 4693 est

506 4738 632 4780 esse
661 4726 902 4780 omnibus
931 4736 1135 4794 gratus,
1166 4736 1242 4791 ut,
1276 4728 1318 4780 si
1358 4730 1435 4779 ras
1473 4738 1636 4791 esset,
1676 4729 1905 4783 animam
1936 4744 2084 4785 suam

505 4832 607 4886 pro
633 4816 819 4871 eodem
845 4818 1119 4873 universos
1145 4833 1343 4887 ponere
1364 4820 1677 4875 delectaret.
1705 4820 2085 4893 Eleemosynas

507 4922 719 4976 quoque
750 4908 883 4962 tales
916 4923 1010 4977 per
1048 4924 1169 4964 eum
1204 4910 1462 4967 Dominus
1493 4912 1738 4982 dignatus
1778 4924 1860 4968 est
1889 4914 2083 4980 facere,

505 5006 565 5054 ut
614 5000 923 5055 incredibile
974 5001 1214 5059 videatur
1255 5013 1402 5059 tanta
1448 5020 1570 5060 eum
1619 5006 1953 5075 impendere,
1995 5011 2085 5064 ubi

505 5090 783 5156 Ecclesia,
847 5101 1013 5148 totum
1068 5094 1307 5165 barbaris
1376 5099 1715 5165 tenentibus,
1777 5116 1875 5156 nec
1928 5102 2086 5156 unius

504 5180 708 5233 nummi
736 5180 932 5238 habere
961 5188 1304 5255 cognoscitur
1348 5188 1676 5245 facultatem.
1722 5191 2085 5249 Humilitatem

502 5267 559 5324 in
589 5269 699 5335 illo,
733 5272 1029 5342 caritatem,
1060 5277 1314 5345 pietatem
1345 5280 1599 5336 divinitus
1629 5282 2005 5350 condonatam,
2035 5285 2085 5340 si

502 5361 783 5430 quisquam
830 5363 1047 5433 incipiat
1094 5367 1330 5435 laudare,
1392 5386 1500 5427 non
1549 5372 1745 5440 poterit
1790 5374 2082 5445 explicare.

575 5490 601 5558 ξ
642 5481 903 5558 ἰίθελνορθ
938 5495 1146 5558 veteres
1171 5492 1539 5558 exprimebant
1566 5493 1939 5551 instructiones
1979 5511 2072 5551 seu

501 5549 903 5632 adhortationes
932 5556 998 5609 ad
1024 5549 1273 5632 pepnlum
1294 5602 1306 5623 ,
1344 5578 1473 5630 quas
1506 5562 1677 5617 Graeci
1710 5564 1865 5632 vulgo
1892 5549 2075 5620 humi?

501 5620 601 5699 lias
629 5622 917 5699 dicebant,
945 5638 1001 5679 ut
1024 5620 1268 5699 :ip'scmet
1297 5620 1479 5685 'Vi'ctor
1521 5648 1677 5699 supra
1727 5620 1972 5699 exposuit
2011 5638 2073 5690 li~

501 5689 680 5773 brut,
708 5710 852 5748 num.
885 5695 951 5773 5‘,
985 5689 1078 5751 ubi
1106 5697 1370 5773 inter‘alia
1404 5689 1885 5773 sancti'August'ini
1909 5689 2073 5773 opera

499 5768 742 5886 Εἴπω
781 5766 1051 5836 populares
1083 5783 1205 5836 quos
1246 5768 1412 5825 Caeci
1450 5766 1924 5843 Itomt'h'asﬁvocant,
1948 5766 2071 5832 ’ωε-

2193 4744 2439 4800 pergere.
2473 4728 2577 4785 Sed
2608 4729 2699 4783 ubi
2726 4729 2791 4783 ad
2813 4729 2987 4783 locum
3016 4738 3232 4785 ventum
3262 4739 3367 4795 est,
3395 4737 3448 4785 et
3471 4731 3773 4800 praesertim

2192 4838 2292 4893 pro
2328 4838 2392 4877 eo
2431 4821 2635 4878 orando
2683 4822 3055 4891 ingemuerunt
3103 4838 3323 4889 omnes,
3360 4824 3557 4895 pietate
3594 4824 3777 4879 divina

2191 4914 2283 4970 illa
2324 4914 2469 4970 arida
2508 4915 2791 4970 incolumis
2825 4914 3119 4970 confessori
3157 4916 3402 4970 restituta
3441 4924 3521 4970 est
3557 4930 3776 4971 manus.

2192 5006 2329 5061 Hinc
2358 5005 2467 5075 jam
2486 5005 2736 5061 Hunerici
2774 5006 3078 5076 persecutio
3113 5004 3312 5061 doloris
3349 5014 3508 5077 atque
3537 5008 3775 5076 parturi-

2190 5098 2352 5154 tionis
2378 5105 2577 5153 nostrae
2601 5099 2826 5167 sumpsit
2862 5097 3093 5175 initium.
3222 5084 3225 5087 ’

2265 5190 2331 5245 V.
2378 5188 2662 5245 Hunert'cus
2690 5190 2745 5244 in
2765 5204 2881 5245 suos
2906 5188 3067 5245 aravit.
3090 5217 3159 5230 —
3181 5186 3300 5258 Ipse
3324 5197 3504 5245 autem
3532 5188 3624 5258 qui
3654 5202 3779 5247 sese

2192 5282 2302 5355 jam
2346 5280 2548 5335 dudum
2588 5281 2834 5337 omnibus
2880 5281 3055 5336 lenem
3100 5280 3427 5347 ostenderat,
3460 5279 3778 5336 desiderans

2194 5383 2316 5447 post
2354 5374 2555 5430 obitum
2582 5388 2737 5429 suum
2765 5373 2907 5443 ﬁliis,
2939 5374 3079 5445 quod
3106 5386 3127 5413 ε
3153 5388 3256 5429 non
3284 5374 3525 5445 contigit,
3550 5390 3777 5446 regnum

2264 5495 2294 5535 ι’
2332 5495 2421 5551 Sic
2450 5504 2506 5550 ut
2544 5494 2835 5565 plurimum
2861 5495 3131 5550 scribitur.
3162 5495 3267 5565 Alii
3308 5492 3524 5565 Gyrila,
3558 5505 3650 5551 aut
3674 5495 3779 5565 (7g-

2186 5566 2340 5622 rileas
2368 5607 2381 5631 ,
2408 5566 2571 5641 aliqui
2611 5566 2770 5641 etiam
2800 5564 3066 5641 Cyrillus,‘
3091 5564 3245 5641 et‘sic
3269 5564 3402 5620 infra
3426 5564 3776 5641 quatiescun-

2186 5652 2303 5761 (ιυᾶ
2322 5650 2514 5718 nomen
2559 5634 2700 5689 istud
2739 5634 2991 5691 occurrit.
3034 5635 3111 5691 De
3148 5634 3250 5691 hoc
3288 5634 3459 5692 semel
3497 5637 3778 5694 monuisse

2187 5722 2250 5761 δυ
2292 5716 2439 5761 10131.

2276 5722 2289 5760 1
2344 5722 2439 5760 lal.

2187 5722 2573 5831 8melcNondum
2602 5790 2784 5831 revera
2813 5775 3127 5833 contigerat.
3156 5791 3278 5831 cum
3301 5774 3439 5832 hanc
3466 5776 3770 5833 Historiam

2190 5818 2686 5913 scriberem-lictor;
2695 5818 3240 5916 B’Ené'éiiiééi'is‘t?
