3988 6344
149 421 240 480 205

988 387 1003 403 ’
1095 417 1181 473 nc
1218 412 1739 474 PERSECUTIONE
1778 410 2162 469 VANDALICA
2203 412 2329 466 ue.
2373 414 2435 467 ιι,

3284 415 3390 473 306

152 539 386 597 statuere,
409 526 806 586 Theodericum
830 530 1050 587 fratrem
1081 530 1323 599 ﬁliosque
1348 530 1485 601 ejus,
1516 538 1542 567 ⁸
1570 530 1710 585 Gcn—
1739 533 1791 593 Α
1818 535 1971 600 pater
2000 542 2235 582 moriens
2269 537 2607 583 sacramento
2637 533 2954 601 interposito
2982 537 3390 594 commendave-

153 623 377 692 touisque
417 622 597 677 fratris
642 620 985 677 nihilominus
1029 622 1164 676 ﬁlios
1204 620 1497 677 crudeliter
1541 622 1707 691 capit

151 716 359 787 insequi.
405 716 644 785 Quorum
694 714 898 770 nullum
943 714 1267 780 dimitteret,
1317 714 1419 769 nisi
1462 718 1512 769 ei
1560 725 1709 770 m‘ors

149 810 379 867 desiderii
448 810 531 863 sui
592 809 919 863 voluntatem
983 807 1234 862 auferret.
1292 806 1471 862 Primo
1532 808 1709 862 sciens

150 918 347 960 uxorem
375 902 696 958 Theodorici
736 901 914 955 fratris
956 909 1204 964 astutam,
1237 899 1419 965 credo,
1460 913 1528 954 ne
1570 899 1708 956 forte

148 993 376 1051 maritum
410 1002 503 1047 aut
534 992 788 1062 majorem
814 991 1002 1055 ﬁlium,
1037 989 1130 1063 [aL
1163 989 1276 1061 qui]
1316 991 1440 1061 quia
1472 990 1707 1061 prudens

148 1094 191 1143 et
220 1087 431 1154 sapiens
475 1084 771 1149 videbatur,
824 1082 1062 1139 consiliis
1106 1082 1404 1138 acrioribus
1448 1082 1707 1137 adversus

147 1189 410 1249 tyrannum
465 1186 729 1246 armaret,
782 1176 1007 1232 crimine
1055 1176 1327 1244 imposito,
1373 1174 1548 1245 gladio
1586 1189 1704 1230 eam

148 1270 355 1327 interﬁci
382 1270 555 1341 jubet.
619 1268 902 1337 Postquam
929 1267 1188 1322 occiditur
1226 1275 1276 1321 et
1317 1266 1403 1321 ille
1443 1265 1581 1319 ftlius
1610 1264 1702 1337 [αι.

146 1362 351 1434 magnis]
408 1376 632 1432 magnus
684 1360 877 1415 litteris
915 1359 1224 1423 institutus,
1275 1356 1361 1411 cui
1412 1355 1703 1411 secundum

146 1453 563 1511 constitutionem
595 1452 621 1492 δ
646 1449 928 1515 Gciseriei,
973 1465 1038 1504 eo
1067 1448 1207 1518 quod
1249 1447 1420 1517 major
1459 1448 1705 1502 omnibus

144 1554 281 1611 esset,
325 1560 551 1616 regnum
595 1545 733 1598 inter
770 1552 992 1612 nepotes
1028 1543 1362 1612 potissimum
1391 1541 1700 1597 debebatur.

145 1638 451 1695 Accenditur
526 1636 700 1691 adhuc
760 1634 1032 1689 crudelius
1099 1633 1297 1703 aliquid
1373 1644 1701 1702 perpetrare.

144 1728 343 1783 Astante
386 1725 542 1794 vulgo
581 1726 634 1780 in
667 1723 838 1779 media
868 1722 1085 1779 civitate
1111 1737 1206 1791 pro
1236 1721 1483 1791 gradibus
1516 1722 1703 1789 platea:

146 1832 290 1884 novat,
323 1817 640 1885 episcopum
672 1830 783 1871 suae
813 1814 1109 1883 religionis,
1142 1813 1357 1868 nomine
1376 1812 1699 1876 iocundum,

1810 630 1892 674 rat
1918 637 1927 672 :
1952 634 2085 688 quos
2116 619 2206 673 ille
2231 618 2511 673 immemor
2536 619 2681 687 ﬁdei,
2710 630 2764 677 et
2789 626 3107 680 sacramenti
3137 628 3387 696 violator,
3422 676 3427 680 .

1809 711 2035 766 diversis
2072 711 2245 780 pomis
2274 717 2329 763 et
2373 708 2629 765 incendiis
2675 715 2975 769 trucidavit.
3019 716 3152 770 Nam
3205 717 3385 773 lleldi-

1808 818 1930 857 cum
1976 804 2283 872 quemdam,
2330 819 2487 872 quem
2530 812 2682 871 pater
2717 805 2831 872 ejus
2870 809 3213 875 praepositum
3244 807 3386 861 fece-

1810 904 1894 948 rat
1925 895 2095 963 regni,
2138 896 2246 960 jam
2284 902 2591 948 veteranum
2633 903 2792 961 atque
2821 911 3106 965 annosum,
3135 913 3255 951 cum
3283 899 3381 953 de-

1810 985 2006 1040 decore
2033 986 2204 1053 capite
2243 985 2539 1049 truncavit;
2588 985 2809 1054 ejusque
2846 1003 3067 1042 uxorem
3109 1005 3228 1043 cum
3258 990 3383 1054 alia,

1808 1078 2027 1133 nomine
2072 1088 2094 1115 ε
2145 1078 2472 1143 Tltencaria,
2522 1080 2574 1132 in
2625 1078 2802 1133 medio
2852 1080 3081 1135 civitatis
3129 1074 3383 1138 incendit.

1808 1171 2042 1238 Quarum
2071 1186 2297 1239 corpora
2324 1186 2415 1238 per
2440 1186 2585 1226 vicos
2611 1182 2665 1226 et
2696 1174 2895 1241 plateas
2928 1176 3066 1228 trahi
3094 1176 3378 1240 mandavit,

1808 1278 1927 1332 qua:
1970 1272 2077 1318 tota
2120 1262 2205 1318 die
2239 1263 2491 1330 jacentia,
2525 1274 2739 1332 rogatus
2773 1278 2802 1318 a
2847 1266 2958 1320 suis
2997 1267 3261 1335 episeopis
3300 1268 3382 1321 vix

1810 1368 2033 1421 vespere
2082 1355 2293 1423 sepeliri
2344 1354 2628 1408 concessit.
2676 1354 2867 1409 Camut
2908 1370 3137 1425 namque
3183 1357 3385 1411 lleldici

1808 1444 2048 1511 fratrem,
2079 1445 2203 1515 quia
2241 1446 2306 1500 ad
2337 1446 2620 1500 ecclesiam
2658 1462 2843 1501 eorum
2887 1448 3215 1518 confugerat,
3246 1450 3388 1504 occi-

1808 1536 1935 1592 dere
1985 1552 2091 1591 non
2142 1537 2340 1605 potuit;
2387 1552 2547 1606 quem
2596 1546 2771 1592 tamen
2819 1539 2871 1593 in
2911 1539 3029 1592 loco
3070 1538 3381 1593 lntrinarum

1807 1628 1978 1703 [Lor.,
2000 1629 2247 1699 obscuro]
2276 1631 2509 1685 obsceno
2544 1629 2828 1697 conclusit,
2855 1631 3127 1698 multoque
3156 1647 3276 1685 eum
3310 1634 3377 1685 ibi

1806 1729 2049 1790 tempore
2094 1721 2291 1791 degere
2331 1722 2533 1775 statuit.
2593 1722 2783 1775 Postea
2826 1738 2945 1776 cum
2984 1725 3225 1790 caprario
3256 1740 3383 1792 quu-

1806 1809 1926 1865 dam
1954 1820 2008 1865 et
2038 1812 2257 1879 rustico,
2295 1811 2361 1865 ad
2389 1810 2657 1867 faciendas
2697 1813 2918 1867 scrobes
2944 1813 3113 1867 vineis
3142 1816 3380 1882 profutu-

145 1922 274 1978 quem
307 1919 331 1946 ε
370 1906 728 1977 patriarchatn
776 1906 1112 1971 vocitabant,
1160 1907 1413 1974 praecepit
1454 1904 1700 1959 incendio
1734 1907 1779 1966 Β
1804 1917 1891 1956 ras
1915 1902 2291 1957 condemnavit
2324 1921 2337 1957 :
2366 1916 2503 1972 quos
2525 1904 2685 1958 etiam
2718 1904 3009 1960 duodecies
3040 1921 3132 1974 per
3160 1922 3379 1972 annum,

144 2002 485 2067 concremari,
518 2001 590 2056 ob
631 2000 732 2056 hoc
771 2000 913 2068 quod
952 2000 1005 2054 in
1047 1998 1207 2055 domo
1232 1998 1546 2053 Theodorici
1575 2013 1697 2067 ger-

144 2093 263 2149 tlani
307 2095 455 2163 regis
508 2092 913 2162 acceptissimus
969 2090 1295 2153 habebatur;
1359 2090 1512 2158 cujus
1565 2090 1701 2143 forte

144 2183 368 2254 suffragio
398 2194 693 2239 memorata
731 2183 921 2241 domus
948 2197 1170 2252 regnum
1203 2191 1409 2252 poterat
1434 2182 1697 2236 obtinere.

142 2277 194 2335 lu
243 2294 339 2349 quo
398 2278 692 2348 impietatis
747 2278 952 2333 scelere
1004 2277 1242 2331 futurum
1298 2277 1452 2331 nobis
1512 2275 1701 2330 adesse

143 2370 497 2438 prospeximus
533 2369 755 2433 malum,
783 2370 987 2422 aientes
1019 2367 1245 2422 invicem
1282 2366 1480 2435 singuli
1509 2366 1696 2419 nobis:

142 2459 228 2527 Qui
253 2460 298 2515 in
327 2476 429 2517 suo
458 2462 530 2517 ita
554 2460 787 2521 crudelis
809 2460 1029 2515 eﬁ‘ectus
1057 2472 1140 2516 est
1165 2459 1464 2524 sacerdote,
1490 2461 1699 2529 quando

140 2561 313 2607 nostra:
342 2552 613 2621 religioni,
641 2552 724 2607 vel
757 2552 910 2606 nobis
941 2551 1241 2621 parciturus
1265 2560 1347 2605 est
1376 2551 1512 2605 iste?
1553 2550 1702 2605 Tunc

140 2641 456 2701 ctGentonis
488 2644 748 2713 majorem
793 2642 981 2707 ﬁlium,
1028 2643 1243 2698 nomine
1285 2641 1538 2712 Godagis,
1576 2656 1697 2698 cum

140 2748 309 2799 uxore,
331 2734 531 2804 absque
550 2734 743 2791 solatio
766 2734 915 2795 servi
937 2742 1028 2789 aut
1049 2734 1253 2788 ancilla:
1279 2732 1482 2789 crudeli
1510 2734 1701 2788 exsilio

136 2825 404 2895 delegavit.
436 2826 675 2882 Fratrem
704 2840 832 2881 vero
860 2825 1277 2893 Theodoricum,
1310 2836 1429 2896 post
1474 2822 1702 2882 occisio-

131 2930 256 2973 nem
286 2920 467 2987 uxoris
496 2928 547 2975 et
574 2918 691 2985 ﬁlii,
714 2918 911 2973 nudum
937 2925 1096 2989 atque
1120 2918 1432 2973 destitutum
1458 2919 1703 2975 similiter

132 3006 400 3078 relegavit.
442 3012 568 3066 Post
604 3010 758 3078 cujus
796 3018 1025 3067 mortem
1066 3010 1234 3065 ﬁlium
1271 3010 1365 3081 qui
1402 3023 1700 3079 supererat,

132 3097 461 3169 infantulum,
486 3103 730 3170 duasque
752 3100 887 3155 ﬁlias
914 3103 1013 3177 15
1037 3100 1155 3169 ejus
1171 3100 1401 3168 adultas,
1424 3101 1702 3170 impositas

131 3191 307 3255 asinis,
359 3193 569 3264 longius
618 3192 902 3263 affligendo
945 3192 1187 3261 proiecit.
1238 3192 1343 3250 Sed
1386 3201 1441 3247 et
1480 3192 1704 3251 comites

1806 1994 1859 2049 id
1898 2006 1999 2061 εει,
2034 2010 2129 2064 per
2159 1996 2398 2064 singulos
2425 2009 2657 2056 menses,
2701 1996 2924 2065 flagellis
2950 1998 3250 2052 crudelibus
3275 2001 3382 2053 dis-

1803 2087 2040 2156 sipabat;
2070 2091 2157 2141 vix
2179 2088 2388 2142 modico
2414 2102 2586 2156 aquas,
2610 2089 2902 2158 cibariique
2924 2091 3077 2157 panis
3100 2106 3375 2145 COIICCSsO.

1805 2179 1915 2234 Hoc
1957 2195 2049 2249 per
2077 2180 2312 2249 quinque
2351 2181 2433 2234 vel
2471 2181 2694 2248 amplius
2742 2183 2981 2250 perpessi
3018 2194 3141 2237 sunt
3179 2198 3378 2248 annos;

1802 2280 1994 2350 quibus
2020 2279 2135 2334 haec
2166 2280 2424 2348 supplicia
2456 2281 2715 2348 proﬁcere
2748 2291 2989 2349 poterant
3023 2284 3088 2335 ad
3123 2294 3379 2338 aeternam

1804 2373 2128 2437 mercedem,
2163 2372 2209 2427 si
2237 2372 2486 2427 catholici
2531 2371 2778 2437 fuissent,
2813 2381 2868 2428 et
2895 2372 3019 2427 ﬁdei
3049 2388 3161 2427 sua:
3192 2375 3383 2429 merito

1805 2464 1904 2519 ista
1938 2465 2254 2532 perferrent.
2301 2465 2403 2518 Sed
2436 2464 2557 2519 ideo
2584 2464 2724 2519 istud
2756 2465 2915 2519 silere
2942 2466 3296 2533 nequivimus,
3327 2476 3384 2520 ut

1804 2558 2052 2625 impietas
2095 2558 2237 2625 regis
2278 2555 2437 2612 etiam
2480 2556 2531 2609 in
2572 2557 2685 2610 suis
2722 2552 2940 2610 minime
2986 2556 3262 2621 sileretur;
3293 2559 3383 2627 qui

1805 2666 1912 2704 non
1942 2651 2115 2704 solum
2146 2650 2457 2718 episcopum
2494 2664 2647 2703 suum
2684 2649 3012 2715 Jocundum,
3045 2660 3101 2703 ut
3141 2650 3384 2719 superius

1804 2742 2108 2797 demonstra
2120 2743 2310 2809 vimus,
2337 2741 2566 2796 flammis
2592 2741 2820 2809 adussit,
2846 2742 2939 2796 sed
2966 2752 3019 2797 et
3044 2745 3382 2813 presbyteros

1804 2844 1857 2890 et
1900 2834 2153 2903 diaconos
2199 2847 2356 2901 suos,
2409 2833 2461 2887 id
2516 2842 2597 2888 est
2636 2832 2863 2887 Arianos
2892 2874 2905 2897 ,
2963 2836 3382 2902 quamplurimos

1804 2926 2060 2992 incendit,
2109 2942 2208 2981 nec
2255 2940 2360 2979 non
2405 2935 2459 2980 et
2510 2925 2695 2980 bestiis
2738 2926 3081 2994 mancipavit.

1878 3018 1963 3073 Vl.
2012 3017 2244 3074 Visiones
2266 3026 2384 3071 ante
2412 3018 2827 3088 persecutionem.
2860 3047 2928 3056 —
2957 3018 3257 3086 Amputatis
3285 3019 3382 3088 igi-

1807 3120 1899 3183 tur
1923 3110 1976 3163 in
2004 3108 2155 3163 brevi
2200 3108 2447 3162 omnibus
2476 3121 2610 3177 quos
2641 3107 2881 3173 timebat,
2916 3118 2970 3162 et
2999 3107 3233 3164 solidans
3254 3109 3377 3177 sibi,

1808 3210 1867 3255 ut
1891 3186 2129 3269 putabat,
2158 3214 2403 3269 regnum,
2434 3198 2576 3269 qttod
2610 3198 2774 3254 breve
2802 3198 3039 3253 futurum
3068 3210 3183 3254 erat
3212 3209 3263 3254 et
3293 3215 3382 3255 ca—

129 3282 537 3355 quamplurimas
582 3292 637 3347 et
685 3283 890 3338 DObileS
936 3284 1109 3353 sentis
1155 3297 1265 3339 8033
1309 3282 1701 3353 ObjeCliOIIibus
1731 3274 1778 3339 (Σ
1807 3292 2022 3359 ducum,
2054 3293 2201 3346 omni
2232 3307 2296 3345 ex
2328 3299 2478 3360 parte
2514 3288 2530 3329 ΐ
2565 3290 2769 3345 otiosus
2805 3298 2965 3359 atque
2992 3304 3233 3353 securus,
3267 3290 3383 3345 uni-

130 3369 272 3441 falsis
301 3374 592 3441 insectans,
626 3375 695 3431 ob
722 3375 824 3430 hoc
852 3375 993 3445 quod
1022 3391 1282 3446 germano
1309 3390 1405 3431 suo
1433 3376 1696 3444 faverent,

128 3464 252 3543 alios
284 3466 547 3543 incendit,
590 3468 727 3523 alios
767 3468 943 3540 gladio
980 3469 1272 3538 jugulavit;
1304 3470 1544 3527 imitator
1587 3473 1700 3528 exi-

130 3567 262 3633 stens
288 3558 550 3616 Geiserici
586 3562 772 3630 patris,
803 3565 891 3631 qui
926 3561 1008 3614 sui
1050 3560 1230 3617 fratris
1272 3577 1494 3619 uxorem
1536 3564 1699 3635 ligato

130 3652 347 3731 pondere
377 3652 643 3723 lapidum,
676 3654 730 3707 in
757 3649 783 3689 ἀ
806 3654 1127 3723 Ampsagam
1158 3654 1375 3709 fluvium
1401 3657 1697 3713 Cirtensem

128 3737 396 3812 famosum,
424 3745 688 3815 jactando
717 3744 995 3813 demersit,
1028 3757 1083 3800 et
1119 3753 1239 3815 post
1269 3762 1455 3803 necem
1486 3751 1693 3816 matris,

127 3832 270 3889 etiam
300 3834 443 3892 ﬁlios
492 3834 787 3893 interfecit.
835 3833 939 3899 Sed
980 3844 1035 3891 et
1070 3836 1267 3893 multos
1307 3840 1355 3893 ei
1399 3838 1702 3896 Geisericus

124 4017 351 4091 contigit,
371 4017 630 4091 “quando
667 4018 933 4091 defunctis
980 4017 1357 4091 Guntamundo
1404 4029 1459 4091 et
1510 4022 1699 4078 Trasa-

121 4086 337 4156 mundo,
365 4086 697 4152 ili'ldericus,
731 4086 977 4144 liunerici
1006 4104 1072 4160 es
1106 4088 1341 4160 Eudoxia
1389 4090 1526 4147 ﬁlius
1550 4136 1565 4160 ,
1606 4110 1664 4149 re

122 4170 270 4225 gnum
301 4161 585 4224 obtinuit,
642 4172 932 4229 pacemque
986 4159 1215 4229 reddidit
1264 4158 1514 4215 Ecclesiae
1553 4158 1698 4218 Ἀττί-

121 4241 275 4309 una).
303 4243 385 4353 ίιὲι
430 4230 608 4284 fusius
649 4228 890 4291 dicemus
918 4231 968 4284 in
1004 4228 1401 4285 Commentario
1443 4232 1697 4289 historico

122 4311 279 4353 capite
373 4345 386 4353 .

122 4299 279 4366 capite
303 4301 386 4355 Ω.

186 4380 209 4405 ⁸
230 4372 324 4425 Alii
348 4372 603 4425 scribunt
623 4368 886 4425 Gentunis.
905 4369 1153 4437 Orthod.,
1178 4370 1445 4426 Genzonis.
1467 4372 1557 4428 Sic
1574 4389 1692 4429 eum

117 4454 313 4508 quoque
345 4442 592 4509 appellat
616 4441 904 4509 Procopius
926 4440 1060 4496 libro
1081 4458 1098 4495 ι
1122 4442 1189 4498 de
1212 4443 1357 4497 Bello
1386 4441 1695 4507 Vandalico,

116 4512 194 4581 ubi
226 4517 396 4565 semel
442 4522 499 4566 et
533 4511 723 4566 iterum
757 4520 1085 4567 memoratur
1108 4553 1123 4575 ,
1164 4522 1382 4581 eratque
1431 4514 1697 4569 secundus

114 4578 389 4651 Genserici
425 4584 587 4635 filius.
620 4584 690 4637 At
719 4581 919 4635 fallitur
947 4582 1048 4636 iste
1082 4578 1399 4651 auctor,'qui
1435 4587 1549 4637 loco
1579 4584 1694 4639 lau-

112 4649 226 4704 dato
256 4651 595 4704 Theodorum
618 4692 634 4717 ,
668 4653 751 4722 sic
779 4653 975 4720 quippe
1005 4649 1389 4709 Theodericum
1432 4656 1694 4722 appellat,

113 4734 426 4791 postremum
469 4732 594 4774 natu
622 4738 693 4775 ex
728 4721 989 4783 Gcizerici
1020 4724 1143 4778 liliis
1161 4767 1176 4791 ,
1203 4725 1433 4778 neutrius
1459 4721 1608 4779 sexus
1634 4725 1697 4777 fi-

110 4790 228 4857 θεάς
282 4793 512 4857 relictis,
570 4802 692 4845 ante
740 4803 966 4862 mortem
1014 4790 1177 4861 patris
1224 4797 1377 4848 vitam
1426 4795 1699 4862 explevisse

1807 3398 1962 3439 versa
1988 3384 2089 3437 tela
2114 3381 2309 3437 furoris
2336 3381 2389 3436 in
2436 3380 2837 3451 persecutiones
2867 3380 3117 3459 Ecclesiae
3158 3381 3384 3437 catholi-

1807 3492 1907 3544 cae,
1938 3478 2154 3546 rugiens
2197 3476 2336 3529 sicut
2363 3474 2469 3539 leo,
2502 3474 2787 3529 convertit.
2820 3475 2959 3527 Ante
2999 3474 3381 3542 persecutionis

1809 3578 1983 3623 tamen
2016 3575 2409 3636 tempestatem,
2452 3564 2634 3619 multis
2675 3562 3036 3633 pratenntibus
3088 3564 3380 3622 visionibus

1808 3670 1865 3717 et
1909 3661 2097 3729 signis,
2146 3659 2432 3713 imminens
2476 3657 2901 3713 demonstratum
2938 3656 3112 3711 fuerat
3158 3659 3373 3713 malum.

1808 3752 1942 3808 Nam
1972 3752 2140 3808 ferme
2167 3761 2291 3805 ante
2320 3749 2592 3804 biennium
2616 3764 2774 3820 quam
2805 3749 2976 3814 ﬁeret,
3010 3748 3141 3803 vidit
3166 3750 3379 3818 quidam

1812 3852 1837 3895 ε
1864 3842 2046 3898 Fausti
2072 3842 2354 3897 ecclesiam
2378 3840 2540 3895 solito
2566 3841 2620 3894 in
2650 3849 2842 3895 ornatu
2871 3839 3180 3907 fulgentem,
3208 3840 3382 3895 cereis

1810 4039 1957 4092 pare.
1992 4023 2125 4078 Hinc
2159 4034 2339 4077 natum
2372 4022 2424 4076 in
2469 4022 2739 4076 nonnullis
2765 4022 3087 4091 regionibus,
3118 4038 3252 4092 quas
3274 4025 3376 4080 ali-

1807 4094 2021 4165 quando
2050 4093 2127 4165 illi
2153 4093 2400 4165 coluere,
2448 4092 2762 4165 patriarcha
2795 4108 2984 4165 nomen
3005 4137 3019 4161 ,
3051 4094 3190 4161 quod
3216 4095 3377 4150 etiam

1845 4164 2009 4219 osteri
2054 4164 2307 4218 Ecclesia:
2336 4163 2612 4217 catholica:
2657 4162 2983 4217 reconciliati
3022 4166 3377 4221 retinuerunt.

1858 4236 1942 4288 ide
1974 4234 2071 4287 bac
2095 4235 2160 4286 de
2191 4250 2247 4286 re
2287 4234 2399 4286 fuse
2442 4243 2495 4285 et
2520 4233 2729 4287 erudite
2765 4236 3117 4287 disserentem
3149 4234 3378 4289 Ludovi-

1805 4319 1926 4359 cum
1962 4304 2374 4358 Tltontassinum
2404 4303 2633 4356 Oratorii
2680 4302 2939 4358 Gallicani
2973 4304 3340 4371 presbyterum
3362 4347 3378 4372 ,

1806 4375 1897 4430 lib.
1927 4390 1942 4427 ι
1975 4389 2123 4447 nova:
2154 4383 2206 4427 et
2244 4374 2474 4447 antiqua:
2502 4373 2755 4447 Ecclesiae
2782 4372 3107 4443 Disciplina,
3141 4384 3290 4443 parte
3338 4391 3376 4447 ι,

1800 4460 1918 4513 cap.
1949 4445 2038 4507 “tl,
2072 4444 2271 4496 Latina:
2299 4443 2564 4497 editionis.

1874 4513 1901 4551 ά
1943 4516 2030 4568 Sic
2062 4513 2363 4580 legendum.
2398 4513 2520 4577 Ali,
2561 4513 2836 4582 Ausagam.
2876 4512 3090 4582 Filuvius
3120 4514 3206 4566 ille
3235 4529 3377 4570 nunc

1803 4591 1970 4655 patria
2003 4586 2174 4647 lingua
2204 4581 2721 4655 dicitttt-Stt/fegmar.
2743 4584 2830 4651 qui
2850 4581 3083 4655 Africam
3114 4585 3377 4655 propriam

1801 4652 1831 4709 a
1863 4656 2172 4709 Mauritania
2192 4664 2419 4720 separat.
2450 4654 2528 4705 0b
2550 4653 2663 4721 ejus
2688 4652 2928 4705 fortassis
2958 4653 3375 4722 magnitudinem

1803 4728 1857 4781 in
1889 4727 2041 4781 Colb.
2092 4726 2125 4775 ‘2
2165 4731 2219 4778 ct
2246 4726 2293 4776 in
2328 4723 2457 4775 edit.
2493 4722 2730 4775 Rhenani
2774 4724 3000 4791 famosus
3039 4724 3382 4791 cognomina-

1804 4805 1911 4862 tur,
1936 4796 2052 4848 aliis
2078 4805 2251 4847 tamen
2277 4792 2468 4845 dicitur
2488 4793 2732 4860 fetulosus
2759 4802 2847 4845 aut
2865 4792 3122 4858 facilem.
3153 4792 3374 4858 Plinius,

111 4856 303 4921 Scribit.
333 4863 418 4917 Ex
458 4854 573 4934 hoc
597 4863 795 4931 quippe
821 4854 1051 4934 ViCtori's
1082 4864 1199 4920 loco
1229 4874 1372 4934 patet
1401 4854 1700 4920 Tlteodori-
1728 4854 1777 4914 D
1804 4854 2127 4933 Pomponius
2157 4864 2285 4917 Mela
2318 4854 2511 4934 aliique
2540 4872 2814 4925 auctores,
2858 4854 2946 4934 qui
2981 4864 3119 4917 hunc
3158 4854 3374 4918 fluvium

112 4944 221 4985 Cum
252 4934 491 5003 ejusque
523 4933 665 4989 ﬁlios
692 4944 809 5001 post
844 4932 1115 4989 Genserici
1145 4932 1368 4989 mortem
1399 4934 1563 4990 fuisse
1604 4950 1695 4989 su-

109 5004 372 5074 perstites,
392 5002 561 5074 ’quos
580 5002 885 5059 llunericus
915 5003 1048 5059 adeo
1076 5004 1361 5061 crudeliter
1388 5004 1598 5060 afflixit.

171 5071 197 5111 δ
237 5070 332 5129 ille
380 5070 724 5145 téstamento
774 5084 1105 5144 praeceperat
1133 5117 1148 5142 ,
1195 5075 1367 5145 inquit
1412 5074 1699 5143 Procopius

111 5140 237 5200 libro
260 5160 275 5199 ι
300 5145 449 5217 Hist.
488 5144 748 5208 Vandal.,
776 5140 838 5199 ut
866 5140 1080 5214 semper
1116 5140 1205 5217 qui
1238 5140 1300 5201 εὶ
1331 5146 1442 5200 suis
1473 5140 1701 5217 posteris

111 5217 244 5285 prior
273 5216 536 5273 omnium
571 5227 716 5271 esset
735 5222 922 5279 aetate,
950 5214 1169 5285 regnum
1196 5217 1492 5280 obtineret,
1524 5214 1703 5270 exclu-

112 5284 182 5356 sis,
199 5289 366 5341 etiam
407 5288 543 5356 ejus
579 5287 671 5356 qui
702 5293 858 5340 antea
900 5284 1229 5356 regnavisset
1256 5286 1400 5350 ﬁliis,
1432 5288 1476 5341 si
1501 5286 1705 5356 aliquos

111 5354 361 5428 haberent
382 5354 627 5428 agnatos
656 5356 914 5428 seniores.
940 5354 1075 5411 Hinc
1094 5357 1557 5428 Hunuerico,‘non
1586 5354 1703 5409 liii-

111 5426 307 5483 dericus
338 5422 471 5498 eju's
508 5422 677 5493 ﬁlius,
701 5426 796 5498 sed
828 5423 1254 5492 Guntamundus,
1285 5425 1478 5482 deinde
1495 5427 1700 5498 _Trasa-

112 5498 329 5553 mundus
361 5496 559 5567 primo
582 5496 914 5561 successere,
937 5508 1117 5562 postea
1138 5498 1458 5553 llildericus.
1479 5496 1698 5550 Gilimer

112 5570 299 5634 primus
326 5571 485 5625 hanc
510 5569 688 5637 legem
716 5567 914 5621 violare
929 5583 1209 5639 aggressus
1230 5579 1330 5639 est,
1363 5584 1459 5622 suo
1482 5568 1699 5632 damno,

114 5639 176 5707 uti
200 5640 457 5707 dicemus
492 5639 552 5692 in
575 5639 975 5707 Commentario
1000 5638 1272 5702 historico,
1307 5638 1576 5707 fusiusque
1605 5652 1702 5690 cx-

113 5705 248 5773 lmnit
276 5708 600 5777 Procopius
632 5709 683 5761 in
716 5702 867 5761 libris
892 5706 1096 5763 duobus
1126 5710 1192 5762 de
1224 5709 1369 5763 Bello
1396 5702 1700 5761 Vandalico.

175 5787 197 5817 ‘
233 5780 561 5853 Familiare
582 5778 681 5853 fuit
708 5781 847 5846 apud
872 5781 1003 5832 istos
1022 5782 1261 5853 aliosque
1291 5780 1543 5853 barbaros
1572 5794 1700 5844 prae.

111 5850 315 5927 ἀρείω
345 5846 557 5927 (cui
588 5846 701 5908 suis
739 5864 1050 5927 episcopum
1098 5846 1457 5923 patriarcham
1501 5861 1706 5904 nuncu-

1806 4947 2130 4999 tnetnorant,
2169 4948 2429 5003 nusquam
2461 4933 2538 4986 sic
2565 4949 2685 4986 eum
2720 4933 3077 5003 appellavere.

1881 5018 1903 5043 υ
1945 5006 2069 5059 Hmc
2110 5006 2160 5056 in
2190 5018 2318 5056 mss.
2356 5002 2541 5062 Mart.,
2575 5002 2763 5056 Germ.
2788 5012 2840 5055 et
2871 5002 2988 5056 Fui.
3029 5003 3223 5057 dicitur
3248 5004 3383 5061 Tha-

1806 5076 1978 5130 ttarica
2000 5114 2015 5140 ,
2066 5074 2203 5141 apud
2244 5072 2466 5126 Orthod.
2500 5082 2550 5125 et
2597 5072 2901 5126 Lorichium
2922 5114 2934 5135 ,
2966 5071 3262 5129 Tltemaria.
3295 5076 3384 5131 Sic

1809 5144 2105 5209 Hetdicum,
2156 5144 2244 5197 alii
2275 5141 2547 5214 Heldicam
2591 5144 2910 5214 appellant,
2963 5143 3235 5214 etCamut
3268 5149 3385 5214 ejus

1811 5216 2056 5279 fratrem,
2082 5214 2295 5282 quidam
2341 5212 2527 5267 dicunt
2576 5212 2821 5267 Gamuth.
2866 5213 3166 5281 Loricbius,
3198 5212 3385 5271 Caniut

1814 5285 2003 5340 Eitdici
2035 5287 2247 5355 fratrem
2261 5324 2274 5347 .
2307 5292 2433 5355 etc:
2968 5352 2995 5355 ,γ
3286 5314 3289 5315 ,

1891 5355 1908 5392 ί
1952 5352 2132 5419 Μίήνῑ.ν
2160 5354 2274 5406 Fui.
2307 5363 2361 5407 et
2399 5354 2579 5408 Germ.
2604 5396 2616 5414 .
2651 5355 2863 5407 otiosus.
2900 5352 3022 5416 Alii,
3050 5356 3191 5409 breve
3219 5358 3387 5425 fuerat

1814 5438 1859 5485 et
1888 5427 2158 5490 caducum,
2182 5427 2317 5495 omni
2342 5441 2404 5478 ea:
2425 5434 2566 5495 parte
2587 5425 2798 5495 otiosus,
2828 5436 2932 5495 etc.

1880 5497 1988 5566 74.
2014 5506 2037 5542 ε
2078 5493 2627 5566 TresColb.,Mart.,
2657 5493 2904 5557 Orthod.,
2932 5494 3105 5563 Bald.,
3144 5498 3288 5561 Lor.,
3335 5506 3388 5547 et

1810 5565 2019 5637 Surius,
2053 5567 2128 5620 sic
2156 5565 2366 5637 habent,
2401 5566 2708 5637 fulgentem;
2739 5576 2781 5618 et
2803 5568 2920 5637 dum
2966 5566 3390 5637 laztareturutanti

1811 5636 2032 5709 fulgoris
2056 5636 2275 5709 candore
2290 5678 2305 5702 ,
2329 5633 2720 5709 cereisiquoque
2738 5635 3080 5709 fulgentibus,
3117 5633 3393 5709 palliisque

1812 5704 2135 5772 velaminum,
2166 5722 2226 5759 ac
2257 5706 2575 5772 lampadibus
2599 5704 2920 5769 rutilantem,
2950 5706 3111 5757 subito
3134 5743 3148 5766 .
3182 5713 3285 5756 etc.
3322 5704 3390 5757 Et

1818 5780 1975 5848 paulo
2004 5778 2136 5831 infra
2170 5796 2181 5830 :
2216 5776 2487 5848 Omnisque
2520 5776 2612 5848 illa
2635 5775 2919 5848 albatorum
2956 5774 3265 5848 turbg,__ett‘.3
3292 5773 3397 5848 Pu-

1818 5841 2023 5925 suimus
2048 5864 2117 5906 ett
2147 5848 2182 5904 4
2213 5862 2345 5905 mss.
2374 5841 2550 5915 Nam,
2572 5844 2779 5912 Gcrtu.,
2797 5843 2944 5912 Fui.,
2971 5851 3027 5899 ct
3047 5841 3208 5900 Colit.
3237 5842 3292 5901 i.
3314 5843 3397 5901 Δι
