3988 6344
618 415 719 471 207

1915 407 2223 467 VICTORIS
2263 398 2572 467 VITENSIS

3757 405 3847 463 208

618 543 829 600 quoque
853 524 1193 596 fulgentibus,
1225 523 1614 593 palliorumque
1657 523 1919 579 velamine
1964 539 2028 580 ac
2057 525 2192 579 lam-
2218 528 2271 587 Α
2297 541 2424 580 xxvi
2444 568 2458 591 ,
2485 524 2601 594 20).
2639 522 2778 578 Vidit
2805 528 2860 578 et
2886 520 3209 577 venerabilis
3236 519 3432 575 Paulus
3472 518 3750 590 episcopus
3773 535 3849 575 ar-

619 624 844 691 padibus
874 620 1196 674 rutilantem.
1227 617 1296 672 Et
1322 616 1448 671 dum
1474 618 1747 672 laetaretur
1776 616 2009 672 candore
2061 618 2191 671 tanti

597 711 865 782 fulgoris,
912 711 1109 775 subito,
1155 709 1249 774 ait,
1298 708 1516 764 luminis
1567 708 1713 763 illius
1758 707 2191 777 concupiscibilis

598 791 911 860 exstinctus
939 810 1021 856 est
1046 800 1238 869 fulgor,
1281 813 1344 853 ac
1369 799 1604 855 tenebris
1653 797 2060 855 succedentibus
2101 797 2193 851 ad-

617 898 889 955 versarius
915 894 1132 951 naribus
1154 902 1307 949 natus
1333 902 1415 949 est
1433 894 1573 949 fetor
1596 912 1608 947 :
1635 893 1914 964 omnisque
1936 893 2022 947 illa
2050 891 2195 946 alba-

619 1001 796 1046 torum
836 987 1009 1050 turba,
1038 983 1428 1055 expellentibus
1476 983 1795 1054 quibusdam
1846 981 2196 1052 Etliiopibus

617 1082 819 1136 minata
849 1086 934 1135 est
979 1076 1120 1131 foras
1149 1091 1162 1128 :
1195 1074 1266 1130 ob
1296 1074 1395 1131 hoc
1422 1075 1617 1146 jugitcr
1663 1074 1964 1131 lamentans
1990 1116 2003 1142 ,
2054 1073 2195 1142 quod

616 1186 737 1227 eam
765 1171 820 1225 in
860 1168 1103 1224 claritate
1131 1166 1352 1237 pristina
1397 1180 1732 1237 nequaquam
1776 1166 1970 1221 viderit
2000 1164 2196 1220 iterum

618 1262 943 1316 restitutam.
990 1256 1121 1312 Nam
1153 1255 1411 1312 visionem
1443 1258 1600 1311 istam
1644 1256 1801 1311 nobis
1847 1255 2197 1326 praesentibus

598 1361 807 1415 sancto
850 1349 1033 1406 retulit
1080 1347 1337 1418 Eugenio.
1376 1347 1519 1404 Vidit
1558 1356 1612 1404 et
1657 1346 1871 1418 quidam
1920 1347 2199 1417 presbyter

597 1446 791 1517 ,ipsam
821 1442 1001 1499 Fausti
1027 1441 1300 1497 basilicam
1328 1440 1583 1497 refertam
1626 1439 1800 1496 turbis
1831 1439 2199 1497 innumerabi-

597 1538 752 1598 lium
780 1533 1118 1606 populorum,
1151 1541 1205 1589 et
1232 1540 1353 1602 post
1378 1532 1651 1602 paululum
1677 1542 2010 1599 evacuatam,
2042 1541 2095 1587 et
2116 1546 2203 1587 re-

599 1621 820 1699 pletam
854 1639 1139 1696 porcorum
1180 1623 1522 1679 multitudine
1548 1633 1709 1693 atque
1736 1638 2039 1693 caprarum.
2070 1622 2200 1678 Item

578 1760 583 1766 .
621 1720 758 1774 alius
783 1716 914 1773 vidit
942 1731 1120 1771 aream
1148 1716 1409 1771 triticeam
1438 1715 1770 1771 ventilationi
1799 1724 2058 1785 paratam,
2084 1729 2202 1785 gra-

600 1798 707 1865 ‘nis
733 1808 907 1863 adhuc
936 1806 1270 1863 ventilatoris
1296 1806 1499 1876 judicio
1544 1808 1773 1863 necdum
1801 1822 1831 1860 a
1862 1807 2015 1877 palea
2042 1821 2200 1877 sepa-

2293 619 2478 673 boretu
2528 631 2699 686 usque
2726 614 2792 670 ad
2836 613 3004 671 caelos
3040 613 3205 668 ramis
3235 610 3548 666 florentibus
3574 618 3849 675 extensum,

2293 723 2413 779 quas
2441 708 2601 763 etiam
2628 707 2881 763 dilatione
2901 720 2996 760 sua
3025 718 3240 759 omnem
3274 703 3367 774 [αι.
3392 704 3529 756 deest
3555 701 3712 773 pene]
3737 706 3854 772 pene

2295 799 2530 855 Africam
2559 784 2836 870 opacabat.
2864 799 2930 852 Et
2958 812 3078 852 cum
3106 796 3343 851 universi
3374 795 3488 864 ejus
3510 795 3856 865 magnitudine

2296 902 2351 950 et
2374 893 2716 963 speciositate
2753 891 3085 962 gauderent:
3111 904 3236 945 ecce
3266 888 3466 955 subito,
3511 886 3705 957 inquit,
3735 888 3858 942 venit

2296 986 2480 1040 asinus
2508 984 2794 1051 violentus,
2826 983 2916 1054 qui
2946 981 3214 1039 defricans
3239 980 3503 1037 cervicem
3535 995 3687 1034 suam
3715 993 3858 1049 super

2296 1077 2461 1132 robur
2489 1076 2728 1131 radicum
2758 1075 2896 1145 ejus,
2928 1075 3163 1145 impulsu
3191 1087 3290 1130 suo
3319 1088 3439 1127 cum
3471 1072 3671 1142 ingenti
3703 1072 3859 1126 sonitu

2298 1167 2443 1221 illam
2492 1165 2791 1222 mirabilem
2840 1165 3087 1222 arborem
3129 1165 3272 1222 elisit
3318 1165 3385 1220 ad
3432 1174 3649 1219 terram.
3698 1162 3795 1220 Sed
3819 1172 3859 1217 et

2299 1259 2621 1327 Quintianus
2662 1256 2689 1295 ά
2744 1258 3070 1314 honorabilis
3110 1259 3392 1329 episcopus
3433 1257 3563 1312 vidit
3614 1270 3675 1312 se
3723 1272 3859 1326 super

2299 1349 2583 1420 quemdam
2614 1358 2849 1406 montem
2879 1361 3044 1419 stare,
3063 1348 3131 1405 de
3152 1364 3257 1420 quo
3280 1349 3643 1429 conSpiciebat
3663 1364 3861 1419 gregem

2301 1439 2771 1496 innumerabilium
2819 1438 2997 1495 ovium
3047 1437 3142 1512 [αι.
3185 1439 3393 1494 additur
3434 1438 3697 1510 suarum],
3732 1449 3783 1494 et
3820 1441 3861 1494 in

2302 1532 2480 1588 medio
2507 1533 2684 1602 gregis
2706 1530 2827 1586 duae
2851 1539 3007 1587 erant
3027 1531 3147 1587 ollae
3170 1531 3389 1587 nimium
3413 1530 3721 1586 bullientes.
3744 1531 3864 1586 Ade-
3923 1581 3926 1583 λ

2302 1632 2422 1679 rant
2448 1632 2625 1678 autem
2647 1623 2823 1678 ovium
2850 1623 3138 1690 occisores,
3172 1623 3261 1694 qui
3290 1638 3475 1679 earum
3520 1637 3717 1678 carnes
3758 1623 3865 1676 ollis

2301 1717 2654 1772 bullientibus
2682 1716 3082 1786 demergebant.
3137 1717 3203 1771 Et
3240 1731 3360 1772 cum
3390 1718 3462 1772 ita
3502 1717 3676 1783 fieret,
3711 1717 3867 1771 omnis

2304 1810 2392 1865 illa
2424 1810 2731 1880 magnitudo
2752 1809 2929 1880 gregis
2971 1816 3286 1879 consumpta
3315 1817 3416 1864 est.
3465 1808 3611 1865 Reor
3636 1824 3738 1879 ego
3765 1810 3866 1863 illas

599 1901 754 1973 .ratis
782 1918 794 1955 :
823 1908 878 1956 et
906 1899 1032 1954 dum
1064 1899 1296 1970 ingentis
1324 1914 1536 1967 massze,
1568 1900 1689 1955 licet
1717 1899 1974 1963 confusae,
1996 1898 2202 1968 magni-
2229 1890 2277 1950 B
2304 1900 2439 1957 duas
2469 1902 2625 1968 ollas,
2661 1911 2684 1939 θ
2716 1901 3025 1957 Siccensem
3050 1910 3105 1958 et
3134 1902 3423 1957 Larenscm
3448 1902 3582 1957 duas
3605 1916 3729 1958 esse
3760 1902 3869 1956 είιί.

623 1994 863 2049 tudinem
908 1994 1215 2058 miraretur,
1247 1991 1427 2048 subito
1473 2007 1597 2047 ecce
1646 1991 1803 2047 turbo
1824 1993 2043 2048 veniens
2071 2000 2204 2047 tem-

620 2084 883 2153 pestatis,
945 2082 1199 2152 sonivago
1264 2082 1390 2137 ﬂatu
1465 2084 1627 2152 cmpit
1694 2083 1981 2137 adventum
2048 2098 2201 2138 suum

620 2184 877 2244 surgente
919 2174 1141 2242 pulvere
1186 2174 1581 2229 demonstrare.
1629 2174 1792 2244 Cujus
1820 2177 2021 2245 impetu
2053 2176 2202 2245 palea

620 2268 716 2322 illa
744 2267 919 2322 omnis
944 2267 1165 2322 omnino
1192 2264 1408 2332 volavit,
1433 2267 1834 2324 remanentibus
1852 2269 2055 2337 granis.
2078 2267 2206 2324 Post

619 2360 738 2413 huic
765 2358 908 2412 venit
931 2357 1146 2427 quidam
1178 2373 1456 2428 procerus,
1482 2352 1766 2428 splendido
1795 2361 1965 2427 vultu,
1992 2360 2204 2415 habitu-

621 2470 725 2525 que
751 2455 920 2509 nitido
952 2455 1180 2524 fulgens,
1224 2454 1312 2524 qui
1339 2455 1500 2524 coapit
1531 2470 1693 2523 grana
1724 2470 1890 2510 vacua
1921 2457 2201 2511 macilenta

622 2556 782 2617 atque
808 2547 1092 2616 similagini
1115 2548 1338 2615 re’proba
1365 2549 1641 2617 purgando
1663 2550 1945 2618 projicere.
1967 2551 2095 2617 Quae
2112 2550 2203 2604 diu

586 2687 595 2692 -
627 2638 732 2708 16
757 2637 1090 2698 examinans.
1117 2637 1204 2691 vix
1227 2638 1645 2706 magnitudinem
1669 2640 1811 2695 illius
1836 2655 2052 2707 massa},
2079 2641 2205 2696 licet

618 2729 881 2797 probatas,
914 2728 981 2783 ad
1010 2743 1260 2784 acervum
1291 2739 1467 2785 tamen
1496 2730 1743 2799 perduxit
1767 2732 2043 2802 exiguum.
2070 2732 2201 2788 item

618 2819 758 2875 alius
785 2821 859 2874 ait
888 2838 899 2872 :
932 2819 1117 2876 Stabat
1159 2820 1375 2890 quidam
1424 2820 1712 2891 prazcelsus
1747 2837 1909 2891 super
1938 2832 2200 2891 montem,

618 2912 708 2982 qui
733 2920 760 2949 α
788 2911 1068 2982 Ziquensis
1091 2911 1310 2979 dicitur,
1334 2921 1388 2968 et
1413 2914 1678 2970 clamabat
1698 2915 1917 2971 dextera
1940 2916 2199 2987 levaque:

616 3003 862 3073 Migrate,
904 3003 1149 3073 migrate.
1184 3004 1338 3059 Alius
1366 3005 1647 3075 conspexit
1676 3006 1919 3077 rugiente
1948 3008 2084 3064 cmlo
2122 3016 2204 3063 at-

617 3110 722 3165 que
748 3096 960 3150 turbato
991 3095 1310 3166 sulphureas
1339 3095 1365 3133 b
1399 3097 1590 3164 nubes,
1617 3097 1859 3167 ingentes
1889 3099 2092 3170 lapides
2116 3100 2203 3171 ja-

616 3188 783 3242 culari
815 3205 828 3241 :
864 3188 953 3257 qui
984 3187 1188 3257 lapides
1230 3187 1356 3242 dum
1388 3189 1709 3245 cecidissent
1748 3191 1801 3245 in
1831 3200 2049 3256 terram,
2082 3193 2201 3261 plus

2309 2003 2463 2060 tates,
2490 1994 2542 2048 in
2569 1994 2763 2064 quibus
2794 1993 3081 2048 multitudo
3112 1993 3285 2064 prima
3324 1993 3495 2048 fuerat
3540 2004 3869 2065 congregata,

2306 2096 2362 2144 et
2385 2104 2413 2143 a
2443 2087 2635 2158 quibus
2666 2086 2969 2141 incendium
3005 2085 3213 2141 initium
3241 2088 3468 2156 sumpsit
3493 2103 3507 2152 ;
3539 2097 3631 2141 aut
3660 2087 3869 2142 lluneri-

2307 2196 2427 2237 cum
2459 2195 2660 2250 regem,
2688 2188 2743 2236 et
2768 2179 3003 2250 Cyrilam
3044 2178 3350 2249 episcopum
3372 2178 3507 2248 ejus.
3536 2178 3640 2235 Sed
3668 2179 3738 2234 de
3763 2179 3870 2234 mul-

2307 2272 2375 2326 tis
2404 2270 2715 2337 visionibus,
2742 2269 2863 2341 quia
2908 2268 3159 2326 brevitati
3208 2268 3593 2325 consulcndum
3620 2270 3745 2338 fuit,
3775 2269 3871 2324 lucc

2306 2362 2505 2419 dixisse
2535 2362 2786 2417 sufficiat.

2376 2456 2488 2511 νη.
2534 2455 2826 2509 Persecutio
2849 2455 3038 2525 gravis.
3062 2483 3133 2496 --—
3160 2453 3298 2521 Quid
3333 2453 3514 2509 ultra?
3542 2453 3741 2511 Censet
3783 2454 3873 2524 pri-

2307 2563 2397 2603 mo
2424 2556 2680 2617 tyrannus
2704 2547 2948 2617 jussione
2969 2546 3215 2613 terribili,
3248 2554 3305 2602 ut
3328 2558 3487 2603 nemo
3517 2547 3568 2602 in
3597 2549 3719 2618 ejus
3748 2548 3875 2617 pala-

2304 2643 2379 2697 tio
2425 2642 2701 2707 militaret,
2756 2657 2927 2711 neque
2978 2641 3215 2712 publicas
3261 2652 3443 2713 ageret
3488 2642 3758 2710 actiones,
3789 2640 3875 2695 nisi

2305 2747 2425 2789 sese
2455 2733 2710 2788 Arianum
2742 2733 2979 2788 fecisset.
3010 2733 3249 2800 Quorum
3296 2733 3486 2802 ingens
3516 2748 3776 2787 numerus
3805 2734 3874 2785 vi-

2304 2838 2434 2894 gore
2463 2824 2683 2891 invicto,
2730 2840 2798 2879 ne
2847 2823 3005 2879 fidem
3039 2824 3309 2894 perderet,
3337 2825 3585 2879 militiam
3623 2835 3877 2895 tempora-

2304 2914 2408 2971 lem
2439 2916 2652 2985 abjecit.
2693 2915 2838 2984 Quos
2864 2924 3047 2987 postea
3076 2916 3322 2973 domibus
3365 2917 3660 2987 projectos,
3714 2917 3875 2973 omni—

2306 3025 2412 3081 que
2450 3010 2747 3066 substantia
2796 3012 3144 3081 cxspoliatos,
3196 3012 3251 3066 in
3305 3013 3506 3068 insulas
3549 3013 3792 3068 Siciliam
3832 3018 3877 3065 et

2306 3103 2606 3160 Sardiniam
2638 3105 2909 3174 relegavit.
2942 3104 2961 3143 ί
2986 3106 3122 3174 Quin
3150 3106 3309 3162 etiam
3338 3116 3574 3163 statuere
3606 3123 3705 3179 per
3728 3117 3879 3163 totam

2305 3196 2540 3253 Africam
2586 3198 2877 3266 festinavit,
2926 3206 2984 3253 ut
3027 3207 3331 3256 nostrorum
3377 3200 3755 3271 episcoporum
3798 3199 3880 3255 de.

590 3279 1065 3343 accendebantur,
1094 3289 1149 3334 et
1169 3280 1463 3349 majoribus
1485 3283 1715 3338 flammis
1738 3284 2017 3353 ardebant,
2042 3295 2203 3356 atque
2230 3263 2277 3329 ο
2306 3288 2607 3345 functorum
2636 3290 2798 3346 ﬁscus
2818 3263 2921 3347 sibi
2950 3292 3301 3347 substantiam
3329 3263 3644 3349 vindicaret.
3667 3294 3770 3358 Qui
3796 3308 3881 3348 au-

614 3375 880 3430 intrantes
911 3374 962 3428 in
1014 3375 1303 3443 penetralia
1354 3374 1655 3441 domorum,
1704 3393 1838 3448 quos
1886 3379 2201 3434 invenerant

614 3466 991 3523 incendebant.
1044 3466 1142 3532 Qui
1195 3475 1371 3522 autem
1412 3467 1565 3537 vidit,
1598 3470 1689 3537 ait,
1724 3470 1846 3538 quia
1891 3485 2013 3524 cum
2060 3472 2199 3526 sein

613 3559 847 3631 quodam
875 3558 1122 3614 cubiculo
1145 3558 1536 3626 abscondisset,
1562 3562 1904 3619 miseratione
1930 3562 2107 3618 divina
2133 3564 2201 3619 ad

616 3668 743 3708 eum
772 3653 986 3707 flamma
1012 3666 1119 3706 non
1149 3653 1320 3722 potuit
1348 3654 1629 3722 pervenire
1659 3672 1670 3707 :
1702 3669 1825 3710 reor
1843 3665 1904 3710 ut
1928 3656 2057 3711 illud
2078 3672 2203 3727 pro-

612 3743 887 3814 pheticum
913 3744 1272 3815 compleretur
1295 3761 1309 3797 :
1335 3743 1543 3799 Claude
1561 3746 1748 3801 ostium
1778 3755 1941 3813 tuum,
1966 3757 2013 3801 et
2037 3760 2058 3787 ο
2088 3749 2205 3804 abs-

613 3837 830 3892 condere
875 3837 1280 3909 aliquantulum,
1328 3839 1486 3893 donec
1529 3849 1751 3895 transeat
1781 3841 1861 3896 ira
1905 3841 2002 3897 Dei
2042 3842 2198 3913 (Iani.

1218 3934 1247 3947 ε

609 4017 763 4093 Colb.
813 4020 947 4093 alter
982 4036 1089 4093 pro
1119 4022 1406 4093 albatorum
1443 4022 1603 4091 habet
1636 4022 1942 4080 oblatarum.
1983 4026 2190 4093 Chifﬂ.,

610 4089 784 4159 Bald..
814 4090 958 4157 Sur.,
984 4089 1041 4146 et
1078 4092 1318 4146 Rhenan.
1344 4132 1361 4156 ,
1387 4089 1506 4145 cum
1536 4093 1689 4148 Colb.
1720 4096 1895 4159 tertio,
1932 4089 2193 4151 beatorum

608 4158 914 4235 Loricnltiusn
933 4162 1188 4235 abbatum.
1220 4163 1296 4235 De
1327 4161 1509 4216 Fausti
1540 4164 1767 4218 ecclesia
1795 4180 1955 4235 sulira
1985 4169 2192 4235 egimus

611 4236 738 4281 nota
762 4227 832 4299 25
853 4228 987 4298 (Col.
1019 4231 1139 4292 191,
1163 4247 1214 4283 u.
1244 4230 1318 4299 ι)).

589 4336 598 4355 .
683 4298 1069 4371 f‘lllempratur
1117 4298 1302 4371 civitas
1365 4300 1707 4371 Ziquensium
1759 4305 1810 4357 in
1860 4304 2080 4371 Africa,
2139 4308 2190 4360 in

606 4365 836 4438 epistola
864 4367 1199 4438 Constantini
1222 4369 1394 4438 Magni
1423 4365 1487 4422 ad
1520 4370 1860 4437 Probianum,
1892 4374 2027 4428 sicut
2055 4365 2109 4430 et
2135 4377 2187 4430 in

605 4431 930 4504 Purgatione
951 4437 1241 4511 Cinciliaui.
1266 4431 1533 4511 Caeterum
1574 4431 1858 4497 Lorichius
1878 4443 2038 4499 habet
2059 4485 2073 4511 ,
2106 4463 2191 4500 su-

610 4517 707 4577 pra
728 4516 950 4577 montem
976 4507 1215 4577 Domini,
1244 4510 1332 4577 qui
1354 4509 1640 4575 Ziquensis,
1658 4519 1763 4566 etc.

679 4571 710 4613 δ
747 4574 902 4653 Colb.
930 4577 985 4644 2,
1013 4576 1158 4653 Fu|.,
1185 4571 1390 4653 Cornu,
1422 4571 1598 4640 Mart.
1629 4571 1897 4650 Rhenum,
1927 4585 2106 4653 Orth.,
2134 4595 2189 4642 et

592 4642 756 4725 ξιιμ
778 4642 979 4725 habent
995 4647 1147 4725 nubes
1170 4664 1285 4725 qua:
1310 4642 1533 4719 ingentes
1561 4663 1815 4725 cmperunt
1838 4642 2053 4725 lapides.
2078 4642 2188 4713 etc.

608 4717 787 4795 Colb.,
807 4718 864 4783 1,
882 4714 1198 4795 sulphureas
1221 4714 1541 4795 ingentesque
1551 4714 1723 4789 nubes,
1749 4731 1855 4779 etc.
1885 4714 2187 4795 Loricbius,
2214 4714 2268 4774 Ῑ)

609 4788 1165 4865 turbatassttlphurgas
1191 4788 1497 4865 nubes,q_uae
1524 4788 1755 4858 ingentes
1779 4807 2054 4865 cmperunt,
2084 4788 2190 4855 etc.

609 4806 837 4842 larvatus
863 4806 941 4843 stu
981 4806 1165 4843 aureas
1191 4806 1497 4859 naves,quw
1524 4806 1755 4858 ingentes
1779 4807 2054 4865 cmperunt,
2084 4813 2112 4854 e

596 4904 599 4917 .
685 4870 707 4934 εξ
748 4854 898 4934 Colb.
925 4806 1050 4934 {et
1074 4860 1341 4926 Rhenum,
1366 4862 1622 4934 absconde
1647 4872 1695 4917 te
1716 4865 1979 4934 pusillum,
2005 4877 2112 4923 etc.

682 4930 709 4967 (ι
752 4929 904 5007 Hunc
941 4928 1091 4984 Colb.
1123 4933 1145 4985 1
1174 4939 1229 5007 e_t
1248 4933 1376 4987 editi
1405 4933 1439 4984 2
1458 4928 1859 5007 _Quintinianum
1888 4928 2187 5007 appellant;

610 5016 769 5071 quem
794 4999 1097 5071 Siccensem
1124 5002 1430 5071 episcopum
1452 5003 1614 5058 fuisse
1636 5014 1820 5061 censet
1844 4999 2105 5065 Baronius
2135 4999 2189 5066 in

615 5070 757 5126 notis
786 5071 852 5126 ad
887 5070 1321 5145 MartyrQIOgiurn
1356 5072 1653 5128 Romanum
1684 5077 1770 5131 die
1799 5077 1870 5130 23
1914 5079 2058 5145 Maii,
2101 5082 2189 5136 ubi

610 5156 735 5211 cum
762 5143 959 5197 sanctis
988 5141 1143 5196 Lucio
1165 5152 1217 5197 et
1254 5142 1465 5197 Iuliano
1497 5146 1546 5198 in
1579 5149 1949 5211 persecutione
1979 5141 2191 5207 Vanda-

609 5210 710 5289 lica
735 5226 923 5289 passus
946 5212 1157 5289 dicitur.
1190 5212 1300 5289 Sed
1322 5214 1389 5268 de
1416 5213 1496 5289 his
1518 5210 1736 5289 inferius
1756 5219 1903 5289 plura
1923 5220 2183 5289 dicemus,

610 5280 700 5353 ubi
744 5280 810 5353 de
861 5284 1229 5352 persecutione
1262 5280 1647 5353 Guntabundi,
1686 5280 2186 5348 in'Commentat-io

610 5350 875 5406 historico
889 5355 1061 5419 capite
1092 5354 1179 5408 i0.

685 5430 716 5496 ξ
750 5419 839 5496 Sic
857 5421 1020 5496 Colb.
1048 5426 1104 5496 2,
1133 5424 1313 5479 Germ.
1338 5468 1353 5494 ,
1382 5426 1529 5481 Port.
1554 5470 1567 5491 ,
1595 5427 1747 5484 Mart.
1768 5473 1781 5496 ,
1811 5444 1932 5485 cum
1960 5431 2187 5489 Ortltod.

615 5499 670 5567 et
697 5490 965 5567 Loricbio.
998 5494 1103 5567 Sed
1133 5490 1347 5567 Celmi
1374 5506 1429 5552 et
1472 5490 1611 5567 FuL,
1642 5490 2066 5566 post'Larensem
2095 5505 2189 5558 ad-

611 5561 746 5643 dunt
792 5559 1027 5643 Laribus.
1079 5564 1147 5643 At
1192 5564 1341 5643 Colb.
1390 5559 1973 5643 i_,-lllienan.,_Chiff].,
2010 5575 2186 5643 Bign.,

609 5630 777 5712 Bald;
795 5642 849 5686 et
876 5632 1022 5701 Sur.,
1061 5636 1212 5712 ollas,
1244 5638 1378 5712 sicea
1416 5638 1647 5712 Veneria,
1680 5630 1992 5709 et'Laribua',
2032 5630 2183 5712 duas;

613 5709 721 5781 etc.
745 5701 881 5781 Sunt
902 5713 1077 5781 autem
1103 5701 1255 5781 Sicca
1275 5707 1499 5781 Yeneria
1528 5719 1581 5763 et
1606 5701 1771 5764 Lares
1796 5701 2038 5769 civitates
2067 5701 2185 5769 dua;

613 5771 745 5855 oliui
775 5773 1113 5855 episcopales
1146 5777 1197 5832 in
1224 5777 1398 5855 Africa
1429 5781 1814 5855 proconsulari.
1846 5782 2048 5855 Prioris
2075 5786 2188 5855 epi-

612 5852 812 5912 Icouus
828 5845 1140 5920 subscripsit
1166 5848 1403 5920 epistolae
1417 5845 1687 5925 synodica:
1707 5852 1921 5911 Patrum
1945 5854 1992 5929 ej
2000 5845 2187 5918 usdém

2302 3390 2409 3438 tem
2440 3382 2692 3438 defuncto
2721 3385 3011 3440 succedere
3046 3393 3277 3454 poterat,
3310 3401 3413 3441 non
3446 3395 3572 3442 ante
3610 3386 3881 3441 ordinare-

2306 3483 2413 3557 tur,
2459 3476 2560 3531 nisi
2589 3478 2718 3532 fisco
2756 3478 2923 3548 regali
2971 3479 3291 3549 quingentos
3336 3480 3535 3536 solidos
3577 3480 3880 3537 obtulisset.

2310 3568 2415 3625 Sed
2444 3569 2545 3624 hoc
2572 3570 2878 3637 tediticium,
2906 3571 2992 3626 ubi
3023 3581 3336 3629 construere
3358 3572 3527 3645 [Lor.,
3552 3572 3727 3645 visus]
3747 3575 3882 3629 nisus

2308 3671 2391 3716 est
2411 3661 2675 3729 diabolus,
2701 3664 2881 3718 statim
2911 3662 3040 3719 illud
3063 3663 3339 3721 destruere
3365 3665 3613 3735 dignatus
3634 3678 3723 3722 est
3742 3666 3884 3722 Chri-

2307 3762 2442 3808 stus.
2484 3755 2786 3825 Suggerunt
2831 3756 2881 3811 ei
2909 3756 3190 3813 domestici
3222 3757 3326 3827 sui,
3352 3757 3628 3815 dicentes:
3657 3757 3722 3813 Si
3753 3757 3882 3813 istud

2309 3847 2604 3903 firmaverit
2631 3847 2921 3919 prazceptio
2942 3856 3141 3916 vestra,
3170 3849 3339 3906 nostri
3364 3848 3623 3922 episc0pi,
3647 3850 3745 3920 qui
3769 3854 3887 3904 sunt

2300 4030 2587 4099 provinciae
2613 4031 2677 4085 ad
2716 4030 2938 4086 Paulum
2982 4030 3627 4100 Constantinopolitanum
3677 4031 3890 4100 episco-

2299 4114 2579 4170 pum,qu:n
2606 4102 2742 4156 lecta
2767 4103 2916 4156 estin
2939 4100 3166 4156 concilio
3193 4102 3540 4156 Lateranensi
3568 4105 3674 4156 sub
3698 4111 3886 4157 sancto

2298 4171 2544 4232 Martino,
2576 4182 2681 4226 act.
2723 4172 2787 4238 2,
2825 4173 2915 4225 ubi
2956 4170 3226 4227 Candidus
3269 4172 3554 4228 Siccensis.
3598 4172 3665 4227 Et
3717 4173 3884 4227 adfuit

2298 4255 2451 4312 conc.
2505 4240 2757 4312 Carthag.
2811 4256 2952 4296 anno
3000 4241 3106 4297 59.5
3140 4242 3349 4298 Vitulus
3388 4244 3674 4312 episcopus
3712 4244 3884 4311 plebis

2299 4308 2569 4382 Lareusis.
2606 4313 2680 4364 Ex
2710 4308 2935 4381 utraque
2964 4313 3086 4367 item
3110 4313 3240 4368 urbe
3267 4308 3520 4382 episcopi.
3553 4308 3666 4368 tum
3696 4308 3887 4370 catho-

2301 4379 2421 4451 liti,
2455 4389 2563 4434 tum
2597 4379 2886 4451 Donatista:
2912 4423 2927 4447 ,
2958 4383 3225 4439 collationi
3271 4379 3525 4451 Cartltag.
3564 4384 3885 4439 interfuere.

2298 4448 2354 4523 in
2383 4465 2457 4523 ea,
2476 4452 2675 4523 quippe
2712 4449 3119 4507 Fortunatianus
3148 4454 3411 4523 episcOpus
3434 4448 3687 4509 Ecclesia?
3711 4455 3890 4510 εαιιιυ-

2297 4520 2410 4593 (iere
2425 4522 2679 4576 Siccensi:
2699 4537 2843 4593 saepe
2870 4520 3218 4579 interlocutus
3244 4520 3347 4590 est,
3367 4533 3423 4580 et
3441 4527 3601 4593 capit.
3623 4526 3735 4580 159
3764 4527 3889 4579 sub-

2293 4591 2531 4666 scripsit.
2564 4591 2917 4666 Pgulusjvero
2946 4594 3063 4662 ejus
3102 4594 3445 4666 adversarius
3461 4591 3580 4666 cap.
3631 4596 3745 4651 198
3770 4639 3785 4662 ,
3812 4597 3895 4650 in-

2295 4670 2376 4716 ter
2423 4662 2555 4717 alios
2600 4664 2902 4718 Donatistas
2933 4666 3230 4719 recensitus
3260 4674 3363 4719 est.
3405 4662 3669 4719 Victorius
3703 4676 3886 4721 autem

2295 4732 2856 4805 Larensisiepiscopus
2909 4750 3029 4789 cum
3082 4734 3350 4789 [fanerato
3396 4734 3514 4804 ejus
3567 4736 3890 4792 adversario

2297 4818 2415 4875 cap,
2440 4874 2447 4875 ί
2468 4804 2563 4857 151
2600 4804 2897 4873 comparuit
2921 4848 2935 4870 ,
2980 4815 3034 4861 et
3064 4805 3355 4860 Honoratus
3384 4805 3575 4862 iterum
3607 4822 3737 4875 cap.
3768 4810 3891 4864 l97.

2295 4866 2571 4945 Adfuitet
2618 4866 3235 4945 Restitutus'episc0pus
3267 4876 3563 4933 Laritensis
3602 4866 3892 4933 Donatista

2295 4957 2415 5014 cap.
2447 4944 2575 4998 208.
2602 4946 2678 5001 De
2704 4945 2887 5000 harum
2911 4946 3119 5001 urbium
3142 4944 3246 5002 situ
3271 4948 3479 5013 erudite
3497 4949 3725 5005 disserit
3758 4950 3897 5005 Hen-

2297 5015 2441 5068 ricus
2469 5014 2707 5071 Norisius
2739 5018 2789 5071 in
2823 5017 3293 5072 Observationibus
3323 5018 3582 5074 adversus
3616 5019 3897 5076 Joannem

2296 5084 2610 5158 Qarnerium
2644 5128 2657 5151 ,
2699 5102 2830 5156 quas
2873 5089 3110 5145 consule.
3157 5089 3393 5158 Denique
3421 5089 3473 5145 in
3496 5091 3739 5146 concilio
3766 5089 3901 5145 Car-

2300 5155 2443 5231 tliag.
2484 5158 2583 5231 sub
2613 5155 2801 5231 sancto
2831 5157 3099 5231 Cypriano
3127 5155 3444 5231 sententiam
3478 5176 3573 5231 pro
3615 5161 3904 5218 haereticis

2298 5226 2688 5295 rebaptizandis
2714 5229 2832 5283 tulit
2860 5226 3042 5283 Castus
3072 5246 3105 5283 a
3140 5230 3289 5284 Sicca
3317 5226 3581 5285 numf28.
3618 5231 3766 5287 Eam
3812 5250 3903 5287 ur-

2257 5349 2265 5357 ,
2299 5294 2419 5373 bern
2440 5294 2443 5295 ⁷
2468 5308 2647 5352 notam
2678 5299 3139 5373 reddidit_famosa
3160 5298 3431 5373 Urbanum
3464 5301 3606 5356 inter
3630 5312 3689 5373 et
3726 5305 3902 5373 Apia-

2300 5368 2437 5421 rium
2468 5372 2857 5424 controversia.
2908 5370 3185 5426 llilarense
3224 5372 3512 5439 Oppidum,
3544 5381 3599 5426 et
3625 5368 3907 5429 Siccense

2301 5447 2563 5493 memorat
2592 5440 2920 5507 Augustinus
2960 5441 3186 5508 epistola
3232 5441 3358 5497 229.
3407 5445 3488 5496 An
3521 5458 3648 5497 vero
3689 5444 3907 5499 Paulus

2302 5517 2356 5561 et
2394 5509 2741 5575 Quintianus,
2785 5511 2871 5564 hic
2910 5526 2940 5564 a
2968 5510 3185 5567 Victore
3215 5514 3529 5578 memorati,
3564 5513 3771 5568 harum
3809 5531 3906 5569 ur—

2301 5577 2444 5633 bium
2498 5580 2730 5649 episcopi
2778 5581 2993 5644 fuerint,
3023 5583 3283 5637 incertum
3314 5594 3431 5649 est,
3460 5577 3582 5638 cum
3613 5583 3664 5637 id
3700 5585 3908 5640 Victor

2294 5651 2551 5772 Letiefat,
2596 5663 2695 5705 nec
2733 5653 2813 5706 lite
2851 5651 2969 5706 dum
3006 5652 3163 5709 sedes
3214 5654 3267 5708 in
3318 5652 3510 5709 Africa:
3549 5652 3774 5710 Notitia
3812 5660 3913 5710 lia-

2331 5734 2427 5772 ean
2458 5736 2538 5772 ur.

2331 5728 2538 5774 cantur.

2369 5788 2388 5827 ί
2430 5789 2700 5873 .Sic_0rtb:_
2730 5800 2783 5847 ct
2811 5793 3108 5873 borichius.
3136 5794 3401 5857 AtMart..
3434 5795 3615 5851 Germ.
3641 5805 3710 5851 et
3744 5797 3912 5873 Fnl.,

2295 5857 2445 5931 Quod
2466 5863 2636 5922 etiam.
2660 5864 2874 5933 Caneri,
2894 5866 3114 5935 quodam
3141 5876 3363 5937 tempore
3388 5874 3631 5939 statuere.
3662 5876 3795 5930 etc.
