3988 6344
181 282 278 340 209

1133 270 1220 328 DE
1256 265 1772 328 PERSECUTIONE
1809 255 2201 326 VANDA'LICA
2239 267 2370 327 LIB.
2406 267 2473 327 ll.

3317 278 3430 348 ξω

182 397 230 450 iu
278 389 515 463 partibus
558 387 804 444 Thraciae
841 394 899 442 et
935 383 1054 439 aliis
1106 382 1411 451 regionibus
1455 382 1748 448 constituti,
1778 380 1829 443 Α
1854 382 1994 445 versi
2040 384 2092 437 in
2123 382 2425 439 Slccensem
2468 390 2522 439 et
2563 383 2867 464 Larensem.
2900 388 3173 465 civitates,
3210 403 3270 453 ut
3299 397 3430 460 illuc

178 484 354 558 pejora
386 480 644 549 incipient
689 479 816 549 pati.
850 475 1108 545 Praecepit
1151 474 1341 529 deinde
1369 488 1548 529 sacras
1578 472 1747 543 virgi-

177 592 269 631 nes
315 572 647 642 congregari,
696 568 930 638 dirigens
978 566 1248 621 Vaudalos
1274 581 1392 619 cum
1421 580 1531 619 sua:
1576 565 1748 634 gentis

176 664 547 723 obstetricibus
574 662 640 716 ad
668 670 693 698 ⁸
725 659 1055 729 inspicienda
1094 668 1147 713 et
1194 658 1573 712 eontrectanda
1618 671 1748 712 con-

177 770 249 815 tra
300 758 421 826 jura
471 752 806 810 verecundiae
859 750 1155 807 verecunda
1206 749 1464 819 pudoris,
1514 748 1601 802 ubi
1647 764 1747 805 nec

175 860 370 904 matres
415 846 657 911 aderant,
690 858 787 899 nec
830 843 1006 911 aliqua
1045 841 1431 896 catholicarum
1478 850 1749 895 matrona-

174 956 305 996 rum.
342 938 486 1004 Quas
512 936 607 1007 [αι.
640 931 960 1002 cruciantes]
990 941 1301 1001 torquentes
1328 932 1474 1001 gravi
1513 946 1744 1002 suspen-

173 1035 278 1097 dio,
311 1041 471 1100 atque
496 1029 730 1100 ingentia
772 1026 1005 1098 pondera
1038 1025 1264 1095 pedibus
1293 1024 1629 1094 colligantes,
1665 1024 1745 1080 la-

175 1123 450 1193 minasque
499 1121 625 1176 ferri
679 1119 870 1189 ignitas
918 1118 1101 1187 dorso,
1158 1118 1352 1183 ventri,
1396 1116 1643 1172 mamillis
1692 1124 1747 1173 et
1787 1167 1795 1175 .

174 1216 423 1275 lateribus
454 1212 814 1284 apponebant.
837 1209 1042 1277 Quibus
1084 1210 1224 1263 inter
1251 1207 1508 1278 supplicia
1537 1207 1749 1263 diceba-

175 1321 251 1366 tur
275 1328 287 1365 :
317 1308 494 1363 Dicite
524 1306 776 1377 quoniam
803 1303 1039 1373 episcopi
1065 1302 1339 1356 vobiscum
1362 1302 1743 1370 concumbunt,

174 1411 225 1458 et
260 1400 445 1456 clerici
474 1397 666 1462 vestri;
698 1409 921 1468 quarum
946 1393 1235 1448 acerbitate
1275 1406 1553 1461 pmnarum
1584 1392 1746 1460 pluri-

174 1506 281 1548 mas
311 1499 441 1546 tunc
467 1488 668 1544 scimus
694 1486 1008 1543 exstinctas.
1041 1484 1173 1539 Aliae
1197 1498 1315 1553 quae
1346 1492 1743 1551 remanserunt,

172 1586 378 1640 cutibus
420 1578 789 1636 arescentibus
839 1576 991 1632 facta:
1036 1584 1163 1631 sunt
1202 1589 1398 1630 curvae.
1430 1574 1747 1631 Nitebamur

172 1679 306 1735 enim
337 1675 587 1731 semitam
615 1672 857 1728 invenire
882 1686 977 1741 per
1001 1670 1153 1737 cujus
1198 1668 1426 1739 aditum,
1458 1668 1742 1737 publicam,

1849 481 2195 529 occurrentes
2224 473 2426 539 Mauri,
2458 474 2559 530 sibi
2607 477 2823 535 traditos
2853 480 2919 535 ad
2962 497 3202 541 eremum
3232 491 3428 558 perdu-

1848 573 2053 620 cercnt.
2081 564 2532 635 Supervenicutes
2564 567 2719 638 igitur
2746 571 2971 627 comites
2996 574 3102 631 duo
3133 578 3426 639 subtilitate

1847 657 2175 726 damnabili,
2225 658 2435 713 blandis
2462 662 2797 717 sermonibus
2838 680 2959 719 cum
2986 666 3079 721 Dei
3105 670 3427 730 confessori-

1849 747 1945 803 bus
1974 762 2131 818 agere
2151 757 2431 818 coeperunt
2469 765 2483 805 :
2524 749 2658 815 Quid
2682 752 2849 820 vobis,
2895 755 3163 826 inquiunt,
3194 760 3421 832 videtur,

1847 848 1906 894 ut
1937 840 2005 894 ita
2053 842 2350 910 pertinaces
2391 840 2509 896 sitis
2538 882 2552 905 ,
2599 850 2655 896 et
2684 842 2882 898 domini
2929 848 3094 903 nostri
3142 856 3426 923 praeceptis

1847 930 2068 987 minime
2096 932 2497 1003 obtemperetis,
2530 935 2617 1002 qui
2644 948 2762 989 esse
2790 937 3028 1005 poteritis
3054 940 3110 994 in
3137 955 3425 1014 conspectu

1848 1025 1990 1096 regis
2036 1024 2381 1081 honorabiles
2402 1068 2415 1091 ,
2467 1028 2510 1081 si
2542 1027 2659 1096 ejus
2685 1026 2948 1084 festinetis
2974 1030 3150 1090 facere
3176 1037 3423 1094 volunta-

1849 1122 1995 1175 tem?
2034 1120 2227 1175 Statim
2272 1121 2378 1176 illis
2410 1121 2613 1192 ingenti
2635 1122 3020 1180 vocifcratione
3048 1127 3420 1197 clamantibus,

1848 1222 1902 1267 et
1930 1214 2231 1269 dicentibus
2264 1233 2276 1267 :
2312 1214 2601 1271 Christiani
2648 1232 2849 1282 sumus,
2900 1219 3151 1276 catholici
3193 1238 3421 1281 sumus:

1848 1304 2163 1361 Trinitatem
2210 1322 2372 1361 unum
2435 1307 2601 1362 Deum
2666 1308 3043 1367 inviolabiliter
3085 1316 3420 1386 confitemur,

1847 1394 2191 1450 includuntur
2237 1397 2465 1467 graviori
2496 1398 2741 1467 quidem,
2792 1400 2887 1454 sed
2931 1401 3106 1458 adhuc
3133 1404 3306 1459 latiori
3334 1421 3425 1461 cu-

1847 1489 2053 1555 stodia;
2095 1490 2185 1545 ubi
2212 1491 2365 1545 nobis
2395 1492 2548 1558 copia
2578 1492 2807 1548 dabatur
2835 1494 3086 1561 introire;
3127 1506 3180 1552 et
3206 1498 3427 1555 verbum

1847 1580 2226 1636 admonitionis
2276 1581 2527 1637 fratribus
2574 1582 2793 1652 facere,
2846 1593 2900 1640 et
2947 1585 3126 1642 divina
3173 1591 3426 1661 mysteria

1848 1671 2144 1727 celebrare.
2178 1671 2254 1726 lbi
2282 1680 2337 1728 et
2366 1671 2612 1727 infantuli
2638 1674 2789 1730 fuere
2819 1677 3222 1747 quamplurimi,
3253 1680 3421 1753 [Lor.,

170 1772 303 1827 sicut
348 1771 498 1836 fecit,
550 1765 751 1822 laceret
798 1762 1244 1834 persecutionem.
1294 1763 1358 1816 Et
1397 1764 1466 1817 ita
1516 1762 1734 1826 faciens,
1766 1745 1970 1834 Bqui]
2017 1778 2150 1833 quos
2193 1764 2478 1834 genitrices
2526 1774 2766 1822 materno
2812 1745 3172 1838 sequebantur
3208 1745 3423 1842 affectu,

172 1863 308 1918 nullo
359 1858 521 1915 modo
560 1856 882 1926 investigare
912 1853 1084 1926 potuit
1109 1851 1377 1925 quomodo
1415 1851 1609 1908 Christi
1642 1855 1740 1909 Ec-

171 1957 383 2013 clesiam
417 1950 731 2007 macularet.

167 2056 173 2060 '
241 2050 335 2122 17
367 2046 503 2102 Vill.
529 2044 734 2099 Fideles
754 2044 804 2098 in
830 2041 1065 2098 exsilium
1088 2040 1539 2110 pulsi.—-Quibus
1562 2049 1737 2096 autem

170 2156 459 2215 prosequar
485 2136 793 2193 ﬂuminibus
808 2135 1188 2207 lacrymarum,
1207 2134 1418 2204 quando
1434 2134 1738 2203 episcopos,

173 2220 509 2304 presbyteros
531 2269 547 2295 ,
580 2228 833 2284 diaconos
860 2236 914 2282 et
941 2226 1041 2280 alia
1074 2225 1330 2280 Ecclesiae
1375 2226 1613 2280 membra
1640 2264 1655 2289 ,
1688 2224 1741 2280 id

172 2332 267 2388 cst,
294 2328 528 2393 quatuor
578 2317 741 2373 millia
788 2323 1081 2386 nongentos
1114 2315 1141 2354 δ
1167 2315 1501 2386 septuaginta
1530 2331 1644 2380 sex,
1674 2314 1741 2370 ad

171 2415 407 2471 exsilium
437 2409 608 2466 eremi
632 2407 947 2464 destinavit?
982 2408 1033 2461 in
1061 2406 1253 2477 quibus
1289 2416 1444 2462 erant
1474 2404 1744 2476 podagrici

165 2522 318 2577 quam
347 2502 609 2574 plurimi,
634 2500 722 2556 alii
768 2507 986 2570 propter
1010 2508 1220 2555 aetatem
1253 2514 1510 2554 annosam
1543 2499 1743 2555 lumine

171 2594 445 2666 temporali
497 2591 707 2663 privati.
759 2589 815 2645 lu
863 2605 1087 2660 quorum
1133 2598 1251 2644 erat
1296 2604 1521 2643 numero
1557 2590 1743 2645 beatus

170 2689 311 2746 Felix
341 2699 363 2726 ο
385 2685 738 2743 Abbiritanus
768 2685 1073 2753 episcopus,
1098 2682 1301 2737 habens
1322 2682 1430 2752 jam
1456 2683 1507 2736 in
1532 2683 1742 2753 episco-

166 2791 288 2853 patu
317 2779 669 2851 quadraginta
695 2786 923 2847 quatuor
942 2790 1131 2843 annos,
1149 2775 1240 2846 qui
1268 2776 1526 2845 paralysis
1556 2776 1745 2831 morbo

166 2890 452 2947 percussus
478 2915 493 2941 ,
543 2887 642 2928 nec
669 2870 933 2927 sentiebat
956 2869 1263 2941 quidquam,
1293 2883 1392 2924 nec
1430 2869 1640 2938 penitus
1668 2870 1746 2924 lo-

166 2967 446 3039 quebatur.
480 2964 553 3020 De
596 2979 702 3034 quo
749 2977 849 3019 nos
877 2963 1107 3018 maxime
1136 2962 1430 3032 cogitantes
1456 2962 1596 3032 quod
1638 2976 1746 3018 non

165 3067 345 3129 posset
374 3058 626 3127 jumento
670 3054 914 3125 portari,
964 3055 1323 3124 suggessimus
1366 3062 1481 3108 uta
1511 3053 1620 3109 suis
1650 3068 1745 3109 rex

166 3121 454 3221 peteretur,
486 3157 543 3203 ut
592 3121 779 3202 saltem
829 3162 949 3203 eum
998 3121 1225 3216 propere
1254 3146 1569 3200 moriturum
1610 3144 1741 3201 Car-
1770 3121 1818 3187 C

166 3243 363 3313 thagini
410 3255 537 3297 csse
578 3240 815 3310 juberet,
864 3239 987 3309 quia
1017 3240 1084 3294 ad
1113 3238 1358 3294 exsilium
1388 3239 1532 3294 nulla
1561 3249 1745 3309 posset

164 3338 369 3392 ratione
408 3333 653 3405 perduci.
697 3332 899 3401 Quibus
932 3332 1003 3387 ita
1035 3332 1202 3386 fertur
1229 3339 1488 3403 tyrannus
1512 3346 1632 3386 cum
1664 3332 1745 3386 fu-

165 3442 281 3484 rore
303 3427 545 3483 dixisse:
572 3425 628 3479 Si
654 3423 870 3480 animali
898 3424 1086 3479 sedere
1109 3438 1213 3476 non
1242 3430 1435 3491 potest,
1456 3421 1746 3492 juugantur

164 3518 317 3576 bores
346 3518 625 3585 indomiti,
648 3516 735 3587 qui
763 3530 885 3571 eum
914 3514 1217 3585 colligatum
1250 3513 1465 3569 funibus
1487 3514 1746 3571 trahendo

165 3614 453 3689 perducant
507 3628 614 3684 quo
663 3626 761 3684 ego
808 3610 1059 3682 praecepi.
1105 3610 1273 3675 Quem
1322 3623 1385 3664 ex
1435 3616 1745 3665 transverso

165 3722 315 3777 super
376 3706 688 3762 burdonem
740 3703 1016 3767 vinctum,
1067 3701 1215 3771 quasi
1277 3699 1559 3771 quemdam
1613 3700 1744 3773 ligni

166 3810 424 3864 truncum,
464 3808 584 3854 toto
614 3797 805 3852 itinere
837 3793 1196 3862 portabamus.

227 3894 315 3951 IX.
357 3893 512 3948 Mira
560 3891 687 3961 ﬁdes
716 3886 1049 3942 ntulierculw.
1092 3914 1161 3927 —
1196 3885 1598 3956 Congregantur
1626 3883 1744 3941 uni-

224 4060 250 4087 ⁸
288 4048 447 4105 Colb.
494 4046 544 4110 l,
574 4044 727 4099 Mart.
774 4049 829 4096 et
857 4038 1007 4095 Orth.
1039 4053 1158 4095 cum
1191 4038 1459 4105 Lorichio,
1492 4038 1560 4091 ad
1581 4039 1746 4108 inspi-

160 4121 389 4174 ciendum
414 4162 431 4186 ,
493 4125 541 4171 et
574 4112 991 4186 contrectandum
1029 4120 1209 4186 contra
1226 4113 1317 4179 jus
1361 4110 1748 4186 verecundiwet

161 4192 382 4259 pudoris,
416 4179 659 4259 ubi,etc_.
690 4183 884 4238 llarum
914 4180 1516 4259 vi_rg_intt_m_memoriam
1535 4179 1748 4259 _recolit

164 4249 603 4330 Hartyrologium
627 4256 923 4330 Bpmanum
945 4252 1051 4323 75
1071 4250 1165 4330 die
1180 4249 1597 4330 16_Decembris.

227 4334 251 4367 δ
273 4320 361 4386 Sic
391 4320 527 4385 061.
552 4327 609 4390 ‘2,
642 4325 817 4391 Mart.,
837 4320 1045 4387 Germf,
1072 4320 1210 4386 Ful.,
1246 4321 1411 4391 PurL,
1445 4320 1745 4391 Lorichius,

161 4412 211 4458 et
232 4399 503 4461 Orthod..
536 4412 657 4452 cum
690 4392 1078 4463 Martyrologiis
1100 4390 1324 4463 Adonis,
1352 4390 1604 4463 Usuardj,
1622 4390 1742 4463 Nm.

162 4452 290 4537 ltiti,
309 4452 537 4527 alii
566 4465 723 4537 Colb.
759 4464 784 4518 1
812 4452 842 4531 ,’
860 4452 1128 4537 Rhenath
1159 4452 1541 4537 Suriu's,_Bald_.
1559 4452 1752 4515 B'clfor.
1779 4452 1836 4514 Ι)

161 4531 284 4596 ωηί
301 4540 547 4597 Baronio
575 4537 629 4591 in
658 4532 1031 4605 Martyrologio
1059 4532 1322 4601 Romano,
1344 4531 1618 4600 Sexaginta
1641 4547 1750 4585 rex.

158 4613 339 4668 Chifll.
372 4622 433 4667 et
465 4610 628 4679 Bign.
662 4605 945 4679 sexaginta
974 4612 1213 4679 quatuor.

231 4695 257 4722 ο
285 4684 383 4739 Sic
412 4671 570 4735 Colb.
608 4680 662 4741 5,
690 4671 913 4730 Orthod.
946 4671 997 4727 et
1020 4672 1255 4738 Lorich.,
1281 4672 1473 4741 quibus
1494 4671 1757 4726 accedunt

160 4754 339 4821 llam,
372 4750 499 4806 Ful.
526 4758 587 4821 et
610 4748 823 4821 {:9er
857 4742 1530 4821 ubi...Abiritaitusd'ortq
1563 4741 1757 4821 [Iarbi-

160 4812 375 4879 ritanu's.
414 4824 493 4877 At
520 4816 704 4875 Chiill.
737 4816 891 4879 edit.,
923 4812 1286 4866 Abderitanus.
1315 4812 1582 4879 Rhenan.,
1626 4812 1748 4867 Sur.

162 4904 212 4950 et
236 4896 324 4950 alii
356 4891 522 4955 editi,
549 4888 899 4942 Abdiritanus.
925 4883 1093 4939 Porro
1118 4884 1170 4937 in
1201 4882 1380 4955 Africa
1407 4882 1534 4937 urbs
1556 4883 1754 4955 duplex

161 4964 253 5021 fuit
281 4965 449 5038 {tbbir
474 4952 665 5022 dicta;
696 4969 919 5038 quarum
949 4955 1123 5038 altera.
1150 4954 1303 5038 Abbir
1333 4953 1502 5038 llfajus
1539 4952 1755 5038 dicebar-

162 5044 262 5089 tur.
297 5022 923 5101 Utriusque‘episcopus
950 5023 1217 5101 collationi
1246 5022 1757 5101 carthaginensiad-

162 5104 277 5174 fuit,
314 5103 487 5157 Felix
519 5091 745 5174 scilicet
777 5091 1249 5174 episcopusgAbbin
1271 5091 1446 5174 Majas
1475 5106 1595 5161 cap.

159 5176 244 5231 ubi
260 5162 466 5230 'nullus
514 5171 595 5226 ibi
636 5162 813 5222 fuisse
830 5162 1101 5220 Donatista
1127 5162 1434 5225 dicituraet
1463 5177 1581 5230 cap.
1628 5162 1752 5229 215,

160 5246 492 5301 Annibonius
518 5238 804 5295 catholicus
827 5236 1090 5303 episcopus
1119 5233 1471 5288 Abbiritensis.
1504 5233 1755 5303 Concilio

159 5326 330 5373 autem
362 5307 801 5386 Carthaginensi
838 5302 1113 5386 anno“?
1138 5302 1751 5386 subscripsituCaudidus

157 5372 433 5455 episwpus
455 5372 781 5440 Germanice,
812 5376 900 5445 qui
922 5374 1052 5428 alias
1082 5373 1281 5427 ibidem
1312 5373 1624 5441 simpliciter
1652 5372 1754 5424 Ab-

161 5457 412 5511 biritanus
445 5452 681 5523 dicitur,
706 5447 845 5523 ejus
874 5444 1077 5523 scilicet
1102 5442 1275 5523 urbis,
1300 5444 1354 5523 ni
1398 5442 1570 5523 fallor,
1602 5442 1754 5523 cujus

159 5545 424 5583 successus
480 5523 556 5576 ab
588 5512 1161 5573 AbbirJGei-maniciana
1193 5512 1417 5567 habetur
1444 5513 1501 5583 in
1528 5512 1754 5583 concilio

159 5581 410 5668 Carthag.
451 5592 569 5650 sub
600 5596 785 5668 sancto
803 5585 1243 5668 Cyprianonnum
1268 5582 1357 5668 μϐ.
1381 5583 1466 5668 Ab
1494 5582 1575 5668 his
1606 5581 1752 5668 urbiT

161 5651 526 5724 bus—diatrsa
571 5659 790 5716 omnino
833 5651 949 5711 erat
996 5654 1190 5707 Abdera
1218 5667 1321 5724 seu
1363 5652 1572 5724 dbzera,
1607 5651 1758 5724 cujus

159 5722 450 5808 episcbpus
488 5730 818 5789 Fructuosus
861 5732 1186 5783 memoratur
1215 5723 1267 5777 in
1295 5722 1474 5779 collat.
1505 5722 1752 5793 Carthag.

1841 1854 1869 1894 ά
1919 1857 2039 1911 aliae
2090 1857 2420 1927 gaudentes,
2469 1858 2585 1914 aliae
2636 1862 2846 1927 tristes,
2886 1862 3004 1917 alia:
3056 1864 3423 1933 retrahentes;

1843 1951 1961 2006 alia:
1984 1951 2287 2021 gaudebant
2312 1967 2370 2007 se
2393 1960 2655 2023 martyres
2680 1954 2973 2024 peperisse,
2990 1956 3109 2011 aliae
3132 1958 3423 2026 moliendo,

1843 2044 2039 2100 diluvio
2083 2045 2517 2113 rebaptizationis
2549 2046 2849 2103 nitebantur
2876 2064 2906 2103 a
2937 2048 3275 2106 confessione
3303 2051 3425 2107 fidei

1844 2150 2119 2191 revocare.
2152 2136 2362 2191 Nullum
2394 2144 2569 2191 tamen
2603 2146 2726 2193 tunc
2772 2154 2869 2195 nec
2898 2139 3259 2197 blandimenta
3286 2143 3422 2199 vicev

1843 2239 2009 2293 runt,
2044 2243 2143 2283 nec
2188 2229 2420 2283 carnalis
2450 2230 2621 2297 pietas
2647 2229 2875 2299 aliquem
2908 2232 3184 2288 inclinavit
3210 2234 3275 2288 ad
3319 2245 3423 2290 ter-

1844 2336 1979 2376 ram.
2009 2321 2139 2376 Nam
2166 2320 2408 2390 quaedam
2450 2329 2574 2375 tunc
2618 2322 2742 2391 quid
2773 2322 2959 2378 fecerit
2996 2339 3160 2389 anus,
3193 2326 3421 2383 breviter

1845 2414 2044 2470 referre
2074 2414 2325 2468 delectat.
2355 2414 2488 2468 Dum
2522 2415 2624 2470 iter
2652 2430 2933 2485 ageremus
2975 2432 3094 2473 cum
3128 2420 3222 2475 Dei
3261 2435 3423 2476 exer-

1846 2503 1951 2559 citu
1982 2504 2301 2559 comitantes
2326 2544 2341 2568 ,
2372 2512 2425 2559 et
2452 2504 2589 2558 forte
2617 2506 2784 2575 magis
2811 2507 3055 2562 noctibus
3084 2522 3421 2576 promovere~

1846 2609 1964 2649 mus
1987 2602 2206 2665 propter
2229 2594 2359 2649 solis
2385 2594 2656 2662 ardorem,
2672 2597 3032 2666 conspicimus
3052 2600 3420 2656 mulierculam

1847 2687 2115 2742 sacculum
2141 2727 2155 2751 ,
2189 2695 2241 2740 et
2281 2686 2380 2740 alia
2412 2686 2728 2741 vestimenta
2774 2696 3075 2756 portantem
3104 2732 3119 2757 ,
3148 2706 3307 2746 manu
3339 2693 3423 2746 iu-

1849 2776 2109 2833 fantulum
2159 2792 2324 2831 unum
2382 2785 2691 2845 tenentem,
2733 2786 2891 2848 atque
2940 2779 3025 2835 his
3085 2783 3425 2838 sermonibus

1848 2869 2216 2925 consolantem
2247 2868 2472 2933 :Curre,
2506 2868 2723 2923 domine
2754 2883 2923 2924 meus.
2956 2868 3116 2926 Vides
3146 2872 3424 2927 universos

1848 2970 2062 3019 sanctos
2108 2960 2375 3030 quomodo
2419 2968 2686 3029 pergunt,
2734 2970 2787 3016 et
2836 2961 3090 3018 festinant
3120 2963 3319 3020 hilares
3350 2967 3419 3021 ad

1850 3055 2140 3111 coronam?
2178 3054 2347 3120 Quam
2377 3067 2473 3107 nos
2499 3067 2620 3107 cum
2663 3054 3059 3122 increparemus
3086 3096 3100 3122 ,
3147 3058 3287 3128 quol
3326 3061 3423 3115 im-

1847 3155 2073 3219 portuna
2096 3144 2388 3210 videretur,
2415 3154 2505 3197 aut
2532 3143 2662 3198 viris
2683 3158 2781 3214 pro
2809 3160 2937 3203 sexu
2966 3146 3134 3218 jungi,
3165 3160 3253 3205 aut
3278 3166 3425 3206 exer-
3458 3166 3471 3177 ‘

1845 3238 1973 3295 citui
1999 3237 2193 3293 Christi
2236 3234 2449 3304 sociari,
2482 3237 2760 3308 respondit
2795 3256 2809 3292 :
2849 3239 3178 3308 Benedicite,
3209 3242 3427 3299 benedi~

1845 3330 1951 3387 cite
1974 3372 1990 3399 ,
2021 3341 2077 3384 et
2120 3336 2270 3383 orate
2300 3341 2398 3396 pro
2442 3342 2528 3382 me
2556 3373 2569 3397 ,
2617 3338 2671 3383 et
2716 3343 2811 3397 pro
2852 3331 2953 3385 isto
2985 3332 3206 3400 parvulo
3235 3344 3428 3403 nepote

1848 3436 1999 3487 meo;
2041 3419 2182 3491 quia,
2218 3418 2320 3473 etsi
2353 3418 2643 3487 peccatrix,
2682 3420 2790 3473 tilia
2821 3433 2937 3475 sum
2964 3422 3236 3491 quondam
3266 3433 3289 3460 ο
3324 3425 3428 3479 Zu-

1848 3514 2034 3570 ritanae
2064 3509 2297 3568 civitatis
2323 3509 2578 3580 episcopi.
2609 3508 2706 3564 Cui
2736 3525 2834 3566 nos
2876 3527 2889 3563 :
2936 3509 3004 3566 Et
3032 3528 3197 3583 quare
3235 3514 3305 3567 ita
3335 3516 3428 3570 ab-

1850 3607 1991 3678 iecte
2017 3604 2278 3669 ambulas,
2314 3602 2395 3657 vel
2424 3616 2527 3672 qua
2572 3602 2777 3657 ratione
2817 3602 2884 3657 de
2920 3611 3025 3658 tam
3052 3604 3210 3674 longo
3238 3606 3427 3663 itinere

1853 3698 1959 3755 huc
1986 3710 2205 3768 pergere
2230 3693 2650 3751 demonstraris?
2688 3694 2817 3761 Quae
2843 3694 3115 3764 respondit
3138 3692 3301 3750 :Cum
3327 3697 3429 3753 hoc

1854 3788 2074 3860 parvulo
2101 3799 2257 3842 servo
2296 3793 2474 3840 vestro
2499 3783 2565 3837 ad
2596 3782 2837 3838 exsilium
2886 3798 3066 3852 pergo,
3098 3799 3165 3839 ne
3196 3785 3429 3840 inveniat

1856 3897 1980 3939 eum
2027 3881 2197 3936 solum
2245 3877 2492 3933 inimicus
2520 3918 2534 3943 ,
2575 3883 2627 3931 et
2656 3890 2685 3929 a
2711 3875 2794 3929 via
2824 3875 3060 3928 veritatis
3099 3883 3312 3929 revocet
3359 3874 3427 3928 ad

1854 4051 1977 4106 cap.
2004 4034 2125 4106 l28.
2156 4033 2323 4089 Porro
2342 4032 2506 4106 ﬂetis;
2533 4030 2671 4106 hiea
2704 4031 2918 4106 Victore
2945 4029 3286 4106 laudatus,‘is
3314 4031 3427 4100 ipse

1854 4100 1977 4163 esse
2006 4104 2235 4171 videtur,
2266 4102 2354 4172 qui
2384 4102 2435 4156 in
2463 4102 2660 4159 Notitia
2689 4100 2943 4172 Africana
2976 4100 3113 4172 inter
3138 4115 3426 4172 proconsu-

1855 4178 1994 4234 lares
2024 4170 2470 4246 episcoposnum.
2501 4173 2536 4225 2
2565 4171 2871 4246 ébaritanus
2898 4170 3110 4235 dicitur,
3136 4185 3262 4246 _q_ua_
3280 4170 3427 4246 de_re

1855 4248 1975 4303 vrde
2005 4239 2156 4300 notas
2183 4239 2240 4299 in
2268 4244 2539 4298 Notitiam.
2570 4242 2696 4310 Ejus
2717 4250 2768 4295 et
2788 4250 3102 4295 cmterorum
3134 4242 3221 4293 hic
3249 4239 3428 4295 lauda-

1860 4328 2034 4373 torum
2064 4315 2374 4370 memoriam
2406 4309 2650 4368 recolunt
2676 4312 2885 4379 vulgata
2917 4309 3291 4380 martyrologia
3341 4311 3429 4367 die

1858 4390 1927 4444 12
1948 4386 2216 4450 Octobris,
2242 4383 2415 4438 Graeci
2442 4399 2568 4438 vero
2591 4384 2621 4435 7
2649 4381 2996 4449 Septembris.
3135 4424 3141 4429 .

1928 4457 1954 4495 (1
1983 4456 2257 4513 Lorichius
2279 4464 2333 4509 et
2364 4454 2609 4509 Rhenau.
2636 4467 2738 4506 non
2764 4452 2960 4505 habent
2986 4450 3103 4504 alia:
3142 4451 3327 4506 tristes.
3360 4451 3428 4505 Et

1859 4528 2016 4592 infra,
2043 4526 2314 4580 moliendo.
2352 4524 2504 4579 Colb.
2539 4525 2590 4587 1,
2640 4522 2946 4576 moriendos.
2978 4520 3247 4587 Rhenan.,
3278 4522 3425 4590 Sur.,

1858 4600 2007 4667 Bign.
2040 4609 2093 4651 et
2117 4595 2290 4667 Baldy
2316 4594 2616 4667 morituros.

1931 4661 1955 4707 ἱ
1979 4670 2185 4731 Cerm.,
2234 4665 2375 4729 Ful.,
2417 4674 2470 4719 et
2498 4662 2720 4717 Orthod.
2754 4676 2873 4717 cum
2906 4661 3175 4727 Lorichio,
3206 4662 3429 4715 Zurina-

1858 4755 1957 4794 nte.
1988 4739 2142 4793 Mart.
2172 4735 2474 4788 Zurinatite.
2506 4734 2656 4787 Colb.
2684 4735 2734 4797 ιι,
2758 4731 3052 4797 Turitauae;
3077 4732 3226 4795 Sur.,
3257 4733 3429 4796 Quiri-

1860 4819 2009 4863 tame.
2046 4808 2099 4860 lu
2132 4804 2310 4861 Indice
2336 4803 2623 4858 Oxoniensi
2652 4804 2761 4871 jam
2788 4802 3003 4871 laudato
3042 4802 3184 4855 Zura
3212 4804 3429 4855 incerta:

1860 4878 2149 4951 provinciae
2175 4876 2391 4930 dicitur.
2415 4874 2485 4928 At
2515 4888 2586 4951 ex_
2607 4870 3318 4951 collationeEart_ltaginettsi
3348 4872 3429 4951 di-

1860 4942 2058 5004 scimus
2089 4962 2204 5002 eam
2221 4961 2284 5000 ex
2307 4943 2670 5013 proconsulari
2695 4942 2877 4997 fuisse.
2898 4942 3107 4995 Etenim
3125 4955 3242 5013 cum
3260 4942 3429 5013 Quin-

1859 5029 1959 5086 tus,
1994 5028 2045 5073 ut
2077 5012 2592 5086 vulgataeeditiones
2622 5013 2839 5086 habent,
2871 5026 3002 5086 nam
3021 5029 3072 5065 ν.
3103 5025 3153 5065 c.
3181 5012 3431 5086 Baluaiits

1860 5081 2019 5145 habet
2045 5088 2142 5153 Qui
2168 5081 2350 5155 supra,
2374 5099 2469 5153 pro
2498 5082 2721 5155 Paulino
2748 5081 2961 5155 Zurensi
2985 5082 3179 5155 litteras
3206 5084 3432 5135 nescim-

1860 5169 1926 5226 te,
1960 5159 2046 5229 qui
2066 5151 2315 5229 praesens
2334 5151 2536 5229 aderat,
2560 5170 2617 5209 se
2646 5151 3239 5229 subscripsissenfuisset
3262 5160 3433 5229 testa-
3484 5217 3489 5221 ,

1861 5221 1945 5285 tu's
1966 5221 2017 5284 in
2048 5221 2331 5284 collatione
2355 5224 2604 5294 Carthag.
2625 5239 2745 5293 cap.
2766 5223 2887 5287 153,
2913 5221 3278 5294 Paulinusque
3295 5223 3429 5291 ipse.

1859 5300 2153 5354 catholicus
2182 5297 2485 5365 episcopus,
2532 5293 2591 5350 se
2636 5294 2839 5365 habere
2862 5293 3118 5365 unitatem
3162 5293 3432 5365 professus

1852 5370 2068 5436 fuisset,
2091 5363 2378 5422 liabetdeus
2404 5368 2650 5420 diaconus
2680 5363 2933 5436 Primiani
2960 5364 3183 5434 episcopi
3202 5363 3432 5436 Cartha-

1858 5433 2095 5511 ginensis
2120 5439 2285 5511 partis
2325 5438 2535 5504 Donati,
2569 5436 2699 5511 dixit
2737 5451 2755 5489 :
2787 5433 3054 5505 Presbyter
3086 5442 3159 5511 est
3196 5434 3302 5487 illic
3340 5449 3430 5511 no-

1860 5501 1985 5565 ῖιεν.
2014 5501 2256 5564 υἱωὶρδῑδ
2282 5517 2454 5562 nostra
2480 5501 2573 5562 est.
2609 5501 3015 5562 Recensetur’et
3042 5502 3228 5557 eodem
3260 5501 3429 5568 capite

1859 5579 2178 5645 collationis,
2208 5588 2264 5632 ut
2287 5578 2398 5648 jam
2424 5578 2658 5636 diximus
2686 5593 2740 5635 η.
2768 5576 2861 5644 59,
2910 5576 3143 5630 Donatus
3169 5573 3429 5643 episcopus

1859 5652 2018 5722 plebis
2050 5650 2331 5707 Buritana'.

3475 5318 3507 5395 ἐς

3478 5394 3497 5442 Σ
