3988 6344
478 263 583 370 ἐπι

1772 287 2086 359 ,νιδτοῐιιε
2126 286 2432 345 VlTENSlS

3632 283 3737 343 216

478 427 609 483 buit.
649 422 735 478 Sic
763 426 842 475 est
870 418 968 472 hoc
993 410 1255 484 quomodo
1283 408 1328 464 si
1357 407 1565 462 dicatur
1602 404 1825 472 homini,
1857 413 1916 459 nt
1951 419 2042 475 per
2075 408 2129 468 Α
2155 411 2351 473 quanto
2395 400 2561 472 magis
2590 397 2888 456 communis
2932 409 3116 454 mensa
3142 398 3383 455 ciborum
3431 397 3629 467 poterit
3655 398 3735 455 in-

478 530 602 571 aera
633 515 832 568 feratur
857 518 910 563 ct
938 505 1141 569 volitet,
1172 498 1313 571 quod
1362 499 1524 552 moris
1554 511 1657 552 non
1687 506 1769 551 est
1801 500 2045 551 humana:

479 616 703 660 naturae.
751 599 866 655 Dixi
893 597 1059 661 enim,
1109 594 1154 648 si
1196 600 1432 647 nostram
1467 590 1646 656 ﬁdem,
1677 604 1795 659 qua:
1838 604 1941 643 una
1994 596 2050 643 et

478 710 603 751 vera
631 694 763 748 ﬁdes
807 696 919 753 est,
968 694 1203 755 potestas
1253 683 1394 753 regis
1420 696 1713 751 agnoscere
1754 681 2047 748 desiderat,

476 788 651 843 mittat
696 783 763 835 ad
816 780 1015 833 amicos
1063 792 1189 832 suos
1222 790 1237 830 :
1269 774 1497 829 scribam
1556 783 1611 827 et
1656 787 1753 842 ego
1801 772 2051 827 fratribus

474 877 627 941 meis,
661 882 718 927 ut
744 872 957 927 veniant
983 866 1287 937 coepiscopi
1316 866 1444 931 mei,
1474 865 1563 935 qui
1597 863 1749 918 vobis
1774 864 2050 917 nobiscum

473 982 809 1027 communem
841 965 1000 1020 ﬁdem
1032 970 1267 1017 nostram
1308 959 1523 1013 valeant
1565 958 1954 1021 demonstrare,
1999 964 2052 1010 et

470 1062 740 1134 praecipue
768 1058 1006 1113 Ecclesia
1032 1055 1294 1117 Romana,
1318 1067 1435 1120 quae
1464 1059 1489 1086 τι
1515 1064 1573 1103 ea
1585 1059 1674 1117 put
1700 1056 1781 1102 est
1814 1050 2051 1102 omnium

471 1154 857 1211 Ecclesiarnm.
892 1149 973 1204 Ad
1005 1148 1120 1202 haec
1145 1144 1393 1199 Cubadus
1425 1162 1436 1195 :
1471 1144 1607 1211 Ergo
1631 1151 1705 1207 ιιι,
1730 1151 1783 1195 et
1804 1142 2053 1195 dominus

472 1261 627 1305 meus
654 1260 769 1309 rex,
801 1241 1008 1297 similes
1039 1237 1203 1293 estis?
1234 1236 1503 1304 Eugeuins
1548 1232 1835 1302 episcopus
1873 1233 2011 1285 dixit
2038 1250 2049 1285 :

470 1339 586 1411 Ego
612 1334 801 1392 similis
830 1332 940 1402 regi
988 1345 1093 1384 non
1142 1343 1290 1393 sum;
1321 1327 1414 1382 sed
1444 1325 1551 1380 dixi
1588 1344 1599 1379 :
1633 1325 1690 1379 Si
1734 1340 1914 1378 veram
1966 1338 2056 1377 co-

472 1443 731 1504 gnoscere
759 1425 1027 1482 desiderat
1056 1422 1212 1476 ﬁdem
1232 1462 1246 1485 ,
1274 1419 1474 1474 scribat
1514 1417 1701 1470 amicis
1721 1416 1854 1481 suis,
1886 1423 1944 1468 ut
1970 1415 2055 1470 di-

473 1525 648 1596 rigant
692 1530 902 1575 nostros
947 1515 1243 1571 catholicos
1283 1513 1596 1581 episcopos;
1650 1520 1702 1563 et
1752 1523 1850 1577 ego
1881 1507 2056 1561 scribo

474 1613 807 1685 coepiscOpis
836 1610 991 1677 meis,
1022 1607 1145 1677 quia
1191 1604 1469 1659 catholicae
1501 1602 1623 1656 ﬁdei
1658 1601 1920 1655 universa:
1953 1616 2052 1653 una

473 1718 557 1766 est
585 1722 764 1763 causa.
791 1705 903 1759 lloc
947 1702 1136 1771 agebat
1160 1699 1454 1768 Eugenins,
1501 1711 1607 1749 non
1635 1696 1774 1764 quol
1805 1694 2056 1747 deessent

2155 494 2408 564 quinare,
2455 506 2575 547 cum
2623 490 2764 545 dicat
2813 490 2954 545 idem
3003 489 3276 559 apostolus
3309 507 3322 541 :
3355 503 3476 546 cum
3518 489 3736 547 nefariis

2155 600 2255 641 nec
2274 585 2449 639 cibum
2482 583 2681 637 habere
2704 596 3042 638 communem
3076 580 3128 649 (I
3156 580 3277 636 Cor.
3308 598 3363 645 v,
3395 580 3522 648 ll)?

2227 677 2388 731 XVII.
2435 675 2621 745 Ingens
2670 674 2996 728 miraculum.
3029 703 3097 713 —
3132 672 3239 729 Sed
3280 687 3402 728 cum
3451 671 3590 742 ignis
3624 672 3731 743 jam

2158 767 2546 839 persecutionis
2593 764 3007 831 accenderetur,
3061 772 3115 827 et
3167 763 3382 819 ﬂamma
3434 762 3733 820 infestantis

2157 861 2349 928 ubique
2377 857 2516 928 regis
2542 857 2787 923 arderet,
2825 855 3059 911 ostendit
3081 856 3222 911 Deus
3251 863 3437 910 noster
3465 854 3732 924 quoddam

2157 952 2468 1007 miraculum
2526 966 2623 1018 per
2667 964 2880 1004 servum
2928 963 3082 1003 suum
3148 948 3361 1002 ﬁdelem
3413 946 3731 1016 Eugenium,

2155 1044 2296 1114 quod
2346 1043 2622 1112 praeterire
2667 1056 2770 1096 non
2801 1040 2991 1095 debeo.
3025 1038 3146 1094 Fuit
3173 1039 3227 1094 in
3271 1039 3461 1095 eadem
3489 1039 3732 1109 civitate,

2158 1137 2209 1190 id
2243 1146 2322 1192 est
2352 1135 2689 1204 Carthagine,
2722 1133 2936 1203 quidam
2963 1149 3136 1189 cmcus
3173 1133 3378 1189 civibus
3423 1133 3733 1204 civitatique

2159 1228 2486 1290 netissimns,
2515 1226 2729 1280 nomine
2762 1226 2929 1281 Felix.
2964 1226 3060 1281 Hic
3112 1226 3357 1281 visitatur
3402 1239 3433 1278 a
3485 1226 3732 1291 Domino,

2160 1320 2457 1389 diciturque
2485 1318 2533 1371 ei
2566 1327 2721 1374 nocte
2750 1332 2845 1388 per
2890 1317 3060 1371 visum
3084 1358 3098 1383 ,
3131 1327 3153 1354 ε
3185 1316 3301 1373 dies
3329 1317 3473 1372 enim
3501 1317 3732 1388 Epipha~

2161 1412 2368 1467 niornm
2397 1412 2740 1467 illncescebat
2773 1428 2785 1465 :
2818 1410 3019 1479 Surge,
3050 1408 3184 1465 vade
3206 1409 3273 1465 ad
3302 1424 3517 1465 servum
3559 1425 3731 1467 meum

2161 1504 2459 1574 Eugenium
2491 1505 2822 1574 episcopum,
2851 1510 2905 1557 et
2929 1502 3074 1558 dices
3100 1502 3172 1567 ei,
3213 1502 3337 1571 quia
3365 1516 3464 1572 ego
3494 1509 3547 1558 te
3575 1501 3643 1557 ad
3673 1503 3731 1557 il-

2161 1597 2266 1649 lum
2310 1596 2497 1650 direxi.
2532 1596 2597 1650 Et
2638 1596 2728 1649 illa
2761 1594 2891 1649 hora
2945 1608 3046 1664 qua
3094 1592 3369 1648 benedicet
3409 1592 3632 1658 fontem,
3682 1602 3733 1649 ut

2163 1688 2495 1757 baptizentur
2549 1687 2865 1743 accedentes
2916 1687 2980 1740 ad
3026 1685 3205 1752 ﬁdem,
3236 1688 3508 1758 continget
3554 1689 3735 1745 oculos

472 1803 529 1857 in
561 1798 735 1853 Africa
770 1797 858 1866 qui
889 1793 1319 1848 adversariorum
1340 1782 1559 1858 ‘ohjecta
1590 1789 1929 1852 refellerent,
1963 1786 2053 1842 sed
2086 1776 2132 1834 Β
2164 1788 2278 1834 tuo:
2301 1821 2314 1846 ,
2344 1790 2397 1834 et
2436 1781 2764 1850 aperientur,
2818 1788 2873 1834 et
2915 1778 3121 1834 videbis
3168 1780 3367 1835 lumen.
3394 1780 3495 1846 Qui
3545 1780 3638 1835 tali
3664 1781 3734 1836 vi-

474 1901 535 1947 ιιι
564 1891 639 1945 illi
663 1891 955 1951 venissent,
989 1884 1080 1954 qui
1123 1883 1285 1938 alicui
1315 1884 1381 1935 ab
1407 1896 1590 1935 eorum
1619 1880 1917 1943 dominatu,
1945 1892 2056 1934 ma-

473 1982 647 2052 jorem
696 1976 941 2031 ﬁduciam
984 1972 1246 2028 libertatis
1280 1970 1560 2036 haberent,
1609 1970 1915 2038 pariterque
1963 1985 2057 2037 np.

471 2070 769 2145 pressionis
800 2076 997 2121 nostrae
1042 2064 1339 2120 calumnias
1369 2061 1638 2116 universis
1686 2060 1841 2115 terris
1871 2069 1924 2114 et
1964 2074 2056 2128 po-

475 2165 616 2235 pulis
647 2163 969 2215 nuntiarent.

477 2276 489 2288 η
528 2254 686 2325 XVI.
708 2251 773 2305 In
800 2251 1056 2322 episcopos
1086 2244 1477 2302 swvitia.-—llle
1500 2252 1677 2300 autem
1702 2245 1791 2314 qui
1810 2245 2058 2300 nectebat

474 2344 629 2400 dolos
652 2385 666 2410 ,
697 2342 883 2396 audire
919 2339 1090 2394 noluit
1120 2337 1382 2391 rationem
1409 2379 1422 2401 ,
1456 2349 1618 2405 agens
1646 2336 2057 2405 argumentatio-

476 2437 635 2490 nibus
667 2433 891 2496 crebris,
926 2440 983 2484 nt
1012 2444 1361 2498 quoscunque
1403 2428 1774 2495 episcoporum
1820 2425 2058 2479 audierat

475 2526 737 2592 eruditos,
756 2524 921 2576 variis
950 2521 1386 2576 insectationibus
1407 2520 1647 2587 agitaret.
1674 2519 1789 2571 Jam
1822 2519 1884 2570 ad
1916 2518 2057 2572 exsi-

472 2620 607 2675 lium
657 2618 685 2656 ὶ)
732 2616 1055 2671 \‘ibianeu:e
1098 2613 1334 2668 secundo
1392 2613 1743 2666 Donatiannm
1799 2611 2057 2679 impositis

479 2718 694 2767 centum
743 2707 1124 2777 quinquaginta
1177 2705 1407 2759 fustibus
1457 2704 1674 2757 miserat
1725 2705 2051 2772 episcopum,

483 2807 588 2876 21
620 2816 825 2857 necnon
856 2810 908 2855 et
938 2798 1331 2853 Sufezulcnsem
1361 2795 1698 2862 Prmsidinm,
1737 2795 1905 2848 virum
1929 2794 2057 2849 satis

481 2907 717 2952 acutum.
737 2896 885 2949 Tunc
905 2904 959 2949 et
982 2893 1312 2948 venerabiles
1334 2894 1685 2957 Mansuetnm,
1712 2892 2054 2958 Germanum,

477 2986 789 3054 Fusculum,
822 2994 875 3039 et
920 2985 1116 3039 multos
1160 2984 1293 3037 alios
1325 2982 1611 3053 instigavit.
1648 2983 1779 3036 Dum
1812 2982 1923 3035 hme
1969 2996 2059 3051 ge-

478 3086 691 3144 runtur,
721 3077 948 3145 imperat
970 3086 1025 3129 nt
1047 3091 1165 3130 cum
1187 3087 1379 3129 nostrm
1404 3075 1671 3144 religionis
1693 3076 1819 3129 viris
1846 3075 2056 3128 illorum

2162 1874 2313 1927 sione
2357 1873 2734 1939 cmumonitus,
2765 1878 2959 1941 putans
2981 1886 3059 1935 se,
3104 1870 3372 1941 quomodo
3395 1870 3617 1939 assolet,
3646 1871 3738 1927 dev

2160 1966 2267 2019 ludi
2302 1980 2394 2034 per
2438 1965 2702 2017 somnium
2726 2005 2740 2030 ,
2776 1978 2994 2033 surgere
3044 1963 3213 2017 noluit
3240 1978 3434 2019 caecus.
3464 1964 3569 2019 Sed
3618 1979 3735 2023 cutl

2162 2058 2352 2112 iterum
2385 2065 2664 2127 urgeretur
2691 2056 2742 2109 in
2772 2070 3017 2110 somnum
3037 2097 3051 2123 ,
3094 2055 3342 2111 similiter
3369 2065 3427 2111 ut
3466 2057 3535 2113 ad
3564 2057 3736 2129 Enge‘

2160 2153 2304 2207 nium
2338 2162 2601 2221 pergeret,
2631 2150 2988 2219 compellitur.
3023 2150 3229 2204 Rursus
3258 2149 3508 2220 negligit,
3554 2152 3741 2211 tertio;

2160 2261 2261 2313 que
2308 2244 2618 2303 festinanter
2646 2253 2699 2297 et
2727 2244 2960 2311 graviter
3005 2244 3334 2313 increpatur.
3365 2243 3576 2299 Excitat
3614 2259 3731 2313 pne.

2162 2353 2279 2392 rum
2320 2337 2409 2405 qui
2458 2338 2507 2389 ci
2556 2335 2745 2389 solitus
2798 2344 2915 2389 erat
2964 2350 3179 2389 ntauum
3227 2335 3519 2405 porrigere.
3563 2334 3733 2405 Pergit

2160 2431 2328 2486 veloci
2361 2429 2596 2500 agilitate
2622 2429 2685 2482 ad
2723 2429 2903 2483 Fausti
2929 2428 3231 2494 basilicam;
3259 2438 3397 2495 orat,
3423 2436 3479 2484 et
3518 2429 3737 2489 veniens

2160 2538 2280 2578 cum
2312 2523 2614 2592 ingentibus
2645 2521 2917 2593 laerymis,
2970 2520 3204 2591 suggerit
3233 2520 3445 2577 cuidam
3471 2520 3497 2557 ά
3524 2520 3737 2577 subdia~

2160 2631 2295 2670 cono
2329 2615 2538 2669 nomine
2573 2613 2860 2685 Peregrino
2889 2622 2945 2667 ut
2991 2629 3111 2679 eum
3150 2614 3399 2683 episcopo
3448 2615 3738 2683 nuntiaret,

2162 2707 2402 2761 indicans
2448 2722 2507 2761 se
2557 2706 2751 2761 habere
2799 2705 3012 2775 aliquod
3058 2705 3253 2761 secreti
3284 2720 3453 2775 genus
3489 2705 3737 2762 intimau-

2161 2799 2308 2853 dum.
2360 2797 2595 2853 Audiens
2645 2798 2927 2866 episcenos
2975 2796 3136 2866 jussit
3183 2795 3453 2851 hominem
3500 2796 3734 2854 introire.

2160 2890 2275 2945 Jam
2298 2888 2439 2945 enim
2463 2890 2531 2944 oh
2552 2888 2914 2943 celebritatem
2940 2883 3264 2952 festivitatis,
3287 2886 3470 2967 hymni
3495 2887 3737 2945 nocturni

2161 2998 2257 3054 per
2310 2990 2470 3036 totam
2501 2981 2780 3036 ecclesiam
2818 2986 3058 3034 canente
3078 2979 3272 3049 populo
3323 2980 3736 3049 concrepabant.

2163 3073 2365 3128 lndicat
2392 3087 2565 3127 cmcus
2596 3071 2813 3126 antistiti
2847 3071 3091 3126 ordinem
3115 3071 3330 3126 visionis
3353 3087 3484 3137 sum,
3509 3072 3742 3142 dicitque

482 3184 720 3225 mensam
750 3168 927 3220 nullus
966 3182 1303 3221 communem
1337 3166 1589 3234 haberet,
1621 3181 1789 3235 neque
1817 3182 1935 3221 cum
1966 3184 2057 3224 ca-
2083 3154 2130 3216 C
2165 3166 2235 3221 illi
2262 3185 2273 3219 :
2303 3165 2415 3219 Non
2438 3176 2490 3220 te
2512 3164 2774 3219 dimittam
2799 3164 2900 3218 nisi
2924 3164 3076 3227 mihi,
3108 3164 3243 3217 sicut
3263 3177 3291 3216 a
3315 3162 3543 3218 Domino
3564 3163 3745 3234 jussus

484 3261 695 3316 tholicis
717 3260 941 3312 omnino
978 3267 1343 3312 vescerentur.
1377 3259 1505 3324 Qua:
1535 3275 1621 3313 res
1667 3274 1771 3313 non
1799 3259 1929 3329 ipsis
1959 3262 2058 3317 ali-

455 3353 628 3431 'quod
654 3352 898 3422 praestitit
921 3351 1263 3417 beneﬁcium,
1300 3353 1393 3406 sed
1440 3348 1593 3407 nobis
1618 3356 1905 3408 maximum
1928 3372 2060 3411 con-

486 3442 608 3497 tulit
626 3442 852 3495 lucrum.
880 3441 1009 3493 Nam
1034 3441 1076 3493 si
1105 3456 1283 3494 sermo
1307 3456 1512 3506 eorum,
1544 3444 1756 3499 dicente
1780 3448 2058 3514 Apostolo,

451 3533 621 3627 'sicut
669 3545 862 3587 cancer
912 3532 1193 3586 consuevit
1238 3548 1452 3602 serpere
1502 3533 1589 3603 (II
1638 3535 1773 3589 Tim.
1832 3553 1889 3604 ιι,
1948 3539 2063 3609 17),

559 3658 584 3686 α
613 3647 703 3703 Sic
732 3647 857 3720 olim
885 3646 1522 3720 Cyprianus“Romanam
1558 3648 1836 3703 Ecclesium
1868 3653 2058 3720 prim-i-

452 3716 458 3723 ’
485 3719 650 3790 palem
666 3718 991 3790 appellabat,
1018 3718 1172 3790 epist.
1188 3717 1258 3790 bi)
1280 3717 1405 3770 edit.
1427 3721 1620 3782 Uxon.,
1641 3721 1772 3773 alius
1791 3716 1879 3784 55,
1901 3739 2057 3790 quem

484 3787 677 3844 inritati
705 3797 826 3841 sunt
852 3788 938 3840 alii
968 3787 1199 3840 Africani
1228 3788 1429 3840 Patres.
1449 3789 1671 3857 Optatus
1694 3792 1781 3843 lib.
1813 3810 1846 3846 ιι
1872 3787 2060 3847 adver-

482 3874 578 3913 sus
612 3858 1053 3921 l’artnenianum,
1091 3858 1417 3925 Augustinus
1448 3860 1663 3926 passim,
1693 3870 1747 3915 et
1783 3864 1890 3917 al.i.
1931 3864 2057 3919 Vide

482 3928 776 3984 Mabillonii
818 3928 983 4000 nostri
1022 3930 1393 4000 praefationem
1427 3928 1478 3981 in
1511 3931 1799 4000 Liturgiam
1831 3934 2058 3987 Gallica-

479 4014 628 4054 nam.
661 4000 922 4052 Cmterum
956 3998 1120 4053 Julius
1157 4014 1287 4067 papa
1319 3998 1371 4051 in
1403 4001 1625 4067 epistula
1658 3998 1721 4054 ad
1756 4005 2055 4060 Orientales

482 4071 763 4139 episcopos
790 4072 1134 4139 conqueritur
1155 4085 1212 4122 se
1243 4070 1310 4122 ah
1336 4069 1397 4122 iis
1422 4071 1485 4121 ad
1519 4073 1806 4126 concilium
1827 4077 2053 4129 advoca-

485 4138 595 4195 tum
624 4156 727 4211 non
749 4142 942 4211 fuisse.
970 4138 1099 4211 Vide
1133 4140 1541 4211 Sozomgen.lih.
1577 4159 1630 4195 ιιι
1674 4144 1805 4196 llist.
1836 4147 2050 4211 eccles.,

482 4225 601 4277 cap.
634 4210 717 4263 10.
749 4209 1057 4279 Fulgentius
1076 4209 1337 4279 eticzutcri
1361 4210 1591 4279 episcopi
1619 4215 1828 4267 exsules
1858 4217 1905 4267 in
1934 4209 2057 4268 Sar-

482 4279 650 4344 dinia,
681 4278 905 4344 epistola
937 4278 1001 4330 15
1034 4280 1100 4329 ad
1128 4278 1410 4331 Venerium
1442 4289 1496 4333 et
1530 4278 1809 4347 Joannem,
1840 4284 2059 4338 laudant

482 4348 782 4402 llormisda)
807 4348 1067 4413 pontificis
1115 4348 1335 4400 Romani
1368 4351 1549 4410 verba,
1586 4362 1639 4405 ut
1669 4354 1950 4407 ostendant
1992 4356 2058 4408 de

484 4416 651 4489 gratia
703 4418 948 4489 omnibus
1001 4431 1120 4489 esse
1178 4419 1487 4482 tenendum,
1534 4423 1657 4488 quid
1696 4423 1946 4489 Romanu,
1980 4426 2055 4477 in-

484 4486 694 4555 quiunt,
726 4486 779 4537 id
811 4496 904 4549 est,
931 4487 1185 4539 catholica
1210 4491 1357 4542 sentit
1379 4486 1604 4542 etsereat
1635 4491 1881 4545 Ecclesia.

556 4555 582 4593 ³³
615 4556 705 4609 Sic
733 4556 859 4611 editi
886 4557 996 4626 fere
1015 4572 1220 4621 omnes,
1247 4559 1345 4613 nisi
1379 4560 1519 4626 quod
1550 4560 1746 4614 habent
1786 4563 2057 4617 Vibiancu-

484 4641 608 4700 ﬂant.
646 4625 796 4700 Colh.
836 4628 855 4679 l
903 4624 1199 4700 Vibimtense
1246 4624 1544 4683 secmidum.
1598 4631 1748 4686 Sicut
1792 4643 1846 4686 et
1877 4634 2053 4700 illam,

484 4695 603 4770 Ful.
640 4705 694 4749 et
738 4694 961 4770 Germaz
993 4697 1086 4752 sed
1118 4700 1205 4770 qui
1256 4699 1391 4752 infra
1425 4715 1519 4767 pro
1542 4706 1834 4770 episwpnm
1863 4694 2058 4759 habent

482 4768 767 4843 episCOpos,
798 4766 948 4843 quasi
985 4766 1199 4843 secundi
1234 4766 1785 4843 nomine,episeopns
1819 4774 1904 4827 hic
1942 4777 2057 4843 qui-

482 4836 604 4889 dam
631 4852 661 4890 a
686 4837 895 4890 Victore
918 4836 1288 4904 designaretur
1307 4836 1596 4896 Donaliauo
1619 4836 1872 4898 sociatus.
1899 4836 2058 4898 Siini-

482 4906 617 4979 liter
649 4907 873 4979 Orthod.
927 4918 979 4979 et
1018 4907 1293 4963 Loriehius
1325 4910 1519 4965 habent
1552 4930 1561 4963 :
1606 4914 1931 4979 l'iniancnsc,
1979 4933 2059 4969 se-

415 4996 421 5021 ;
482 4977 725 5054 cundum,
766 4975 1115 5054 Ιξοηηιίαιιιιηι
1140 4980 1387 5054 impositis
1426 4992 1711 5037 centrum...
1754 4975 2055 5054 episcopos;

419 5087 422 5095 .
481 5056 529 5117 et
556 5048 647 5099 sub
685 5047 932 5115 fetulense
963 5049 1253 5115 praesidium
1298 5066 1488 5117 verum,
1513 5064 1736 5117 acutum,
1783 5047 1890 5110 etc.
1921 5047 2055 5111 ’διρᾶ

482 5116 569 5171 ha:
596 5117 852 5195 lectiones
881 5118 1305 5195 mendosissimae
1328 5116 1480 5195 sunt.
1501 5116 1940 5195 Unicumqnippe
1971 5128 2055 5180 hic

481 5187 850 5262 tantummodo
876 5188 1139 5262 designari
1158 5190 1509 5262 _l_)o_n_ati:mum
1529 5187 1859 5262 episcopum,
1878 5187 2056 5261 liquet

413 5298 425 5318 ,
483 5271 548 5311 ex
578 5260 798 5312 vetustis
827 5257 1218 5328 inartyrologiis
1238 5259 1480 5327 Usnardi,
1523 5257 1747 5324 Adonis.
1782 5276 1836 5319 et
1862 5257 2054 5322 Noikc-

483 5329 551 5392 ri,
585 5328 635 5382 in
660 5327 851 5397 quibus
882 5327 1026 5383 dieﬁ
1057 5329 1387 5397 Septembris
1417 5332 1564 5387 solus
1596 5334 1914 5390 Donaliunus
1929 5353 2051 5392 cum

416 5432 428 5463 ,
484 5398 620 5474 infra
642 5398 919 5474 recensitis
938 5398 1239 5474 celebratur
1264 5401 1344 5454 his
1371 5404 1547 5474 verbis
1574 5421 1585 5455 :
1617 5406 1719 5474 ’17
1743 5406 2054 5462 Sanctorum

419 5503 435 5525 ι
482 5467 781 5546 ῌο-ηαιὶαηὶ,
830 5467 1111 5546 Prtesidii,_
1147 5469 1423 5546 Alatisucti,
1467 5467 1706 5546 Cernit—mi
1736 5486 1782 5529 et
1815 5476 2049 5546 Fusculi,

483 5540 592 5605 qui,
620 5546 748 5604 etc.,
780 5553 885 5615 quo
913 5541 1036 5615 item
1051 5539 1225 5615 diein
1261 5540 1499 5615 Romano
1527 5544 1903 5615 Martyrologio
1939 5539 2052 5602 mel

484 5618 779 5684 morantur.
797 5610 962 5684 Porro
982 5609 1241 5684 inNotitia
1272 5610 1521 5684 Africana
1543 5609 1771 5684 quatuor
1796 5609 2046 5673 D'onatia-

486 5693 587 5733 nos
610 5680 887 5758 episcopos
916 5680 1549 5758 ἱιιιςβιιίοὲυγεδείέια-ιιιιηι
1562 5680 1762 5741 scilicet
1788 5697 1843 5742 et
1866 5688 2049 5758 Tegla-

488 5766 691 5806 nensem
718 5752 771 5808 in
800 5748 1074 5815 Numidia,
1124 5748 1379 5807 Eliemem
1414 5754 1469 5814 in
1516 5755 1812 5825 Byzaeena,
1843 5768 1897 5816 et
1930 5748 2049 5817 Usi-

2084 4468 2137 4528 D

2166 3273 2224 3313 es
2244 3299 2257 3321 ,
2302 3256 2598 3312 reddideris
2628 3255 2813 3311 oculos
2856 3270 3026 3310 meos.
3057 3254 3153 3310 Cui
3180 3265 3397 3311 sanctus
3429 3256 3696 3327 Engenius
3726 3274 3741 3312 :

2168 3352 2375 3408 Recede
2404 3367 2432 3404 a
2463 3366 2583 3416 me,
2620 3348 2808 3415 frater;
2852 3358 3101 3419 peccator
3139 3364 3258 3404 sum
3290 3359 3345 3404 et
3386 3348 3657 3419 indignus,
3690 3357 3744 3405 et

2166 3460 2327 3513 super
2354 3458 2540 3497 omnes
2570 3441 2810 3497 homines
2838 3441 3179 3511 delinquens,
3210 3450 3269 3495 ut
3305 3450 3448 3510 pote,
3473 3450 3528 3496 et
3556 3443 3644 3513 qui
3689 3442 3743 3499 in

2171 3540 2284 3592 luce
2311 3550 2550 3605 tempora
2582 3545 2825 3590 servatus
2852 3534 2991 3589 sum.
3024 3535 3118 3590 Ille
3148 3546 3327 3590 autem
3360 3543 3553 3590 tenens
3571 3550 3745 3606 genua

2167 3654 2435 3707 nadenscm
2467 3652 2519 3705 in
2548 3651 2859 3704 Mauritania
2888 3650 3222 3706 Caesariensi.
3250 3650 3539 3705 Prmsidius
3566 3662 3745 3708 autem

2166 3725 2251 3778 hic
2292 3725 2565 3785 laudatus,
2600 3722 2644 3776 is
2695 3723 2807 3790 ipse
2834 3721 3033 3791 estqui
3062 3722 3256 3775 dicitur
3291 3720 3657 3786 Su/Ietulensis
3688 3724 3741 3779 in

2163 3795 2359 3849 Notitia
2393 3793 2640 3847 Africana
2687 3793 2825 3846 inter
2855 3792 3134 3860 episcopos
3167 3793 3479 3861 Byzacenm,
3522 3793 3663 3848 sicut
3692 3803 3745 3851 et

2168 3865 2459 3918 Mansuetus
2498 3864 2840 3933 Afufcnieusis
2880 3870 2938 3933 et
2987 3861 3270 3915 Germanus
3304 3861 3742 3931 Peradamieusis,

2164 3937 2214 3989 in
2240 3936 2423 3989 eadem
2451 3932 2740 3999 provincia.
2765 3936 2832 3987 At
2864 3932 3143 3985 Fusculum
3176 3934 3409 4001 reperire
3442 3949 3544 3987 non
3574 3934 3744 4001 licuit,

2165 4006 2265 4060 nisi
2292 4006 2427 4060 forte
2446 4007 2605 4059 fuerit
2626 4004 2876 4058 Filtiosus
2905 4004 3270 4076 Aggmjtanus,
3293 4003 3344 4057 in
3363 4003 3548 4076 eadem
3579 4005 3744 4076 Byza-

2165 4093 2295 4130 eena
2343 4077 2613 4143 provincia
2662 4082 3009 4130 memoratus.
3055 4072 3213 4127 Certe
3257 4089 3353 4143 pro
3388 4072 3643 4131 Furculas
3690 4077 3744 4134 in

2169 4148 2391 4202 Usuurdi
2424 4148 2753 4214 autographa
2790 4145 3016 4200 habetur
3045 4143 3313 4198 Fulmina.

2240 4232 2258 4253 τ
2287 4220 2339 4270 lu
2371 4218 2521 4270 Coit).
2560 4218 2608 4279 1,
2643 4229 2899 4268 annorum
2936 4214 3150 4270 circiter
3176 4215 3300 4279 800,
3334 4214 3522 4272 eadem
3570 4232 3732 4273 manu

2165 4303 2270 4352 quo
2302 4297 2474 4340 textus
2506 4287 2617 4357 ipse
2638 4286 2901 4357 scriptum
2926 4294 3008 4339 est
3036 4284 3087 4338 in
3122 4287 3361 4356 margine
3387 4304 3399 4339 :
3434 4286 3574 4340 Nota
3606 4291 3743 4357 quod

2165 4359 2215 4409 in
2240 4358 2321 4409 die
2351 4372 2498 4409 sacra
2550 4355 2959 4426 lt‘pip/taniorum
2997 4358 3139 4426 apud
3187 4355 3423 4426 antiquos
3462 4355 3745 4425 baptismus

2168 4430 2323 4493 ﬁeret.
2354 4426 2495 4478 Idem
2532 4425 2689 4478 habet
2718 4429 2770 4495 in
2815 4427 3033 4495 capituli
3084 4424 3238 4479 titulo
3269 4424 3429 4482 editio
3478 4424 3739 4495 Loricliii,

2164 4504 2386 4563 excepta
2438 4496 2536 4548 hac
2583 4494 2791 4559 vocula,
2838 4494 2979 4551 uela.
3032 4497 3178 4550 lianc
3226 4513 3352 4553 vero
3399 4500 3745 4556 consuetudi-

2164 4584 2284 4621 nem
2321 4565 2624 4634 improbant
2655 4566 2876 4620 Siricins
2922 4582 3059 4637 papa
3090 4567 3142 4620 in
3189 4568 3414 4635 epistola
3463 4569 3528 4623 ad
3562 4570 3744 4626 Hime-

2164 4638 2301 4691 rium
2326 4638 2781 4708 Tarraconensem
2822 4637 3152 4708 episcopum,
3193 4647 3248 4692 et
3293 4648 3511 4694 sanctus
3544 4640 3651 4696 Leo
3690 4643 3743 4698 in

2162 4710 2319 4775 epist.
2351 4708 2413 4760 16
2446 4706 2571 4761 edit.
2623 4706 3034 4779 Quosnelliante,
3069 4708 3135 4762 ad
3185 4708 3381 4764 Sicilire
3430 4710 3741 4779 episc0pos,

2163 4780 2355 4846 quibus
2386 4785 2569 4849 postea
2598 4778 2685 4831 alii
2720 4779 3020 4846 pontifices,
3059 4788 3111 4833 et
3142 4778 3194 4832 in
3236 4781 3400 4833 variis
3451 4778 3744 4849 provinciis

2160 4848 2348 4918 synodi
2404 4848 2780 4920 aillreserunt.
2815 4849 2929 4902 Alia
2987 4858 3163 4920 tamen
3195 4850 3247 4902 in
3294 4850 3411 4905 a!iis
3450 4848 3742 4920 provinciis

2161 4920 2475 4971 servabatur
2494 4919 2845 4985 consuetudo,
2893 4919 3032 4987 quod
3064 4919 3129 4974 de
3178 4920 3354 4975 Africa
3384 4919 3589 4976 eertum
3636 4935 3741 4977 eSt.

2164 4989 2307 5042 Idem
2360 4989 2410 5042 in
2442 4987 2801 5043 Orientalibus
2847 4989 3135 5057 provinciis
3182 4990 3521 5047 observatum
3574 4992 3745 5049 fuisse

2163 5060 2330 5126 liquet
2358 5068 2471 5130 tum
2498 5073 2561 5113 ex
2596 5059 2901 5114 Graecorum
2938 5059 3283 5130 Euchologio,
3319 5072 3428 5115 tum
3465 5078 3530 5117 ex
3577 5062 3744 5118 Prato

2160 5130 2427 5201 spirituali
2447 5128 2669 5184 Joannis
2702 5130 2899 5185 Moschi
2934 5145 3050 5199 cap.
3086 5128 3204 5195 17f,
3228 5132 3366 5201 apud
3414 5133 3742 5188 Cotelerium

2163 5209 2304 5254 tomo
2322 5200 2364 5255 ll
2389 5200 2851 5254 Monumentorum
2879 5201 3128 5254 Ecelcs’a:
3148 5200 3369 5266 Grm’cm,
3395 5203 3481 5257 ubi
3510 5204 3745 5258 refertur

2160 5272 2599 5354 sacrutnfontem
2629 5270 2850 5352 singulis
2879 5271 3033 5325 annis
3076 5272 3151 5354 in.
3176 5272 3303 5327 \‘ico
3351 5274 3624 5354 qtiodam,_
3656 5274 3747 5330 die

2161 5340 2299 5395 ἰοειο
2328 5340 2796 5409 Theophaniornm
2828 5350 3019 5409 sponte
3056 5342 3252 5397 sudare
3286 5340 3499 5398 solitum
3552 5344 3741 5411 fuisse,

2160 5421 2215 5465 ut
2245 5428 2309 5465 ex
2331 5427 2393 5466 ea
2422 5426 2556 5480 aqua
2581 5412 2873 5481 baptismus
2901 5412 3275 5468 conticeretnr.

2230 5483 2254 5517 ά
2295 5482 2456 5555 Editi,
2486 5481 2731 5555 Diacono.
2774 5482 3014 5538 Priorem
3047 5481 3328 5555 lectionem
3377 5484 3740 5555 praetulimus,

2162 5567 2281 5625 quae
2305 5552 2765 5625 videturistornm
2782 5561 3081 5625 temporum
3104 5552 3398 5624 disciplinae
3425 5556 3594 5625 magis
3617 5552 3743 5612 esse

2158 5624 2467 5678 conformis.
2498 5623 2821 5679 Snbdiaconi
2853 5624 3049 5693 quippe
3090 5623 3251 5681 extra
3288 5623 3583 5684 sacrarium
3627 5634 3743 5683 sta-

2157 5693 2302 5762 bant,
2336 5710 2399 5751 ex
2430 5695 2656 5751 concilio
2688 5693 3004 5755 Laodiceae.
