3988 6344
258 260 368 320 217

1224 252 1313 310 DE
1352 246 1869 309 PERSECUTIONE
1908 246 2295 307 VANDALICA
2331 247 2460 307 LIB.
2500 248 2565 308 Il.

267 377 403 447 ejus,
434 372 578 429 aliud
610 385 716 429 non
736 370 968 441 dicebat,
999 369 1102 425 nisi
1128 367 1258 424 illud
1286 367 1427 438 quod
1454 366 1563 436 jam
1590 366 1839 423 dixerat:
1868 367 1922 428 Δ
1945 367 2111 424 choro
2140 368 2419 427 doctorum
2466 369 2683 427 nomine
2716 378 2738 409 ο
2770 369 2973 428 Laetum
2998 411 3013 439 ,
3060 377 3335 429 strenuum
3364 382 3525 445 atque

267 469 417 523 Sicut
434 465 643 533 jussum
672 472 755 519 est
781 461 951 517 redde
977 456 1108 515 mihi
1136 457 1322 514 oculos
1348 471 1518 513 meos.
1552 456 1845 513 Attendens

267 570 479 629 quoque
501 554 772 625 Eugenius
794 550 1205 609 inverecundam
1228 549 1619 617 credulitatem,
1648 557 1703 605 et
1724 548 1846 619 quia

266 648 371 720 jam
400 655 612 716 tempus
641 644 883 715 urgebat,
918 643 1089 714 pergit
1127 658 1250 699 cum
1288 656 1377 723 eo,
1409 642 1698 697 comitante
1726 640 1847 697 ofﬁ-

267 740 351 795 cio
370 737 692 793 clericorum
726 734 794 790 ad
814 733 1037 789 fontem.
1072 732 1171 789 Ubi
1203 732 1320 787 ﬁxis
1373 731 1595 802 genibus
1621 747 1739 787 cum
1768 732 1849 787 in-

265 830 410 903 genti
438 829 663 899 gemitu,
696 826 913 897 pulsans
940 823 1261 895 singultibus
1286 823 1501 890 caelum,
1525 823 1847 893 crispantem

269 919 545 977 benedixit
565 918 778 974 alveum
801 916 987 982 fontis,
1014 924 1213 972 etcum
1234 914 1495 984 completa
1520 915 1852 972 surrexisset

270 1011 543 1079 oratione,
601 1012 673 1065 ita
696 1024 842 1065 caeco
887 1008 1201 1079 rcSpondit:
1235 1008 1351 1064 Jam
1384 1006 1478 1063 tibi
1508 1007 1640 1074 dixi,
1690 1008 1852 1063 frater

272 1104 442 1168 Felix,
475 1116 723 1173 peccator
766 1101 928 1156 homo
967 1115 1068 1171 ego
1096 1113 1247 1166 sum;
1281 1098 1375 1156 sed
1426 1099 1514 1169 qui
1556 1107 1607 1154 te
1636 1098 1852 1156 visitare

272 1193 517 1265 dignatus
543 1201 645 1258 est,
694 1198 912 1261 praestet
942 1190 1037 1247 tibi
1062 1191 1318 1247 Dominus
1357 1188 1648 1246 secundum
1693 1189 1852 1247 ﬁdem

274 1292 438 1352 tuam,
470 1292 525 1340 et
549 1282 753 1353 aperiat
773 1281 955 1337 oculos
980 1290 1120 1336 tuos.
1154 1280 1436 1352 Simulque
1462 1281 1654 1337 vexillo
1677 1280 1852 1336 crucis

273 1376 553 1447 eonsignat
582 1375 765 1432 oculos
790 1374 928 1445 ejus.
964 1375 1153 1431 Statim
1180 1389 1359 1431 cmcus
1386 1375 1557 1431 visum
1576 1416 1593 1443 ,
1625 1375 1853 1432 Domino

275 1468 561 1535 reddente,
594 1466 817 1537 recepit.
848 1466 1019 1534 Quem
1044 1481 1226 1522 secum
1248 1509 1263 1534 ,
1310 1482 1586 1537 quousque
1615 1467 1853 1523 universi

274 1561 687 1632 baptizarentur,
717 1559 790 1621 ibi
822 1559 1046 1615 detinuit
1078 1568 1105 1597 ι
1134 1560 1202 1614 ob
1243 1560 1363 1625 hoc,
1415 1576 1482 1615 ne
1510 1568 1656 1615 tanto
1684 1561 1847 1617 mira-

274 1654 396 1711 equ
422 1653 653 1724 populus
698 1652 982 1719 excitatus,
1038 1650 1210 1706 virum
1248 1660 1549 1707 contereret
1575 1652 1665 1722 qui
1693 1667 1844 1709 recc.

1951 461 2319 520 doctissimum
2351 462 2521 518 virum
2546 502 2562 529 ,
2593 472 2712 533 post
2735 463 3015 519 diuturnos
3055 464 3287 520 carceris
3313 466 3527 535 squalo-

1952 569 2040 609 res
2087 553 2335 609 incendio
2381 555 2772 621 concremavit,
2829 556 3103 612 aestimans
3141 557 3235 613 tali
3278 557 3527 628 exemplo

1952 644 2199 700 timorem
2254 645 2557 711 incutiens,
2602 645 2838 715 reliquos
2880 661 2939 702 se
2981 646 3258 702 elisurum.
3289 648 3526 717 Tandem

1953 737 2163 791 venitur
2188 736 2255 791 ad
2276 734 2652 806 disputationis
2679 736 3006 804 conflictum,
3036 737 3101 792 ad
3130 739 3301 794 locum
3323 739 3529 796 scil;cet

1951 843 2109 899 quem
2141 827 2449 898 delegerant
2477 828 2792 884 adversarii.
2826 830 3098 886 Evitantes
3149 830 3309 900 igitur
3357 832 3526 888 nostri

1955 920 2353 977 vociferationis
2400 920 2687 986 tumultus,
2718 935 2786 975 ne
2816 920 2950 976 forte
2979 922 3317 991 postmodum
3344 922 3528 980 Ariani

1953 1011 2221 1076 dicerent,
2254 1012 2395 1083 quod
2420 1026 2511 1067 eos
2535 1020 2840 1068 nostrorum
2870 1014 3197 1082 oppresserit
3222 1016 3528 1083 multitudo,

1954 1105 2195 1175 deligunt
2219 1106 2286 1161 de
2329 1120 2390 1161 se
2426 1106 2595 1161 nostri
2624 1105 2716 1176 qui
2747 1120 2842 1175 pro
2870 1106 3115 1162 omnibus
3145 1109 3531 1177 responderent

1954 1194 2161 1250 decem.
2206 1192 2447 1250 Collocat
2496 1195 2599 1251 sibi
2628 1195 2808 1266 Cyrila
2835 1211 2958 1251 cum
2986 1196 3100 1251 suis
3122 1188 3437 1255 satellitibus
3476 1200 3530 1257 in

1954 1286 2073 1342 loco
2107 1288 2320 1343 excelso
2346 1288 2789 1359 superbissimum
2821 1289 3076 1345 thronum
3109 1292 3405 1347 astantibus
3433 1292 3529 1365 [αι.

1956 1378 2132 1451 nobis]
2162 1379 2377 1436 nostris.
2430 1380 2798 1450 Dixeruntque
2848 1383 3017 1438 nostri
3065 1382 3338 1452 episcopi:
3369 1380 3395 1419 ἀ
3437 1384 3531 1439 llla

1954 1486 2166 1543 semper
2186 1480 2267 1528 est
2286 1479 2433 1542 grata
2458 1471 2696 1537 collatio,
2729 1472 2817 1527 ubi
2847 1473 3079 1543 superba
3098 1488 3204 1529 non
3231 1473 3534 1530 dominatur

1956 1564 2236 1635 potestatis
2262 1565 2457 1631 elatio;
2490 1565 2583 1621 sed
2613 1580 2681 1621 ex
2713 1580 2978 1622 consensu
3004 1567 3273 1622 communi
3301 1570 3533 1635 venitur,

1958 1667 2016 1714 ut
2060 1658 2425 1728 cognitoribus
2472 1657 2933 1724 discernentibus,
2966 1659 3205 1728 partibus
3233 1661 3531 1729 agentibus,

277 1753 428 1817 perat
457 1745 655 1800 lumen.
690 1743 773 1799 Fit
817 1752 1000 1813 postea
1050 1740 1389 1797 manifestum
1438 1743 1690 1798 Ecclesia:
1738 1742 1857 1798 uni-
1885 1718 1930 1778 Β
1959 1750 2099 1820 quod
2125 1718 2317 1805 vvcrum
2367 1758 2451 1805 cst
2480 1758 2821 1819 agnoscatur.
2853 1718 3006 1805 Nunc
3053 1760 3229 1806 autem
3266 1718 3401 1822 "quis
3436 1752 3537 1808 crit

276 1852 465 1893 versae.
491 1837 740 1893 Procedit
764 1836 831 1890 ad
857 1835 1025 1892 altare
1056 1849 1177 1891 cum
1208 1836 1481 1906 Eugenio,
1522 1837 1661 1892 sicut
1690 1838 1855 1893 moris

279 1936 389 1995 est,
422 1928 514 1998 qui
542 1928 717 1983 fuerat
762 1942 956 1995 caicus,
992 1942 1104 1982 suae
1151 1927 1339 1982 salutis
1387 1926 1711 1983 oblationem
1752 1929 1856 1983 Do-

278 2021 423 2077 mino
466 2019 795 2077 redditurus.
843 2019 1013 2087 Quam
1061 2018 1346 2089 episcopus
1389 2018 1654 2088 accipiens
1700 2018 1854 2075 altari

279 2112 550 2183 imposuit.
582 2111 668 2166 Fit
694 2110 969 2181 strepitus,
999 2110 1192 2181 gaudio
1222 2108 1250 2149 δ
1285 2119 1624 2180 provocante,
1658 2109 1858 2165 irrevo-

278 2208 463 2265 cabilis
490 2206 829 2277 populorum.
860 2204 1052 2260 Statim
1095 2206 1310 2260 nuntius
1351 2204 1520 2274 pergit
1562 2203 1627 2257 ad
1673 2212 1856 2274 tyran-

280 2318 425 2358 num.
456 2302 682 2371 Rapitur
703 2298 874 2365 Felix,
900 2298 1186 2369 inquiritur
1207 2299 1275 2353 ab
1298 2313 1363 2353 eo
1391 2299 1514 2369 quid
1546 2297 1741 2353 factum
1762 2299 1854 2366 sit,

282 2398 383 2466 22
403 2393 740 2464 qualiterque
770 2393 1033 2462 receperit
1061 2392 1260 2448 lumen.
1286 2390 1425 2447 Dicit
1448 2390 1541 2446 ille
1573 2406 1639 2446 ex
1666 2390 1856 2445 ordine

283 2492 473 2551 totum,
492 2483 780 2553 dicuntque
808 2482 1129 2538 Arianorum
1153 2480 1425 2552 episcopi:
1451 2481 1563 2535 Hoc
1585 2479 1858 2550 Eugenius

284 2594 374 2649 per
404 2576 669 2634 maleficia
697 2575 843 2632 fecit.
875 2576 942 2631 Et
982 2576 1104 2646 quia
1145 2574 1386 2645 oppressi
1415 2572 1729 2629 confusione
1774 2573 1856 2628 lu-

283 2687 405 2729 men
433 2686 538 2726 non
569 2678 815 2740 poterant
841 2669 1107 2736 nubilare,
1146 2684 1212 2724 eo
1238 2667 1381 2739 quod
1408 2667 1561 2723 Felix
1596 2669 1860 2725 universa:

286 2766 480 2823 civitati
530 2763 842 2820 manifestus
870 2771 1015 2821 esset
1060 2772 1115 2820 et
1160 2771 1356 2830 notus;
1388 2772 1565 2819 tamen
1605 2764 1863 2821 volebant

289 2848 409 2915 cum
431 2900 447 2926 ,
476 2860 519 2913 si
549 2859 631 2915 fas
664 2868 833 2926 esset,
872 2873 1087 2924 necare,
1118 2858 1382 2929 quomodo
1412 2859 1582 2915 Judaei
1632 2860 1863 2917 suscita-

293 2959 401 3007 tum
433 2950 691 3006 Lazarum
720 2949 1009 3020 cupiebant
1037 2951 1284 3007 occidere
1312 2949 1487 3021 (Joan.
1515 2968 1608 3017 xu,
1641 2952 1753 3022 10).

356 3042 539 3097 XVIII.
575 3041 746 3096 Latus
775 3050 987 3112 martyr.
1017 3072 1087 3082 —
1117 3044 1592 3113 Appropinquabat
1635 3043 1743 3113 jam
1785 3043 1865 3099 fu-

290 3141 436 3189 turus
483 3133 604 3190 dies
643 3133 733 3187 ille
774 3132 1135 3188 calumniosus
1180 3132 1523 3189 calendarum
1553 3134 1867 3191 Februaria-

290 3239 428 3291 rum,
478 3224 547 3279 ab
597 3223 789 3278 eodem
844 3230 1095 3278 statutus.
1145 3224 1485 3280 Conveniunt
1532 3240 1639 3279 non
1694 3227 1867 3282 solum

291 3317 550 3371 universae
590 3314 813 3383 Africae,
859 3330 1045 3371 verum
1072 3315 1232 3372 etiam
1266 3317 1555 3373 insularum
1583 3319 1869 3376 multarum

292 3404 544 3475 episcopi,
567 3405 854 3460 afﬂictione
875 3414 929 3460 et
954 3420 1186 3462 mcerore
1210 3409 1461 3463 confecti.
1497 3410 1580 3463 Fit
1598 3410 1866 3466 silentium

292 3496 478 3552 diebus
505 3497 689 3551 multis
706 3536 721 3563 ,
745 3512 1022 3570 quousque
1054 3501 1252 3569 peritos
1275 3515 1514 3572 quosque
1542 3511 1597 3557 et
1621 3502 1868 3559 doctissi-

295 3604 406 3645 mos
434 3590 581 3646 viros
609 3588 702 3663 [aL
748 3591 939 3647 exinde
983 3595 1282 3664 superaret]
1314 3594 1525 3650 interim
1570 3605 1867 3667 separaret,

292 3682 572 3741 calumniis
610 3683 865 3755 appositis
906 3684 1230 3740 euocandus.
1266 3683 1397 3741 Nam
1444 3702 1606 3742 unum
1636 3702 1701 3743 ex
1754 3688 1871 3758 ipso

366 3899 393 3927 ⁸
430 3888 714 3944 Loricltius
739 3887 818 3943 sic
848 3887 1007 3944 habet
1044 3906 1056 3941 :
1102 3888 1178 3942 0b
1205 3889 1301 3942 hoc
1351 3896 1545 3943 tantum
1569 3889 1874 3945 miraculum

298 3960 514 4032 populus
537 3961 808 4032 excitatus,
829 3960 1163 4028 comprimere
1195 3959 1357 4012 virum
1386 3961 1472 4029 qui
1518 3971 1771 4028 receperat
1793 3961 1874 4014 lu-

300 4027 410 4084 ne»
439 4038 717 4098 creperum.
748 4027 836 4083 Fit
874 4040 1065 4099 postea,
1093 4038 1197 4085 etc.

368 4100 545 4165 1’Alii,
587 4107 805 4154 metante
842 4110 934 4155 aut
990 4101 1278 4155 comitante.
1319 4098 1468 4154 Colb.
1508 4101 1556 4162 ι,
1598 4100 1868 4154 mediante.

301 4170 525 4227 Orthod.
555 4179 613 4226 et
636 4170 935 4235 Loricltius,
963 4180 1263 4240 provocante
1288 4171 1793 4234 intestimabitis,c:c.

375 4253 395 4279 ε
426 4242 523 4296 Ilic
553 4242 651 4295 fuit
679 4243 958 4311 episcopus
986 4240 1297 4311 Neptitanos
1328 4242 1379 4296 in
1408 4241 1699 4311 Byzacena,
1728 4251 1785 4296 ut
1806 4256 1872 4296 ex

304 4313 500 4367 Notitia
526 4310 886 4382 patetaidem
912 4310 1134 4366 testatur
1184 4310 1362 4366 Victor
1391 4311 1764 4367 Tunnonensis
1818 4312 1869 4366 iu

303 4380 592 4445 Chronico,
623 4389 680 4437 et
706 4380 937 4436 Isidorus
958 4383 1009 4435 in
1050 4382 1278 4436 Historia
1307 4382 1456 4437 brevi
1489 4381 1869 4448 Vandalorum,

305 4468 409 4508 aera
438 4453 565 4508 501.
598 4452 724 4521 Ejus
747 4453 1054 4507 memoriam
1089 4452 1243 4507 simul
1270 4468 1387 4507 cum
1415 4467 1573 4522 supra
1598 4453 1876 4508 recensitis

304 4522 1011 4593 confessoribusicelebrant
1038 4523 1248 4591 vulgata
1292 4522 1667 4593 Martyrologia
1713 4524 1799 4577 die
1844 4523 1877 4577 6

310 4592 657 4661 Septembris.
688 4592 869 4647 Victor
890 4602 1065 4647 tamen
1096 4592 1468 4647 Tunnonensis
1513 4594 1567 4647 in
1594 4592 1879 4648 Chronico

315 4662 527 4718 laudato
550 4678 675 4718 eum
702 4661 791 4718 die
819 4678 891 4717 xit
919 4662 1168 4718 calendas
1198 4663 1439 4718 Octobris
1464 4664 1700 4732 glorioso
1739 4679 1879 4717 mar-

311 4733 453 4803 tyrio
480 4741 795 4789 coronatum
850 4733 1014 4788 fuisse
1051 4742 1351 4799 asseverat,
1392 4733 1605 4789 Zenone
1643 4736 1881 4804 Augusto

308 4805 575 4886 consule;
592 4804 840 4886 Ejusdem
868 4803 1034 4886 sancti
1060 4804 1163 4885 viri
1196 4804 1527 4886 apparitione
1555 4803 1750 4859 bellum
1778 4804 1878 4886 ad-

310 4889 501 4944 versus
530 4871 800 4944 Vandalus
829 4888 858 4926 a
882 4871 1186 4944 Justiniano
1225 4871 1546 4943 imperatore
1574 4884 1884 4944 susceptum

310 4943 480 5000 fuisse
513 4943 705 5014 scribit
731 4943 839 5014 jam
880 4943 1123 5000 laudatus
1170 4942 1423 5007 lsido’rus,
1478 4959 1584 4999 tera
1634 4942 1757 5001 560.
1804 4943 1885 4998 Ad

309 5014 453 5082 quod
474 5022 652 5069 tamen
675 5013 841 5068 fuisse
868 5015 1136 5069 incitatum
1168 5014 1623 5069 adhortationibus
1651 5014 1885 5084 episcopi

310 5085 618 5152 cujusdam,
649 5085 739 5154 qui
774 5085 865 5139 Dei
896 5086 1099 5139 monitu
1133 5100 1199 5139 ex
1239 5084 1458 5139 Oriente
1505 5087 1885 5139 Constantino-

386 5155 479 5225 lim
521 5163 789 5225 venerat,
822 5155 1011 5209 asserit
1055 5154 1344 5225 Procopius
1388 5154 1523 5209 libro
1568 5171 1583 5209 t
1633 5155 1699 5209 de
1740 5154 1889 5210 Bello

358 5224 627 5279 andalico.
666 5224 986 5296 Pauloinfra
1015 5224 1270 5279 aestimans
1298 5225 1389 5277 tati
1410 5226 1635 5296 exempto
1662 5226 1889 5279 (iurarent

309 5294 590 5361 incutiens,
618 5303 727 5349 etc.
760 5293 909 5364 Coll).
954 5297 1005 5358 I,
1047 5297 1301 5349 restitimus
1336 5293 1608 5364 quod......
1659 5297 1892 5349 timorem

307 5367 579 5420 excitaret.
613 5365 794 5427 Mart.,
826 5363 967 5431 Ful.,
1000 5364 1204 5430 Germ,
1237 5367 1385 5432 Sur.,
1434 5365 1656 5422 Orthod.
1701 5376 1754 5421 et
1784 5366 1891 5420 Lo-

308 5435 545 5500 tichius,
563 5438 790 5504 quod...
816 5436 1043 5505 timorem
1069 5436 1309 5491 incuteret
1332 5436 1539 5505 reliquis
1560 5446 1609 5490 et
1630 5437 1886 5491 (casuram.

382 5506 413 5543 ά
443 5506 551 5561 Alii
577 5503 801 5569 habent,
825 5503 927 5559 Illo
947 5514 1019 5559 est
1039 5522 1234 5575 semper
1257 5503 1524 5559 tractanda
1550 5505 1762 5570 locutio,
1784 5507 1889 5574 ubi,

305 5589 417 5631 etc.
446 5575 516 5632 Et
536 5576 693 5643 infra,
712 5576 1063 5645 Cagnitoribus
1083 5576 1494 5631 discernentibus.
1518 5576 1736 5645 Aliquot
1761 5591 1888 5632 mss.

307 5658 364 5701 et
392 5646 552 5713 editi,
583 5646 978 5717 decernentibus.
1014 5647 1180 5701 Porro
1222 5650 1537 5717 cognitores,
1575 5646 1890 5717 dicebantur

1957 1842 2220 1911 cognitor,
2245 1841 2364 1910 quis
2392 1841 2746 1907 examinator,
2776 1849 2832 1895 ut
2858 1840 2992 1895 libra
3030 1841 3249 1911 justitiae
3278 1850 3371 1897 aut
3399 1843 3537 1899 bene

1957 1934 2164 2003 prolata
2207 1936 2518 1997 confirmet,
2550 1942 2641 1988 aut
2687 1948 2851 2004 prave
2880 1944 3149 2004 assumpta
3194 1935 3437 1990 refellat?
3474 1935 3539 1990 Et

1956 2040 2076 2080 cum
2108 2026 2233 2081 talia
2264 2035 2318 2080 ct
2344 2027 2445 2081 alia
2485 2027 2812 2093 dicerentur,
2850 2025 3093 2083 notarius
3138 2029 3280 2098 regis
3309 2043 3537 2098 respon-

1957 2119 2037 2174 dit
2069 2136 2082 2172 ε
2116 2118 2423 2173 Patriarcba
2455 2128 2477 2156 ο
2509 2118 2686 2190 Cyrila
2729 2118 2879 2173 dixit.
2914 2118 2995 2173 Ad
3042 2119 3182 2189 quod
3227 2120 3457 2187 superbe
3484 2128 3539 2177 et

1958 2209 2143 2265 illicito
2169 2210 2269 2264 sibi
2303 2223 2494 2265 nomen
2535 2218 2844 2279 usurpatum
2885 2209 3052 2263 nostri
3097 2209 3344 2264 detestati
3387 2209 3537 2265 dixe-

1960 2310 2083 2358 runt
2116 2320 2127 2355 :
2163 2302 2393 2372 Legatur
2442 2301 2598 2356 nobis
2627 2316 2729 2371 quo
2759 2299 3089 2356 concedente
3128 2300 3268 2357 istud
3312 2300 3413 2357 sibi
3443 2317 3539 2356 no-

1961 2409 2084 2449 men
2105 2394 2280 2465 Cyrila
2307 2390 2613 2462 assumpsit.
2649 2391 2714 2445 Et
2735 2392 2929 2447 exinde
2951 2391 3233 2461 strepitum
3258 2391 3536 2448 concitan-

1964 2494 2079 2553 tes,
2128 2486 2444 2541 calumniari
2504 2484 2795 2540 adversarii
2843 2492 3145 2554 cmperunt.
3180 2485 3242 2539 Et
3270 2484 3393 2554 quia
3439 2484 3539 2541 hoc

1962 2576 2131 2632 nostri
2164 2577 2426 2646 petierant
2460 2584 2516 2629 ut
2537 2576 2749 2642 saltem,
2777 2577 2821 2630 si
2868 2576 3174 2631 examinare
3197 2591 3303 2630 non
3326 2576 3538 2644 licebat,

1964 2669 2211 2741 prudenti
2236 2668 2559 2723 multitudini
2590 2670 2675 2724 vel
2704 2679 3016 2741 exspectare
3046 2670 3231 2725 liceret
3252 2686 3264 2721 :
3287 2669 3541 2738 jubentur

1964 2759 2198 2814 universi
2229 2759 2320 2814 filii
2345 2758 2622 2814 catholica:
2642 2759 2901 2815 Ecclesia:
2922 2760 3009 2830 qui
3034 2760 3276 2827 aderant,
3302 2761 3541 2817 centenis

1964 2852 2195 2907 fustibus
2221 2851 2312 2923 [α’.
2341 2851 2496 2922 caedi]
2532 2851 2698 2906 tundi.
2724 2852 2874 2907 Tunc
2897 2852 3129 2907 clamare
3158 2853 3319 2921 cmpit
3355 2853 3541 2908 beatus

1968 2943 2138 3015 [ιον-η
2173 2942 2458 3014 Eusebius]
2496 2943 2772 3013 ,Eugeuius
2804 2962 2817 2997 :
2850 2942 3042 2998 Videat
3066 2943 3208 3000 Deus
3251 2946 3356 2998 vim
3382 2960 3539 3014 quam

1966 3039 2217 3109 patimur,
2278 3045 2569 3107 cognoscat
2624 3036 2968 3091 afflictionem
3020 3047 3074 3092 et
3120 3038 3540 3106 persecutionem

1968 3147 2125 3201 quam
2156 3145 2185 3185 a
2217 3129 2647 3199 persecutoribus
2691 3128 3035 3184 sustinemus.
3062 3130 3423 3201 Conversique
3446 3145 3539 3186 no.

1970 3226 2066 3282 stri
2089 3269 2103 3293 ,
2130 3223 2327 3295 Cyrilte
2365 3223 2615 3278 dixerunt
2641 3239 2657 3278 :
2688 3204 2935 3290 Propone
2985 3222 3126 3291 quod
3157 3221 3417 3291 disponis.
3440 3222 3544 3293 Cy-

1970 3320 2068 3374 rila
2092 3317 2224 3373 dixit
2255 3335 2267 3368 :
2300 3315 2488 3370 Nescio
2514 3314 2701 3369 Latine
2724 3313 2887 3386 [Cotb.
2922 3316 2953 3383 i_
2981 3314 3123 3368 addit
3151 3313 3337 3387 loqui].
3361 3313 3543 3370 Nostri

1971 3411 2205 3481 episcopi
2253 3410 2545 3465 dixerunt:
2574 3408 2796 3477 Semper
2827 3418 2878 3463 te
2919 3406 3104 3463 Latine
3149 3423 3267 3463 esse
3313 3407 3542 3463 locutum

1974 3505 2257 3561 manifesto
2288 3505 2560 3567 novimus;
2586 3502 2742 3557 modo
2773 3502 3013 3558 excusari
3043 3517 3149 3556 non
3178 3501 3341 3557 debes
3362 3546 3377 3571 ,
3410 3517 3545 3570 prae-

1975 3597 2160 3653 sertim
2184 3596 2305 3666 quia
2337 3604 2392 3650 tu
2423 3594 2579 3664 hujus
2618 3595 2693 3650 rei
2734 3593 3037 3649 incendium
3064 3593 3352 3649 suscitasti.
3381 3592 3447 3648 Et
3471 3593 3547 3649 vi-

1979 3687 2111 3744 dcus
2133 3685 2429 3743 catholicos
2459 3686 2739 3757 episcopos
2769 3684 2834 3742 ad
2862 3686 3167 3741 conflictum
3194 3688 3361 3756 magis
3386 3684 3548 3740 fuisse

1976 3890 2188 3943 bantur.
2221 3889 2294 3943 De
2323 3887 2404 3942 his
2438 3886 2767 3953 Augustinus
2805 3886 2857 3941 in
2905 3885 3176 3940 breviculo
3220 3884 3544 3940 collationis.

1976 3960 2130 4014 Plura
2154 3975 2280 4013 vero
2311 3958 2469 4011 habet
2491 3958 2725 4012 Morinos
2746 3956 2837 4011 lib.
2866 3972 2883 4010 ι
2909 3956 3357 4010 Exercitationtnn
3382 3954 3547 4009 eccle-

1974 4031 2123 4084 siasl.
2157 4044 2273 4097 cap.
2305 4029 2394 4082 9.0.
2431 4028 2626 4082 Eorum
2652 4027 2850 4097 mentio
2880 4026 3075 4097 passim
3106 4025 3157 4078 in
3197 4025 3543 4097 conciliorum

1975 4100 2107 4153 actis
2131 4095 2375 4159 habetur,
2406 4114 2466 4152 ex
2496 4098 2688 4167 quibus
2714 4096 2868 4152 facile
2894 4095 3067 4164 quivis
3095 4111 3279 4167 eorum
3309 4095 3545 4149 officiunt

1976 4171 2287 4237 dignoscere
2303 4170 2410 4239 78
2427 4166 2617 4236 potest.
2644 4168 2710 4223 Et
2728 4167 2884 4232 infra,
2900 4167 3111 4239 .prolata
3134 4166 3416 4233 conﬁrmet,
3441 4174 3544 4239 etc.

1975 4236 2091 4295 Ful.
2120 4250 2175 4295 et
2203 4236 2396 4301 Mari,w
2412 4240 2729 4305 conﬁrment,
2768 4248 2857 4291 aut
2887 4238 3070 4305 probra
3095 4245 3356 4302 assumpta
3392 4236 3549 4305 refel-

1984 4311 2110 4364 lant.
2145 4311 2638 4376 Germ.,ronﬁrntet
2688 4318 2773 4362 aut
2816 4308 3020 4375 probra,
3068 4317 3173 4362 etc.
3219 4305 3441 4365 Ortltod.
3499 4312 3552 4362 ct

1984 4382 2281 4445 Loricltius,
2312 4380 2537 4447 improbe
2558 4388 2816 4447 assumpta
2838 4378 3057 4446 refellat.

2056 4462 2078 4490 ο
2115 4453 2262 4507 liunc
2296 4452 2467 4505 locum
2500 4451 2824 4504 reslituimus
2853 4464 2921 4502 ex
2953 4463 3080 4503 mss.
3095 4448 3249 4503 Colb.
3276 4448 3297 4501 1
3333 4457 3386 4503 ct
3409 4449 3552 4503 Port.

1984 4522 2392 4590 Interpellnrunt
2418 4522 2615 4589 quippe
2641 4520 2910 4583 catholici,
2939 4533 3060 4573 cum
3092 4519 3206 4573 lucc
3236 4520 3431 4590 verba,
3446 4518 3551 4573 Pa-

1984 4589 2209 4645 triarclta
2242 4591 2415 4660 Cyrila
2462 4592 2611 4656 dixit,
2662 4590 2911 4660 Notarius
2952 4591 3336 4655 pronuntiaret.
3395 4589 3555 4644 Ferro

1983 4666 2128 4717 enim
2166 4658 2568 4731 non—peterent,
2608 4671 2663 4714 ut
2704 4661 2791 4716 ille
2822 4658 3052 4730 Cyrilam
3093 4668 3424 4729 nuncuparet
3464 4674 3556 4727 pa-

1986 4730 2309 4796 triarcbam,
2333 4731 2471 4785 unde
2493 4733 2753 4785 sermonis
2795 4732 2962 4799 ipsius
3010 4730 3151 4783 illum
3200 4731 3556 4797 interrups-re.

1986 4803 2139 4858 Coll».
2172 4803 2327 4864 alter,
2348 4802 2617 4863 Rbenan.,
2647 4801 2844 4865 Cirim,
2869 4800 3040 4863 Bald.,
3073 4809 3127 4854 et
3155 4801 3328 4868 Bign.,
3360 4802 3555 4853 omissa

1988 4889 2090 4927 una
2123 4874 2281 4927 linea.
2317 4870 2488 4941 Cyrila
2513 4872 2675 4925 dixit:
2715 4871 2955 4942 Legatur,
3015 4880 3123 4942 etc.
3163 4872 3332 4942 Aliter
3363 4871 3559 4925 habent

1988 4946 2135 5009 Sur.,
2167 4940 2417 5005 Ol‘lh0d.,
2452 4941 2750 5007 Loritltius,
2781 4940 2974 4997 etcum
3006 4941 3082 4995 eis
3114 4940 3260 4994 Bald.
3296 4941 3347 4996 in
3381 4942 3558 5008 proli:-

1989 5014 2252 5084 gomcnis,
2306 5013 2529 5074 scilicet,
2581 5012 2884 5066 Patriarclta
2938 5011 3107 5080 Cyrila
3171 5010 3326 5084 dixit,
3368 5013 3561 5080 aliquos

1993 5082 2212 5139 uestrum
2258 5083 2469 5153 superbe
2519 5091 2565 5137 et
2606 5084 2780 5136 illicite
2822 5083 2919 5136 sibi
2968 5098 3149 5153 nomen
3196 5082 3562 5136 εαιΙιοΙίευτιειη

1994 5170 2283 5225 usurpasse.
2318 5150 2498 5206 Nostri
2510 5154 2699 5225 _testati
2728 5154 3001 5225 dixerunt:
3032 5150 3269 5220 Legatur,
3310 5164 3413 5206 etc.
3464 5156 3564 5207 Sed

1993 5227 2045 5279 ni
2080 5222 2254 5289 fallor,
2289 5238 2475 5278 vocem
2497 5222 2875 5277 Cat/tolicornm
2901 5222 3099 5291 absque
3125 5238 3225 5277 IIlS.
3251 5235 3565 5291 posuerunt,

2032 5295 2137 5349 uod
2165 5295 2299 5349 alias
2331 5308 2521 5348 sensus
2569 5293 2839 5348 videretur
2889 5293 2966 5347 eis
3012 5307 3130 5347 esse
3179 5295 3377 5349 nullus.
3434 5293 3563 5346 Nam

2032 5312 2137 5349 uou
2165 5312 2299 5349 anas
2331 5312 2521 5348 sensus
2569 5312 2839 5348 videretur
2889 5312 2966 5347 ets
3012 5312 3130 5347 esse
3179 5312 3377 5349 nunus.
3434 5312 3563 5346 tum

1994 5312 2111 5420 Fui.
2140 5374 2194 5419 et
2231 5364 2438 5428 Germ.,
2471 5364 2557 5432 qui
2590 5363 2726 5417 hanc
2768 5363 3048 5418 lectionem
3079 5362 3295 5428 habent,
3341 5379 3439 5430 pro
3480 5378 3565 5414 ca-

1996 5436 2301 5490 tholicorum
2330 5434 2527 5489 habent
2573 5435 2900 5505 patriarchae,
2931 5444 2985 5487 et
3021 5432 3172 5487 Colb.
3215 5434 3401 5505 tertius
3441 5446 3562 5484 cum

1996 5507 2182 5575 Comp.
2215 5512 2476 5560 neutram.
2514 5503 2679 5560 Perro
2710 5504 2972 5575 familiare
3002 5511 3137 5575 erat,
3161 5513 3223 5575 _ut
3264 5503 3371 5571 jam
3402 5514 3564 5575 supra

1996 5570 2417 5641 observavimus,
2451 5575 2588 5645 apud
2631 5576 2762 5631 istos
2781 5574 3018 5644 aliosque
3062 5570 3335 5645 barbaros,
3368 5570 3561 5637 praeci-

2000 5663 2159 5721 puum
2186 5646 2357 5717 gentis
2381 5644 2495 5704 suze
2521 5646 2828 5718 episcopum
2861 5644 3206 5718 patriarcham
3231 5653 3559 5710 nuncupare.

305 5717 405 5783 qui
426 5716 878 5785 recognoscendis
902 5717 1270 5787 episcoporum
1292 5715 1573 5776 Sententiis
1592 5715 1891 5774 committc-
1970 5739 1978 5745 η
2000 5715 2011 5747 ‘-
