3988 6344
436 312 545 381 219

1715 292 2017 369 'vicroms
2056 260 2361 366 pressis

3551 298 3677 364 ’ἳῖσ

433 450 670 512 paratos,
693 439 944 492 “omnino
962 432 1174 489 volebat
1194 431 1517 488 audientiam
1540 428 1761 483 diversis
1785 425 1999 481 cavilla-
2028 429 2078 486 Α
2104 426 2414 493 cit-uterque
2440 423 2817 509 conscriptum,
2846 421 3084 477 dicentes
3114 436 3126 474 :
3159 421 3215 477 Si
3250 426 3486 475 nostram
3518 422 3671 482 ﬁdem

443 534 681 591 tionibus
708 529 990 587 declinare.
1034 526 1185 593 Quod
1235 532 1357 581 ante
1406 523 1577 579 nostri
1619 519 1995 591 praesidentes,

441 621 671 680 libellum
692 619 759 676 de
787 619 887 674 ﬁde
916 618 1365 687 conscripserant,
1408 616 1538 670 satis
1567 612 1819 667 decenter
1847 610 1997 665 suill-

2108 531 2428 585 cognoscere
2480 504 2815 578 desideratis,
2863 514 2977 569 htec
3018 521 3102 570 cst
3152 515 3347 571 veritas
3390 528 3548 583 quam
3595 527 3674 575 te-

2106 624 2305 665 nemus.

510 767 539 797 ι
566 758 653 815 Sic
678 756 835 811 habet
858 752 1153 809 Lorichius.
1187 758 1252 808 At
1278 752 1369 807 alii
1410 767 1538 807 mss.
1583 758 1637 804 et
1663 747 1748 804 ed.
1778 746 1982 800 omnino
2020 745 2449 800 audientiam.....
2481 745 2751 799 declinavit

1392 976 1872 1085 LIBER
1964 975 2277 1082 TER
2296 974 2455 1080 T1
2481 975 2698 1085 US.

838 1164 1174 1211 PBOI‘BSSIO
1216 1162 1389 1207 FIDE!
1430 1157 1921 1206 CATHOLICORUM
1963 1157 1995 1200 Ε

2103 1144 2396 1201 conatum
2441 1150 2762 1202 BUNERICO
2805 1156 2952 1203 nam
2996 1159 3261 1206 onum.

503 1277 607 1348 23
644 1276 685 1331 l.
732 1273 914 1329 Unitas
953 1269 1247 1325 substantia:
1284 1267 1396 1322 Dei.
1441 1296 1510 1306 —
1547 1264 1729 1336 Regali
1769 1262 1997 1334 imperio

433 1368 556 1426 ﬁdei
585 1367 879 1434 catholicze,
910 1370 1068 1436 quam
1107 1375 1369 1427 tenemus,
1402 1362 1743 1432 praecipimur
1771 1360 1997 1415 reddere

430 1462 711 1526 rationem,
744 1460 969 1530 ideoque
997 1456 1333 1528 aggredimur
1357 1470 1452 1525 pro
1476 1465 1779 1510 nostrarum
1804 1452 1995 1507 virium

429 1555 795 1613 mediocritate
816 1596 829 1619 ,
864 1542 1045 1607 divino
1068 1546 1182 1606 fulti
1208 1560 1233 1589 α
1264 1551 1551 1620 adiutorio,
1580 1563 1700 1617 qua:
1726 1545 1997 1601 credimus

428 1648 512 1704 vel
540 1646 887 1717 praedicamus
913 1640 1145 1699 breviter
1174 1641 1441 1696 intimare.
1474 1638 1708 1693 Primum
1740 1637 1898 1703 igitur
1930 1633 1997 1689 de

428 1738 631 1793 unitate
672 1735 979 1790 substantia:
1033 1733 1205 1787 Patris
1262 1740 1316 1786 et
1355 1729 1384 1769 ιι
1429 1728 1590 1793 Filii,
1633 1726 1772 1797 quod
1826 1725 1999 1780 Graeci

427 1829 691 1902 ὁμοούσιον
712 1827 913 1890 dicunt,
960 1822 1330 1892 exponendum
1362 1820 1515 1876 nobis
1560 1834 1681 1874 esse
1722 1816 2000 1887 cognosci-

428 1922 566 1975 mus.
614 1920 823 1973 Patrem
864 1931 1011 1985 ergo,
1043 1922 1097 1970 et
1133 1913 1347 1979 Filium,
1378 1920 1433 1967 et
1460 1910 1714 1980 Spiritum
1757 1915 1997 1962 sanctum

428 2010 499 2064 ita
525 2010 575 2062 in
600 2009 799 2062 unitate
839 2007 1059 2062 Deitatis
1091 2004 1429 2075 proﬁtemur;
1458 2010 1595 2056 utet
1636 2001 1845 2055 Patrem
1889 2010 1911 2037 ο
1945 1998 1996 2052 in

2156 886 3677 911 Μ

2176 1259 2239 1315 ll.
2274 1258 2527 1314 Probatur
2547 1277 2609 1315 ex
2637 1261 2940 1330 Scripturis.
2961 1296 3027 1305 ρ-
3049 1263 3125 1319 Ex
3156 1266 3310 1323 Patre
3334 1277 3511 1325 autem
3535 1285 3677 1339 esse,

2104 1342 2156 1409 id
2186 1362 2265 1408 est
2296 1353 2448 1407 unius
2478 1369 2596 1409 cum
2650 1354 2808 1411 Patre
2854 1358 3162 1414 substantia:
3184 1402 3196 1423 ,
3246 1360 3326 1415 his
3358 1363 3681 1421 testimoniis

2104 1445 2447 1515 approbatur,
2492 1448 2743 1515 Apostolo
2778 1447 2989 1504 dicente
3022 1465 3039 1503 :
3073 1450 3171 1515 Qui
3202 1469 3314 1506 cum
3342 1454 3406 1507 sit
3438 1457 3681 1526 splendor

2102 1539 2296 1609 glorite,
2327 1549 2369 1592 et
2396 1540 2562 1610 ﬁgura
2582 1540 2876 1595 substantia:
2905 1545 3037 1613 ejus,
3060 1560 3237 1613 gerens
3270 1562 3469 1615 quoque
3506 1550 3680 1605 omnia

2102 1631 2247 1685 uerbo
2270 1632 2468 1686 virtutis
2508 1646 2614 1685 suae
2658 1631 2841 1703 (Hebr.
2879 1647 2917 1696 ι,
2943 1631 3018 1701 '5).
3058 1634 3123 1687 Et
3167 1634 3358 1690 iterum
3391 1637 3506 1705 ipse
3540 1636 3682 1695 Deus

2104 1720 2259 1777 Pater
2284 1722 2675 1777 incretiulorum
2707 1724 2981 1793 perﬁdiam
3009 1724 3317 1796 objttrgnns,
3358 1729 3446 1799 qui
3482 1730 3683 1798 przedi-

2102 1816 2271 1870 cantis
2303 1829 2397 1885 per
2438 1817 2725 1885 prophetas
2760 1814 2875 1872 Filii
2910 1833 3095 1873 vocem
3147 1820 3195 1873 in
3246 1818 3338 1875 sna
3381 1823 3682 1879 substantia

2105 1914 2413 1961 manentem-
2429 1908 2607 1962 audire
2631 1908 2935 1975 noluerunt,
2961 1908 3237 1980 2&dixit:
3262 1911 3379 1967 Non
3403 1914 3682 1969 audierunt

2102 2014 2268 2051 vocem
2291 2008 2314 2035 ι’
2343 2001 2636 2053 substantia:
2677 1999 2805 2069 (Jer.
2837 2017 2917 2065 Ix,
2956 2004 3074 2073 lO),
3109 1998 3263 2072 quam
3313 2022 3499 2060 vocem
3548 2008 3682 2062 sub-

427 2118 539 2161 suze
569 2105 889 2174 proprietate
917 2116 1159 2172 persona:
1186 2099 1498 2164 subsistere,
1518 2105 1571 2152 et
1592 2096 1780 2150 Filium
1807 2094 1998 2148 nihiio-
2029 2078 2073 2138 Β
2102 2092 2309 2146 stantia:
2361 2090 2506 2163 [cdit.
2539 2109 2657 2147 cum
2692 2094 2818 2166 iatn]
2849 2098 3205 2164 contemptam
3240 2099 3461 2154 terribili
3495 2114 3686 2157 conte-

430 2199 603 2252 minns
652 2196 704 2251 in
749 2196 963 2266 propria
999 2203 1210 2250 exstare
1256 2207 1515 2262 persona,
1548 2201 1707 2260 atque
1743 2189 1999 2258 Spiritum

427 2302 667 2355 sanctum
703 2304 945 2359 persona:
985 2281 1095 2341 suze
1149 2286 1527 2355 proprietatem
1576 2284 1807 2338 retinere
1858 2281 1998 2337 ﬁdeli

424 2381 759 2436 confessione
805 2380 1079 2435 fateamur.
1128 2377 1243 2432 Non
1274 2378 1521 2433 eumdem
1555 2384 1858 2431 asserentes
1904 2375 2002 2429 Pa-

426 2480 557 2525 trem
574 2486 728 2539 quem
749 2469 961 2533 Filium,
988 2483 1161 2536 neque
1184 2466 1376 2521 Filium
1394 2467 1714 2520 conﬁtentes
1733 2464 1820 2531 qui
1843 2464 2000 2519 Pater

433 2560 516 2627 sit,
536 2571 627 2616 aut
646 2563 869 2631 Spiritus
898 2570 1144 2623 sanctus;
1176 2575 1345 2628 neque
1368 2559 1438 2612 ita
1463 2559 1717 2626 Spiritum
1757 2566 1998 2611 sanctum

429 2642 740 2718 accipimus,
775 2661 829 2704 ut
851 2658 942 2704 aut
964 2649 1123 2703 Pater
1152 2649 1222 2702 sit
1248 2656 1341 2701 aut
1364 2648 1560 2712 Filius;
1590 2648 1681 2702 sed
1707 2648 1998 2714 ingenitum

428 2740 659 2808 Patrem,
683 2751 739 2796 et
763 2741 829 2795 de
850 2740 1002 2795 Patre
1029 2741 1119 2813 (al.
1136 2740 1339 2812 natum]
1370 2740 1601 2810 genitum
1629 2740 1838 2806 Filium,
1855 2748 1908 2794 et
1933 2740 2000 2797 de

431 2836 586 2889 Patre
616 2832 708 2889 etd
740 2832 871 2889 Filio
890 2833 1264 2903 procedentem
1284 2832 1540 2902 Spiritum
1563 2842 1827 2900 sanctum,
1846 2834 2001 2889 unius

425 2922 823 2980 credimusesse
844 2924 1153 2979 substantirc
1175 2922 1433 2995 [Lor.,et]
1460 2925 1542 2977 vel
1561 2924 1804 2978 essentia:
1833 2940 1847 2978 :
1877 2925 1998 2992 quia

426 3014 644 3085 lngeniti
677 3015 852 3070 Patris
880 3024 932 3069 et
958 3013 1123 3083 geniti
1156 3014 1273 3067 Filii
1317 3021 1372 3069 et
1403 3013 1740 3082 procedentis
1770 3013 1999 3081 Spiritus

425 3106 592 3162 sancti
624 3121 725 3160 una
750 3114 833 3162 est
871 3107 1061 3173 deitas,
1093 3114 1202 3161 tres
1230 3120 1357 3161 vero
1384 3122 1729 3175 personarum
1758 3108 1999 3177 proprie-

427 3204 584 3252 tates.
620 3199 684 3252 Et
713 3200 833 3268 quia
878 3208 1061 3253 contra
1096 3199 1231 3253 hanc
1277 3199 1593 3253 catholicam
1623 3199 1707 3254 vel
1737 3201 1995 3267 apostoli-

425 3302 540 3342 cam
597 3288 755 3342 ﬁdem
786 3296 975 3343 exorta
1016 3286 1237 3342 interesis
1280 3288 1567 3343 novitatem
1612 3288 1893 3358 quamdam
1918 3291 1996 3345 in-

425 3377 674 3444 duxerat,
702 3392 945 3433 asserens
976 3379 1166 3432 Filium
1197 3394 1300 3434 non
1329 3380 1420 3454 [αι.
1448 3379 1538 3451 ex]
1570 3381 1637 3436 de
1670 3381 1843 3436 Patris
1871 3382 1995 3437 sub-

425 3472 616 3526 stantia
633 3468 726 3540 (at.
755 3468 1223 3541 natum]genitum,
1254 3471 1347 3525 sed
1371 3486 1436 3525 ex
1462 3472 1619 3526 nullis
1638 3474 1990 3538 exstantibus,

426 3559 477 3614 id
503 3569 586 3616 est
613 3575 679 3614 ex
710 3559 876 3615 nihilo
922 3560 1222 3615 substitisse
1248 3580 1262 3617 :
1291 3561 1358 3615 ad
1392 3563 1527 3616 hanc
1557 3563 1844 3631 impietatis
1871 3580 1995 3634 pro-

428 3649 738 3716 fessionem,
768 3666 885 3721 qua:
906 3658 1091 3705 contra
1115 3651 1272 3705 ﬁdem
1303 3660 1616 3720 emerserat,
1647 3654 1993 3710 refellendam

426 3751 480 3797 et
508 3742 716 3811 penitus
742 3738 1079 3806 abolendam,
1110 3741 1375 3811 ὁμοούσιον
1400 3757 1579 3797 sermo
1608 3743 1827 3799 Graccus
1854 3749 1996 3814 posi-

428 3842 512 3888 tus
554 3844 669 3897 est,
712 3832 855 3903 quod
910 3833 1286 3902 interpretatur
1332 3838 1489 3889 unius
1552 3836 1861 3893 substantia:
1910 3840 1993 3895 vel

422 3926 691 3992 essentia,
717 3924 1022 3995 signiﬁcans
1052 3924 1244 3980 Filium
1278 3940 1383 3980 non
1411 3941 1476 3981 ex
1524 3926 1617 3997 [al.
1647 3928 1829 4001 nullis]
1873 3930 1993 3985 ullis

420 4016 774 4081 exstantibus,
816 4030 917 4071 nec
945 4030 1013 4071 ex
1058 4018 1159 4071 alia
1202 4017 1530 4085 substantia,
1579 4019 1671 4073 sed
1721 4019 1788 4076 de
1839 4021 1995 4077 Patre

424 4123 603 4164 natum
632 4123 771 4163 esse.
823 4108 922 4174 Qui
954 4124 1079 4163 vero
1124 4116 1273 4179 putat
1314 4109 1585 4180 ὁμοούσιον
1612 4112 1993 4183 auferendum,

423 4216 494 4256 ex
524 4200 689 4254 nihilo
717 4197 829 4251 vult
858 4214 1096 4254 asserere
1129 4198 1318 4253 Filium
1352 4200 1645 4256 exstitisse.
1681 4204 1783 4257 Sed
1813 4220 1878 4259 ex
1911 4206 1996 4259 ni-

426 4291 535 4345 hilo
567 4306 670 4346 non
700 4300 802 4355 est,
837 4305 901 4344 ex
931 4290 1086 4345 Patre
1111 4291 1228 4345 sine
1256 4290 1418 4344 dubio
1455 4300 1558 4358 est,
1599 4301 1654 4346 et
1697 4304 1843 4348 recte
1881 4296 1996 4366 ὁμο-

424 4384 615 4442 ούσιον,
646 4380 697 4434 id
727 4387 809 4433 est
834 4381 986 4432 unius
1010 4395 1128 4433 cum
1162 4379 1321 4434 Patre
1344 4378 1678 4447 substantiae,
1706 4384 1869 4439 Filius
1892 4396 1995 4442 est.

444 4592 452 4612 ._
500 4547 525 4574 ⁸
556 4536 1078 4612 CoduLaAudunensis
1104 4547 1157 4594 et
1187 4537 1295 4603 alii,
1318 4539 1532 4612 auxilio.
1568 4540 1749 4606 Mart.,
1780 4540 1992 4612 Comp.,

430 4605 576 4679 Lor.,
600 4624 652 4664 et
682 4610 855 4675 Orth.,
887 4610 1207 4679 ﬁdemquam
1228 4609 1499 4662 credimus.

500 4677 526 4718 δ
558 4681 708 4735 Colb.
740 4682 759 4735 i
791 4677 936 4735 addit
962 4677 1117 4733 manu
1150 4680 1349 4733 recenti
1380 4690 1425 4733 et
1452 4679 1679 4747 Spiritus
1708 4682 1886 4735 sancti.

502 4761 523 4788 ε
558 4749 645 4805 Sic
668 4751 844 4822 illam,
868 4751 1085 4822 (Germ.,
1112 4748 1273 4822 “Fui”
1296 4759 1373 4822 (et
1418 4750 1593 4804 Chilﬁ.
1644 4752 1712 4805 At
1752 4751 1905 4807 Colb.
1940 4754 1991 4822 l,

427 4823 637 4891 Comp.,
670 4819 969 4885 Lorichius,
1002 4832 1065 4891 et
1104 4819 1353 4891 Orthod.,
1386 4836 1480 4889 pio
1510 4838 1615 4875 suae
1645 4822 1841 4877 habent
1878 4819 1989 4877 sua.

426 4890 575 4949 Colb.
609 4891 763 4954 alter,
787 4900 840 4944 et
870 4890 1037 4945 Laud.
1071 4906 1189 4962 cum
1219 4890 1389 4962 Bald_.,
1426 4891 1681 4962 Bhenan.
1714 4902 1767 4945 et
1812 4892 1986 4962 Bign.,

425 4980 520 5017 sua
537 4952 858 5033 proprietatis
883 4976 1117 5033 persona.
1145 4960 1231 5016 Sic
1252 4970 1304 5015 et
1325 4952 1475 5015 Gelb.
1504 4964 1689 5018 tertius
1717 4963 1768 5017 in
1794 4952 1989 5033 maigil
2018 4952 2072 5013 Ι)

430 5049 523 5104 ne,
540 5030 635 5104 qui
666 5033 718 5086 in
750 5030 1103 5104 textuhabel,
1135 5047 1227 5104 sua
1246 5033 1463 5104 prapria
1485 5033 1693 5086 Deitatis
1718 5030 1952 5104 persenti.

502 5074 517 5096 ,
547 5048 635 5100 qut
667 5048 718 5086 ιιι
750 5048 892 5086 textu
928 5048 1103 5097 nauci,
1135 5048 1227 5083 sua
1246 5048 1463 5152 lpropria
1485 5048 1693 5086 veitatis
1718 5050 1952 5104 persona.

498 5099 674 5183 {Haec
703 5101 1137 5183 particuladeest
1169 5099 1222 5153 in
1288 5102 1488 5183 audael
1518 5103 1570 5155 in
1600 5103 1829 5183 editione
1860 5104 1996 5159 Rhe-

426 5172 570 5226 nani.
604 5170 672 5223 At
702 5172 754 5225 in
781 5169 974 5226 Colb.l
1010 5170 1111 5224 alia
1135 5185 1291 5224 manu
1322 5172 1517 5239 scripta
1550 5182 1649 5228 est.
1680 5174 1746 5228 Et
1769 5174 1819 5229 in
1845 5191 1991 5229 reca-

426 5240 726 5311 pitulatione
752 5241 881 5294 infra
916 5256 1060 5295 num.
1092 5240 1156 5294 21
1192 5255 1299 5293 non
1329 5240 1573 5296 habetur.
1608 5245 1791 5298 Exstat
1815 5253 1992 5300 tamen

426 5314 480 5363 in
502 5312 711 5363 caeteris
737 5325 861 5363 mss.
892 5318 946 5363 et
974 5311 1151 5363 editis.

426 5314 480 5366 in
502 5312 711 5366 caeteris
737 5325 861 5364 mss.
892 5318 946 5363 et
974 5312 1151 5364 editis.

500 5379 713 5454 epLa‘ud.
743 5378 906 5454 addit.
928 5396 1071 5454 mete.
1105 5380 1240 5454 Infra
1272 5388 1447 5454 autem
1475 5380 1526 5435 in
1549 5383 1738 5452 Comp.
1770 5391 1823 5439 et
1848 5384 1990 5454 apud

425 5450 729 5526 Lorichium
757 5450 832 5526 sic
860 5448 1109 5526 habetur:
1138 5451 1237 5526 Qui
1260 5451 1369 5504 cum
1394 5453 1460 5526 sit
1484 5448 1720 5526 splendor
1750 5463 1793 5506 et
1821 5448 1990 5526 figura

425 5521 715 5591 substantia:
744 5522 851 5591 ejus
872 5529 919 5573 et
943 5520 1275 5591 substantiam
1315 5520 1587 5576 noluerunt
1616 5525 1794 5578 audire
1822 5520 1989 5580 barre-

427 5593 533 5646 tici.
568 5590 707 5644 Dixit
733 5589 863 5644 alius
889 5590 1132 5659 propheta
1164 5606 1183 5644 :
1215 5589 1337 5645 Non
1363 5592 1634 5647 audierunt
1666 5610 1851 5660 uocem,
1883 5604 1987 5651 etc.

429 5662 541 5716 Vox
572 5660 791 5737 heretici
834 5660 983 5737 deest
1010 5661 1061 5737 in
1098 5661 1287 5737 Qomp.
1323 5662 1488 5737 Porro
1532 5664 1583 5717 in
1630 5661 1787 5737 _Coib.
1833 5667 1989 5737 unius

428 5733 663 5804 margine
691 5730 804 5787 hmc
836 5731 995 5786 verba
1028 5729 1317 5787 habentur:
1350 5729 1417 5785 In
1453 5730 1675 5790 Ieremia
1707 5735 1989 5795 secundum

2102 2183 2332 2239 statione
2380 2185 2680 2253 increpans,
2714 2185 2777 2241 ad
2801 2188 3047 2241 eumdem
3078 2191 3389 2259 prophetam
3420 2191 3679 2263 loquitur,

2102 2271 2283 2328 dicens
2309 2291 2323 2327 :
2357 2274 2525 2346 Super
2560 2287 2748 2329 montes
2778 2278 2991 2347 accipite
3031 2278 3289 2345 plant-tum
3313 2321 3326 2345 ,
3352 2288 3397 2333 et
3428 2300 3579 2353 super
3599 2300 3685 2336 se-

2103 2366 2249 2420 mitas
2274 2367 2459 2421 deserti
2477 2367 2685 2429 luctum,
2713 2368 2829 2435 quia
2862 2370 3180 2437 defecerunt,
3212 2387 3267 2425 eo
3295 2374 3428 2440 quod
3450 2390 3551 2427 non
3574 2376 3684 2428 sint

2102 2457 2355 2525 homines;
2388 2476 2487 2513 non
2516 2448 2785 2515 audierunt
2808 2477 2977 2514 vorem
3010 2462 3304 2517 substantia:
3332 2480 3363 2516 a
3390 2464 3682 2520 volatilibus

2101 2551 2214 2603 cmli
2252 2558 2408 2619 usque
2451 2553 2518 2604 ad
2558 2568 2737 2622 pecora
2779 2544 2992 2621 (Ibid).
3038 2553 3102 2606 Et
3141 2568 3349 2607 rursum
3395 2568 3490 2610 eos
3528 2556 3683 2624 quia

2102 2642 2434 2708 professione
2476 2643 2632 2698 unius
2680 2644 2992 2699 substantia:
3018 2645 3363 2711 declinantes,
3404 2646 3453 2701 in
3484 2646 3683 2706 eadem

2103 2733 2223 2789 ﬁdei
2252 2734 2543 2789 substantia
2576 2744 2716 2790 stare
2746 2736 3047 2802 noluerunt,
3082 2734 3323 2807 increpat
3353 2738 3535 2794 dicens
3566 2756 3579 2789 :
3610 2740 3682 2796 Si

2099 2829 2348 2879 stetissent
2368 2826 2419 2878 in
2442 2826 2718 2880 substantia
2745 2843 2878 2893 mea,
2897 2827 3185 2881 avertissem
3226 2828 3393 2899 utique
3421 2845 3504 2884 eos
3529 2842 3561 2883 α
3592 2834 3683 2887 via

2099 2922 2195 2971 sua
2236 2918 2404 2983 mala,
2452 2925 2497 2970 et
2533 2935 2564 2971 a
2602 2917 2829 2986 pessimis
2873 2920 3263 2989 cogitationibus
3308 2922 3411 2975 suis
3456 2922 3678 2994 (Icrem.

2101 3026 2248 3076 xxm,
2279 3010 2393 3079 9.2).
2420 3009 2491 3065 Et
2546 3010 2733 3065 iterum
2784 3010 2888 3065 non
2919 3021 3067 3066 extra
3106 3012 3454 3068 substantiam
3499 3013 3683 3073 Patris

2101 3099 2291 3155 Filium
2319 3100 2697 3165 conﬁtendum,
2724 3101 2817 3156 sed
2851 3101 2900 3155 in
2928 3100 3112 3157 eadem
3142 3098 3160 3140 τ
3197 3098 3335 3157 ﬁdeli
3362 3104 3516 3159 oculo
3541 3094 3684 3159 eon-

2101 3194 2351 3250 tuendum
2398 3194 2735 3265 apertissime
2776 3194 3111 3261 declaratur,
3160 3195 3284 3250 dum
3330 3195 3522 3251 dicitur
3575 3210 3683 3266 per

2099 3287 2409 3357 prophetam
2442 3305 2454 3340 :
2492 3288 2613 3352 Quis
2641 3288 2773 3341 stetit
2796 3288 2847 3340 in
2870 3288 3152 3342 substantia
3180 3287 3407 3357 Domini,
3439 3300 3484 3343 et
3510 3289 3680 3358 uidit,

2098 3390 2143 3435 et
2182 3382 2370 3435 audivit
2396 3384 2599 3436 verbum
2628 3382 2737 3450 ejus
2770 3380 2955 3451 (Ibit,
2987 3372 3114 3448 l8)?
3160 3380 3333 3435 Patris
3379 3397 3504 3451 ergo
3542 3381 3684 3437 sub-

2097 3474 2345 3527 stantiam
2397 3471 2588 3525 Filium
2622 3487 2741 3526 esse
2786 3472 3108 3541 propheticis
3130 3473 3237 3541 jam
3266 3472 3392 3528 olim
3421 3474 3683 3543 designa-

2097 3576 2206 3621 tum
2248 3576 2327 3621 est
2371 3564 2627 3632 oraculis,
2659 3566 2868 3621 dicente
2908 3563 3194 3620 Salomone
3244 3582 3257 3620 :
3307 3566 3673 3623 Sttbstantiam

2097 3660 2229 3711 enim
2252 3670 2297 3712 ct
2318 3659 2633 3712 dulcedinem
2659 3668 2818 3723 tuam,
2846 3675 2998 3729 quam
3031 3667 3054 3705 8
3075 3659 3127 3712 in
3155 3657 3291 3727 ﬁlios
3323 3659 3472 3712 habes
3500 3664 3682 3713 osten-

2098 3748 2250 3802 debas
2282 3749 2439 3818 (Sap.
2469 3764 2585 3813 xw,
2629 3747 2740 3815 ‘21),
2776 3763 2930 3816 quam
2960 3749 3012 3802 in
3044 3747 3207 3817 ﬁgura
3238 3756 3291 3803 et
3321 3746 3546 3817 imagine
3573 3765 3681 3817 pa-

2098 3842 2179 3897 nis
2200 3844 2435 3897 caelestis
2456 3841 2652 3911 populo
2675 3840 2833 3895 Israel
2860 3840 3070 3895 coelitus
3097 3850 3316 3909 apparet
3336 3840 3681 3909 proﬂuxisse.

2101 3933 2252 3998 Quod
2283 3932 2396 4002 ipse
2429 3932 2681 3986 Dominus
2706 3930 2758 3985 in
2807 3929 3093 4000 Evangciio
3138 3932 3403 4001 exposuit,
3434 3932 3617 3987 dicens
3657 3952 3678 3990 :

2102 4024 2222 4078 Non
2272 4024 2472 4094 Moyses
2520 4024 2658 4077 dedit
2683 4022 2818 4076 vobis
2865 4039 3045 4090 panem
3088 4023 3151 4076 dc
3198 4022 3353 4091 rtelo,
3386 4024 3473 4077 sed
3511 4021 3683 4078 Pa'er

2100 4133 2239 4171 meus
2267 4116 2355 4167 dat
2388 4115 2522 4169 vobis
2551 4130 2727 4184 panem
2758 4113 2820 4168 de
2849 4116 2972 4167 cwlo
3000 4111 3176 4183 (Joan.
3204 4130 3275 4181 γι,
3303 4112 3427 4184 52);
3461 4126 3516 4169 se
3561 4115 3684 4168 uti-

2100 4222 2202 4276 qne
2244 4222 2431 4273 panem
2480 4206 2594 4273 ipse
2638 4205 2811 4276 [Lor.,
2854 4205 3135 4276 deﬁniens]
3184 4207 3499 4277 designans,
3544 4220 3679 4263 cum

2101 4295 2221 4350 dicit
2283 4314 2294 4348 :
2340 4295 2449 4365 Ego
2494 4311 2603 4349 sum
2652 4298 2799 4368 panis
2852 4297 2990 4351 vivus
3038 4298 3124 4365 qui
3169 4300 3231 4352 de
3280 4301 3403 4353 caelo
3433 4300 3682 4353 descendi

2103 4384 2265 4459 (Ibid.
2289 4386 2378 4455 ii)
2446 4386 2518 4441 De
2556 4404 2658 4457 quo
2700 4388 2858 4443 etiam
2890 4389 3146 4459 propheta
3186 4388 3349 4444 David
3378 4374 3684 4445 dicitzpa-

2101 4545 2235 4601 LXX
2264 4545 2587 4613 lnterpretes.
2610 4550 2759 4617 Quod
2779 4560 2863 4604 est
2881 4566 3086 4606 verum.
3113 4544 3376 4603 Czeterum
3392 4564 3486 4618 pro
3514 4565 3686 4617 super

2100 4628 2306 4683 montes,
2339 4632 2466 4681 ezc.,
2494 4617 2785 4685 Lorichius,
2816 4630 2868 4675 et
2891 4622 2981 4675 alii
3013 4620 3228 4681 habent,
3254 4617 3406 4689 super
3444 4630 3675 4673 montem

2096 4689 2269 4758 accipe
2300 4689 2581 4756 planctum,
2607 4700 2660 4744 et
2688 4706 2782 4758 pro
2810 4692 3059 4755 semitam,
3086 4690 3266 4760 aliqui,
3298 4691 3518 4744 semitas.

2172 4756 2190 4795 ί
2228 4758 2389 4812 Laud.
2408 4769 2459 4811 et
2482 4758 2631 4813 Colb.
2652 4760 2706 4815 2.
2733 4759 2981 4815 Fideliter
2996 4763 3175 4815 mentis
3205 4761 3370 4813 oculo.
3399 4759 3615 4813 Rhenan

2096 4803 2712 4895 βάειὶῑὲνῖὶιξῑιὶίῖἱιὲῖἱιέςὶ
2733 4803 3684 4896 ‘F'Jii"c“.;.'.';:."".;.Bassaris):

2098 4909 2280 4951 mente.
2313 4898 2463 4952 Colb.
2499 4902 2708 4966 tertius,
2747 4900 2965 4968 ﬁdeliter
2990 4910 3174 4956 mente.
3206 4900 3517 4964 Lorichius,
3549 4900 3683 4967 ﬁdei

2096 4978 2278 5021 mente.

2136 5104 2147 5119 .
2175 5048 2197 5083 Β
2231 5038 2396 5119 liuius
2428 5038 2528 5093 loci
2557 5047 2610 5095 et
2638 5038 3040 5119 aliorum,_qui._
3061 5041 3148 5096 hic
3196 5039 3478 5119 habentur,
3514 5054 3685 5119 egre-

2100 5108 2211 5179 gias
2269 5108 2429 5163 habes
2477 5110 2844 5179 expositiones
2896 5108 2948 5165 in
2990 5111 3124 5165 libro
3151 5126 3244 5165 seu
3307 5110 3687 5176 iiesponsionc

2101 5178 2669 5258 795anc1i_Fulgen_t_ii
2687 5181 2751 5234 ad
2773 5181 2959 5258 decem
2977 5183 3295 5236 Arianorum
3315 5180 3681 5258 objectiones,

2101 5250 2155 5319 in
2172 5251 2517 5319 responsione
2530 5251 2728 5306 scilicet
2747 5251 2810 5305 ad
2829 5263 3067 5319 quartam
3082 5268 3269 5307 eorum
3288 5250 3645 5315 ohjectionem
3658 5292 3682 5305 -

2098 5317 2358 5373 (lictorum
2388 5318 2539 5375 Colb.
2575 5323 2624 5385 1,
2650 5322 2827 5387 Mart..,
2847 5317 3003 5387 'Ful.,
3023 5322 3230 5384 Gerin.,
3258 5330 3312 5375 et
3337 5322 3515 5383 Urth.,
3547 5334 3681 5374 cum

2100 5388 2366 5459 Lorichio,
2392 5388 2586 5444 habent
2606 5392 2659 5445 in
2682 5389 2841 5446 Filio.
2874 5391 2936 5445 Et
2966 5392 3120 5457 infra,
3140 5405 3237 5459 pro
3264 5406 3418 5458 quam
3443 5391 3515 5453 in,
3536 5398 3680 5454 etc.,

2097 5458 2247 5513 Orth.
2276 5468 2329 5521 et
2356 5460 2651 5531 Lorichius,
2678 5462 2794 5529 quia
2824 5462 2895 5513 in.
2937 5460 3091 5517 Colb.
3126 5458 3176 5525 li,
3219 5462 3309 5531 qui
3354 5462 3425 5522 in,
3462 5470 3519 5512 ut
3548 5474 3681 5528 qua:

2093 5540 2389 5595 sequuntur
2406 5532 2471 5583 de
2497 5530 2629 5585 Filio
2663 5535 2869 5599 possint
2908 5532 3152 5597 intelligi.
3186 5530 3248 5585 Et
3287 5530 3500 5598 quidem
3547 5530 3683 5599 exi-

2093 5612 2233 5720 gam
2258 5600 2464 5661 videtur
2511 5597 2702 5656 sensus
2750 5601 2962 5657 illorum
3010 5602 3225 5659 Patrum
3282 5597 3340 5657 ut
3377 5599 3587 5670 legatur
3614 5597 3679 5653 in

2146 5685 2253 5721 ιιιο.
