3988 6344
346 314 443 370 ται

1299 313 1384 369 DE
1422 308 1941 369 PERSECUTIONE
1982 306 2365 366 VANDALICA
2407 308 2535 365 LIB.
2576 308 2663 364 III.

3468 302 3471 305 ’
3486 298 3603 362 222

347 452 456 492 item
477 435 775 508 angelorum
802 433 1122 489 manducavit
1150 435 1301 489 homo
1338 433 1510 504 (Psal.
1542 450 1744 502 Lxxvu,
1792 434 1907 505 25).
1938 437 1986 496 Α
2014 436 2088 491 ait
2118 452 2133 492 :
2170 434 2280 506 Ego
2302 446 2349 491 et
2379 435 2535 491 Pater
2555 450 2712 490 unum
2732 418 2941 500 sumus;
2965 426 3020 491 et
3046 433 3181 502 τρυε
3207 432 3342 489 videt
3366 448 3442 486 me
3463 430 3601 490 videt

413 527 499 583 111.
528 526 686 582 Pater
708 537 754 582 et
768 526 933 581 Filius
955 536 1068 581 sunt
1091 526 1642 598 a’quales.—Namque
1669 536 1728 582 ut
1745 526 1916 582 adhuc

342 618 641 676 evidentius
684 618 858 674 Patris
903 624 958 672 et
987 617 1104 672 Filii
1130 618 1444 673 substantias
1470 618 1670 688 unitas,
1699 626 1754 674 et
1783 627 1806 657 ι
1839 618 1919 673 di-

342 711 576 765 vinitatis
618 709 896 779 aequalitas
937 708 1248 764 ostendatur
1276 753 1290 778 ,
1343 709 1458 778 ipse
1513 710 1565 764 in
1629 709 1916 780 Evangelio

340 803 465 859 dicit
500 820 513 854 :
541 800 653 872 Ego
697 800 753 854 in
788 798 965 866 Patre,
1002 809 1049 854 et
1088 798 1244 853 Pater
1269 801 1323 855 in
1350 817 1427 855 me
1454 810 1549 858 est.
1587 802 1652 856 Et
1684 817 1698 854 :
1732 800 1842 872 Ego
1869 810 1917 855 et

339 894 500 948 Pater
540 908 696 947 unum
739 904 910 947 sumus
941 891 1117 963 (Joan;
1150 908 1205 961 χ,
1234 895 1325 962 58,
1351 894 1463 965 50).
1513 895 1666 961 Quod
1717 910 1820 950 non
1848 895 1915 951 ad

340 982 595 1037 unitatem
621 981 989 1037 tantummodo
1015 982 1325 1051 voluntatis,
1350 984 1444 1039 sed
1472 985 1538 1040 ad
1570 1000 1726 1040 unam
1752 983 1916 1042 refer-

342 1082 423 1130 tur
450 1074 801 1144 eamdemque
828 1074 1199 1140 substantiam,
1228 1076 1351 1145 quia
1376 1091 1479 1131 non
1507 1075 1642 1132 dixit
1671 1096 1685 1131 :
1729 1078 1837 1149 Ego
1864 1086 1917 1134 et

340 1167 497 1222 Pater
523 1176 685 1222 unum
709 1166 982 1234 volumus;
1013 1167 1129 1232 sed,
1150 1181 1310 1222 unum
1331 1182 1529 1225 sumus.
1572 1168 1650 1223 Ex
1675 1172 1740 1224 eo
1768 1169 1912 1225 enim

338 1258 480 1330 quod
512 1267 659 1324 sunt,
691 1273 797 1313 non
828 1266 893 1313 "ex
923 1272 988 1313 eo
1035 1267 1237 1314 tantum
1268 1259 1406 1328 quod
1440 1260 1644 1326 volunt,
1680 1269 1917 1330 paternas

338 1351 559 1405 unitatis
586 1349 888 1405 declaratur
909 1350 1155 1404 assertio.
1187 1351 1313 1405 Item
1337 1351 1571 1407 Joannes
1593 1354 1915 1423 evangelista

336 1443 467 1498 dicit
496 1459 510 1496 :
534 1441 815 1513 PrOpteren
837 1448 955 1511 ergo
972 1442 1262 1511 qucerebant
1284 1454 1397 1497 eum
1415 1442 1587 1500 Judaei
1614 1445 1915 1515 interﬁcere,

335 1535 457 1603 quia
478 1549 578 1587 non
608 1532 773 1587 solum
794 1534 1012 1587 solvebat
1035 1533 1318 1601 sabbatum,
1342 1537 1431 1589 sed
1457 1545 1503 1589 et
1534 1535 1740 1591 Patrem
1769 1550 1917 1592 suum

338 1625 533 1677 dicebat
565 1622 749 1688 Deum,
781 1622 1024 1693 aqualem
1049 1639 1103 1679 se
1123 1625 1315 1694 faciens
1351 1625 1459 1680 Deo
1484 1626 1665 1698 (Joan.
1698 1643 1756 1692 v,
1799 1627 1912 1698 18).

336 1716 487 1783 Quod
532 1714 716 1786 utique
742 1730 850 1769 non
889 1714 957 1770 ad
993 1715 1207 1771 Judmos
1233 1724 1314 1772 est
1346 1715 1437 1788 [al.
1483 1717 1679 1790 potius]
1704 1719 1916 1788 penitus

2018 536 2064 581 et
2094 527 2330 592 Patrem;
2372 534 2425 583 et
2452 545 2463 581 :
2492 527 2676 582 Omnia
2703 542 3012 598 quiscunque
3049 524 3207 582 Pater
3235 525 3394 597 facit;
3421 526 3598 582 eadem

2019 623 2142 691 facit
2172 619 2341 676 Filius
2366 621 2622 687 similiter,
2656 622 2738 678 vel
2769 626 2961 678 caetera
2996 635 3115 692 qua:
3155 621 3397 691 superius
3429 620 3599 677 conti-

2017 720 2229 769 nentur.
2265 711 2359 768 Illa
2389 726 2518 768 vero
2543 722 2661 783 qua:
2691 712 2759 768 de
2804 728 2869 769 eo
2898 712 3187 769 secundum
3213 711 3482 768 hominem
3512 727 3599 768 re-

2018 804 2277 869 feruntur,
2310 804 2410 860 ista
2438 813 2562 860 sunt
2593 822 2605 859 :
2638 802 2793 859 Pater
2821 804 2987 876 major
3028 812 3105 859 me
3145 810 3217 860 est
3265 805 3447 874 (Joan.
3482 820 3593 873 xtv,

2004 892 2127 967 ‘28).
2156 896 2220 951 Et
2245 914 2257 949 :
2286 895 2409 951 Non
2436 897 2546 950 veni
2567 896 2734 966 facere
2763 896 3065 951 voluntatem
3094 912 3278 962 meam,
3310 896 3398 950 sed
3419 897 3597 951 volun-

2018 996 2169 1044 tatem
2198 991 2308 1059 ejus
2342 990 2427 1061 qui
2457 991 2591 1043 misit
2619 1005 2698 1043 me
2742 988 2921 1059 (Joan.
2960 1006 3041 1056 vt,
3075 989 3187 1059 '58).
3229 991 3321 1055 Et,
3354 990 3528 1057 Pater,
3553 993 3598 1046 si

2018 1080 2130 1150 ﬁeri
2165 1090 2343 1152 potest,
2379 1088 2605 1135 transeat
2636 1096 2667 1133 a
2690 1096 2768 1135 me
2795 1078 2934 1135 calix
2953 1081 3047 1134 iste
3069 1080 3286 1152 (Matth.
3312 1097 3458 1149 xxvi,
3481 1080 3595 1154 59).

2018 1174 2114 1231 Vel
2145 1189 2261 1229 cum
2288 1174 2354 1229 de
2385 1188 2542 1229 cruce
2572 1171 2704 1227 dixit
2732 1191 2746 1229 :
2781 1172 2937 1238 Deus,
2974 1172 3108 1227 Deus
3148 1186 3305 1239 meus,
3341 1190 3496 1243 quare
3520 1190 3597 1228 me

2018 1265 2327 1337 dereliquiin
2348 1264 2561 1339 (Matth.
2592 1280 2766 1334 xxvu,
2791 1265 2914 1333 46)?
2948 1266 3010 1319 Et
3052 1264 3243 1319 iterum
3271 1281 3334 1319 ex
3368 1280 3597 1334 persona

2019 1356 2135 1413 Filii
2166 1357 2427 1429 propheta
2459 1357 2586 1413 dicit
2615 1377 2628 1413 :
2664 1356 2740 1412 De
2763 1368 2931 1412 ventre
2954 1356 3127 1411 matris
3158 1374 3281 1411 metu
3304 1357 3434 1411 Deus
3457 1372 3597 1411 meus

2018 1465 2069 1503 es
2107 1458 2160 1503 tu
2204 1447 2373 1521 (Psal.
2420 1460 2542 1514 th,
2581 1448 2704 1520 II);
2748 1447 2827 1503 vel
2857 1463 2975 1502 cum
3006 1448 3172 1500 minor
3200 1447 3393 1518 angelis
3424 1447 3596 1511 (Psal.

2019 1536 2217 1609 viu,_6)
2265 1539 2561 1607 indicatur,
2609 1548 2663 1595 et
2691 1554 2847 1609 quam
2894 1539 3041 1607 plura
3090 1538 3171 1593 his
3220 1538 3451 1603 similia,
3481 1554 3598 1608 quae

2018 1632 2196 1686 studio
2247 1631 2521 1686 brevitatis
2566 1647 2671 1687 non
2726 1632 3068 1687 inseruimus.
3116 1629 3283 1686 Filius
3330 1645 3455 1701 ergo
3506 1631 3600 1689 Dei

2021 1722 2178 1779 nullis
2217 1722 2581 1779 conditionum
2627 1723 3034 1779 necessitatibus
3063 1721 3371 1789 obstrictus,
3408 1723 3499 1776 sed
3534 1718 3598 1777 Ii-

337 1806 697 1871 reierendum,
720 1806 844 1876 quia
864 1806 1189 1876 evangelista
1211 1808 1472 1863 veraciter
1496 1808 1633 1863 dixit
1658 1810 1726 1865 de
1754 1809 1908 1877 Filio,
1943 1808 1989 1877 Β
2017 1814 2140 1871 bern
2191 1814 2485 1870 divinitatis
2530 1816 2786 1885 potentia,
2822 1814 2892 1869 ita
2925 1830 3044 1883 quae
3076 1822 3255 1869 nostra
3285 1822 3410 1867 sunt
3436 1816 3599 1868 mira.

335 1899 458 1970 quia
489 1897 748 1967 aequalem
783 1897 891 1953 Deo
914 1913 972 1954 se
1002 1897 1247 1954 iaciebat.
1279 1900 1408 1953 Item
1441 1900 1490 1954 in
1520 1900 1708 1955 eodem
1739 1900 1914 1957 Evan-

333 1992 473 2061 gelio
498 1992 753 2060 scriptum
782 1999 863 2045 est
891 2009 903 2043 :
938 1991 1263 2061 Quies-anque
1284 1992 1442 2046 Pater
1482 1994 1623 2063 facit,
1666 1994 1840 2050 eadem
1866 2006 1914 2051 et

334 2082 502 2137 Filius
527 2084 649 2154 facit
676 2084 907 2138 similiter
940 2082 1129 2154 (Ibid.,
1160 2084 1271 2155 19).
1306 2084 1388 2151 Ει,
1416 2086 1547 2139 sicut
1576 2086 1732 2140 Pater
1755 2087 1915 2141 susci-

332 2185 405 2231 tat
436 2187 664 2230 mortuos
684 2182 732 2231 et
751 2176 1002 2245 uiuiﬁcus,
1034 2176 1108 2230 ita
1133 2186 1180 2230 et
1211 2176 1382 2231 Filius
1420 2193 1544 2247 quos
1570 2177 1674 2232 vult
1697 2178 1913 2248 vivi/ictu

332 2266 520 2337 (Ibid.,
544 2268 661 2337 21).
695 2267 847 2333 Item,
871 2276 928 2322 ut
956 2284 1127 2321 omnes
1158 2269 1489 2335 honoriﬁceut
1530 2268 1742 2339 Filium,
1774 2271 1911 2325 sicut

332 2358 676 2427 honoriﬁcam
696 2356 903 2412 Patrem
928 2356 1126 2429 (Ibid.,
1160 2359 1271 2431 25).
1304 2359 1545 2430 Equalis
1569 2362 1710 2415 enim
1742 2360 1914 2416 honor

331 2464 437 2504 non
472 2450 573 2505 nisi
603 2451 894 2520 aequalibus
924 2449 1228 2507 exhibetur.
1259 2451 1390 2507 Item
1422 2452 1493 2507 ibi
1522 2452 1686 2507 Filius
1714 2452 1779 2507 ad
1806 2453 1908 2507 Pa-

335 2550 471 2599 trem
499 2544 631 2600 dicit
665 2563 677 2597 :
712 2546 1121 2599 Omniameatua
1138 2545 1760 2617 sunt,ettuamea(loan.
1782 2561 1910 2615 xvu,

338 2639 442 2708 10).
472 2640 640 2707 Item,
677 2638 946 2708 Philippe,
996 2642 1083 2709 qui
1114 2656 1190 2695 me
1224 2641 1394 2706 videt,
1434 2642 1567 2694 videt
1601 2650 1645 2695 et
1685 2640 1911 2694 Patrem.

334 2730 607 2796 Quomodo
631 2740 684 2783 tu
712 2730 877 2784 dicis:
908 2730 1133 2786 Ostende
1154 2732 1296 2785 nobis
1336 2730 1543 2786 Patrem"
1577 2733 1754 2803 (Joan.
1796 2748 1909 2797 xtv,

331 2822 430 2893 9)?
473 2823 586 2877 Hoc
619 2834 723 2876 non
769 2822 1034 2889 dixisset,
1068 2822 1170 2877 nisi
1220 2824 1361 2878 Patri
1395 2838 1490 2894 per
1518 2824 1696 2879 omnia
1731 2824 1915 2879 luisset

338 2914 577 2982 aequalis.
613 2912 743 2967 Item
774 2914 888 2983 ipse
910 2914 1166 2969 Dominus
1196 2915 1330 2969 dixit
1364 2934 1377 2969 :
1403 2916 1620 2971 Creditis
1640 2918 1693 2970 in
1726 2917 1910 2986 Deum,

339 3013 381 3058 et
424 3005 477 3058 in
522 3021 602 3060 me
642 3005 829 3059 credite
869 3004 1065 3077 (Ibid.,
1116 3005 1189 3075 1).
1232 3006 1296 3061 Et
1348 3007 1521 3061 adhuc
1558 3016 1615 3060 ut
1655 3006 1913 3062 unitatem

336 3096 661 3166 aequalitatis
699 3096 1121 3161 demonstraret,
1169 3096 1239 3150 ait
1280 3114 1293 3151 :
1341 3097 1503 3150 Nemo
1547 3098 1687 3151 novit
1719 3096 1917 3151 Filium

2021 1906 2111 1963 bili
2144 1906 2339 1975 pietate
2384 1898 2701 1976 assumpsit,
2747 1915 2805 1961 ut
2855 1921 2883 1960 a
2911 1906 3023 1960 suis
3070 1919 3190 1976 quae
3226 1904 3401 1960 divina
3446 1908 3599 1972 sunt,

2018 2000 2239 2054 omnino
2282 2013 2388 2053 non
2420 1998 2691 2053 destiterit
2723 2015 2736 2051 :
2771 1999 2891 2066 quia
2925 1996 3184 2053 Divinitas
3215 2011 3314 2052 nec
3342 2012 3600 2067 augmen-

2024 2099 2132 2144 tum
2161 2088 2410 2155 admittit,
2459 2103 2557 2143 nec
2584 2087 2781 2157 patitur
2808 2087 3200 2142 detrimentein.
3233 2086 3382 2141 Unde
3408 2085 3603 2156 gratias

2025 2183 2230 2253 agimus
2276 2180 2450 2237 eidem
2498 2178 2721 2251 [Comp.,
2781 2176 2913 2247 Deo]
2963 2179 3189 2234 Domino
3239 2187 3422 2233 nostro
3469 2178 3597 2234 Jesu

2026 2271 2258 2341 Christo,
2291 2270 2377 2341 qui
2411 2276 2628 2340 propter
2655 2282 2751 2323 nos
2781 2277 2835 2323 et
2858 2277 3075 2338 propter
3102 2280 3337 2323 nostram
3369 2268 3597 2325 salutem

2024 2362 2090 2418 de
2120 2362 2257 2418 caelo
2295 2360 2606 2426 descendit,
2640 2373 2732 2414 sua
2765 2360 3013 2429 passione
3058 2373 3155 2413 nos
3200 2358 3457 2424 redemit,
3506 2374 3601 2414 sua

2024 2462 2194 2509 morte
2225 2451 2534 2515 viviﬁcavit,
2563 2466 2656 2505 sua
2688 2450 3001 2506 ascensione
3030 2450 3373 2521 gloriﬁcavit,
3404 2450 3492 2520 qui
3521 2465 3603 2506 se-

2025 2546 2157 2601 dens
2182 2544 2246 2599 ad
2267 2544 2537 2599 dexteram
2563 2541 2732 2597 Patris
2757 2551 3011 2596 venturus
3055 2549 3139 2596 est
3174 2539 3414 2607 judicare
3458 2540 3603 2597 vivos

2024 2646 2077 2693 et
2108 2644 2366 2703 mortuos,
2400 2634 2559 2705 justis
2589 2641 2801 2689 aeterna:
2830 2634 2954 2688 vita:
2986 2631 3261 2702 praemium
3296 2633 3600 2703 largiturus,

2026 2731 2204 2801 impiis
2242 2738 2402 2799 atque
2452 2726 2737 2782 incredulis
2771 2727 2958 2781 merita
2988 2725 3245 2796 supplicia
3278 2724 3601 2781 redditurus.

2096 2824 2156 2878 Υ.
2201 2821 2471 2877 Generatio
2503 2818 2648 2874 Filii.
2688 2849 2759 2859 -
2799 2817 3119 2873 Proﬁtemur
3165 2818 3341 2886 itaque
3388 2818 3600 2873 Patrem

2026 2919 2093 2975 de
2122 2920 2323 2988 seipse,
2371 2916 2471 2971 hoc
2504 2925 2583 2969 γει
2611 2913 2677 2969 de
2706 2929 2769 2968 co
2807 2912 2945 2983 quod
2986 2914 3097 2981 ipse
3126 2920 3236 2975 est,
3280 2910 3604 2979 sempiterno

2022 3021 2183 3081 atque
2225 3006 2566 3064 ineffabiiiter
2607 3004 2799 3059 Filium
2830 3003 3113 3073 genuisse;
3145 2998 3342 3056 Filium
3375 3014 3481 3054 non
3511 3014 3605 3053 ex-

2026 3103 2310 3169 trinsecus,
2342 3098 2438 3173 [al.
2473 3096 2576 3170 vel]
2609 3113 2716 3153 non
2745 3112 2812 3153 ex
2847 3094 3033 3160 nihilo,
3075 3110 3179 3151 non
3209 3109 3272 3149 ex
3297 3092 3399 3147 alia
3428 3093 3606 3163 subja-

336 3187 429 3240 nisi
477 3186 638 3240 Pater
664 3225 679 3253 ,
724 3202 882 3255 neque
931 3182 1137 3241 Patrem
1176 3189 1289 3259 quis
1328 3189 1461 3242 novit
1510 3189 1611 3242 nisi
1653 3187 1846 3255 Filius,
1874 3199 1920 3243 et

2030 3202 2179 3251 cente
2206 3191 2449 3257 materia,
2473 3189 2567 3245 sed
2597 3206 2662 3245 ex
2694 3189 2803 3243 Deo
2824 3195 3005 3242 natum
3029 3200 3167 3241 esse.
3195 3185 3262 3240 Et
3285 3183 3373 3253 qui
3398 3183 3466 3239 de
3496 3184 3605 3237 Deo

337 3279 417 3331 cui
443 3279 660 3330 voluerit
703 3277 875 3332 Filius
916 3281 1140 3333 revelare
1190 3280 1404 3352 (Matth.
1430 3280 1644 3351 xt,27).
1691 3280 1756 3335 Et
1784 3281 1922 3335 sicut

338 3369 505 3425 Filius
548 3370 636 3425 cui
680 3371 789 3425 vult
818 3371 1021 3425 revelat
1069 3372 1304 3441 Patrem,
1338 3374 1407 3428 ita
1451 3383 1504 3428 et
1535 3373 1691 3428 Pater
1719 3374 1924 3430 revelat

342 3463 554 3527 Filium,
580 3467 717 3518 sicut
741 3464 856 3534 ipse
894 3463 1051 3520 Petro
1081 3464 1154 3519 ait
1184 3467 1459 3521 confitenti
1503 3482 1624 3522 eum
1654 3468 1923 3522 Christum

340 3554 538 3610 Filium
564 3555 660 3611 Dei
694 3558 796 3611 vivi
819 3571 940 3613 esse
967 3572 982 3611 :
1014 3556 1200 3612 Beatus
1221 3573 1294 3624 es,
1324 3559 1503 3614 Simon
1528 3559 1777 3633 Barjomt,
1799 3559 1924 3630 quia

339 3662 460 3701 caro
482 3644 527 3700 et
548 3649 758 3718 sanguis
785 3664 883 3701 non
902 3650 1136 3703 revelavit
1166 3650 1274 3716 tibi,
1305 3651 1392 3703 sed
1407 3649 1564 3705 Pater
1585 3666 1725 3704 meus
1755 3650 1841 3720 qui
1872 3652 1925 3704 in

339 3741 477 3795 cmlis
513 3748 587 3795 est
635 3740 849 3809 (Matth.
898 3757 1014 3808 xvi,
1066 3741 1176 3810 I7).
1218 3742 1284 3796 Et
1326 3743 1517 3797 iterum
1548 3743 1711 3796 Filius
1745 3742 1921 3797 dicit:

346 3830 397 3885 Ν
404 3847 514 3884 emo
542 3833 678 3886 venit
701 3832 769 3884 ad
791 3829 996 3885 Patrem
1018 3832 1115 3885 nisi
1143 3848 1231 3901 per
1260 3849 1339 3887 me
1366 3832 1545 3903 (Joan.
1576 3848 1665 3887 xw
1684 3873 1698 3897 ,
1726 3832 1803 3903 6).
1838 3831 1924 3899 Et,

350 3922 513 3977 Nemo
549 3924 686 3977 venit
716 3922 785 3975 ad
811 3940 907 3989 me,
939 3923 1038 3977 nisi
1060 3923 1216 3978 Pater
1246 3940 1404 3987 meus,
1436 3926 1519 3994 qui
1562 3926 1698 3978 misit
1720 3941 1815 3989 me,
1849 3932 1928 3977 at-

346 4016 558 4067 traxerit
601 4029 715 4067 eum
741 4013 917 4085 (Joair.
944 4031 1031 4080 vt,
1071 4015 1181 4086 44).
1214 4014 1242 4052 ι’
1273 4016 1425 4071 Unde
1463 4017 1626 4069 claret
1658 4016 1927 4083 {l‘tlllﬂiilas

347 4105 525 4160 Patris
564 4115 617 4159 et
659 4104 806 4169 Filii,
848 4120 966 4159 cum
1009 4104 1073 4159 ad
1111 4116 1167 4159 3e
1198 4106 1423 4160 invicem
1455 4105 1734 4160 credentes
1764 4105 1931 4159 addu-

343 4205 496 4251 cunt.
549 4196 677 4249 Item
729 4195 858 4250 dicit
901 4214 913 4248 :
959 4195 1017 4251 Si
1064 4198 1418 4267 cognovissetis
1468 4212 1583 4261 me,
1624 4206 1671 4249 et
1723 4195 1931 4250 Patrem

343 4300 516 4342 meum
555 4290 729 4356 utique
770 4290 1149 4359 (agnovissetis,
1192 4297 1241 4344 et
1292 4290 1477 4342 antodo
1522 4290 1679 4342 nostis
1715 4305 1851 4356 eum,
1884 4296 1930 4341 et

342 4380 546 4433 uidistis
577 4395 691 4432 eum
721 4378 895 4448 (loan.
931 4395 1038 4445 xw,
1071 4381 1144 4444 7).

419 4471 512 4525 IV.
553 4471 685 4525 Dum
725 4473 779 4525 in
808 4470 1011 4525 Christo
1058 4479 1278 4526 naturw.
1313 4501 1380 4513 -—
1421 4472 1617 4527 Verum
1648 4474 1771 4542 quia
1799 4471 1932 4527 duas

2027 3293 2183 3340 natus
2210 3291 2312 3350 est,
2357 3296 2462 3336 non
2500 3279 2643 3336 aliud
2674 3285 2757 3333 est
2780 3293 2935 3348 quam
2967 3276 3020 3331 id
3052 3275 3191 3345 quod
3230 3276 3385 3330 Pater
3413 3280 3516 3341 est,
3551 3282 3607 3328 et

2026 3377 2226 3433 idcirco
2256 3375 2412 3429 unius
2441 3371 2756 3428 substantiae
2783 3377 2866 3425 est
2891 3387 2905 3423 :
2939 3368 3063 3439 quia
3094 3368 3294 3422 veritas
3323 3364 3607 3420 nativitatis

2026 3470 2393 3527 diversitatem
2447 3480 2555 3522 non
2603 3463 2840 3520 admittit
2865 3462 3098 3532 generis.
3130 3458 3263 3515 Nam
3304 3459 3348 3514 si
3389 3457 3609 3513 alterius

2025 3578 2056 3620 a
2083 3564 2240 3618 Patre
2266 3559 2578 3616 substantia:
2600 3565 2704 3624 est,
2732 3563 2822 3610 aut
2848 3567 3007 3610 verus
3032 3551 3200 3606 Filius
3226 3565 3335 3605 non
3364 3556 3466 3615 est,
3495 3555 3606 3613 aut,

2028 3655 2168 3726 quod
2214 3653 2361 3708 nefas
2392 3658 2473 3705 est
2500 3649 2681 3705 dicere
2701 3688 2714 3713 ,
2759 3647 2993 3718 degener
3024 3656 3179 3699 natus
3210 3652 3312 3698 est.
3339 3642 3435 3696 Est
3462 3638 3606 3695 enim

2030 3760 2189 3801 verus
2212 3744 2409 3807 Filius,
2439 3742 2579 3797 sicut
2602 3741 2675 3794 ait
2699 3740 2931 3795 Joannes
2961 3755 2974 3792 :
3011 3734 3077 3791 Ut
3102 3736 3259 3789 simus
3288 3735 3339 3786 in
3367 3748 3479 3786 vero
3511 3730 3605 3783 Fi-

2029 3840 2099 3893 lio
2137 3838 2246 3907 ejus
2276 3835 2330 3902 (I
2352 3834 2511 3889 Joan.
2542 3850 2596 3899 v,
2628 3830 2749 3902 20).
2776 3828 2890 3885 Non
2915 3837 2996 3884 est
3024 3828 3182 3882 etiam
3208 3826 3459 3895 degener,
3484 3822 3606 3893 quia

2034 3933 2170 3986 Deus
2200 3944 2359 3984 verus
2389 3929 2455 3983 de
2480 3928 2588 3981 Deo
2617 3935 2774 3979 natus
2800 3931 2880 3978 est
2911 3937 3039 3976 vero
3059 3960 3074 3987 ,
3108 3921 3245 3974 sicut
3274 3918 3412 3989 idem
3442 3915 3607 3970 .loan-

2031 4037 2127 4077 nes
2171 4020 2499 4089 evangelista
2549 4016 2877 4085 exsequitur,
2915 4013 3100 4067 dicens
3145 4030 3157 4065 :

2031 4129 2174 4168 verus
2194 4123 2241 4165 et
2265 4112 2367 4165 vita
2392 4118 2581 4165 caterua
2608 4104 2819 4178 (Ibid)
2847 4105 2916 4159 Et
2939 4104 3055 4173 ipse
3084 4101 3338 4157 Dominus
3359 4100 3409 4153 in
3436 4097 3609 4152 Evan-

2031 4205 2170 4275 gelio
2201 4219 2217 4258 :
2243 4202 2354 4272 Ego
2377 4216 2512 4267 sum,
2534 4198 2726 4269 inquit,
2748 4197 2849 4262 via,
2874 4196 3055 4250 veritus
3077 4204 3123 4249 et
3149 4195 3250 4247 vita
3278 4190 3458 4263 (Joan.
3492 4206 3607 4256 xiv,

2032 4300 2065 4355 6
2084 4299 2121 4361 ).
2156 4294 2299 4365 Ergo
2322 4294 2365 4347 si
2388 4292 2603 4346 aliunde
2630 4290 2979 4345 substantiam
3014 4302 3118 4340 nou
3150 4286 3336 4349 habet,
3364 4283 3429 4339 de
3452 4283 3610 4338 Patre

2038 4387 2235 4451 habet;
2266 4386 2310 4439 si
2341 4384 2409 4439 de
2448 4381 2604 4437 Patre
2645 4380 2824 4443 habet,
2866 4381 3019 4433 unius
3045 4386 3125 4432 est
3156 4374 3465 4430 substantia:
3490 4386 3609 4427 cum

2036 4480 2211 4535 Patre.
2243 4476 2349 4534 Sed
2374 4476 2417 4531 si
2450 4473 2608 4531 unius
2630 4472 2942 4528 substantiae
2964 4487 3069 4525 non
3101 4477 3182 4524 est
3206 4511 3219 4534 ,
3253 4481 3381 4538 ergo
3409 4482 3512 4521 non
3546 4466 3611 4521 de

346 4564 410 4618 ίῐι
442 4562 573 4618 Filio
604 4563 912 4632 βτοηῑθηιιπ
940 4572 1057 4617 0533
1085 4573 1322 4629 naturas.
1355 4563 1405 4618 id
1436 4573 1519 4620 eSl
1547 4564 1711 4619 Deum
1745 4578 1928 4618 Vel'llm
1958 4558 2008 4619 Ῐ)
2035 4571 2214 4641 Patre,
2246 4569 2339 4625 sed
2364 4560 2582 4623 aliunde
2608 4576 2690 4621 est
2720 4581 2735 4619 :
2767 4563 3021 4635 quoniam
3050 4562 3193 4616 unde
3214 4567 3316 4627 est,
3345 4560 3465 4614 inde
3488 4558 3611 4611 sub-

349 4664 416 4713 et
431 4656 695 4712 hominem
720 4670 925 4720 verum,
945 4658 1049 4728 25
1069 4670 1261 4727 corpus
1283 4664 1336 4712 et
1355 4658 1585 4712 animam
1606 4657 1886 4712 habentem
1915 4674 1927 4710 :

350 4747 607 4819 quidquid
652 4748 721 4804 de
754 4759 775 4787 ε
808 4748 1088 4804 excellenti
1136 4747 1473 4804 sublimitatis
1506 4749 1739 4819 potentia
1771 4749 1838 4805 de
1866 4764 1932 4806 eo

345 4838 592 4894 referunt
639 4838 959 4906 Scriptura,
1009 4838 1334 4893 admirandae
1378 4840 1495 4907 ejus
1544 4839 1809 4894 divinitati
1838 4840 1931 4894 tri-

342 4932 621 4988 buendum
652 4932 912 4986 sentimus
935 4948 949 4984 :
973 4939 1028 4986 et
1047 4931 1297 5001 quidquid
1320 4932 1453 4986 infra
1487 4933 1741 4987 honorem
1771 4934 1936 4989 cccle-

342 5022 448 5079 stis
472 5022 724 5091 potentiae
744 5021 811 5076 de
827 5022 1017 5076 eodem
1047 5022 1295 5076 humilius
1316 5030 1619 5090 enarratur,
1647 5039 1748 5077 non
1772 5024 1935 5079 verbo

346 5116 493 5179 Dei,
538 5113 633 5167 sed
684 5112 886 5168 homini
933 5122 1239 5183 reputamus
1287 5122 1584 5182 assumpto.
1633 5116 1936 5171 Secundum

342 5208 685 5263 divinitatem
712 5218 842 5272 ergo
866 5213 950 5260 est
980 5205 1081 5260 hoc
1108 5206 1249 5275 quod
1285 5206 1531 5275 superius
1562 5206 1820 5270 diximus.
1850 5209 1937 5265 ubi

425 5374 452 5403 ³
480 5367 749 5429 “lienam,
775 5377 822 5419 et
852 5365 1101 5420 Divinitas
1133 5365 1415 5436 a'qu'tlitas.
1451 5365 1600 5419 Colb.
1635 5368 1686 5427 I.
1723 5366 1921 5421 Divini-

344 5448 432 5490 tas
467 5438 764 5492 ostendatur
800 5436 1031 5507 trqualis.
1065 5437 1128 5490 Et
1162 5435 1294 5489 infra
1316 5478 1329 5503 ,
1362 5435 1549 5507 Egeria
1584 5436 1758 5502 Patre,
1798 5448 1925 5504 etc.,

341 5508 557 5572 (Ihil'il.,
584 5508 735 5575 Bigu.
757 5515 809 5561 et
840 5506 985 5560 Ilald.
1011 5523 1129 5562 eum
1158 5508 1311 5559 Colb.
1343 5507 1392 5570 1,
1425 5506 1699 5571 Rhemum,
1734 5508 1930 5563 habent.

339 5577 866 5650 ςηιψιιηωάωειίρο
903 5586 948 5629 et
990 5575 1140 5650 Pater
1171 5593 1326 5630 unum
1363 5592 1552 5631 sumus.
1588 5576 1750 5630 Laud.
1775 5619 1789 5645 ,
1822 5578 1927 5650 Ego

338 5652 401 5701 in
426 5648 657 5716 (Patre...
693 5649 803 5716 Ego
834 5652 963 5701 enim
995 5659 1039 5701 et
1068 5647 1243 5711 Pater,
1273 5656 1375 5701 etc.

422 5715 449 5754 ι’
483 5717 661 5785 Mam,
691 5715 843 5771 (lulb.
874 5719 923 5781 1,
950 5718 1089 5783 Ful.,
1113 5720 1316 5783 Germ”
1339 5717 1601 5782 Rhenum,
1624 5718 1920 5785 Lorichius,

338 5798 403 5856 ct
432 5787 685 5852 01111011..
721 5788 866 5841 Unde
896 5789 1047 5841 claret
1074 5788 1411 5841 waualituiem
1441 5788 1614 5843 Patris
1638 5799 1681 5845 el
1705 5788 1829 5845 Filii
1858 5791 1925 5849 ad

2034 4662 2281 4718 stantiam
2315 4660 2507 4715 habeat
2533 4671 2755 4713 necesse
2785 4664 2885 4711 est.
2916 4654 3104 4711 Omnia
3138 4653 3277 4707 enim
3311 4667 3374 4707 ex
3409 4651 3574 4705 nihilo
3596 4691 3611 4717 ,

2036 4753 2200 4808 Filius
2231 4765 2359 4806 vero
2385 4751 2451 4804 de
2484 4751 2658 4803 I'atre.
2694 4748 2769 4801 De
2797 4746 3001 4802 duobus
3031 4744 3192 4813 eligat
3218 4744 3443 4813 quisque
3467 4742 3609 4812 quod

2035 4844 2190 4910 velit,
2222 4850 2314 4897 aut
2342 4842 2432 4897 det
2455 4841 2504 4896 ei
2531 4839 2878 4895 substantiam
2906 4837 2973 4893 de
3017 4838 3203 4905 Patre,
3247 4844 3338 4890 aut
3382 4836 3613 4890 fateatur

2037 4950 2104 4995 ex
2135 4937 2304 4992 niliilo
2335 4934 2660 4990 suhsﬁtisse.

2114 5028 2203 5082 Vl.
2231 5028 2457 5082 Solvitur
2483 5024 2719 5097 objectio.
2749 5050 2817 5062 --
2839 5020 2943 5077 Sed
2976 5018 3344 5091 propheticum
3398 5020 3615 5075 forsitan

2045 5119 2299 5190 objicitur
2330 5116 2691 5173 testimonium
2719 5133 2733 5169 :
2765 5112 3152 5169 Generationem
3189 5112 3296 5182 ejus
3331 5113 3443 5182 quis
3472 5130 3617 5166 enata

2047 5211 2180 5266 rabit
2213 5208 2368 5263 llsai.
2398 5224 2509 5276 LIII,
2541 5208 2643 5281 8)?
2668 5207 2802 5262 Cum
2843 5205 2952 5277 [al.
2990 5204 3148 5275 ergo]
3188 5220 3288 5275 ego
3329 5220 3436 5260 non
3468 5206 3617 5259 dixe-

2037 5386 2089 5423 se
2118 5370 2327 5423 invicem
2356 5369 2611 5423 credentes
2637 5369 2912 5422 adducere.

2112 5450 2133 5477 ε
2161 5436 2986 5512 hlart.,_Germ.,_Comp.,_Ful.,
3013 5446 3069 5512 et
3092 5436 3338 5512 0rthod.,
3372 5435 3616 5512 castellum

2036 5511 2117 5563 tis.
2148 5510 2301 5564 Colb.
2342 5510 2392 5572 I,
2427 5504 2773 5565 excellentius.
2810 5508 3123 5573 Lorichius,
3156 5506 3438 5562 excellentis
3460 5504 3615 5555 subl."-

2036 5580 2224 5633 mitatis
2274 5581 2547 5647 potentiae,
2597 5590 2743 5646 etc.,
2792 5579 2858 5635 Et
2916 5580 3049 5634 infra
3105 5574 3463 5647 admirandae,
3510 5581 3615 5627 etc.

2034 5649 2211 5707 Mart..
2246 5643 2451 5715 Germ,
2484 5643 2696 5720 Cump.,
2726 5643 3048 5716 Lorichius.,
3074 5657 3128 5702 et
3159 5646 3299 5708 Ful.,
3328 5643 3395 5697 ad
3424 5657 3617 5697 memo-

2035 5721 2252 5775 randum
2282 5722 2392 5791 ejus
2415 5721 2751 5778 divinitatem.

3208 4009 3306 4063 Hic
3357 4017 3428 4063 est
3470 4006 3608 4060 Deus
3696 4020 3705 4023 “
