3988 6344
405 296 508 353 225

1676 283 1982 363 Vtc'ronts
2020 282 2316 344 vrreusns

3557 296 3653 356 221

408 409 512 467 rim
566 426 578 466 :
622 408 825 467 Enarra
853 407 1001 471 ,mibi
1039 407 1253 465 modum
1300 406 1386 463 vel
1428 404 1735 477 qualitatem
1781 402 1974 461 divinte
1995 400 2058 461 Δ
2081 398 2202 455 dem
2230 400 2367 456 Filio
2388 399 2551 458 dicit:
2575 401 2809 469 Quicum
2836 403 2902 460 sil
2928 405 3170 475 splendor
3185 406 3384 479 gloria,
3411 416 3458 463 et
3486 410 3655 482 ﬁgura

410 502 787 573 generationis,
813 511 867 557 et
892 499 1022 556 tanti
1042 498 1235 555 secreti
1252 511 1506 554 arcanum
1522 496 1775 553 humanis
1800 496 1980 553 verbis

410 595 645 661 enuntia,
670 592 918 665 quoniam
940 590 1081 647 unde
1105 599 1261 647 natus
1289 589 1380 656 sit,
1402 605 1510 646 non
1529 588 1976 661 quemadmodum

412 695 567 741 natus
592 685 661 740 sit
688 682 956 755 requisivi.
986 681 1176 738 Divina
1204 682 1349 739 enim
1383 681 1661 754 generatio
1705 682 1974 739 inenarra-

412 776 534 835 bilis
572 784 681 842 est,
724 790 830 830 non
876 773 1201 844 ignorabilis.
1236 772 1369 829 Nam
1410 788 1577 843 usque
1602 773 1737 830 adeo
1761 787 1866 828 non
1897 783 1981 828 est

414 866 751 938 ignorabilis,
781 862 833 919 id
862 871 946 920 est
972 878 1082 920 non
1111 864 1385 934 ignoratur
1412 864 1556 919 unde
1583 863 1677 930 sit,
1708 872 1766 919 ut
1790 873 1845 921 et
1873 863 1978 919 Pa-

418 966 499 1012 ter
517 956 584 1012 de
610 956 787 1025 seipse
815 954 1097 1025 genuisse,
1126 964 1176 1010 et
1207 954 1373 1011 Filius
1417 955 1484 1012 de
1522 954 1680 1011 Patre
1712 969 1771 1011 se
1799 963 1981 1010 natum

416 1046 709 1115 smpissime
740 1053 1085 1116 protestetur,
1111 1045 1253 1116 quod
1282 1046 1463 1102 nullus
1502 1045 1721 1102 omnino
1761 1044 1983 1116 ambigit

412 1137 777 1206 Christianus,
816 1137 955 1193 sicut
993 1136 1049 1191 in
1097 1136 1389 1207 Evangelio
1418 1136 1833 1205 demonstratur,
1862 1138 1980 1208 ipso

412 1230 550 1287 Filio
578 1230 789 1286 dicente
832 1246 847 1283 :
894 1230 992 1295 Qui
1029 1238 1199 1284 autem
1225 1246 1326 1285 non
1356 1230 1537 1296 credit,
1565 1234 1679 1303 jam
1714 1229 1981 1299 judicatus

414 1335 509 1390 est,
529 1323 651 1394 quia
672 1338 772 1376 non
795 1321 953 1376 credit
973 1321 1023 1375 in
1043 1322 1244 1377 nomine
1264 1322 1509 1393 unigeniti
1535 1320 1664 1376 Filii
1686 1322 1783 1376 Dei
1799 1320 1979 1395 (Joan.

412 1428 495 1481 tu,
528 1414 635 1483 ll).
658 1413 787 1467 item
816 1411 1048 1467 Joannes
1074 1411 1396 1483 evangelista
1426 1412 1555 1468 dicit
1581 1429 1595 1467 :
1628 1414 1734 1484 26
1763 1412 1830 1467 Et
1853 1414 1985 1467 vidi-

413 1521 525 1559 mus
552 1505 767 1573 gloriam
794 1506 926 1572 ejus,
957 1504 1175 1575 gloriam
1195 1515 1434 1577 tanquam
1465 1504 1727 1577 Uuigeuiti
1763 1522 1795 1559 a
1822 1504 1985 1561 Patre

420 1595 597 1665 (Joan.
634 1612 674 1663 ι,
706 1596 819 1666 14).
848 1596 990 1665 Ergo
1018 1596 1402 1665 professionem
1433 1605 1668 1652 nostram
1694 1596 1844 1653 brevi
1871 1611 1985 1652 ser-

416 1700 575 1741 mone
605 1686 989 1741 concludimus.
1024 1686 1249 1757 [Laud.,
1283 1685 1457 1758 Sicut]
1491 1688 1544 1744 Si
1578 1703 1702 1743 vere
1730 1688 1798 1743 de
1828 1687 1985 1744 Patre

2081 494 2380 548 substantia:
2420 498 2532 567 ejus
2576 494 2768 567 (Hebr.
2797 512 2845 563 l,
2886 496 2951 569 5)
2991 516 3006 554 :
3044 498 3099 555 in
3129 516 3239 571 quo
3276 501 3575 560 evidentius
3599 517 3654 562 et

2083 596 2382 644 coaeternus
2412 587 2591 656 Patri,
2642 597 2696 645 et
2738 590 3110 660 inseparabilis
3136 608 3165 647 a
3197 594 3389 662 Patre,
3422 605 3477 652 et
3505 600 3656 656 unius

2083 695 2203 737 eum
2229 696 2295 736 eo
2321 694 2442 737 esse
2466 682 2779 738 substantia:
2805 684 3145 755 perdocetur,
3185 685 3310 743 dum
3342 688 3445 744 luci
3477 691 3655 760 splen-

2086 771 2186 827 dor
2214 785 2426 842 semper
2446 782 2529 829 est
2549 764 2869 838 cumternus,
2898 774 3024 830 dum
3055 776 3314 847 splendor
3333 794 3365 833 a
3392 779 3496 851 [αι.
3520 781 3655 853 luce]

2085 864 2286 919 lumine
2312 879 2579 935 nunquam
2605 874 2683 921 est
2714 875 3010 936 separatus,
3041 868 3168 924 dum
3194 871 3445 939 splendor
3473 888 3502 927 a
3534 873 3652 930 luce

2091 964 2114 994 ο
2148 962 2335 1009 natura
2376 954 2461 1009 vel
2500 955 2796 1011 substantia
2825 972 3093 1028 nunquam
3124 968 3300 1029 potest
3327 976 3447 1019 esse
3484 962 3658 1018 diver-

2085 1058 2198 1100 sus.
2230 1044 2329 1111 Qui
2362 1045 2506 1101 enim
2533 1047 2789 1116 splendor
2814 1048 2952 1104 lueis
2976 1050 3087 1119 estf,
3122 1050 3264 1108 idem
3296 1059 3349 1109 et
3372 1053 3463 1109 Dei
3490 1054 3661 1111 Patris

2084 1137 2256 1192 virtus
2290 1145 2375 1193 est
2415 1152 2431 1193 :
2474 1138 2833 1208 sempiternus
2858 1154 2986 1211 ergo
3011 1150 3229 1212 propter
3260 1143 3468 1200 virtutis
3495 1154 3659 1202 ater-

2086 1220 2345 1294 nitatem,
2378 1230 2747 1300 inseparabilis
2773 1242 2999 1302 propter
3027 1234 3357 1291 claritudinis
3381 1236 3660 1294 unitatem.

2086 1321 2154 1376 Et
2188 1320 2290 1377 hoc
2317 1330 2400 1377 est
2429 1320 2570 1390 quod
2602 1335 2700 1377 nos
2728 1320 2959 1379 fideliter
3003 1323 3331 1394 profitemur,
3364 1327 3554 1382 Filium
3595 1328 3663 1384 de

2086 1412 2260 1469 Patris
2289 1412 2585 1469 substantia
2615 1421 2828 1479 natum;
2860 1414 2997 1470 sicut
3022 1415 3136 1486 ipse
3156 1416 3312 1473 Pater
3342 1418 3481 1473 Deus
3510 1434 3663 1489 aper-

2088 1506 2352 1563 tissimum
2402 1505 2649 1576 perhibet
2677 1506 3064 1563 testimonium.
3096 1508 3195 1576 Qui
3225 1518 3288 1565 ut
3315 1509 3382 1565 de
3408 1524 3502 1566 sua
3528 1510 3663 1569 inef-

2086 1597 2263 1654 fabilis
2319 1604 2525 1653 naturae
2570 1598 2868 1653 substantia
2912 1599 3186 1669 proprium
3235 1616 3295 1656 se
3338 1600 3528 1657 Filium
3574 1617 3665 1671 ge-

2087 1688 2269 1745 nuisse
2294 1696 2638 1755 monstraret,
2662 1687 2729 1743 ad
2751 1688 3118 1744 instruendam
3146 1690 3449 1760 fragilitatis
3467 1701 3665 1749 nostra:

416 1785 571 1831 natus
597 1785 705 1846 est,
740 1776 895 1833 unius
920 1778 1234 1853 substantiae
1260 1786 1370 1845 est,
1402 1788 1455 1835 et
1492 1779 1595 1849 fat.
1637 1780 1789 1851 vere]
1825 1795 1985 1837 verus
2017 1772 2061 1833 Β
2090 1780 2409 1850 imperitiam
2430 1822 2445 1847 ,
2480 1788 2538 1835 ut
2567 1793 2664 1835 nos
2707 1794 2773 1835 ex
2809 1779 3108 1835 visibilibus
3148 1780 3215 1835 ad
3246 1781 3531 1866 invisibilia
3559 1783 3665 1839 eri-

414 1869 582 1925 Filius
601 1879 712 1935 est;
736 1870 828 1924 sed
849 1870 894 1925 si
924 1870 1077 1926 unius
1106 1870 1418 1927 substantiae
1450 1887 1555 1927 non
1584 1881 1685 1938 est,
1711 1886 1810 1927 nec
1826 1887 1984 1928 verus

413 1960 581 2017 Filius
604 1969 718 2028 est;
746 1970 799 2017 et
827 1962 873 2016 si
898 1976 1056 2017 verus
1088 1962 1250 2018 Filius
1277 1979 1383 2019 non
1408 1973 1510 2030 est,
1536 1977 1635 2019 nec
1657 1978 1814 2019 verus
1844 1964 1984 2020 Deus

413 2060 516 2107 est.
542 2053 647 2106 Aut
675 2050 721 2106 si
752 2067 908 2108 verus
938 2053 1081 2108 Deus
1110 2062 1188 2108 est
1208 2092 1222 2118 ,
1264 2062 1319 2109 et
1348 2064 1524 2109 tamen
1550 2055 1617 2110 de
1647 2054 1823 2110 Patris
1851 2055 1982 2111 snb-

413 2143 606 2197 stantia
634 2157 737 2197 non
761 2152 838 2198 est
856 2183 871 2208 ,
913 2143 1178 2213 ingenitus
1217 2158 1345 2214 ergo
1373 2153 1425 2198 et
1453 2144 1568 2214 ipse
1596 2152 1698 2200 cst.
1723 2145 1828 2202 Sed
1858 2146 1981 2216 quia

412 2235 678 2304 ingenitus
708 2253 811 2291 non
842 2245 943 2304 est,
972 2236 1174 2293 factura
1202 2252 1332 2308 ergo
1361 2247 1464 2305 est,
1494 2247 1550 2292 ut
1580 2237 1708 2310 [al.,
1732 2239 1981 2311 putetur]

392 2335 647 2398 ‘putatur,
677 2327 892 2384 aliunde
935 2329 1269 2395 subsistens,
1310 2330 1356 2384 si
1384 2329 1451 2386 de
1482 2329 1654 2385 Patris
1689 2332 1983 2388 substantia

412 2435 518 2476 non
544 2428 646 2475 est.
678 2419 784 2476 Sed
813 2420 953 2476 absit
983 2420 1083 2477 ltoc
1114 2422 1184 2476 ita
1224 2422 1467 2479 credere.
1504 2422 1611 2479 Nos
1641 2424 1782 2479 enim
1829 2426 1984 2482 unius

412 2512 724 2573 substantiae
747 2528 866 2569 cum
896 2514 1051 2570 Patre
1073 2515 1266 2571 Filium
1291 2518 1627 2586 proﬁtemur,
1658 2519 1984 2576 detestantes

414 2607 771 2663 Sabellianam
819 2606 1065 2663 haeresim
1087 2647 1103 2673 ,
1134 2624 1253 2680 qua:
1290 2610 1361 2664 ita
1401 2617 1639 2665 sanctam
1667 2610 1981 2666 Trinitatem

413 2698 722 2766 confundit,
756 2709 813 2754 ut
851 2701 1097 2757 eumdem
1125 2701 1268 2757 dicat
1308 2716 1430 2758 esse
1470 2701 1680 2758 Patrem
1708 2718 1865 2773 quem
1898 2703 1984 2759 Fi-

414 2788 543 2844 lium
568 2829 582 2857 ,
616 2789 973 2863 cumdemquc
1013 2791 1199 2848 credat
1241 2807 1361 2848 esse
1410 2792 1663 2862 Spiritum
1701 2801 1941 2848 sanctum
1964 2833 1982 2861 ,

414 2897 519 2938 non
546 2897 767 2938 servans
790 2893 900 2939 tres
933 2886 983 2939 in
1016 2885 1216 2941 unitate
1244 2899 1518 2955 personas.

483 2971 593 3030 VII.
624 2971 849 3043 Ingeniti
877 2982 924 3029 et
951 2974 1109 3046 geniti
1132 2977 1305 3030 eadem
1327 2976 1625 3031 substantia.
1658 3006 1726 3017 -
1749 2976 1854 3032 Sed
1876 2976 1985 3033 for-

415 3066 551 3121 sitan
581 3066 828 3137 objicitur
874 3085 887 3121 :
930 3067 1061 3123 Cum
1114 3068 1381 3139 ingenitus
1419 3068 1577 3125 Pater
1617 3069 1719 3137 sit,
1768 3070 1982 3141 genitus

2087 1880 2260 1942 geret,
2291 1880 2518 1927 terrenae
2546 1872 2839 1927 nativitatis
2865 1872 3180 1928 vocabulum
3200 1872 3266 1929 ad
3287 1874 3482 1931 divina:
3500 1890 3664 1946 gene-

2087 1964 2310 2019 rationis
2361 1965 2521 2019 traxit
2563 1964 2894 2034 exemplum,
2923 1964 3107 2020 dicens
3150 1982 3163 2019 :
3217 1965 3297 2020 Ea:
3356 1975 3499 2021 utero
3546 1977 3664 2024 ante

2087 2056 2356 2123 luciferum
2383 2057 2534 2125 genui
2576 2063 2625 2110 te
2654 2054 2787 2125 (Ps.
2818 2070 2936 2125 ets,
2966 2054 3057 2127 ὅ).
3102 2056 3237 2125 Quid
3275 2057 3505 2124 clarius,
3534 2058 3662 2129 quid

2087 2147 2409 2204 lnculentius
2440 2148 2590 2204 ctl'ari
2620 2147 2883 2204 Divinitas
2921 2148 3268 2220 dignaretur?
3297 2149 3498 2218 Quibus
3527 2151 3663 2207 indi-

2085 2240 2200 2306 ciis,
2233 2239 2425 2311 quibus
2461 2239 2802 2296 existentinm
2846 2255 3027 2297 rerum
3072 2242 3333 2312 exemplis
3363 2244 3661 2314 proprieta-

2088 2340 2193 2387 tem
2223 2332 2583 2401 generationis
2613 2332 2784 2403 potuit
2810 2332 3091 2401 intimare,
3123 2348 3282 2404 quam
3308 2343 3364 2390 ut
3401 2350 3494 2406 per
3523 2338 3658 2393 uteri

2085 2422 2500 2494 appellationem
2532 2423 2913 2494 preprictatem
2943 2418 3275 2495 dgenitricis
3318 2426 3660 2483 ostenderet?

2088 2529 2192 2569 non
2220 2516 2341 2585 quia
2374 2516 2650 2585 corporeis
2671 2516 2996 2585 compositus
3024 2522 3108 2571 est
3125 2516 3400 2584 membris,
3435 2525 3529 2573 aut
3554 2518 3655 2573 ali-

2090 2606 2285 2676 quibus
2328 2616 2536 2662 artuum
2576 2607 2914 2663 lineamentis
2939 2607 3252 2674 distinclus;
3284 2608 3381 2664 sed
3410 2608 3532 2679 quia
3562 2624 3660 2665 nos

2088 2695 2240 2750 aliter
2253 2696 2531 2751 veritatem
2549 2694 2741 2751 divinae
2757 2696 3116 2767 generationis
3133 2695 3315 2751 auditu
3330 2697 3523 2753 mentis
3542 2712 3661 2767 per-

2086 2788 2267 2855 cipere
2289 2800 2393 2840 non
2424 2800 2724 2856 possemus,
2743 2786 2843 2841 nisi
2860 2787 3076 2841 humani
3094 2786 3226 2842 uteri
3250 2801 3661 2857 provocaremur

2088 2878 2367 2946 vocabulo,
2387 2878 2648 2949 utambigi
2670 2878 2805 2933 ultra
2826 2893 2928 2935 non
2940 2887 3139 2949 posset,
3157 2878 3224 2935 de
3238 2879 3331 2935 Dei
3361 2880 3655 2937 substantia

2089 2978 2266 3023 uatum
2295 2983 2446 3035 esse,
2481 2984 2638 3039 quem
2659 2976 2868 3024 constat
2891 2983 2955 3023 ex
2987 2969 3158 3024 Patris
3188 2979 3339 3025 utero
3369 2972 3657 3028 exstitisse.

2160 3061 2263 3130 27
2289 3057 2418 3113 VIII.
2441 3058 2668 3114 Ittdivisa
2691 3059 2785 3113 Dei
2805 3059 3107 3114 substantia.
3130 3059 3509 3117 —Credentes
3532 3077 3657 3133 ergo

413 3157 579 3214 Filius
598 3198 614 3225 ,
660 3174 765 3213 non
812 3160 925 3215 ﬁeri
957 3174 1116 3229 posse
1154 3175 1315 3215 unam
1354 3161 1705 3232 eamdemque
1734 3164 1980 3218 substan.
2006 3141 2054 3207 C
2088 3149 2253 3205 Deum
2281 3150 2490 3205 Patrem
2516 3151 2583 3205 de
2611 3165 2706 3206 sua
2735 3151 3027 3205 substantia
3045 3150 3443 3222 itnpassibiliter
3463 3152 3657 3209 Filium

413 3250 540 3305 tiam
571 3252 732 3321 geniti
760 3261 920 3323 atque
947 3252 1166 3322 ingeniti
1200 3270 1212 3306 :
1245 3268 1365 3308 cum
1392 3255 1571 3323 utique
1591 3257 1635 3310 si
1669 3255 1808 3311 sicut
1838 3256 1985 3327 inge-

414 3344 555 3399 nitus
585 3343 743 3399 Pater
771 3353 886 3413 est,
919 3345 1187 3414 ingenitus
1234 3354 1377 3401 esset
1416 3346 1613 3411 Filius,
1662 3354 1787 3403 tunc
1816 3351 1984 3420 magis

414 3431 625 3488 diversa
670 3442 848 3503 posset
877 3448 998 3489 esse
1034 3434 1329 3491 substantia
1350 3478 1365 3502 ,
1394 3437 1529 3507 quia
1549 3438 1910 3509 unusquisque
1932 3455 1984 3505 7a

414 3528 591 3598 scipso
620 3527 914 3585 subsistens
938 3543 1271 3587 communem
1299 3530 1646 3587 substantiam
1672 3549 1794 3609 cum
1816 3534 1985 3591 altero

413 3635 520 3676 non
548 3619 790 3676 haberet.
822 3619 954 3675 Cum
979 3635 1105 3676 vero
1127 3622 1395 3693 ingenitus
1419 3622 1577 3679 Pater
1606 3623 1676 3679 de
1700 3625 1899 3694 seipso,
1933 3625 1983 3681 id

414 3719 497 3779 est
535 3710 604 3766 de
640 3725 706 3765 eo
731 3710 872 3781 quod
912 3710 1027 3781 ipse
1070 3721 1152 3767 cst
1173 3752 1189 3780 ,
1223 3721 1248 3749 ι
1280 3713 1325 3767 si
1351 3712 1478 3783 quid
1508 3713 1635 3769 illud
1657 3725 1739 3770 est
1766 3725 1857 3770 aut
1878 3716 1990 3787 dici

414 3811 587 3873 potest
616 3804 761 3872 (imo
790 3804 909 3873 quia
960 3812 1016 3859 ut
1062 3813 1147 3861 est
1190 3805 1295 3861 dici
1323 3806 1542 3862 omnino
1589 3822 1694 3864 non
1742 3809 1982 3881 potest),

414 3894 606 3951 Filium
636 3897 932 3965 generavit,
964 3905 1180 3967 apparet
1208 3913 1364 3953 unam
1388 3913 1507 3954 esse
1536 3899 1799 3970 gignentis
1826 3902 1982 3971 geni-

413 3988 560 4059 tique
585 3987 932 4044 substantiam
951 4027 969 4056 ,
998 3988 1120 4059 quia
1150 3989 1316 4045 Deum
1344 3989 1411 4047 de
1443 3990 1575 4059 Deo,
1607 3992 1784 4048 lumen
1814 3993 1879 4049 de
1905 3994 1985 4048 lu-

412 4081 555 4136 mine
600 4080 792 4136 Filium
823 4096 942 4137 esse
969 4082 1234 4137 veraciter
1258 4083 1588 4153 proﬁtemur.
1635 4084 1765 4140 Nam
1809 4086 1982 4142 lucem

412 4187 533 4228 esse
570 4174 779 4228 Patrem
818 4173 1046 4229 Joannes
1089 4175 1363 4244 apostolus
1408 4176 1557 4230 testis
1602 4186 1711 4245 cst,
1746 4177 1930 4232 dicens
1966 4196 1979 4232 :

417 4264 552 4331 Quia
579 4262 713 4317 Deus
736 4264 826 4317 lus:
851 4272 923 4317 est
941 4302 957 4328 ,
1003 4275 1051 4317 et
1077 4264 1291 4319 tenebraz
1321 4268 1373 4319 in
1400 4282 1458 4319 eo
1487 4282 1590 4319 non
1620 4278 1737 4321 sunt
1775 4268 1893 4321 ulla:
1929 4266 1982 4337 (1

413 4354 643 4420 Ιοαη..ι,
673 4352 793 4425 54).
828 4352 957 4409 Item
988 4354 1053 4410 de
1083 4355 1221 4409 Filio
1249 4356 1323 4410 ait
1353 4372 1368 4409 :
1405 4355 1468 4409 Et
1504 4357 1605 4409 vita
1627 4365 1730 4409 erat
1758 4357 1847 4410 lux
1884 4356 1981 4408 Ito-

413 4448 637 4511 minum,
684 4456 732 4499 et
770 4447 859 4499 lux
902 4446 955 4499 in
996 4446 1209 4500 tenebris
1236 4448 1367 4501 lucet
1386 4488 1400 4513 ,
1431 4458 1476 4501 et
1503 4450 1717 4503 tenebra:
1739 4464 1851 4502 eam
1877 4465 1979 4503 non

2086 3262 2394 3319 generasse,
2424 3262 2529 3302 non
2560 3247 2789 3301 dicimus
2827 3246 2995 3316 ipsam
3032 3246 3380 3302 substantiam
3407 3256 3497 3301 aut
3526 3248 3659 3304 divi-

2086 3354 2200 3393 sam
2231 3354 2352 3393 esse
2391 3340 2443 3393 in
2485 3339 2639 3405 Filio,
2682 3346 2772 3392 aut
2815 3337 3225 3393 diminutionem
3281 3338 3565 3407 pertulisse
3606 3338 3659 3395 in

2090 3430 2281 3495 Patre;
2305 3438 2357 3484 et
2389 3444 2483 3498 per
2512 3428 2614 3483 hoc
2644 3427 2909 3498 passionis
2938 3428 3173 3497 potuisse
3203 3428 3332 3482 vitio
3360 3429 3654 3498 subiacere.

2086 3519 2238 3575 Absit
2267 3519 2408 3575 enim
2439 3534 2469 3573 a
2511 3519 2683 3584 nobis,
2715 3528 2772 3574 ut
2801 3518 2925 3573 talia
2956 3518 3040 3574 vel
3078 3517 3382 3587 opinemur,
3411 3520 3494 3574 vel
3520 3520 3659 3588 cogi-

2087 3621 2284 3677 temus,
2324 3610 2407 3666 vel
2442 3609 2722 3665 credamus
2764 3608 2832 3663 de
2863 3609 3014 3664 Deo:
3051 3608 3173 3678 quia
3227 3624 3325 3664 nos
3365 3608 3659 3677 perfectum

2088 3704 2326 3768 Patrem,
2357 3702 2650 3771 perfectum
2682 3699 2872 3754 Filium
2896 3698 3012 3754 sine
3034 3699 3116 3754 sui
3146 3698 3519 3768 diminutione,
3543 3700 3664 3755 sine

2086 3795 2262 3865 aliqua
2288 3794 2636 3858 derivatione,
2666 3792 2782 3847 sine
2805 3790 2952 3845 omni
2984 3789 3203 3845 omnino
3232 3780 3493 3859 passionis
3516 3789 3665 3844 infir-

2085 3891 2273 3946 mitate
2309 3888 2559 3960 genuisse
2588 3885 2813 3941 fideliter
2842 3882 3171 3954 profitemur.
3202 3881 3332 3937 Nam
3360 3882 3449 3952 qui
3479 3882 3665 3952 objicit

2089 3984 2218 4051 Deo,
2248 3981 2387 4052 quod
2414 3981 2458 4035 si
2488 3980 2553 4035 de
2581 3979 2760 4049 scipso
2808 3976 3006 4047 genuit,
3034 3975 3312 4030 divisionis
3332 3974 3518 4029 vitium
3542 3990 3666 4044 per-

2088 4076 2223 4139 tulit,
2257 4082 2428 4144 potest
2474 4072 2652 4127 dicere
2683 4071 2803 4140 quia
2836 4076 2891 4123 et
2931 4067 3167 4129 laborem
3210 4067 3400 4134 sensit,
3448 4066 3666 4135 quando

2086 4169 2331 4224 universa
2360 4161 2621 4229 condidit,
2659 4170 2715 4218 et
2752 4161 2821 4215 ob
2866 4160 2966 4216 hoc
2998 4159 3085 4214 die
3130 4160 3357 4229 septima
3406 4158 3474 4214 ab
3516 4161 3663 4215 omni

2084 4274 2248 4327 Opere
2277 4271 2372 4310 suo
2394 4252 2673 4323 requievit.
2717 4251 2820 4308 Sed
2849 4266 2946 4306 nec
2976 4251 3029 4304 in
3056 4249 3362 4320 generando
3391 4248 3458 4305 de
3480 4250 3664 4318 seipso

2087 4348 2389 4419 passivnem
2420 4344 2502 4399 vel
2529 4343 2934 4398 diminutionem
2966 4342 3198 4411 aliquam
3246 4339 3436 4406 sensit,
3471 4355 3568 4394 nec
3607 4339 3663 4395 in

2084 4438 2362 4495 condendo
2420 4437 2668 4492 universa
2723 4432 3087 4503 fatigationem
3145 4434 3373 4503 aliquam
3421 4432 3661 4501 pertulit.

414 4537 893 4609 comprehenderunt
923 4534 1098 4606 (Joau.
1130 4552 1176 4603 ι,
1210 4538 1265 4604 4,
1299 4538 1384 4608 5).
1423 4538 1486 4592 Et
1511 4537 1648 4591 infra
1680 4555 1694 4592 :
1733 4538 1856 4592 Erat
1902 4538 1983 4593 lu-
2010 4514 2065 4575 Ῐ)
2087 4533 2325 4601 Namque
2348 4538 2405 4586 ut
2430 4526 2729 4585 evidentius
2768 4526 2924 4581 nobis
2949 4524 3144 4581 divinae
3168 4523 3533 4595 generationis
3563 4525 3665 4580 im-

417 4647 527 4686 nmt
553 4646 742 4693 verum,
771 4629 905 4699 quod
931 4630 1188 4683 illuminat
1209 4646 1405 4684 omnem
1426 4629 1678 4684 hominem
1710 4632 1980 4688 uenientem

416 4726 469 4778 in
498 4724 631 4778 [tunc
655 4722 898 4776 mundum
927 4720 1111 4792 (Ibid.,
1142 4723 1228 4792 9).
1265 4722 1413 4779 Unde
1443 4732 1663 4793 apparet
1694 4725 1904 4781 Patrem
1930 4736 1984 4782 et

418 4816 608 4871 Filium
655 4815 808 4870 unius
846 4828 964 4870 esse
1003 4815 1344 4881 substantiae,
1378 4813 1503 4870 dum
1532 4815 1665 4871 lueis
1694 4829 1745 4871 et
1768 4816 1982 4872 luminis

414 4906 625 4961 diversa
653 4921 754 4960 non
787 4914 959 4974 potest
983 4919 1102 4959 esse
1131 4905 1424 4960 subsmntia
1463 4904 1600 4975 ejus,
1638 4907 1843 4963 scilicet
1864 4924 1981 4977 quae

415 4997 483 5053 de
507 5013 565 5052 se
591 4998 791 5069 gignit,
822 5007 871 5053 et
905 5014 1020 5068 qua:
1063 4996 1087 5035 ι)
1132 4997 1198 5052 de
1227 5014 1283 5053 se
1310 4999 1559 5069 gignente
1588 5000 1786 5056 existit.
1823 5002 1979 5056 Deni-

415 5104 517 5160 que
544 5104 611 5143 ne
638 5089 829 5159 aliquis
874 5091 1011 5145 inter
1053 5090 1264 5145 Patrem
1307 5099 1360 5145 et
1399 5091 1587 5145 Filium
1615 5091 1978 5147 diversitatem

415 5179 669 5237 naturalis
720 5181 933 5237 luminis
976 5181 1304 5249 itttroducat,
1340 5182 1460 5239 ideo
1486 5184 1769 5253 Apostolus
1799 5183 1865 5240 de
1890 5200 1983 5241 eo-

415 5388 437 5419 τ
488 5395 513 5425 α
543 5384 840 5451 Loricbius,
885 5385 945 5441 Si
980 5386 1183 5458 quidem
1224 5384 1351 5440 illud
1382 5392 1469 5439 aut
1498 5386 1612 5458 dici
1656 5396 1851 5457 potest,
1881 5389 1984 5444 imo

415 5459 534 5528 quia
559 5469 614 5512 ut
647 5458 747 5511 dici
772 5457 973 5511 omnino
994 5456 1107 5511 non
1138 5465 1332 5528 potest,
1364 5466 1466 5512 etc.
1495 5456 1665 5512 Rhen.
1708 5468 1765 5513 ut
1804 5469 1982 5516 nostra

416 5526 569 5592 edit..
597 5529 698 5583 nisi
718 5528 855 5599 quod
881 5542 976 5598 pro
1005 5528 1206 5599 omnino
1233 5526 1392 5599 habet
1421 5528 1609 5599 omnia.

490 5599 515 5637 ι»
544 5601 599 5654 In
627 5595 893 5671 plerisque
916 5599 1065 5655 deest
1090 5613 1160 5652 se.
1184 5595 1459 5653 Loricltius
1485 5597 1642 5655 habet
1666 5601 1729 5653 de
1754 5601 1986 5674 gignente

416 5680 630 5728 constat.

491 5754 514 5781 ε
544 5742 695 5799 Colb.
728 5744 780 5807 l,
809 5746 1053 5802 naturalis
1078 5742 1391 5801 substantia.
1424 5741 1577 5804 Mart.
1604 5751 1657 5801 et
1677 5741 1829 5801 Ortlt.
1860 5755 1980 5796 cum
2024 5816 2046 5822 θ

2087 4624 2407 4697 possibilitas
2437 4632 2459 4661 ο
2492 4621 2971 4681 demonstraretur,
3019 4618 3187 4672 Deum
3231 4631 3296 4672 ex
3323 4616 3434 4671 Deo
3480 4615 3665 4672 lumen

2087 4718 2255 4790 [Lor.,
2291 4712 2380 4785 de)
2410 4729 2472 4769 ex
2504 4711 2702 4767 lumine
2734 4709 2921 4763 Filium
2952 4707 3302 4779 profitendum
3332 4707 3664 4784 accepimus.

2084 4813 2141 4868 Si
2170 4825 2297 4879 ergo
2328 4810 2377 4862 in
2406 4804 2689 4863 efﬁcientia
2714 4802 2935 4858 visibilis
2957 4816 3019 4857 ac
3038 4800 3291 4856 mundani
3319 4798 3536 4853 luminis
3560 4799 3668 4854 tale

2086 4902 2284 4973 aliquid
2318 4899 2609 4962 invenitur,
2634 4905 2691 4951 ut
2730 4895 2931 4950 lumine
2960 4910 3025 4948 ex
3072 4894 3273 4949 lumine
3320 4902 3559 4961 sumpto,
3612 4901 3669 4947 et

2087 5012 2183 5068 per
2208 4991 2489 5065 quamdam
2532 4985 2893 5059 generationis
2924 4984 3251 5039 nativitatem
3297 4992 3506 5045 exorto,
3552 4980 3668 5049 ipsa

2088 5087 2303 5145 luminis
2333 5083 2503 5152 origo,
2536 5094 2653 5151 quae
2676 5094 2740 5134 ex
2772 5094 2829 5132 se
2856 5076 3036 5131 lumen
3068 5074 3210 5128 aliud
3239 5073 3407 5141 dedit,
3442 5086 3544 5127 nec
3568 5071 3664 5125 nti-

2090 5181 2203 5247 nui,
2238 5192 2335 5234 nec
2363 5175 2530 5233 ullum
2561 5172 2778 5231 omnino
2801 5169 3175 5226 detrimentum
3190 5166 3488 5229 *ministrati
3513 5180 3579 5222 ex
3610 5180 3670 5220 se

2092 5385 2359 5449 Loricltio,
2384 5389 2566 5437 natura
2587 5396 2644 5435 ac
2666 5378 2962 5433 substantia.
2990 5374 3203 5449 Comp.,
3225 5374 3467 5447 splendor
3493 5392 3525 5428 a
3556 5376 3670 5430 lue:

2090 5476 2148 5511 ac
2175 5455 2474 5510 substantia.
2504 5452 2769 5516 llhcnan.,
2793 5459 2973 5503 natura
2995 5448 3308 5503 substantiae.

2161 5524 2186 5563 ἀ
2215 5527 2414 5598 Omnes
2434 5514 2794 5598 niss.,pr:eter
2808 5520 2962 5598 Cglb.
2994 5517 3014 5569 1
3039 5524 3092 5598 et
3114 5516 3284 5598 Port.,
3302 5514 3665 5598 generationis,

2091 5598 2224 5653 sicut
2256 5604 2309 5650 et
2333 5586 2823 5649 editiones'vetercs
2849 5587 3091 5645 Rhenani
3118 5596 3171 5642 et
3192 5586 3447 5642 Loriebii.

2165 5677 2188 5703 ο
2220 5665 2417 5730 Laud.,
2453 5662 2603 5721 Colb.
2640 5663 2698 5729 ‘2,
2750 5662 3018 5726 fihcnan.,
3068 5656 3351 5714 Lurichius
3392 5664 3447 5715 et
3479 5655 3663 5723 Ortb.,

2090 5738 2430 5793 insinuantur

3698 5794 3725 5846 \
