3988 6344
307 420 411 480 235

1261 418 1349 477 DE
1384 404 1901 475 PERSECUTIONE
1940 398 2328 464 VANDALICA
2365 403 2492 461 LIB.
2533 400 2621 459 Ill.

3466 389 3576 459 sed

308 530 531 590 luminis
579 529 785 602 perpeti
838 508 1047 603 [Rhein
1078 506 1385 600 contingat]
1435 525 1608 598 potuit
1641 540 1655 578 :
1695 526 1892 594 quanto
1919 517 1972 580 Δ
1997 516 2242 586 vm,25).
2266 517 2375 588 28
2394 512 2839 587 Superferebatur
2854 518 3029 570 autem
3046 508 3389 585 SpiritusDei
3412 527 3572 603 super

310 628 515 686 rectius
544 632 599 683 et
628 624 823 681 melius
852 623 918 680 de
946 622 1118 680 divini
1147 633 1202 680 et
1246 620 1529 679 ineffabilia
1560 616 1773 675 luminis
1803 628 1899 670 na-

313 730 431 778 tura
457 717 787 776 credendum
817 726 918 783 est,
950 716 1091 788 quod
1114 731 1179 773 es
1201 716 1375 787 seipsa
1406 712 1587 769 lumen
1610 722 1896 780 generans,

316 795 486 871 minui
516 811 737 869 omnino
760 824 865 865 non
894 809 1096 880 potuit?
1119 806 1272 864 Unde
1292 806 1512 877 aequalis
1542 811 1625 860 est
1647 801 1787 857 Patri
1812 799 1902 855 Fi-

316 906 422 963 lius
448 920 559 961 non
590 912 749 958 natus
775 916 841 959 ex
880 909 1146 972 tempore,
1189 899 1285 955 sed
1314 895 1549 969 gignenti
1577 901 1899 956 coaeternus,

320 998 458 1055 sicut
482 993 736 1066 splendor
761 992 828 1049 ab
857 993 978 1063 igne
1004 989 1233 1061 genitus,
1258 984 1497 1058 gignenti
1531 980 1905 1039 manifestatur

320 1102 611 1161 aquaevus.
655 1085 783 1141 llaec
822 1083 889 1139 de
926 1080 1099 1138 Patris
1132 1088 1187 1135 et
1221 1076 1341 1134 Filii
1372 1074 1695 1147 aequalitate,
1728 1068 1810 1161 vel
1839 1066 1907 1161 de

321 1159 638 1237 substantia:
678 1174 907 1242 unitate,
956 1178 1214 1243 quantum
1263 1164 1540 1225 brevitatis
1584 1162 1719 1220 ratio
1756 1159 1905 1225 sivit,

322 1268 525 1325 dixisse
552 1265 804 1323 Sufﬁciat.

394 1361 488 1417 ιχ.
519 1358 747 1429 Spiritus
776 1362 981 1411 sanctus
1018 1359 1091 1408 est
1132 1348 1281 1405 Patri
1321 1357 1369 1404 et
1414 1344 1556 1402 Filio
1581 1341 1911 1400 consubstan-

328 1453 486 1510 tialis.
517 1482 589 1493 —
621 1450 878 1521 Superest
902 1455 960 1503 ut
981 1442 1182 1515 aliquid
1202 1442 1269 1498 de
1292 1440 1496 1511 Spiritu
1518 1444 1725 1503 sancto,
1749 1446 1909 1504 quem

307 1542 475 1601 .Patri
511 1555 575 1598 ac
619 1539 759 1595 Filio
780 1533 1290 1595 consubstantialem
1336 1529 1625 1593 credimus,
1665 1537 1913 1595 coaequa-

329 1636 437 1692 lem
468 1643 524 1690 et
561 1639 888 1689 coreternum
920 1627 1182 1697 dicamus,
1214 1633 1269 1681 et
1295 1620 1611 1679 testimoniis
1655 1616 1917 1689 approbe-

331 1742 472 1783 mus.
507 1724 653 1779 Licet
679 1722 821 1778 enim
852 1720 966 1775 lucc
994 1715 1294 1774 veneranda
1319 1713 1557 1770 Trinitas
1584 1708 1829 1782 personis
1852 1722 1916 1764 ac

332 1817 637 1876 nominibus
657 1813 905 1870 distincta
934 1813 1022 1879 sit,
1056 1825 1163 1865 non
1186 1819 1365 1864 tamen
1389 1806 1457 1861 ob
1489 1806 1591 1861 hoc
1619 1818 1650 1857 a
1677 1816 1736 1857 se
1757 1810 1916 1870 atque

2000 622 2192 680 aquas,
2222 616 2405 679 utpote
2423 615 2653 675 creator,
2678 606 2873 663 virtute
2894 604 3143 677 potentias
3162 617 3276 662 sua
3296 594 3576 657 continens

2002 711 2337 760 creaturam:
2365 708 2423 757 ut
2463 714 2528 757 ex
2558 700 2641 757 his
2670 698 2789 757 viva
2820 698 2996 755 omnia
3037 698 3411 770 producturus,
3463 696 3578 768 ipse

2002 796 2227 853 rudibus
2255 795 2283 835 δ
2316 794 2564 852 elementi
2589 794 2752 865 signis
2778 793 2993 865 propria
3023 793 3255 850 fomenta
3280 801 3579 866 prastaret,

2003 896 2058 945 et
2088 886 2197 958 jam
2225 895 2351 943 tunc
2380 886 2636 960 mysterio
2661 885 2924 943 emicante
2970 885 3306 957 baptismatis
3327 885 3580 944 virtutem

2004 978 2441 1036 sanctiﬁcationis
2484 978 2706 1051 liquoris
2761 987 2947 1034 natura
2993 978 3317 1049 perciperet,
3345 976 3443 1052 [al.
3476 979 3584 1050 pri-

2006 1066 2279 1140 manuque]
2313 1070 2587 1140 primaque
2609 1067 2675 1124 ad
2699 1066 2859 1123 vitam
2883 1081 3107 1137 corpora
3130 1068 3363 1124 animata
3391 1068 3586 1141 produ-

2006 1170 2174 1227 ceret,
2199 1161 2362 1217 David
2404 1159 2628 1232 proinde
2659 1160 2767 1217 Deo
2798 1159 3089 1230 aspirante,
3124 1168 3384 1217 testatur:
3422 1157 3587 1213 Verbo

1926 1292 1939 1306 .
2009 1250 2220 1308 Domini
2249 1252 2361 1308 ειείὶ
2374 1252 2573 1322 ﬁrmati
2593 1260 2730 1318 sunt,
2755 1261 2802 1306 et
2832 1249 3032 1323 Spiritu
3049 1250 3152 1305 oris
3169 1253 3279 1323 ejus
3305 1251 3467 1306 omnis
3484 1251 3587 1305 vir-

2010 1353 2089 1401 tus
2117 1360 2290 1400 eorum
2320 1342 2490 1415 (Psal.
2522 1358 2697 1410 χχιιι,
2729 1342 2806 1415 6).
2834 1341 2970 1411 Vide
2996 1356 3159 1414 quam
3190 1341 3345 1413 plena
3369 1342 3438 1399 sit
3467 1341 3589 1399 bre-

2013 1437 2170 1505 vitas,
2213 1446 2267 1493 et
2314 1449 2471 1506 quam
2498 1436 2644 1493 clare
2684 1435 2739 1491 in
2785 1442 3177 1491 sacramentum
3209 1444 3232 1473 °
3264 1432 3480 1489 unitatis
3505 1447 3594 1490 re-

2012 1526 2203 1586 currit.
2248 1527 2464 1585 Patrem
2510 1528 2561 1584 in
2605 1526 2855 1594 Domina;
2895 1526 2950 1583 in
3002 1525 3155 1583 Verbi
3207 1525 3592 1598 signiﬁcatione

2014 1618 2209 1677 Filium
2259 1633 2494 1690 ponens;
2537 1617 2794 1690 Spiritum
2824 1628 3066 1674 sanctum
3110 1616 3363 1674 Altissimi
3412 1632 3477 1674 es
3508 1634 3595 1675 ore

2018 1711 2363 1782 nuncupavit.
2386 1711 2452 1766 Et
2482 1725 2549 1766 ne
2576 1709 2723 1766 vocis
2752 1708 2916 1766 editio
2946 1709 3283 1780 acciperetur
3318 1709 3370 1766 in
3408 1709 3594 1777 Verbo,

2020 1805 2185 1861 cmlos
2214 1818 2307 1873 per
2334 1817 2454 1859 eum
2478 1803 2670 1859 asserit
2694 1818 2814 1860 esse
2834 1804 3093 1861 ﬁrmatos.
3123 1805 3198 1863 Ne
3224 1816 3400 1861 autem
3431 1813 3598 1862 status

333 1895 488 1970 a'sua
506 1906 805 1963 aeternitate
826 1904 1131 1972 discrepare
1151 1898 1417 1956 credenda
1436 1909 1549 1963 es1;
1572 1894 1666 1950 sed
1696 1904 1917 1948 manens
1947 1888 1994 1950 B
2019 1892 2047 1933 (ι
2077 1895 2130 1951 in
2173 1894 2373 1966 Spiritu
2403 1903 2699 1964 putaretur,
2731 1878 2968 1951 caelestis
3004 1896 3057 1951 in
3087 1910 3152 1951 eo
3182 1896 3392 1951 virtutis
3431 1894 3599 1965 pleni-

333 2013 459 2059 ante
505 1999 701 2055 smcula
738 1995 986 2051 divinitas
1024 1994 1078 2048 in
1115 1992 1291 2057 Patre,
1324 1999 1379 2046 et
1417 1989 1576 2055 Filio,
1624 1995 1676 2041 et
1714 1983 1917 2053 Spiritu

332 2104 545 2157 sancto,
575 2106 701 2147 vere
735 2104 797 2144 ac
829 2088 1045 2159 proprie
1080 2084 1338 2149 creditur,
1373 2098 1471 2138 nec
1501 2081 1665 2137 dividi
1716 2078 1918 2134 nostris

334 2180 869 2256 interpretationibus
904 2186 1102 2249 potest,
1135 2191 1235 2232 ncc
1274 2189 1458 2231 rursus
1480 2186 1633 2228 versa
1674 2171 1726 2224 in
1759 2183 1919 2222 unam

337 2289 625 2347 personam
662 2270 901 2327 Trinitas
928 2270 1041 2339 ipsa
1074 2266 1349 2323 confundi.
1400 2265 1522 2319 llaec
1562 2261 1693 2315 ﬁdes
1739 2260 1916 2329 plena,

338 2368 455 2424 haec
486 2375 672 2421 nostra
702 2362 985 2419 credulitas
1014 2370 1114 2416 est.
1149 2360 1353 2415 idcirco
1377 2357 1507 2411 deos
1546 2370 1645 2409 nec
1666 2350 1921 2407 mstimari

339 2462 590 2534 patimur,
640 2471 740 2511 nec
781 2454 988 2519 vocari;
1026 2452 1119 2508 scd
1148 2468 1311 2506 unum
1356 2452 1519 2505 Deum
1559 2449 1610 2502 in
1656 2446 1922 2516 praedictis

339 2553 586 2625 personis
612 2565 675 2605 ac
697 2546 998 2605 nominibus
1019 2544 1357 2601 conﬁtemur.
1378 2541 1759 2597 lnenarrabilis
1781 2539 1920 2593 enim

340 2645 624 2710 Divinitas,
656 2658 762 2698 non
790 2649 846 2696 ut
868 2639 1112 2695 concludi
1156 2647 1247 2693 aut
1278 2634 1603 2707 apprehendi
1650 2633 1798 2688 velut
1827 2647 1919 2685 vo-

342 2737 551 2795 cabulis
582 2743 784 2804 posset,
815 2732 955 2787 intra
986 2731 1200 2786 nomina
1234 2742 1597 2800 personasque
1630 2741 1687 2780 se
1712 2723 1925 2794 praesti-

347 2829 439 2883 tit:
470 2826 565 2882 sed
596 2835 654 2880 ut
685 2824 737 2879 id
760 2824 899 2894 quod
927 2832 1043 2878 crat
1078 2838 1197 2877 esse
1246 2828 1579 2885 nosceretur,
1626 2816 1925 2885 intelligen-

352 2919 475 2976 tiam
503 2920 583 2975 sui
613 2934 678 2973 ex
711 2926 882 2989 parte,
916 2931 1071 2987 quam
1095 2928 1290 2985 capere
1333 2914 1577 2968 humana:
1610 2912 1806 2967 mentis
1831 2924 1926 2964 an-

353 3011 540 3083 gustiae
572 3009 950 3081 prmvalebant,
984 2998 1327 3063 credentibus
1353 3004 1522 3069 dedit,
1560 3002 1818 3073 propheta
1846 2999 1926 3055 dic

352 3112 504 3158 cente
528 3119 542 3155 :
579 3100 697 3154 Nisi
717 3098 1051 3161 credideritis,
1077 3105 1102 3132 α
1127 3112 1227 3149 non
1258 3095 1548 3165 intelligetis
1572 3093 1720 3160 (Isai.
1750 3108 1839 3157 vn,
1868 3090 1923 3156 9,

348 3210 448 3249 sec.
480 3190 666 3262 LXX).
691 3190 804 3245 Una
835 3199 918 3244 est
938 3186 1077 3258 ρι’εᾶ
1091 3187 1369 3242 Trinitatis
1389 3186 1579 3251 deitas,
1604 3193 1657 3240 et
1686 3184 1736 3238 in
1768 3182 1926 3253 hujus

2020 1986 2257 2043 tudinem
2298 1986 2706 2042 demonstravit.
2748 1986 2879 2043 Nam
2921 1988 3011 2043 ubi
3052 1988 3233 2055 virtus,
3266 1988 3337 2043 ibi
3381 2000 3600 2042 necesse

2020 2087 2103 2134 est
2131 2091 2357 2146 persona
2386 2076 2711 2142 subsistens;
2734 2077 2823 2131 ubi
2845 2078 3029 2144 omnis,
3054 2094 3159 2132 non
3188 2076 3362 2132 ablata
3392 2092 3419 2129 a
3448 2077 3601 2132 Patre

2021 2177 2076 2223 et
2107 2167 2265 2235 Filio,
2293 2167 2387 2222 sed
2419 2177 2787 2222 consummata
2815 2167 3144 2237 signiﬁcatur
3166 2168 3218 2223 in
3248 2166 3447 2238 Spiritu
3477 2181 3601 2221 san-

2025 2269 2113 2316 cto
2143 2278 2154 2313 :
2181 2276 2286 2315 non
2311 2269 2368 2314 ut
2406 2260 2552 2315 solus
2584 2260 2773 2316 habeat
2806 2260 2946 2331 quod
2977 2260 3029 2316 in
3060 2260 3218 2317 Patre
3245 2269 3299 2316 et
3324 2259 3457 2317 Filio
3494 2267 3598 2327 est,

2023 2355 2117 2411 sed
2148 2366 2203 2408 ut
2233 2364 2399 2410 totum
2429 2353 2620 2410 habeat
2640 2368 2759 2411 cum
2792 2363 3039 2425 utroque.

2098 2446 2187 2502 XI.
2223 2446 2344 2500 Tres
2375 2461 2603 2516 persona:
2624 2446 2676 2501 in
2700 2463 2802 2501 uno
2832 2446 3053 2501 nomine.
3081 2475 3149 2486 —
3176 2446 3239 2503 Et
3270 2447 3459 2502 iterum
3481 2457 3601 2502 cum

2025 2537 2092 2593 de
2136 2538 2417 2593 vocatione
2484 2538 2721 2607 gentium
2775 2537 3032 2593 Dominus
3085 2538 3409 2608 loqueretur,
3458 2540 3597 2593 intra

2027 2645 2190 2685 unum
2225 2629 2523 2684 Divinitatis
2561 2644 2753 2684 nomen
2786 2629 3048 2701 (Patrem,
3090 2629 3279 2685 Filium
3310 2630 3384 2702 et)
3430 2616 3602 2701 Spiri-

2030 2731 2140 2780 tum
2187 2732 2429 2779 sanctum
2471 2722 2787 2793 praedicans,
2820 2724 2893 2778 ait
2928 2740 2940 2776 :
2987 2721 3181 2777 Euntes
3207 2723 3381 2778 docete
3430 2738 3602 2778 omnes

2026 2827 2217 2887 gentes,
2249 2817 2559 2887 lmptizantes
2582 2833 2667 2871 eos
2690 2817 2743 2869 in
2766 2816 2966 2870 nomine
2989 2814 3160 2869 Patris
3189 2825 3236 2869 et
3262 2812 3391 2869 Filii
3410 2824 3455 2869 et
3487 2814 3608 2885 Spi-

2027 2908 2157 2962 ritus
2195 2909 2356 2962 sancti
2403 2906 2617 2978 (tifatth.
2670 2921 2863 2974 xxvm,
2914 2905 3096 2975 19).Et
3137 2905 3328 2961 iterum
3373 2904 3609 2963 caelestia

2028 2997 2317 3055 Corinthiis
2341 2999 2635 3070 prmdicans
2651 3000 2959 3070 Apostolus,
2991 2997 3106 3053 haec
3127 2997 3363 3053 subdidit
3386 3012 3401 3052 :
3430 2996 3610 3052 Gratia

2029 3091 2240 3148 Domini
2269 3093 2430 3147 nostri
2459 3092 2581 3147 Jesu
2608 3091 2819 3158 Christi,
2845 3101 2894 3146 el
2922 3092 3107 3145 caritas
3141 3089 3253 3155 Dei,
3285 3098 3333 3143 et
3379 3103 3605 3143 commu-

2028 3187 2217 3243 nicatio
2236 3187 2403 3242 sancti
2428 3185 2651 3256 Spiritus
2677 3200 2792 3239 cum
2818 3182 3048 3239 omnibus
3078 3181 3213 3236 vobis
3250 3179 3298 3251 (ι
3330 3180 3447 3235 Cor.
3492 3194 3607 3247 xm,

354 3284 597 3340 vocabuli
625 3259 988 3352 appellatione
1017 3279 1337 3348 signiﬁcatio
1363 3287 1445 3333 est
1484 3277 1642 3332 unius
1681 3275 1931 3331 substan-
1957 3259 2003 3324 C
2032 3279 2148 3350 25),
2183 3279 2251 3334 Et
2291 3287 2349 3333 ut
2389 3277 2627 3349 apertius
2661 3278 2716 3333 in
2763 3277 2863 3331 hac
2890 3274 3151 3331 Trinitate
3188 3273 3444 3329 unitatem
3484 3273 3611 3329 sub-

357 3378 459 3443 tice,
502 3391 610 3431 non
660 3374 819 3428 unius
866 3385 1131 3442 personae.
1189 3369 1269 3423 Ad
1313 3382 1471 3438 quam
1522 3382 1635 3421 rem
1686 3365 1932 3421 ﬁdelibus

353 3466 805 3540 comprobandam
854 3464 908 3519 in
956 3462 1322 3518 testimonium
1375 3460 1455 3514 sui
1508 3458 1768 3513 Divinitas
1815 3457 1930 3525 ipsa

350 3563 531 3619 multis
550 3572 604 3616 et
632 3555 971 3614 creberrimis
994 3551 1469 3610 contestationibus
1507 3566 1716 3621 semper
1743 3549 1931 3604 adfuit.

349 3654 537 3711 Liceat
578 3667 707 3723 ergo
747 3648 1025 3705 brevitatis
1070 3645 1387 3715 compendio
1427 3660 1493 3699 ex
1539 3644 1723 3699 multis
1764 3656 1933 3713 pauca

350 3745 617 3818 proferre,
657 3743 906 3814 quoniam
933 3738 1028 3812 [al.
1057 3738 1205 3811 vere]
1243 3754 1367 3793 vera
1400 3737 1649 3808 probatio
1682 3734 1935 3805 majesta-

352 3839 444 3906 tis,
477 3835 687 3891 tametsi
710 3832 870 3889 habet
898 3831 1256 3902 pluralitatem
1283 3829 1732 3892 testimoniorum,
1758 3827 1935 3897 plura-

350 3928 505 3983 litate
522 3936 699 3982 tamen
722 3939 832 3980 non
853 3922 1074 3992 indiget,
1098 3921 1349 3992 quoniam
1371 3918 1608 3975 credenti
1634 3931 1800 3988 pauca
1826 3915 1937 3971 suf-

353 4020 562 4077 ﬁciunt.

425 4113 496 4167 Χ.
523 4111 815 4181 Scripturis
838 4108 1097 4178 probatur.
1127 4136 1197 4147 -
1227 4105 1461 4162 Primum
1492 4104 1650 4175 igitur
1682 4104 1749 4160 de
1778 4103 1939 4160 Vete-

354 4207 432 4262 ris
452 4205 783 4261 Testamenti
811 4202 964 4258 libris
984 4203 1323 4274 postmodum
1345 4200 1502 4256 etiam
1524 4198 1682 4265 Novi,
1702 4200 1933 4268 Patrem,

354 4296 575 4361 Filium,
606 4304 661 4350 et
703 4294 962 4364 Spiritum
1010 4302 1252 4349 sanctum
1288 4294 1443 4348 unius
1471 4291 1781 4348 docebimus
1819 4305 1939 4347 esse

353 4388 692 4456 substantiae,
726 4387 865 4442 libro
888 4385 1111 4454 Genesis
1130 4387 1210 4443 sic
1240 4385 1527 4441 inchoante
1552 4403 1565 4440 :
1598 4383 1663 4438 In
1686 4384 1938 4455 principio

354 4483 478 4552 fecit
506 4479 647 4534 Deus
677 4478 858 4534 caelum
888 4488 935 4535 et
972 4488 1157 4534 terram
1180 4494 1200 4546 ;
1227 4488 1364 4533 terra
1392 4487 1559 4531 autem
1586 4486 1693 4532 erat
1721 4476 1943 4529 invisibi-

359 4576 444 4640 lis,
476 4584 517 4627 et
547 4574 909 4650 incomposita,
939 4581 984 4627 et
1008 4573 1223 4628 tenebrat
1252 4581 1396 4627 erant
1416 4588 1569 4643 super
1592 4571 1851 4642 abyssum,
1894 4579 1942 4624 et

364 4665 588 4733 Spiritus
614 4662 706 4718 Dei
738 4666 992 4735 ferebatur
1017 4681 1167 4735 super
1196 4680 1353 4733 aquas
1380 4662 1531 4735 (Gen.
1561 4677 1600 4728 ι,
1632 4663 1683 4726 l,
1713 4660 1791 4733 2).
1820 4659 1941 4732 [al.,

359 4755 455 4812 Ille
478 4754 590 4826 qui)
621 4755 713 4811 Ille
730 4755 1045 4826 principium
1067 4755 1156 4825 qui
1176 4754 1375 4810 Judaeis
1391 4754 1513 4825 quis
1541 4763 1685 4809 esset
1708 4753 1943 4809 interro-

357 4847 607 4920 gantibus
633 4847 768 4903 dixit
798 4864 811 4900 :
844 4846 1187 4917 Principium,
1215 4847 1301 4917 qui
1332 4854 1377 4901 et
1398 4845 1576 4914 loquor
1601 4843 1736 4900 vobis
1759 4842 1946 4916 (Joan.

432 5043 460 5071 ι
492 5032 589 5087 llic.
618 5032 767 5088 locus
796 5038 878 5085 est
906 5028 1201 5085 secundum
1232 5028 1536 5084 versionem
1566 5024 1934 5097 Septuaginta,
1995 5064 2005 5077 .

358 5106 451 5160 ubi
481 5103 590 5159 οὐδὲ
619 5109 687 5174 μή
711 5110 895 5174 quain
920 5118 936 5155 :
968 5100 1210 5174 Vulgata,
1239 5115 1340 5174 non
1376 5099 1747 5174 permanebitis.
1774 5098 1942 5174 Caete-

359 5190 481 5230 rum
520 5184 578 5229 ut
616 5168 904 5243 plurimum
941 5168 1117 5226 textus
1148 5168 1438 5241 Scriptura:
1477 5169 1818 5243 proferuntur
1856 5168 1944 5243 hic

358 5261 427 5300 ex
467 5238 715 5299 versione
758 5240 926 5308 LXX,
970 5238 1284 5311 plerumque
1331 5254 1428 5294 nec
1474 5241 1640 5311 istius,
1677 5238 1942 5311 versionis

359 5323 506 5381 sunt,
537 5330 636 5370 nec
667 5313 925 5383 Vulgatte,
954 5308 1012 5367 tit
1037 5308 1332 5367 conferenti
1368 5310 1588 5383 patebit.
1622 5310 1709 5365 Sic
1746 5318 1800 5363 et
1826 5308 1943 5363 loca

359 5379 502 5440 Novi
526 5379 857 5440 Testamenti
890 5382 1208 5453 quandoque
1250 5379 1414 5436 textui
1444 5380 1631 5435 Graeco
1656 5389 1780 5435 sunt
1810 5394 1939 5433 con-

359 5453 1382 5537 formia,aliquando_nostra:.Vulgatm,
1405 5465 1787 5536 nonnunquam
1812 5464 1947 5504 neu-

362 5528 431 5579 tri
464 5529 603 5593 quod
635 5523 722 5580 hic
746 5523 913 5578 semel
940 5523 1211 5578 monuisse
1235 5525 1363 5577 satis
1392 5526 1479 5575 sit.

435 5594 466 5632 δ
494 5596 583 5651 Sic
610 5611 676 5651 ex
712 5593 870 5649 codd.
902 5594 1049 5648 Port.
1079 5601 1133 5649 et
1157 5593 1319 5647 Laud.
1351 5592 1507 5646 simul
1535 5591 1736 5660 junctis
1763 5592 1943 5657 legen-

359 5665 495 5721 dum
521 5680 638 5721 esse
663 5665 988 5721 oettsuimus.
1012 5662 1142 5717 Nam
1166 5662 1334 5717 Laud.
1354 5664 1513 5717 habet
1531 5664 1762 5718 elementi
1783 5661 1944 5730 signis

363 5736 613 5808 (anteum.
664 5736 839 5801 Port.,
884 5734 1140 5808 elementis
1193 5735 1401 5808 propria
1446 5730 1944 5808 fou_tenta._Ca}ter_-i

364 5801 557 5864 omnes
598 5822 733 5864 mss.
778 5817 834 5863 et
873 5804 1001 5861 editi
1044 5820 1059 5858 :
1097 5801 1207 5875 ipse
1240 5801 1453 5860 rudibus
1490 5803 1781 5871 elementis;
1810 5801 1941 5872 ignis

367 5880 565 5957 proprii
589 5880 814 5959 [uincula
834 5882 1118 5952 prcstaret.

2033 3372 2246 3427 stantia:
2277 3370 2561 3437 fateamur,
2592 3369 2723 3426 illud
2768 3368 2929 3426 etiam
2973 3367 3130 3424 nobis
3156 3376 3239 3423 est
3275 3366 3606 3435 intuendum,

2036 3463 2304 3535 quomodo
2331 3462 2494 3529 Deus,
2526 3476 2649 3517 cum
2686 3460 2752 3517 de
2784 3459 2967 3516 mundi
2996 3468 3051 3516 et
3087 3457 3316 3515 hominis
3343 3458 3613 3514 creatione

2035 3555 2364 3625 disponeret,
2404 3561 2798 3610 sacramentum
2854 3550 3130 3608 Trinitatis
3171 3549 3486 3613 ostenderit,
3532 3547 3613 3603 di—

2037 3662 2203 3704 cens:
2247 3643 2522 3700 Faciamus
2550 3644 2807 3698 hominem
2845 3643 2911 3696 ad
2941 3642 3211 3713 imaginem
3245 3649 3291 3694 el
3318 3638 3614 3694 similitudi-

2037 3755 2153 3794 nem
2178 3745 2400 3793 nostram
2430 3734 2582 3807 (Gen.
2614 3748 2651 3803 ι,
2675 3731 2787 3804 26).
2808 3730 2939 3788 Cum
2956 3732 3085 3787 dicit
3110 3740 3354 3797 nostram,
3383 3727 3615 3785 ostendit

2037 3831 2222 3903 utique
2249 3845 2355 3886 non
2385 3830 2572 3893 unius;
2604 3841 2726 3884 cum
2753 3840 2881 3881 vero
2916 3825 3189 3895 imaginem
3228 3833 3275 3878 et
3323 3821 3615 3879 similitudi-

2040 3939 2175 3990 nem,
2216 3931 2239 3960 ο
2272 3920 2474 3992 profert
2520 3918 2913 3989 mqualitatem,
2956 3914 3328 3971 distinctiones
3367 3925 3615 3983 persona-

2040 4029 2161 4070 rum
2191 4012 2453 4075 insinuat;
2486 4019 2545 4064 ut
2572 4008 2626 4064 in
2647 4007 2836 4064 eodem
2859 4020 3023 4077 opere
3042 4005 3114 4062 sit
3140 4003 3411 4060 Trinitatis
3436 4012 3617 4073 aperta

2040 4102 2293 4174 cognitio,
2327 4102 2381 4157 in
2413 4114 2519 4172 quo
2551 4114 2651 4155 nec
2679 4098 2958 4170 pluralitas
2988 4096 3082 4170 [al.
3114 4093 3296 4166 causa]
3331 4109 3481 4150 cassa
3512 4102 3615 4164 est,

2042 4214 2143 4256 nec
2171 4196 2464 4255 similitudo
2500 4192 2846 4259 dissentiens,
2873 4192 3000 4248 dum
3028 4198 3084 4247 et
3118 4188 3496 4260 consequentia
3542 4187 3620 4244 sic

2044 4291 2369 4361 loquuntur:
2401 4287 2470 4343 Et
2499 4286 2628 4340 dixit
2656 4282 2818 4349 Deus,
2846 4291 2902 4339 et
2937 4283 3055 4352 fecit
3083 4278 3245 4346 Deus,
3275 4286 3330 4335 et
3367 4278 3621 4333 benedixit

2046 4381 2184 4437 Deus
2204 4379 2359 4451 (Gen.
2385 4376 2448 4449 ι).
2482 4376 2550 4433 Ει
2572 4388 2792 4433 necesse
2819 4381 2903 4430 est
2932 4383 2990 4428 ut
3020 4368 3307 4428 creationis
3349 4368 3510 4424 totius
3530 4383 3622 4423 au-

2046 4482 2166 4530 ctor
2214 4473 2353 4527 Deus
2387 4484 2526 4525 unus
2564 4469 2654 4524 sit.
2700 4465 2871 4533 Quam
2917 4462 3038 4519 ﬁdei
3092 4462 3356 4518 rationem
3407 4461 3623 4530 antiqua

2047 4564 2277 4634 denique
2297 4575 2393 4632 per
2418 4560 2635 4632 Moysen
2659 4554 2963 4614 benedictio
2986 4552 3191 4625 pandit,
3214 4560 3267 4608 et
3286 4550 3621 4620 comprobat,

2049 4671 2153 4729 qua
2200 4652 2517 4710 benedicere
2545 4648 2798 4721 pOpqum
2848 4652 3183 4702 sacramento
3221 4644 3373 4700 trinae
3412 4643 3625 4699 invoca-

2054 4747 2216 4807 tionis
2232 4744 2470 4815 iubetur.
2502 4742 2592 4796 Ait
2619 4738 2761 4794 enim
2800 4737 2941 4793 Deus
2970 4735 3036 4790 ad
3076 4735 3293 4807 Moysen
3320 4753 3335 4790 :
3364 4734 3452 4791 Sic
3471 4734 3622 4788 bene-

2059 4841 2195 4897 dices
2220 4834 2462 4909 pupulum
2489 4846 2676 4900 meum,
2704 4837 2753 4885 et
2781 4844 2881 4900 ego
2892 4826 3184 4884 benedicam
3211 4824 3329 4881 illos
3359 4840 3382 4882 :
3407 4822 3627 4881 Benedi-

2123 5031 2145 5060 ε
2174 5016 2325 5074 Colb.
2360 5015 2421 5082 1,
2455 5013 2608 5070 Mart.
2639 5020 2694 5069 et
2721 5009 2879 5066 Orth.
2921 5022 3040 5063 cum
3072 5005 3342 5082 Lorichio,
3370 5005 3424 5060 in
3448 5022 3627 5082 sacra-

2050 5100 2216 5148 mento
2243 5079 2416 5143 unitas
2445 5083 2681 5141 recurrit.
2717 5082 2854 5150 Quin
2888 5087 2943 5135 et
2969 5079 3127 5150 paulo
3144 5086 3308 5150 ante,
3350 5092 3446 5147 pro
3479 5079 3629 5149 plena

2050 5146 2289 5223 brevitas,
2321 5156 2601 5213 Lorichius
2620 5146 2801 5223 habe},
2833 5146 2998 5223 plana‘
3018 5146 3252 5223 brevitas.

2119 5227 2147 5269 ά
2178 5216 2347 5285 Laud.
2378 5228 2534 5283 Mart.
2560 5234 2615 5281 et
2642 5216 2895 5287 Orth.,in
2918 5219 3155 5288 spiritum
3182 5226 3459 5287 reputelur.
3485 5216 3630 5274 licti-

2048 5301 2223 5359 nenda
2250 5310 2425 5354 tamen
2451 5305 2629 5352 nostra
2658 5293 2837 5349 lectio.
2862 5290 3054 5345 Tribus
3075 5291 3215 5344 enim
3244 5290 3359 5344 istis
3387 5289 3624 5355 vocibus,

2049 5372 2292 5436 Domini,
2328 5368 2493 5423 Verbo
2521 5412 2536 5436 ,
2580 5374 2635 5421 et
2665 5364 2893 5435 Spiritu,
2925 5361 2978 5416 in
3008 5361 3215 5431 psalmo
3245 5359 3489 5436 laudatis,
3524 5367 3631 5413 tres

2051 5430 2330 5498 Trinitatis
2357 5430 2717 5494 sanctissima!
2737 5446 2994 5502 personas
3010 5430 3299 5501 expressas
3320 5430 3483 5484 fuisse
3502 5441 3630 5482 san-

2051 5511 2277 5568 ctissimi
2306 5509 2639 5565 confessores
2666 5504 2977 5561 ostendunt.
3385 5567 3390 5568 7
3481 5567 3485 5568 ί
3622 5534 3625 5535 ν

2126 5592 2149 5619 ε
2181 5581 2366 5636 Plures
2412 5594 2539 5634 mss.
2588 5594 2709 5633 cum
2757 5574 2914 5630 editis
2952 5572 3195 5641 aliquot,
3238 5567 3624 5641 similitudinem

2052 5654 2267 5723 profert,
2290 5650 2629 5723 aequalitatem
2658 5637 3342 5723 distinctionis_persortarunt
3380 5637 3629 5723 insinuat.

2052 5705 2122 5778 Et
2150 5705 2308 5787 infra,
2342 5705 2622 5776 iimilitudo
2647 5717 2964 5782 dissentiens,
2988 5705 3157 5769 Laud.
3184 5707 3343 5765 habet
3362 5705 3631 5765 dissimili-

2049 5794 2177 5856 tudo
2206 5792 2522 5851 dissentiens.
