3988 6344
393 388 501 455 ω

1699 387 2009 467 γιοτοιιιδ
2047 388 2355 469 virensis

3542 394 3652 457 128

396 517 479 563 cat
509 517 554 561 te
587 504 833 575 Dominus
863 511 909 571 et
937 500 1186 563 custodiat
1214 507 1282 555 te.
1317 498 1583 557 Iliuminet
1618 499 1864 573 Dominus
1896 501 1971 569 {ae
1998 503 2053 583 4
2077 501 2235 574 longo
2261 505 2610 574 separationis
2638 504 2916 569 intervallo
2947 505 3151 565 divisit
3174 507 3269 577 sed
3303 518 3425 577 tres,
3457 510 3646 585 inquit,

396 600 525 661 cum
550 614 694 661 suam
721 612 867 667 super
882 605 949 659 te,
972 602 1017 649 et
1047 594 1345 651 misereatur
1368 594 1465 646 tui.
1488 592 1701 667 Attollat
1726 592 1972 645 Dominus

398 690 583 762 {aciem
613 704 758 747 suam
780 699 931 753 super
959 693 1023 750 te,
1053 694 1099 745 et
1144 685 1226 737 det
1256 684 1344 737 tibi
1372 699 1545 754 pacem
1576 683 1763 757 (Num.
1797 700 1868 748 vt,
1903 684 1973 755 23

397 780 552 852 seq.).
600 778 750 849 Quod
791 778 891 831 hoc
934 775 1107 844 ipsum
1163 775 1419 846 propheta
1460 776 1624 830 David
1669 778 1971 857 continuat,

396 873 618 941 dicens:
655 867 929 923 Benedicat
964 884 1055 922 nos
1097 865 1255 933 Deus,
1294 867 1433 922 Deus
1476 878 1662 935 noster,
1714 868 1971 921 benedicat

395 938 487 1023 nos
530 962 684 1037 Deus,
715 970 761 1025 et
795 970 1017 1016 metuant
1055 976 1170 1015 eum
1218 977 1386 1014 omnes
1428 962 1552 1029 lines
1603 971 1747 1014 terra
1798 959 1971 1031 (Psal.

395 1070 540 1120 LXVI,
570 1054 650 1124 8).
681 1053 852 1123 Quam
876 1052 1153 1107 Trinitatis
1179 1053 1435 1107 unitatem
1481 1068 1727 1123 supernae
1761 1052 1974 1122 angelo-

394 1160 516 1202 rum
540 1146 763 1200 virtutes
793 1144 911 1217 [ms.
952 1142 1008 1208 ‘2,
1040 1145 1090 1199 in
1141 1141 1267 1213 uno)
1311 1144 1509 1214 hymno
1539 1152 1880 1209 venerantur,
1921 1154 1976 1209 et

394 1245 479 1295 ter
501 1252 748 1307 numero,
766 1236 1008 1301 Sanctus,
1025 1238 1263 1302 Sanctus,
1282 1236 1521 1303 Sanctus,
1550 1235 1800 1290 Dominus
1817 1235 1971 1303 Deus,

393 1329 604 1391 subeam
643 1327 798 1399 (Isai.
842 1342 915 1393 vt,
977 1329 1054 1396 5),
1108 1327 1425 1385 indesinenti
1475 1336 1702 1383 canente
1758 1343 1871 1393 ore,
1920 1330 1971 1391 in

396 1422 555 1489 unius
591 1420 859 1489 fastigium
889 1418 1267 1489 dominationis
1306 1418 1528 1487 gloriam
1568 1418 1682 1488 ejus
1718 1420 1971 1487 exaltant.

395 1511 550 1585 Quod
577 1520 636 1567 ut
661 1510 836 1565 adhuc
863 1511 1102 1579 apertius
1129 1508 1359 1565 fidelium
1388 1510 1635 1593 sensibus
1657 1510 1972 1587 inculcetur,

397 1601 695 1675 ptelestium
728 1601 1108 1671 mysteriorum
1139 1600 1411 1656 conscium
1455 1602 1794 1670 producimus
1842 1602 1977 1679 Pau-

396 1691 529 1749 lum.
570 1692 659 1747 Ait
687 1692 831 1762 enim
870 1708 886 1747 :
919 1690 1204 1747 Divisiones
1249 1701 1419 1746 autem
1462 1692 1799 1747 donationum
1836 1705 1973 1757 sunt,

396 1781 534 1847 idem
588 1793 759 1837 autem
815 1783 1072 1854 Spiritus;
1122 1794 1168 1837 et
1225 1784 1493 1838 divisiones
1546 1785 1975 1840 ministrationum

398 1883 535 1940 sunt,
567 1874 701 1927 idem
721 1885 890 1927 autem
922 1858 1205 1939 Dominus;
1235 1883 1281 1929 et
1320 1875 1592 1929 divisiones
1630 1879 1978 1947 operationum

398 1972 536 2039 sunt,
565 1963 699 2032 idem
723 1980 839 2019 vero
870 1963 1035 2030 Deus,
1064 1967 1149 2034 qui
1186 1974 1423 2035 operatur
1443 1967 1617 2020 omnia
1654 1969 1707 2022 in
1750 1969 1977 2023 omnibus

400 2051 459 2125 (Ι
483 2053 599 2109 Cor.
635 2071 727 2123 xu,
751 2055 784 2109 4
815 2054 971 2125 seq.),
1004 2042 1112 2110 etc.
1146 2057 1212 2109 Et
1235 2064 1380 2112 certe
1409 2056 1506 2112 has
1532 2058 1849 2114 divisionum
1880 2060 1979 2131 dii-

380 2145 655 2211 ,ferentias
682 2163 778 2217 pro
810 2148 1065 2216 qualitate
1090 2164 1153 2203 ac
1188 2150 1378 2204 merito
1410 2151 1832 2220 participantiuin
1860 2153 1978 2223 Spi-

400 2239 560 2295 ritum
589 2248 831 2295 sanctum
855 2248 879 2277 ³
910 2240 1091 2296 docuit
1119 2241 1351 2310 operari,
1377 2258 1498 2297 cum
1522 2244 1756 2313 ipsarum
1786 2245 1980 2314 gratia-

400 2342 519 2383 rum
547 2329 875 2384 ditferentias
904 2330 1211 2401 partiretur,
1243 2332 1295 2386 in
1324 2332 1521 2388 ultimis
1550 2335 1727 2390 intulit
1755 2336 1937 2390 dicens
1962 2354 1976 2393 :

402 2418 531 2495 Ilico
569 2428 737 2474 autem
788 2422 959 2474 omnia
1008 2432 1246 2490 aperatur
1290 2440 1419 2477 unus
1457 2432 1607 2494 atque
1642 2425 1775 2479 idem
1812 2424 1980 2496 Spri-

400 2521 505 2577 tus,
536 2511 763 2565 dividens
790 2513 1001 2581 propria
1022 2513 1296 2581 unicuique
1320 2523 1472 2584 prout
1513 2517 1616 2568 vult
1660 2516 1845 2587 (lbid.,
1867 2516 1977 2589 Η).

402 2603 558 2675 Unde
579 2604 754 2659 nullus
781 2604 1111 2673 arnhiguitati
1156 2605 1471 2677 relinquitur
1504 2606 1672 2671 locus,
1716 2611 1839 2678 quin
1874 2612 1979 2681 29

400 2680 601 2767 clareat
625 2694 879 2763 Spiritum
902 2704 1143 2750 sanctum
1168 2706 1221 2751 et
1242 2697 1403 2752 Deum
1429 2713 1568 2766 esse,
1598 2710 1652 2754 et
1671 2714 1780 2754 suae
1794 2680 1980 2755 volun-

402 2788 525 2851 tatis
553 2796 851 2854 auctorem,
877 2789 965 2858 qui
992 2797 1181 2843 cuncta
1208 2792 1442 2859 cperari,
1466 2800 1521 2847 et
1548 2792 1841 2848 secundum
1861 2809 1980 2864 pro-

400 2879 533 2957 pria:
565 2881 852 2937 voluntatis
880 2880 1159 2936 arbitrium
1181 2880 1379 2937 divinae
1405 2882 1818 2952 dispensationis
1837 2884 1977 2942 dona

394 2967 580 3047 'largiri
610 2972 943 3043 apertissime
970 2972 1383 3028 demonstratur.
1416 2974 1548 3042 Quia
1591 2976 1677 3032 ubi
1733 2976 1977 3033 volunta-

398 3062 475 3133 ria
501 3065 791 3133 gratiarum
833 3064 1136 3129 distributio
1179 3064 1513 3134 praedicatur,
1553 3082 1669 3137 non
1702 3076 1876 3137 potest
1901 3069 1979 3124 vi-

398 3153 514 3209 deri
557 3155 794 3210 conditio
830 3155 1143 3212 servitutis:
1188 3155 1245 3210 in
1275 3165 1521 3217 creatura
1567 3158 1707 3213 enim
1747 3160 1975 3223 servitus

399 3245 741 3315 intelligenda
768 3255 871 3317 est,
906 3247 957 3302 in
987 3246 1246 3302 Trinitate
1274 3263 1401 3311 vero
1422 3248 1711 3305 dominatio
1735 3264 1797 3306 ac
1815 3220 1973 3306 liber-
2002 3218 2050 3285 ε

399 3343 501 3397 tas.
535 3337 602 3404 Et
631 3348 688 3391 ut
729 3337 902 3392 adhuc
945 3338 1061 3392 luce
1096 3337 1289 3393 clarius
1327 3340 1482 3395 unius
1522 3339 1813 3397 divinitatis
1856 3357 1974 3397 esse

397 3442 518 3482 cum
550 3427 704 3483 Patre
722 3437 777 3485 et
803 3428 939 3485 Filio
964 3429 1214 3498 Spiritum
1237 3441 1476 3486 sanctum
1495 3430 1801 3502 doceamus,
1816 3434 1977 3489 Joan-

397 3518 479 3576 nis
495 3521 833 3592 evangelista:
855 3519 1155 3577 testimonio
1174 3524 1573 3590 comprobatur.
1598 3522 1685 3580 Ait
1710 3540 1939 3596 namque
1959 3542 1973 3580 :

398 3612 521 3668 Tres
554 3625 669 3669 sunt
702 3614 788 3685 qui
816 3615 1154 3669 testimonium
1190 3616 1449 3687 perhibent
1501 3618 1554 3672 in
1603 3619 1749 3683 creto,
1796 3618 1974 3687 Pater,

402 3704 637 3771 Verbum,
668 3715 717 3760 et
745 3706 969 3779 Spiritus
1007 3708 1231 3785 sanctus,
1264 3718 1309 3762 et
1332 3706 1358 3745 ι)
1388 3709 1439 3767 Ιιὶ
1471 3721 1569 3763 tres
1599 3726 1755 3763 unum
1783 3720 1899 3764 sunt
1923 3708 1978 3781 (Ι

396 3794 553 3871 Joan.
586 3815 637 3865 v,
671 3798 748 3869 7).
785 3809 806 3837 ε
832 3796 1098 3869 Nunquid,
1128 3799 1222 3865 ait,
1261 3808 1368 3856 tres
1396 3801 1446 3855 in
1469 3800 1728 3856 diderenti
1761 3803 1977 3873 aequali-

396 3895 501 3969 tate
548 3892 793 3960 Scjuncti,
826 3902 915 3948 aut
944 3891 1269 3973 quibuslibet
1315 3892 1682 3965 diversitatum
1721 3895 1976 3966 gradibus

470 4213 495 4240 α
523 4201 701 4257 Cbiftl.
732 4215 785 4257 et
808 4205 917 4268 alii,
943 4206 1148 4259 docens.
1180 4205 1464 4261 Loriehius
1486 4221 1615 4262 vero
1653 4207 1839 4274 habet,
1872 4210 1967 4263 do-

393 4274 496 4344 cuit
525 4275 748 4344 operari,
779 4282 909 4344 etut
940 4277 1012 4329 sic
1035 4276 1260 4344 ipsarum
1291 4277 1591 4344 gratiarum.
1620 4287 1723 4332 etc.

462 4340 489 4379 ι)
528 4340 579 4394 In
612 4343 730 4395 cod.
756 4343 907 4396 Colh.
938 4340 1200 4397 annorum
1232 4340 1448 4399 eirciter
1476 4345 1578 4399 700
1607 4346 1722 4401 haec
1751 4347 1973 4401 habetur

391 4411 691 4483 observatio
723 4413 774 4463 in
815 4415 1051 4483 margine
1082 4429 1093 4465 :
1133 4412 1269 4483 Nota
1306 4413 1356 4465 in
1401 4414 1612 4483 epistola
1654 4415 1781 4468 beati
1810 4414 1975 4469 Joan-

389 4480 469 4535 nis
497 4480 566 4532 ita
591 4479 874 4554 legentum.
904 4481 1166 4554 Caeterum
1195 4482 1310 4537 lure
1339 4479 1522 4554 verba,
1554 4482 1675 4538 Tres
1703 4495 1819 4537 sunt
1848 4487 1935 4554 qui
1958 4528 1970 4550 ,

389 4560 518 4609 etc..
549 4566 665 4619 quae
688 4551 739 4604 in
772 4553 1039 4606 nonnullis
1067 4567 1344 4607 sacrorum
1377 4553 1666 4608 Bibliorum
1694 4551 1971 4611 codicibus

2075 611 2230 659 unum
2258 605 2396 671 sunt.

2148 686 2259 742 XII.
2293 687 2493 743 Creatto
2522 704 2645 760 ipsis
2693 699 2764 745 est
2815 690 3115 747 communis.
3148 721 3217 731 —
3248 691 3316 761 Ut
3345 700 3524 751 autem
3552 693 3646 765 ad-

2075 775 2177 843 huc
2224 779 2391 848 magis
2436 782 2706 851 magisque
2751 782 2921 837 sancti
2951 783 3183 852 Spiritus
3227 798 3346 857 cum
3399 783 3556 863 Patre
3598 794 3651 863 et

2073 865 2209 922 Filio
2238 882 2341 923 una
2370 866 2539 942 [Lor.,
2572 870 2824 945 dignitas]
2854 872 3105 928 divinitas
3137 874 3189 927 in
3218 872 3465 947 creandis
3490 875 3649 947 rebus

2073 963 2321 1019 omnibus
2362 966 2788 1039 demonstretur,
2837 967 3005 1022 habes
3051 977 3346 1031 creatorem
3391 968 3652 1045 Spiritum,

2071 1066 2312 1128 sanctum
2337 1058 2388 1113 in
2419 1058 2551 1115 libro
2575 1058 2711 1114 Joh:
2740 1058 2984 1129 Spiritus,
3014 1059 3204 1129 inquit,
3233 1052 3544 1133 divinusest,
3565 1064 3650 1132 qui

2073 1149 2189 1225 fecit
2221 1165 2335 1214 me;
2364 1160 2411 1203 et
2442 1150 2667 1221 Spiritus
2714 1150 3082 1221 Omnipotentis
3116 1152 3204 1222 qui
3244 1152 3383 1207 docet
3422 1170 3500 1207 me
3533 1151 3650 1223 (Job

2073 1256 2265 1303 χχχιιι,
2297 1240 2411 1312 ΞΔ).
2448 1243 2512 1295 Et
2540 1241 2703 1296 David
2733 1243 2863 1297 dicit
2893 1261 2905 1295 :
2938 1242 3124 1295 Emitte
3154 1243 3402 1313 Spiritum
3430 1256 3573 1317 tuum
3604 1257 3649 1321 et

2074 1332 2394 1397 creabantur,
2433 1343 2480 1391 et
2508 1334 2768 1388 renovabis
2795 1334 2975 1405 facient
3001 1343 3146 1389 terra:
3174 1334 3345 1407 (Psat.
3376 1351 3465 1391 cut
3484 1376 3498 1401 ,
3534 1335 3645 1407 50).

2074 1422 2132 1480 Si
2156 1422 2353 1487 creatio
2379 1435 2431 1491 et
2456 1424 2733 1495 renovatio
2766 1439 2861 1495 per
2889 1424 3146 1492 Spiritum
3173 1425 3296 1489 erit,
3330 1428 3446 1497 sine
3480 1426 3645 1503 dubio

2074 1521 2129 1572 et
2150 1514 2467 1584 principium
2518 1516 2807 1571 creationis
2850 1516 2969 1572 sine
2998 1516 3200 1588 Spiritu
3230 1533 3335 1572 non
3377 1517 3492 1573 fuit.
3532 1518 3651 1587 Post

2074 1605 2394 1662 creationem
2429 1606 2586 1675 igitur
2629 1606 2976 1665 ostendimus
2999 1648 3016 1675 ,
3048 1607 3173 1675 quia
3220 1607 3455 1663 vivificat
3489 1609 3652 1683 etiam

2076 1694 2308 1764 Spiritus
2337 1704 2572 1760 sanctus,
2614 1697 2750 1753 sicut
2790 1695 2948 1752 Pater
2974 1707 3028 1752 et
3068 1697 3251 1754 Filius.
3295 1698 3557 1769 Equidem
3587 1700 3653 1769 de

2076 1800 2300 1855 persona
2330 1787 2498 1841 Patris
2525 1772 2690 1842 refert
2716 1788 3004 1857 Apostolus
3039 1805 3051 1840 :
3086 1787 3260 1842 Testor
3293 1789 3343 1842 in
3374 1800 3646 1860 conspectu

2008 1862 2053 1922 Β
2081 1877 2209 1944 Dei,
2230 1879 2316 1945 qui
2350 1878 2568 1947 viviﬁcat
2594 1880 2762 1933 omnia
2793 1877 2854 1951 (I
2888 1879 3017 1932 Tim.
3048 1894 3133 1942 v1,
3176 1878 3287 1949 15).
3322 1878 3497 1935 Vitam
3528 1896 3652 1945 vero

2079 1968 2170 2041 dat
2195 1967 2455 2025 Christus.
2490 1970 2637 2035 Oves,
2670 1958 2864 2040 inquit,
2887 1984 3010 2021 mere
3031 1984 3200 2022 vocem
3226 1984 3387 2021 meam
3415 1968 3651 2037 audiunt,

2078 2068 2123 2113 et
2154 2075 2243 2129 ego
2270 2059 2424 2111 vitam
2446 2068 2683 2113 wternam
2713 2061 2779 2111 do
2809 2056 2913 2111 illis
2939 2057 2989 2129 (J
3003 2074 3119 2110 oan.
3156 2074 3206 2121 χ,
3236 2057 3327 2122 27,
3359 2057 3474 2127 28).
3504 2057 3651 2127 Vivi-

2079 2147 2301 2203 fieamur
2325 2164 2452 2203 vero
2483 2164 2510 2201 a
2541 2149 2741 2218 Spiritu
2771 2159 2975 2215 saneto,
3014 2147 3127 2220 ipso
3143 2147 3355 2202 dicente
3386 2147 3611 2221 Domino
3638 2166 3649 2200 :

2082 2240 2305 2310 Spiritus
2334 2249 2405 2293 est
2427 2240 2513 2309 qui
2537 2240 2753 2308 viviﬁcat
2780 2237 2959 2311 (Joan.
2989 2254 3061 2305 γι,
3094 2240 3202 2307 64).
3236 2239 3373 2309 Ecce
3393 2255 3497 2294 una
3529 2238 3662 2315 vivia

2082 2332 2255 2387 iicatio
2286 2332 2457 2387 Patris
2498 2340 2551 2388 et
2599 2332 2718 2387 Filii
2764 2343 2819 2388 et
2866 2332 3094 2402 Spiritus
3125 2335 3293 2387 sancti
3342 2341 3528 2409 aperte
3561 2336 3653 2391 de-

2080 2434 2369 2481 monstrata
2402 2434 2501 2478 CSL

2152 2516 2285 2571 XIII.
2348 2515 2697 2571 Prtescientia.
2738 2545 2808 2554 —
2860 2513 3256 2572 Prsescrentiam
3312 2532 3490 2572 rerum
3544 2534 3652 2572 om-

2081 2608 2225 2665 nium
2258 2611 2309 2663 in
2344 2610 2451 2664 Deo
2480 2624 2619 2675 esse,
2657 2617 2711 2663 et
2739 2609 3069 2673 occultorum
3102 2610 3495 2679 cognitionem,
3534 2611 3651 2685 licet

2081 2719 2238 2759 nemo
2282 2700 2617 2756 Christianus
2648 2700 2893 2771 ignoret,
2937 2708 3113 2756 tamen
3141 2716 3205 2756 ex
3251 2701 3484 2757 Danielis
3526 2690 3653 2757 libro

2079 2794 2479 2851 monstrandum
2496 2800 2598 2849 est.
2621 2792 2774 2860 Deus,
2799 2792 2988 2863 inquit,
3003 2792 3090 2862 qui
3102 2795 3411 2847 occultorum
3428 2795 3651 2866 cognitor

2079 2904 2151 2956 es,
2190 2890 2277 2957 qui
2312 2887 2550 2955 prtescius
2584 2903 2632 2939 es
2654 2887 2875 2939 omniunt
2898 2894 3167 2954 antequam
3187 2896 3460 2939 nascantur
3494 2884 3653 2956 (Dan.

2078 2994 2203 3043 xm,
2234 2978 2345 3049 42).
2376 2978 2498 3033 Haec
2521 2977 2703 3033 eadem
2738 2976 3067 3045 praescientia
3098 2977 3151 3031 in
3180 2974 3392 3032 Christo
3422 2985 3520 3042 est,
3553 2977 3653 3033 sic-

2080 3050 2136 3131 ttt
2170 3070 2331 3128 refert
2371 3069 2707 3140 Evangelista
2740 3088 2751 3119 :
2787 3068 2861 3121 Ab
2907 3068 3051 3122 initio
3089 3077 3259 3121 autem
3287 3068 3473 3121 sciebat
3506 3066 3652 3123 Jesus

2078 3164 2189 3234 quis
2220 3170 2346 3217 esset
2384 3177 2495 3216 eum
2541 3160 2849 3227 traditurus,
2873 3158 2948 3214 vel
2968 3159 3055 3230 qui
3076 3169 3239 3215 essent
3266 3175 3368 3213 non
3391 3158 3485 3237 [αι.
3519 3161 3653 3215 deest

2080 3254 2209 3326 non]
2241 3254 2496 3309 credentes
2521 3254 2571 3306 in
2600 3268 2713 3307 eum
2743 3247 2921 3321 (Joan.
2955 3266 3005 3303 γι
3024 3291 3038 3315 ,
3067 3250 3179 3316 65).
3209 3249 3359 3316 Quod
3387 3251 3457 3305 sit
3478 3259 3652 3325 autem

2079 3349 2410 3419 peciiltorum
2459 3346 2721 3414 cognitor,
2771 3360 2837 3398 ex
2866 3343 2967 3398 hoc
3014 3341 3351 3399 manifestum
3396 3351 3498 3412 est,
3531 3358 3652 3397 cum

2082 3439 2308 3496 obscura
2339 3436 2558 3492 coni-ilia
2586 3435 2887 3495 Judteorum
2921 3434 3203 3490 traducens
3232 3434 3440 3491 dicebat
3470 3453 3485 3492 :
3518 3432 3653 3503 Quid

2081 3532 2314 3603 cogitatis
2345 3544 2560 3595 nequam
2606 3528 2661 3582 in
2704 3528 2935 3581 cordibus
2977 3529 3149 3601 vestris
3179 3526 3397 3600 (Matth.
3440 3522 3653 3603 1L4)?

2084 3621 2343 3679 Similiter
2388 3618 2638 3689 praescire
2691 3617 2866 3670 omnia
2912 3617 3167 3687 Spiritum
3217 3629 3491 3683 sanctum,
3542 3619 3653 3688 ipse

2085 3712 2442 3771 manifestavit
2470 3688 2653 3764 dicens
2683 3708 2747 3761 ad
2775 3709 3046 3778 apostolos
3075 3723 3090 3763 :
3122 3707 3247 3761 Cum
3271 3708 3456 3762 venerit
3483 3707 3653 3776 Spiri-

2084 3816 2164 3861 tus
2190 3804 2439 3867 veritatis,
2466 3801 2660 3855 docebit
2685 3816 2768 3853 vos
2796 3800 2988 3865 onmia,
3016 3809 3060 3853 et
3088 3810 3295 3853 ventura
3331 3800 3652 3853 annuntiabit

2085 3898 2219 3965 vobis
2246 3896 2426 3969 (Joan.
2454 3909 2545 3949 ιιιιι
2564 3933 2579 3959 ,
2612 3892 2721 3962 16).
2755 3890 2855 3959 Qui
2887 3900 3108 3947 ventura
3136 3890 3449 3946 aununtiare
3477 3890 3652 3962 perhi-

2078 4223 2195 4263 rum
2227 4192 2476 4263 eumdem
2507 4206 2680 4261 locum
2722 4204 2902 4260 laudat
2943 4204 3255 4275 Fulgentius
3297 4204 3351 4261 in
3402 4205 3537 4261 libro
3580 4206 3647 4261 de

2077 4277 2358 4338 Trinitate.
2385 4278 2512 4332 etin
2536 4276 2640 4332 alio
2660 4275 2914 4331 adversus
2934 4276 3140 4332 Pintam
3164 4276 3473 4345 episc0pum
3497 4280 3651 4331 Aria-

2078 4363 2203 4416 num
2250 4349 2448 4416 scripto
2489 4365 2499 4398 :
2546 4361 2844 4416 quanquam
2896 4347 3046 4402 istius
3093 4357 3365 4401 auctorem
3415 4347 3573 4401 alium
3622 4364 3648 4400 a

2078 4414 2371 4486 Fulgentio’
2392 4414 2588 4482 fuisse,
2622 4414 2721 4482 ipsi
2754 4429 2926 4472 tamen
2956 4418 3235 4485 aequalem,
3268 4429 3519 4471 censeant
3549 4419 3649 4473 viri

2077 4489 2287 4542 eruditi.
2335 4488 2463 4542 Vide
2496 4488 2783 4541 Mabillonii
2820 4490 3167 4556 appendicem
3196 4491 3231 4541 2
3257 4488 3321 4542 ad
3360 4488 3649 4554 Liturgiam

2078 4558 2427 4620 Gallicanam,
2465 4573 2580 4627 pag.
2610 4573 2817 4612 CCXLVI.
2841 4560 3039 4614 Tamen
3085 4563 3405 4629 Augustinus
3443 4559 3579 4616 libro
3612 4577 3649 4614 ιι

390 4620 766 4698 translatorum
804 4622 1117 4698 inﬁdelitate
1153 4623 1416 4698 excidisse
1463 4627 1819 4698 conqueritur,
1846 4642 1969 4698 san-
2001 4618 2050 4678 Ι)
2074 4638 2257 4685 contra
2288 4618 2651 4693 Maxiniirﬁrm,
2676 4644 2791 4698 cap.
2815 4629 3135 4697 ‘22,num.5,
3157 4618 3242 4684 tibi
3267 4631 3379 4684 ll‘JBC
3400 4630 3560 4685 verba
3583 4647 3651 4687 ex

389 4699 506 4765 ctus
530 4689 1008 4765 Hivroiiyrniis,vel
1033 4694 1203 4765 quivis
1217 4692 1350 4765 alius
1364 4702 1550 4747 auctor
1573 4689 1660 4764 qui
1681 4696 1779 4750 sul)
1809 4696 1966 4765 hujus

387 4761 496 4835 βο
521 4761 948 4835 sanctidoctoris
970 4764 1183 4817 nomine
1210 4764 1481 4835 prologum
1507 4761 1668 4819 edidit
1693 4767 1743 4820 in
1768 4761 1967 4835 episto-

389 4829 469 4883 las
521 4833 844 4896 eanonicas,
901 4829 1222 4902 religiosius
1258 4834 1312 4889 in
1363 4829 1642 4893 codicibus
1696 4829 1962 4895 Africanis

386 4911 696 4974 conservata
726 4902 887 4957 fuisse
917 4912 1062 4974 patet
1089 4919 1151 4958 ex
1184 4905 1285 4959 hoc
1316 4906 1457 4972 loco,
1490 4907 1579 4961 ubi
1614 4909 1797 4963 Patres
1826 4909 1963 4963 Afri-

385 4972 501 5048 cani
538 4972 588 5025 in
618 4972 1253 5048 urium__congregati_pro
1284 4977 1575 5045 emittenda
1607 4978 1729 5034 fidei
1760 4979 1961 5048 profes-

383 5040 533 5095 sione
574 5056 633 5116 ea
668 5040 1054 5116 adhibuerunt.
1098 5040 1204 5116 Nec
1243 5040 1473 5116 unquam
1507 5062 1569 5102 ea
1613 5049 1681 5103 de
1712 5040 1777 5103 re
1794 5050 1962 5103 recla-

382 5124 556 5187 masse
580 5111 800 5180 legimus
827 5115 1074 5187 Arianos,
1097 5115 1185 5185 qui
1207 5111 1369 5187 regaii
1391 5125 1516 5172 tunc
1547 5119 1779 5187 potentia
1812 5119 1956 5186 freti,

380 5181 520 5255 nihil
546 5197 649 5237 non
682 5193 925 5255 poterant
954 5181 1208 5240 adversus
1236 5181 1563 5243 catholicos:
1580 5189 1715 5255 Quin
1748 5199 1801 5244 et
1829 5181 1953 5245 Full

380 5252 589 5323 gentius
616 5252 769 5323 paulo
796 5267 913 5323 post
938 5256 987 5309 in
1022 5255 1157 5310 libro
1179 5266 1361 5310 contra
1386 5252 1621 5313 Arianos
1642 5259 1738 5314 snh
1767 5261 1946 5323 finem,

379 5320 627 5400 eumdem
655 5320 830 5378 locum
870 5326 1113 5400 adducit,
1148 5340 1254 5381 non
1284 5326 1457 5400 solum
1481 5338 1728 5400 tauquam
1757 5346 1787 5386 e
1813 5320 1956 5386 δίει*Ῑέ

380 5398 531 5470 plura
556 5402 843 5470 sumptum,
876 5395 969 5470 sed
999 5405 1051 5452 et
1080 5412 1237 5466 quem
1259 5412 1305 5470 ra
1348 5398 1504 5453 beato
1534 5395 1797 5470 Cvpriano
1836 5403 1951 5459 lau-

379 5461 557 5538 daturi]
582 5461 742 5538 fuisse
763 5465 855 5528 ait,
882 5466 980 5538 sub
1004 5461 1290 5523 testimonii
1314 5484 1379 5523 ex
1403 5461 1673 5538 Scriptura
1699 5472 1911 5527 nomine
1936 5491 1947 5525 :

376 5529 681 5617 Qyprimtus,
710 5534 882 5617 inquit
901 5579 917 5605 ,
954 5537 1075 5617 Ιιιιέ
1100 5540 1385 5617 testimonia
1413 5540 1475 5593 de
1506 5529 1787 5617 Scriptufis
1801 5544 1947 5617 _inse-

377 5601 668 5680 ruit:_Dicit
700 5601 947 5680 Dominus
979 5624 996 5663 :
1030 5607 1138 5680 Ego
1160 5652 1174 5677 ,
1207 5618 1308 5663 etc.
1345 5610 1412 5664 Et
1439 5601 1635 5667 iterum'
1656 5628 1669 5665 :
1690 5608 1766 5667 De
1793 5611 1948 5667 Patre

411 5670 435 5725 ι’
460 5670 599 5749 Filio
634 5687 678 5732 et
711 5675 909 5749 Spiritu
950 5670 1121 5734 sancto
1161 5670 1405 5749 scriptum
1432 5695 1542 5747 est;
1584 5693 1627 5735 et
1664 5692 1761 5737 tres
1789 5699 1947 5736 unum

405 5744 513 5816 unt.
538 5744 1038 5816 Cyprianus‘autem
1070 5766 1188 5805 eum
1220 5744 1450 5805 laudavit
1482 5744 1589 5805 tum
1620 5752 1672 5806 in
1706 5752 1842 5808 libro
1882 5754 1950 5808 de

380 5810 596 5872 Unitaté
619 5810 896 5889 Ecclesiae,
927 5830 1036 5877 tum
1065 5822 1115 5876 in
1135 5822 1357 5889 epistola
1385 5822 1450 5877 ad
1481 5822 1815 5890 Jubajanum.
1850 5822 1954 5878 lte-

2072 4699 2211 4753 beati
2236 4698 2455 4752 Joannis
2494 4700 2735 4767 epistola,
2768 4699 2891 4752 Tres
2922 4718 3077 4753 unum
3117 4712 3255 4759 sunt.
3289 4700 3522 4763 discutit,
3557 4716 3651 4756 co-

2065 4770 2187 4841 dice
2226 4786 2350 4822 usus
2403 4772 2562 4824 fuisse
2604 4769 2812 4823 videtur
2853 4771 2905 4823 in
2950 4788 3055 4841 quo
3098 4775 3461 4826 testimonium
3508 4773 3650 4827 istud

2068 4838 2419 4913 Putris,_ete,,
2452 4853 2906 4913 expressumnon
2932 4838 3064 4913 erat.
3093 4842 3239 4913 idem
3268 4841 3550 4897 dicendum
3581 4844 3650 4898 de

2068 4908 2321 4964 Facundo
2358 4910 2727 4981 llerniianensi
2761 4911 2897 4965 libro
2937 4908 2952 4966 ι
2999 4928 3092 4981 pro
3133 4911 3448 4967 defensione
3486 4912 3647 4967 trium

2066 4980 2437 5049 capitulorum.
2462 4980 2565 5034 Sed
2599 4995 2731 5049 opus
2761 4981 2899 5037 istud
2928 4980 3207 5038 Facundos
3237 4994 3386 5037 extra
3411 4981 3646 5038 Africam

2064 5048 2525 5119 ConstantinOpoli
2550 5048 2749 5120 degens
2771 5054 3111 5121 conscripsit.
3135 5054 3323 5109 Mirum
3348 5061 3646 5119 estautem,

2063 5121 2202 5189 quod
2238 5122 2288 5175 in
2322 5123 2589 5175 nonnullis
2623 5122 2780 5176 etiam
2808 5124 3184 5179 vetustissimis
3225 5123 3506 5179 bibliorum
3549 5138 3649 5179 co-

2062 5190 2269 5264 dicibus
2302 5206 2428 5245 mss.
2463 5192 2766 5263 prmfigatur
2792 5194 3040 5263 prologus
3066 5210 3223 5263 supra
3262 5194 3505 5249 laudatus
3528 5197 3647 5264 epi-

2059 5263 2214 5335 stolis
2244 5264 2534 5325 canonicis,
2559 5272 2613 5318 et
2642 5264 2855 5330 quidem
2890 5265 2989 5319 sub
3010 5266 3177 5321 sancti
3206 5265 3513 5335 Hieronymi
3547 5263 3645 5319 no.

2060 5333 2235 5409 mine,
2270 5341 2323 5386 et
2352 5343 2527 5388 tamen
2570 5338 2618 5387 in
2653 5343 2799 5409 textu
2827 5337 3124 5409 versiculus
3159 5337 3249 5409 ille
3292 5333 3524 5409 omissus
3550 5337 3642 5389 sit.

2057 5400 2163 5455 Sed
2206 5403 2341 5456 hanc
2373 5406 2795 5469 controversiam
2818 5402 3119 5462 accuratius
3145 5405 3534 5463 discutiendam
3559 5422 3647 5461 re-

2057 5472 2347 5549 linquimus
2360 5474 2644 5549 sodalibus
2676 5476 2892 5543 nostris,
2926 5478 3014 5548 qui
3048 5477 3357 5549 Hieronymi
3386 5478 3642 5546 operibus

2056 5544 2401 5614 recensendis
2430 5560 2644 5614 operam
2677 5558 2889 5600 navant.

2129 5623 2149 5688 ξε
2187 5612 2288 5688 Alii
2323 5612 2534 5688 codices
2574 5616 2777 5688 habent
2795 5618 2847 5670 in
2870 5616 3128 5688 diﬂ'erenti
3148 5615 3459 5688 azqualitate.
3491 5618 3642 5673 Lori-

2051 5683 2615 5807 cliiusnindi/ferentiw
2657 5683 3274 5767 qualitate.’lthenantis,
3326 5688 3643 5756 indiJerentt

2053 5767 2196 5807 a'aua
2223 5771 2235 5805 ι
2260 5769 2293 5807 a
2317 5770 2369 5807 ε.

2053 5762 2369 5823 a’quatitate.
3068 5764 3073 5767 “
