3988 6344
249 430 350 487 299

264 547 427 609 betur,
447 557 693 611 praesens
742 546 920 599 omnia
973 560 1077 600 non
1134 546 1407 602 dubitatur
1456 565 1468 599 :

262 642 553 691 'scrutatur
580 634 879 689 altitudines
900 634 1085 701 Dei,et
1114 636 1260 689 novit
1281 636 1457 691 omnia
1486 652 1605 707 quze
1628 640 1678 690 in
1707 635 1817 688 Deo

259 735 391 790 sunt,
433 725 566 778 sicut
613 734 872 781 memorat
912 726 1124 795 Paulus,
1154 727 1376 781 dicens:
1422 726 1652 796 Spiritus
1679 726 1814 778 enim

256 816 412 870 omnia
438 824 705 879 scrutatur,
738 816 889 869 etiam
919 816 1217 869 altitudines
1254 815 1352 870 Dei
1374 815 1429 885 (Ι
1460 814 1580 869 Cor.
1608 830 1664 880 Il,
1702 813 1811 882 I0).

255 908 371 963 Item
401 909 449 962 in
481 908 666 962 eodem
696 909 815 964 loco
852 926 865 965 :
896 908 1037 963 Sicut
1082 926 1230 963 nemo
1278 910 1369 963 scit
1402 909 1664 961 hominum
1701 922 1814 972 quae

250 1010 353 1056 sunt
380 1002 591 1054 hominis
609 1044 621 1066 ,
652 1002 751 1053 nisi
780 1003 987 1069 spiritus
1011 1004 1124 1073 ejus
1145 1003 1231 1069 qui
1253 1004 1304 1054 in
1334 1003 1443 1070 ipso
1471 1009 1578 1066 est;
1608 1001 1678 1053 ita
1718 1013 1807 1050 ne-

251 1110 323 1146 mo
343 1095 429 1145 scit
452 1108 561 1161 qua:
582 1103 696 1145 sunt
728 1091 857 1158 Dei,
890 1094 989 1145 nisi
1024 1093 1249 1163 Spiritus
1284 1091 1378 1145 Dei
1406 1091 1598 1161 (lbid.,
1624 1091 1736 1158 II).

309 1183 437 1237 XIV.
465 1182 703 1236 Potentia
724 1184 881 1235 sancti
914 1183 1159 1251 Spiritus.
1191 1213 1261 1223 -—
1292 1182 1373 1237 Ad
1406 1179 1805 1250 intelligendam

246 1289 359 1328 vero
388 1275 673 1344 potentiam
708 1274 941 1343 Spiritus
968 1274 1160 1342 sancti,
1186 1288 1354 1344 pauca
1379 1272 1444 1327 de
1478 1271 1806 1327 terribilibus

243 1366 573 1438 proferamus.
610 1366 931 1421 Vendiderat
973 1367 1402 1436 possessionem,
1447 1374 1502 1419 ut
1550 1367 1802 1435 scriptum

243 1466 315 1512 est
359 1460 405 1510 in
453 1457 678 1512 Actibus
725 1459 1084 1526 apostolorum
1136 1457 1283 1530 (Cap.
1321 1473 1370 1527 ν,
1404 1455 1483 1527 2),
1516 1470 1801 1527 suppressa

240 1558 371 1621 parte
402 1550 641 1618 pecuniae
670 1548 885 1602 dolosus
920 1534 1243 1617 discipulus,
1266 1549 1528 1618 reliquum
1562 1562 1658 1617 pro
1692 1558 1801 1603 toto

239 1648 346 1694 ante
384 1640 540 1713 pedes
586 1656 795 1710 ponens
834 1644 1219 1711 apostolorum,
1269 1639 1490 1694 offendit
1543 1640 1797 1707 Spiritum

238 1743 476 1795 sanctum,
508 1748 670 1801 quem
712 1734 926 1801 putabat
969 1748 1028 1786 se
1082 1732 1269 1786 latere.
1293 1731 1399 1786 Sed
1417 1728 1550 1802 ’quid
1580 1731 1643 1784 ad
1675 1746 1794 1785 eum

238 1824 353 1899 dixit
380 1824 635 1878 continuo
673 1822 857 1877 beatus
884 1823 1108 1878 Petrus?
1133 1823 1355 1888 Anania,
1385 1839 1543 1892 quare
1571 1821 1795 1878 Satanas

1186 430 1269 486 DE
1308 424 1828 488 PERSECUTIONE
1870 421 2259 483 VANDALICA
2296 426 2427 488 LIB.
2469 428 2555 486 III.

1524 546 1646 616 quia
1704 539 1899 627 ipse‘A
1922 541 1994 596 ait
2022 558 2037 597 :
2067 542 2292 612 Spiritus
2323 543 2528 598 Domini
2558 546 2765 616 replevit
2808 549 2977 603 orbem
3010 557 3282 619 terrarum,
3326 561 3372 606 et
3401 552 3498 609 hoc

3322 512 3327 517 η
3391 435 3495 493 asa

1928 634 2065 705 quod
2093 637 2311 688 continet
2338 637 2508 689 omnia
2531 638 2792 692 scientiam
2821 638 2970 695 habet
2995 644 3128 697 vocis
3144 643 3293 715 (Sap.
3330 661 3382 714 ι,
3415 643 3490 717 7).

1921 722 2049 781 Item
2075 725 2241 780 David
2270 726 2398 781 dicit
2425 745 2435 781 :
2466 727 2576 792 Quo
2599 729 2679 783 ibo
2701 750 2731 783 a
2758 730 2956 800 Spiritu
2990 743 3096 801 tuo,
3127 745 3172 789 et
3200 752 3229 786 a
3256 724 3385 806 facie
3409 744 3497 791 tua

1918 832 2014 877 quo
2052 818 2281 888 fugiam?
2313 818 2374 873 Si
2404 822 2676 875 ascendero
2702 821 2755 875 in
2777 824 2975 890 caelum,
3013 834 3068 879 tu
3096 826 3202 879 illic
3226 841 3311 892 es;
3341 827 3385 882 si
3404 826 3492 881 de.

1914 909 2157 963 scendero
2180 920 2201 945 θ
2231 912 2282 965 in
2308 912 2563 981 infernum
2585 914 2742 977 ades;
2776 914 2818 967 si
2855 933 3111 987 sumpsero
3139 935 3325 985 pennas
3356 936 3492 975 meas

1912 996 1965 1052 in
1996 1000 2260 1067 directunt,
2291 1011 2337 1055 et
2374 1003 2666 1057 habitavero
2691 1006 2741 1057 iu
2774 1008 3007 1061 extremis
3054 1012 3210 1063 maris
3240 1026 3259 1064 :
3308 1013 3490 1065 etenim

1910 1089 2034 1143 illuc
2078 1107 2255 1145 manus
2308 1104 2393 1146 tua
2424 1095 2634 1147 deducet
2673 1112 2770 1161 me,
2797 1109 2843 1150 et
2870 1098 3142 1153 continebit
3172 1116 3248 1155 me
3275 1101 3485 1157 dextera

1912 1193 1997 1239 tua
2020 1185 2191 1257 (Psal.
2208 1204 2462 1255 csxxnu,
2484 1191 2515 1244 7
2548 1191 2700 1262 seq.).

1982 1279 2118 1333 XVI.
2185 1282 2394 1337 Habitat
2449 1282 2587 1338 Deus
2651 1286 2702 1339 in
2764 1287 2960 1341 sanctis
3025 1288 3135 1343 suis
3198 1291 3484 1349 secundum

1911 1373 2314 1438 promissionem
2377 1392 2477 1446 qua
2536 1377 2743 1432 dixerat
2792 1396 2803 1431 :
2858 1378 3112 1435 Habitabo
3160 1383 3211 1436 in
3255 1384 3355 1437 illis
3399 1383 3480 1455 (Il

1906 1460 2025 1517 Cor.
2058 1464 2257 1536 vr,I6).
2290 1466 2440 1533 Quod
2464 1484 2590 1523 vero
2622 1470 2875 1525 Dominus
2907 1471 3062 1526 Jesus
3085 1473 3214 1529 dicit
3236 1474 3285 1529 in
3310 1474 3483 1532 Evan-

1901 1560 2069 1625 geltoz
2092 1556 2291 1612 Maneto
2315 1560 2365 1613 in
2387 1578 2463 1615 me
2479 1571 2526 1616 et
2553 1580 2642 1631 ego
2665 1565 2715 1617 in
2736 1565 2871 1618 vobis
2894 1563 3070 1635 (Joan.
3089 1582 3178 1620 xv.
3197 1567 3277 1635 4),
3297 1568 3484 1636 probat

1902 1646 2002 1725 hoc
2030 1648 2223 1704 Paulus
2253 1650 2435 1706 dicens
2462 1670 2474 1707 :
2506 1655 2582 1708 An
2605 1656 2805 1709 nescitis
2842 1658 2961 1725 quia
2986 1656 3133 1712 Iesus
3158 1656 3389 1713 Christus
3411 1669 3483 1717 est

1899 1740 1950 1794 in
1972 1740 2107 1793 vobis
2132 1739 2219 1809 (II
2250 1742 2368 1796 Cor.
2397 1759 2509 1806 stu,
2531 1745 2622 1815 5)?
2642 1746 2753 1802 Hoc
2780 1758 2955 1802 autem
2980 1758 3146 1804 totum
3170 1749 3221 1804 in
3252 1749 3481 1819 Spiritus

1901 1828 2226 1907 habitatione
2255 1833 2591 1903 adimpletur,
2623 1839 2761 1893 sicut
2800 1850 3061 1907 memorat
3088 1839 3317 1896 Joannes
3347 1857 3361 1896 :
3396 1840 3482 1894 Ex

236 1902 420 1986 replevit
446 1932 531 1969 cor
565 1926 714 1968 tuum
743 1925 797 1968 ut
824 1916 1106 1970 ntentireris
1138 1914 1353 1986 Spiritui
1396 1924 1568 1969 sancto
1594 1913 1753 1983 (Ibid.
1776 1955 1792 1981 ,
1827 1903 1873 1963 Β
1899 1900 2015 1993 ἧος,
2046 1924 2234 1995 inquit,
2267 1900 2454 1984 πετηέιδ
2486 1930 2608 1998 quia
2637 1931 2689 1984 ίη
2718 1904 2860 1986 ηοω,
2903 1942 2975 1986 εει
2998 1973 3011 1998 ,
3049 1934 3167 2002 quia
3190 1932 3251 1986 de
3281 1932 3479 2000 Spiritu

237 2009 319 2078 5)?
346 2011 403 2064 Et
432 2008 567 2063 infra
602 2026 617 2061 :
653 2007 775 2062 Non
823 2026 875 2062 es
920 2009 1159 2062 mentitus
1204 2008 1510 2075 hominibus,
1563 2008 1649 2062 sed
1687 2005 1796 2061 Deo

237 2101 410 2173 (lbid.,
455 2101 530 2172 4).
583 2102 761 2172 Atque
813 2102 883 2155 ita
939 2116 1221 2171 percussus
1264 2103 1461 2155 virtute
1519 2099 1663 2170 ejus,
1712 2101 1793 2154 cui

234 2174 420 2248 mentiri
450 2193 747 2261 voluerat,
798 2192 1113 2261 exspiravit.
1143 2192 1279 2259 Quid
1328 2192 1411 2245 hic
1439 2191 1554 2245 vult
1606 2190 1794 2244 beatus

234 2282 400 2340 Petrus
426 2282 652 2353 intelligi
676 2282 928 2352 Spiritum
952 2283 1225 2336 sanctum?
1251 2282 1439 2347 Utique
1459 2283 1657 2335 clarum
1691 2289 1793 2345 est,

232 2387 337 2427 cum
357 2374 495 2439 dicit,
528 2372 579 2425 Ν
585 2387 657 2426 οη
686 2372 921 2425 mentitus
941 2388 992 2425 es
1022 2370 1327 2435 hominibus,
1356 2369 1444 2424 sed
1478 2369 1601 2423 Deo.
1628 2369 1796 2423 Manl-

233 2461 400 2519 Iestum
430 2475 509 2519 est
536 2480 695 2534 ergo,
728 2465 980 2534 quoniam
1022 2463 1109 2532 qui
1156 2461 1410 2516 mentitur
1440 2460 1547 2530 30
1576 2459 1791 2529 Spiritui

232 2568 414 2623 sancto,
437 2559 543 2614 Deo
575 2559 838 2613 mentitur
870 2574 883 2611 :
913 2565 966 2611 et
988 2556 1079 2625 qui
1098 2555 1269 2610 credit
1299 2555 1348 2608 in
1387 2554 1639 2623 Spiritum
1672 2568 1793 2606 san-

231 2662 374 2715 etum,
396 2650 557 2705 credit
589 2650 647 2703 in
680 2649 863 2705 Demn.
888 2649 1017 2703 Tale
1039 2646 1259 2717 aliquid,
1287 2647 1391 2699 imo
1425 2645 1617 2699 fortius
1640 2646 1792 2714 quid-

232 2740 337 2795 dam
377 2743 628 2797 Dominus
660 2742 711 2795 in
745 2740 1028 2811 Evangelio
1068 2737 1327 2805 ostendit,
1361 2736 1546 2791 dicens
1580 2753 1594 2791 :
1632 2736 1791 2788 Omne

233 2842 466 2901 peccatum
492 2842 537 2885 et
572 2832 891 2901 blasphemia
920 2830 1200 2883 remittetur
1224 2829 1510 2881 hominibus
1541 2828 1667 2897 :qui
1694 2843 1789 2880 att-

232 2932 320 2975 tetn
345 2924 750 2993 blasphemaverit
778 2924 830 2977 in
853 2920 1105 2993 Spiritum
1130 2930 1383 2983 sanctum,
1428 2938 1527 2975 non
1567 2921 1788 2974 remitte-

230 3023 303 3069 tur
343 3016 385 3068 ei
397 3058 409 3082 ,
439 3034 595 3087 neque
627 3017 677 3070 in
710 3017 802 3069 hoc
822 3015 1038 3081 swculo,
1071 3030 1228 3081 neque
1270 3014 1321 3067 in
1352 3013 1523 3083 futuro
1567 3011 1786 3080 (Matth.

228 3121 311 3173 xu,
331 3109 411 3173 5t,
435 3108 544 3178 52).
563 3109 593 3147 δ
616 3110 754 3163 Ecce
786 3106 1008 3163 terribili
1038 3105 1301 3161 sententia
1325 3104 1691 3159 irremissibile
1719 3104 1788 3158 di-

228 3199 405 3255 citesse
424 3213 701 3268 peccatum
724 3202 770 3255 ei
800 3200 954 3270 quiin
986 3199 1239 3268 Spiritum
1270 3207 1511 3252 sanctum
1542 3197 1788 3265 blasplteo

1898 2032 1987 2089 suo
2018 2016 2157 2069 dedit
2189 2018 2329 2072 nobis
2356 2018 2403 2089 (Ι
2433 2019 2590 2076 Joan.
2622 2037 2690 2088 tv,
2726 2023 2836 2093 I3).
2874 2022 3135 2079 Similiter
3162 2033 3215 2079 et
3244 2024 3475 2080 Paulus:

1899 2106 2121 2162 Nescitis
2150 2111 2268 2178 quia
2304 2112 2542 2179 templum
2572 2111 2665 2166 Dei
2696 2116 2838 2179 estis,
2882 2125 2926 2167 et
2959 2114 3184 2184 Spiritus
3216 2114 3310 2168 Dei
3337 2115 3479 2171 habi-

1898 2204 1971 2248 tat
1997 2198 2049 2249 in
2078 2200 2211 2251 vobis
2239 2198 2290 2267 (I
2323 2200 2439 2254 Cor.
2475 2218 2560 2265 III,
2588 2201 2714 2271 I6)?
2751 2203 2816 2256 Et
2841 2203 3031 2256 iterum
3060 2204 3185 2258 dicit
3214 2222 3230 2260 :
3259 2203 3471 2274 Glori/i-

1899 2297 2005 2365 cate
2035 2297 2080 2340 et
2112 2299 2306 2357 portate
2340 2289 2501 2343 Deum
2531 2292 2580 2344 in
2604 2309 2814 2361 corpore
2844 2304 3004 2347 vestro
3037 2292 3090 2365 (I
3119 2294 3233 2348 Cor.
3261 2310 3332 2361 γι,
3355 2294 3470 2365 20).

1895 2376 2063 2443 Quem
2089 2379 2289 2433 Deum?
2320 2382 2501 2450 utique
2532 2379 2549 2418 ί
2583 2380 2837 2453 Spiritum
2865 2393 3130 2452 sanctum,
3162 2384 3312 2454 cujus
3336 2394 3471 2440 tem-

1894 2471 2039 2545 plum
2070 2485 2190 2525 esse
2221 2471 2489 2527 videmur.

1964 2561 2126 2615 XVII.
2169 2562 2299 2616 Nam
2327 2562 2466 2632 quod
2520 2575 2704 2635 arguat
2734 2565 2914 2633 Pater,
2946 2573 3130 2635 arguat
3156 2565 3342 2631 Filius,
3380 2583 3467 2622 ar-

1895 2665 2023 2727 guat
2068 2654 2297 2724 Spiritus
2324 2666 2539 2710 sanetus
2567 2658 2639 2711 ita
2668 2656 3132 2726 probandum‘est.
3178 2658 3233 2713 In
3266 2659 3472 2729 psalmo

1892 2744 2300 2816 quadragesimo
2355 2760 2496 2800 nono
2538 2746 2732 2817 legitur
2784 2767 2796 2800 :
2832 2748 3097 2803 Peccalori
3146 2759 3312 2803 autem
3353 2751 3472 2804 dicit

1892 2835 2027 2891 Deus
2054 2854 2073 2889 :
2101 2838 2267 2902 Quare
2299 2846 2352 2890 tu
2379 2854 2587 2893 enarras
2614 2832 2860 2905 iustitiam
2884 2858 3064 2906 nteam,
3094 2850 3141 2894 et
3161 2843 3375 2895 assumis
3395 2851 3467 2895 te-

1890 2913 2190 2982 stamentum
2216 2945 2379 2983 meum
2406 2946 2495 2999 per
2517 2947 2571 2984 os
2597 2938 2736 2983 tuum
2757 2930 2930 3001 (Psal.
2963 2947 3113 2995 xux,
3144 2932 3268 3002 I6)?
3300 2933 3359 2986 Et
3385 2932 3465 2986 in-

1889 3018 2005 3074 fra:
2038 3023 2265 3090 Arguam
2304 3030 2370 3088 te,
2400 3032 2442 3074 ct
2466 3031 2680 3074 statuam
2700 3021 2887 3093 (Laud.
2928 3020 3064 3091 ante]
3088 3032 3262 3075 contra
3288 3022 3466 3092 faciem

1891 3119 2027 3165 tuam
2055 3111 2216 3183 (Ibid.
2236 3152 2251 3177 ,
2282 3110 2398 3181 21).
2427 3110 2589 3166 David
2614 3111 2856 3166 similiter
2882 3127 3039 3166 orans
3066 3112 3194 3166 dicit
3222 3112 3287 3165 ad
3316 3110 3468 3167 Chri-

1892 3210 2031 3258 stum
2060 3221 2072 3256 :
2105 3200 2339 3267 Domine,
2358 3219 2419 3256 ne
2451 3203 2503 3255 in
2532 3202 2613 3256 ira
2642 3211 2731 3255 tua
2758 3219 2946 3273 arguas
2969 3218 3046 3255 me
3076 3200 3249 3275 (Psal.
3280 3218 3353 3268 vt,
3376 3203 3466 3271 ‘2);

230 3295 444 3371 maverit.
468 3292 561 3365 [at.
589 3290 899 3363 Cutnparat]
927 3290 1187 3359 Compara
1211 3289 1335 3344 huic
1361 3288 1639 3344 sententia:
1660 3287 1787 3343 illud
1817 3263 1863 3329 (ἶ
1893 3294 2013 3362 quia
2045 3297 2158 3364 ipse
2186 3302 2441 3348 venturus
2468 3302 2550 3348 est
2574 3307 2799 3364 arguere
2820 3263 3037 3348 omnem
3068 3263 3299 3349 carnem.
3332 3293 3469 3361 Quid

233 3386 356 3456 quod
382 3388 635 3459 scriptum
667 3393 749 3440 est
776 3386 827 3439 in
859 3384 992 3439 libro
1019 3394 1040 3422 ε
1064 3380 1364 3453 Regnorum
1396 3400 1409 3435 :
1448 3381 1505 3435 Si
1534 3381 1791 3452 peccando

228 3464 481 3545 peccat-erit
529 3478 617 3530 vir
654 3477 704 3530 in
738 3476 920 3543 virum,
945 3474 1157 3529 orabunt
1207 3489 1298 3542 pro
1326 3489 1383 3526 eo
1411 3488 1429 3527 :
1460 3472 1502 3526 si
1527 3482 1694 3525 atttent
1738 3473 1790 3524 in

228 3563 366 3618 Deum
396 3569 707 3636 peccaverit,
739 3567 850 3635 quis
871 3565 1031 3619 orabit
1072 3581 1166 3634 pro
1205 3581 1263 3619 eo
1293 3562 1346 3632 (Ι
1380 3564 1508 3635 Reg.
1556 3578 1629 3629 ιι,
1656 3562 1788 3632 25)?

224 3656 270 3713 Si
289 3674 402 3730 ergo
431 3660 810 3733 blaspbetnare
858 3660 909 3714 in
957 3659 1215 3729 Spiritum
1264 3668 1533 3724 sanctum,
1585 3668 1637 3713 ct
1669 3646 1791 3727 pec-

226 3764 329 3807 care
351 3753 399 3807 in
431 3754 601 3809 Deum
640 3752 841 3821 simile,
880 3754 930 3807 id
960 3761 1063 3818 est,
1090 3752 1408 3823 inexpiabile
1433 3754 1638 3806 crimen
1669 3762 1746 3805 cst
1766 3794 1779 3818 ,

225 3841 313 3923 iam
341 3858 562 3916 quantus
595 3846 667 3899 sit
700 3844 925 3915 Spiritus
952 3852 1165 3900 sanctus
1195 3844 1559 3915 unusquisque
1590 3860 1789 3915 cOgno-

229 3945 331 3989 lett.

284 4027 385 4084 XV.
426 4029 717 4084 Praesentia
746 4026 843 4083 Dei
883 4029 1081 4100 ubique.
1130 4060 1199 4070 -——
1226 4028 1369 4085 Deus
1401 4027 1542 4097 quod
1593 4028 1789 4097 ubique

224 4119 523 4188 sitprszsens
553 4129 615 4175 et
656 4120 875 4191 impleat
917 4121 1115 4186 omnia,
1158 4135 1252 4175 ore
1299 4118 1554 4173 discimus
1582 4116 1608 4154 ι¹
1639 4117 1790 4173 Iere-

222 4210 326 4264 mia:
356 4229 369 4265 :
399 4210 534 4282 Ego,
567 4212 773 4282 inquit,
805 4211 940 4267 Deus
971 4214 1363 4283 approximans,
1395 4222 1438 4265 et
1466 4228 1565 4264 non
1584 4212 1647 4263 de
1676 4212 1787 4265 lon-

225 4306 391 4375 ginquo
418 4323 435 4361 :
464 4308 507 4362 si
537 4308 870 4361 absconditus
893 4310 1044 4379 fuerit
1076 4310 1224 4363 honto
1254 4312 1307 4363 in
1345 4309 1675 4378 absconditis,
1706 4325 1789 4362 er-

221 4409 274 4471 go
294 4411 377 4466 ego
402 4414 501 4451 non
552 4397 732 4450 videbo
773 4400 925 4452 eum?
958 4397 1145 4452 Nonne
1175 4400 1356 4453 caelum
1381 4409 1425 4452 ct
1471 4408 1659 4452 terram
1689 4415 1784 4469 ego

221 4478 385 4554 impleo
410 4486 545 4558 (Jer.
573 4504 735 4552 χχιιι,
766 4486 856 4553 25,
886 4489 1018 4560 24)?
1047 4489 1186 4556 Quid
1217 4499 1396 4545 autem
1428 4491 1495 4544 de
1535 4505 1630 4544 sua
1662 4490 1781 4543 ubi-

1894 3400 2023 3441 vero
2049 3383 2116 3439 de
2145 3383 2344 3454 Spiritu
2384 3392 2569 3439 sancto
2604 3383 2848 3439 Salvator
2876 3384 2928 3438 in
2962 3383 3250 3455 Evangelia
3291 3384 3469 3441 dicit?

1892 3478 2018 3535 Cant
2048 3482 2258 3545 venerit,
2305 3478 2493 3548 inquit,
2544 3476 2856 3543 Paraclitus,
2894 3478 2981 3532 ille
3010 3489 3184 3549 arguet
3217 3480 3461 3534 mundum

1890 3573 1953 3626 de
1980 3582 2205 3642 peccato,
2229 3579 2273 3625 et
2298 3571 2359 3624 de
2380 3571 2596 3639 iustitia,
2627 3578 2672 3625 et
2702 3568 2764 3624 de
2783 3570 2983 3640 judicio
3011 3568 3189 3640 (Joan.
3223 3587 3308 3625 xvr
3332 3613 3347 3640 ,
3385 3571 3463 3642 8).

1891 3664 2002 3718 IIoc
2034 3662 2330 3733 praevidens
2376 3660 2538 3717 David
2567 3661 2830 3740 clamabat
2872 3661 2938 3716 ad
2986 3662 3266 3717 Dominum
3297 3679 3311 3717 :
3347 3657 3459 3726 Qu'o

1888 3756 1971 3811 ibo
2000 3774 2031 3810 a
2054 3756 2253 3826 Spiritu
2285 3764 2389 3821 tuo,
2429 3765 2477 3808 et
2508 3770 2538 3808 a
2580 3752 2713 3823 facie
2746 3762 2835 3807 tua
2858 3770 2958 3826 quo
3008 3754 3202 3826 fugiam
3242 3751 3462 3827 (Psalm.

1890 3862 2121 3901 cxxxvttt
2140 3890 2153 3914 ,
2186 3846 2281 3915 7)?

1961 3936 2145 3993 XVIII.
2195 3936 2324 3991 Nam
2353 3935 2577 4005 etquod
2627 3937 2796 3991 bonus
2839 3934 2905 3990 sit
2949 3935 3122 4001 Pater,
3176 3937 3346 3990 bonus
3387 3936 3468 3992 Fio

1890 4030 2012 4095 lius,
2045 4030 2216 4084 bonus
2242 4027 2471 4096 Spiritus
2497 4035 2732 4092 sanctus,
2760 4026 2838 4107 sic
2867 4026 3141 4095 probatur.
3179 4027 3315 4082 Dicit
3345 4042 3468 4096 pro-

1891 4120 2044 4195 pheta
2080 4137 2093 4172 :
2128 4119 2297 4173 Bonus
2326 4134 2376 4171 es
2416 4126 2490 4181 tu,
2522 4116 2755 4181 Domine,
2800 4126 2849 4170 et
2878 4117 2930 4169 in
2977 4116 3197 4170 bonitate
3230 4126 3318 4170 tua
3347 4118 3471 4173 doce

1890 4218 1967 4268 me
1980 4211 2373 4283 justiﬁcationes
2395 4220 2505 4263 tuas
2532 4207 2700 4277 (Psal.
2730 4223 2890 4262 cxvm
2913 4253 2927 4276 ,
2951 4208 3065 4279 68).
3099 4209 3174 4263 De
3196 4224 3256 4264 se
3285 4221 3461 4276 autem

1889 4310 2003 4379 ipse
2028 4305 2344 4375 Unigenitus
2369 4321 2382 4357 :
2416 4302 2526 4375 Ego
2550 4318 2661 4356 sum
2682 4311 2855 4372 pastor
2883 4302 3040 4357 bonus
3060 4300 3235 4375 (Joan.
3266 4318 3317 4366 ι,
3354 4299 3463 4371 II).

1893 4401 1966 4454 De
1996 4398 2197 4468 Spiritu
2220 4411 2371 4466 aeque
2397 4402 2584 4450 sancto
2612 4394 2778 4448 David
2807 4393 2859 4447 in
2893 4394 3096 4464 psalmo
3116 4394 3244 4449 dicit
3270 4394 3334 4447 ad
3368 4394 3471 4448 Do-

1891 4498 2132 4549 minum:
2181 4490 2406 4561 Spiritus
2453 4498 2566 4542 tuus
2615 4487 2777 4541 bonus
2807 4486 3021 4543 deducet
3067 4504 3144 4542 nte
3188 4488 3241 4543 in
3279 4498 3466 4542 terram

220 4590 309 4646 que
338 4582 621 4648 prmsentia
663 4580 908 4635 Salvator
950 4583 1000 4635 in
1045 4582 1331 4650 Evangelia
1361 4581 1525 4636 dicit?
1558 4581 1782 4635 Ubicun-
1817 4632 1866 4692 υ
1893 4586 2111 4658 [Laud.,
2144 4581 2294 4653 viam]
2324 4591 2512 4636 rectam
2541 4578 2760 4651 (Psalm.
2794 4593 2957 4692 exuit.
2992 4578 3099 4692 Ila).

218 4682 327 4734 que,
358 4673 456 4738 ait,
492 4674 689 4743 fuerint
720 4672 821 4726 duo
852 4676 927 4726 vel
959 4684 1057 4727 tres
1088 4675 1283 4729 collecti
1329 4676 1382 4727 in
1414 4678 1615 4727 nomine
1644 4690 1783 4740 meo,

218 4758 279 4812 ibi
301 4770 347 4814 et
373 4780 458 4835 ego
487 4783 606 4819 sum
634 4768 688 4819 in
710 4766 871 4819 medio
900 4783 1071 4821 eorum
1096 4768 1309 4839 (Matth.
1355 4784 1477 4822 xvtn
1502 4810 1515 4833 ,
1558 4767 1675 4837 20).
1711 4768 1787 4822 De

216 4850 397 4919 Spiritu
425 4857 652 4927 adteque
673 4868 880 4922 sancto,
909 4858 1048 4927 quod
1079 4858 1220 4912 adsit
1252 4859 1469 4928 ubique,
1502 4860 1633 4913 dicit
1663 4874 1784 4927 pro-

218 4942 357 5011 pheta
387 4962 459 5002 ex
494 4934 725 5017 perstitia
754 4948 844 5003 Dei
880 4965 892 5001 :
917 4945 1027 5020 Ego
1058 4950 1108 5001 in
1130 4950 1289 5016 vobis,
1317 4960 1361 5003 et
1390 4950 1616 5020 Spiritus
1645 4966 1785 5004 meus

217 5042 298 5087 stat
322 5036 370 5089 in
395 5040 562 5093 medio
587 5048 807 5093 vestrum
838 5037 1048 5102 (Ezech.
1083 5057 1246 5096 xxxw
1264 5082 1279 5111 ,
1309 5040 1424 5111 27).
1448 5042 1514 5096 Et
1533 5042 1784 5099 Salomon

277 5228 299 5288 Ρ
325 5218 477 5273 Colb.
515 5218 569 5282 I,
603 5218 878 5272 Scrutator
905 5216 976 5273 est
1005 5220 1312 5288 altitudinis.

275 5286 301 5325 δ
326 5288 713 5363 Ριιιηβςτηιη
745 5288 990 5363 Colb._I_,
1023 5286 1281 5363 Orthod.,
1312 5290 1587 5349 Loricbius
1607 5335 1620 5360 ,
1654 5306 1781 5363 etc.,

213 5354 332 5412 Ecce
363 5354 609 5413 terribilis
634 5360 920 5414 sententia!
949 5354 1324 5427 Irremissibile,
1360 5373 1464 5418 etc.

277 5440 299 5467 ε
328 5430 438 5485 Afri
468 5429 668 5499 saepius
699 5430 839 5501 hunc
880 5431 1087 5485 titulum
1118 5432 1266 5485 libris
1298 5434 1496 5501 ltegum
1523 5438 1784 5493 attribue-

211 5510 360 5567 runt,
399 5512 456 5553 ut
490 5508 638 5569 patet
663 5514 733 5554 ex
766 5499 1095 5555 Tertulliano
1138 5501 1230 5554 lib.
1271 5518 1306 5556 ιι
1348 5499 1531 5560 contra
1560 5506 1781 5562 Marcio-

211 5584 356 5648 netn,
392 5572 554 5625 beato
571 5570 876 5648 Augustino
906 5573 1126 5648 passim_,
1159 5573 1383 5648 concdio
1426 5590 1481 5648 ιιι
1505 5574 1781 5648 Carthagi-

211 5643 383 5713 nensi,
411 5650 524 5695 etc.
562 5640 698 5713 Quin
735 5652 1041 5713 et_sanctus
1075 5643 1403 5713 Cyprianus,
1444 5644 1624 5702 Graeca
1654 5640 1784 5703 vtice

210 5709 527 5783 plerumque
570 5712 731 5783 libros
773 5710 1044 5767 Basileimn
1096 5709 1346 5783 appellat.
1388 5715 1528 5771 Idem
1583 5718 1783 5772 faciunt

209 5782 365 5856 etiam
381 5782 641 5856 nonnulli
666 5798 733 5838 ex
753 5783 871 5837 aliis
894 5782 1175 5856 provinciis
1202 5783 1405 5849 Patres,
1436 5788 1577 5856 quod
1601 5797 1781 5843 tamen

212 5846 519 5921 improbare
556 5852 765 5911 videtur
802 5846 1020 5911 sationis
1066 5846 1418 5923 Hieronymus
1453 5846 1515 5913 in
1552 5856 1782 5926 prologo

1964 4677 2104 4730 XIX.
2146 4675 2276 4742 Quis
2303 4682 2481 4726 autem
2508 4671 2818 4739 dignitatem
2857 4669 2998 4721 illam
3036 4668 3267 4739 Spiritus
3297 4670 3463 4723 sancti

1896 4771 2063 4843 possit
2094 4767 2304 4822 tacere?
2348 4763 2567 4833 Antiqui
2612 4762 2754 4817 enim
2806 4746 3081 4830 propheta:
3121 4760 3465 4815 clamabant:

1896 4863 2023 4916 Haec
2040 4862 2161 4913 dicit
2180 4858 2444 4912 Dominus.
2470 4854 2617 4909 Hanc
2640 4870 2821 4909 vocem
2845 4854 3090 4909 Christus
3107 4854 3393 4908 adveniens
3417 4853 3465 4905 in

1893 4955 1996 5024 31
2014 4968 2161 5007 suam
2182 4961 2459 5018 personam
2484 4946 2777 5009 revocavit,
2802 4944 3016 4999 dicens:
3047 4944 3154 5015 Ego
3170 4952 3337 4999 autem
3358 4944 3467 4996 dico

1891 5047 2030 5102 vobis
2061 5042 2269 5117 (Matth.
2313 5055 2365 5105 v,
2399 5035 2513 5108 22).
2555 5034 2687 5091 Novi
2714 5044 2892 5092 autem
2920 5035 3192 5107 prolihette
3217 5034 3342 5106 quid
3373 5034 3465 5105 [at.

1898 5225 2137 5281 Galeato.
2172 5220 2237 5274 Et
2266 5216 2480 5288 quidem
2505 5215 2785 5272 Loricbius
2811 5214 2898 5288 hic
2922 5215 3067 5288 legit,
3095 5213 3308 5288 Regum.
3352 5274 3355 5277 ν

1965 5293 1992 5331 ά
2026 5292 2215 5345 Plures
2250 5284 2379 5342 mss.
2419 5297 2473 5341 et
2512 5295 2722 5341 veteres
2760 5285 2886 5339 editi
2929 5284 3125 5339 habent
3159 5284 3345 5340 Esaite.
3376 5284 3468 5339 llic

1895 5373 2070 5421 tamen
2103 5364 2247 5417 locus
2277 5369 2360 5413 est
2398 5373 2467 5413 ex
2501 5357 2731 5413 Ieremia
2767 5356 3098 5426 desumptus.

1966 5446 1988 5473 ε
2019 5434 2172 5489 Colb.
2215 5431 2237 5483 I
2284 5438 2337 5483 et
2374 5428 2672 5493 Loricltius,
2707 5428 2775 5481 ad
2804 5424 3080 5496 infernum.
3115 5425 3177 5481 Et
3218 5424 3371 5496 infra,
3405 5424 3466 5479 Si

1891 5499 2499 5575 sutnpset'o.__baudutt.,
2548 5498 2609 5553 Si
2658 5495 3081 5575 recipiam.__l’ro_
3120 5496 3172 5549 in
3224 5495 3464 5547 directum

1892 5568 2045 5630 Colb.
2082 5575 2129 5634 I,
2165 5570 2542 5639 diluculo:pro
2568 5570 2823 5633 extremis,
2852 5568 3001 5623 Colb.
3034 5568 3187 5631 alter,
3213 5575 3463 5639 eruenta;

1892 5661 1989 5716 pro
2017 5633 2479 5716 contine_bit,_Ful_.',
2502 5640 2707 5703 Gertn.,
2730 5654 2782 5694 et
2813 5633 3338 5716 LOI‘ICIIIUS,-lettebil.

1966 5714 1986 5753 ί
2020 5715 2170 5769 Colb.
2203 5712 2263 5776 I,
2293 5700 2545 5779 Spiritum
2574 5700 2805 5766 sanctum
2832 5721 3006 5774 vocat,
3045 5707 3193 5777 cujus
3221 5700 3467 5771 templum

1893 5801 2001 5842 esse
2027 5784 2285 5839 debemus.
