3988 6344
497 368 597 427 231

1794 364 2099 427 VICTORIS
2139 365 2456 427 VITENSIS

3641 375 3735 429 23%

498 486 612 560 qui]
640 484 974 543 clamabam?
1003 484 1141 539 sicut
1176 458 1437 553 propheta
1488 481 1699 553 Agabus
1755 484 1811 539 in
1851 484 2070 541 Actibus
2098 488 2155 549 Α
2177 485 2325 551 dum,
2349 486 2392 540 si
2430 484 2655 555 judicat,
2685 486 2729 540 si
2761 484 2933 541 bonus
2977 493 3029 540 et
3062 494 3240 543 rectus
3262 496 3366 557 est,
3394 488 3527 545 side
3551 503 3615 545 eo
3640 491 3735 547 cla-

501 578 862 648 apostolorum
889 594 899 629 :
930 574 1054 630 Ilwc
1084 574 1204 629 dicit
1236 572 1461 645 Spiritus
1494 584 1699 630 sanctus
1749 575 1886 648 (Act.
1932 572 2033 632 ’xxt
2058 619 2075 646 ,

498 671 614 731 11).
659 668 726 725 Et
773 666 964 723 Paulus
1011 664 1077 720 ad
1122 664 1461 722 TimOthcum
1507 685 1518 718 :
1555 667 1811 738 Spiritus,
1868 670 2074 739 inquit,

498 763 766 832 ntanifeste
793 760 914 813 dicit
942 758 993 830 (1
1026 756 1161 813 Tim.
1216 773 1296 824 tv,
1331 758 1406 828 1).
1446 758 1575 825 Quae
1611 774 1709 815 vox
1741 762 1959 816 omnino
1986 760 2079 816 de-

497 857 762 907 monstrat
790 847 1197 905 inditferentiam
1224 849 1517 905 Trinitatis.
1553 850 1620 904 Et
1648 851 1841 906 Paulus
1866 851 2077 922 quidem

496 944 620 1000 dicit
648 958 706 999 se
750 957 781 996 a
811 942 921 997 Deo
965 941 1122 997 Patre
1152 951 1206 996 et
1260 941 1472 997 Christo
1522 951 1767 997 vocatum
1819 942 1982 999 fuisse
2027 952 2082 999 et

496 1038 714 1091 missum
748 1052 763 1090 :
797 1035 1032 1101 Paulus,
1065 1034 1269 1105 inquit,
1316 1032 1578 1101 apostolus
1607 1052 1707 1088 non
1745 1037 1808 1088 ab
1854 1036 2079 1089 homini-

496 1127 587 1181 bus
633 1146 788 1199 neque
846 1144 936 1193 per
981 1127 1270 1193 hominem,
1313 1126 1401 1180 sed
1445 1144 1533 1197 per
1571 1127 1747 1182 Iesum
1783 1126 2078 1197 Christum,

496 1215 719 1288 [Laud.,
751 1216 865 1289 ad.)
894 1224 940 1272 et
965 1215 1130 1270 Deum
1163 1216 1367 1270 Patrem
1396 1215 1539 1288 (Gal.
1582 1232 1627 1283 t,
1663 1217 1737 1287 1).
1773 1217 1826 1272 In
1858 1217 2083 1274 Aetibus

496 1318 671 1363 autem
698 1307 1063 1378 apostolorum
1104 1306 1297 1376 legitur
1323 1307 1461 1378 quod
1502 1322 1532 1362 a
1560 1307 1760 1379 Spiritu
1791 1319 1977 1364 sancto
2012 1308 2081 1364 sit

498 1408 807 1469 segregatus
833 1406 888 1453 et
915 1398 1129 1452 missus.
1164 1396 1253 1453 Sic
1292 1397 1436 1452 enim
1485 1398 1748 1469 scriptum
1794 1408 1919 1454 est:
1956 1397 2082 1453 Hau:

498 1489 620 1543 dicit
672 1488 897 1559 Spiritus
945 1498 1199 1544 sanctus:
1246 1486 1524 1559 Segrega‘e
1549 1488 1673 1542 mihi
1716 1486 2005 1543 Barnabam
2033 1499 2083 1544 et

498 1580 715 1635 Saulum
734 1580 787 1634 in
815 1596 943 1649 opus
967 1595 1065 1649 quo
1091 1579 1261 1633 vocavi
1288 1594 1373 1634 eos
1398 1578 1535 1651 (Act.
1566 1594 1658 1635 xm
1678 1621 1693 1648 ,
1726 1577 1805 1651 Ξ).
1829 1579 1894 1634 Et
1922 1579 2081 1649 paulo

497 1681 617 1745 post
648 1691 659 1726 :
695 1671 835 1741 Ipsi,
878 1672 1083 1742 inquit,
1124 1671 1262 1727 missi
1297 1688 1328 1725 a
1371 1669 1573 1743 Spiritu
1603 1681 1778 1726 sancto
1810 1672 2083 1727 descende-

499 1775 618 1819 runt
656 1763 943 1819 Seleuciam
969 1761 1168 1833 (lbid.,
1201 1763 1276 1832 4).
1311 1760 1438 1817 Ιιειιι
1467 1762 1521 1818 in
1554 1761 1743 1835 eodem
1778 1762 1955 1819 libro:
1989 1764 2082 1818 At-

2180 577 2525 635 maturzlltec
2550 579 2670 632 dicit
2695 578 2920 649 Spiritus
2941 588 3181 645 sanctus;
3209 582 3252 634 si
3284 580 3573 651 prephetas
3616 596 3735 639 cnn-

2180 673 2374 740 stituit,
2406 670 2452 726 si
2498 671 2772 742 apostolos
2806 670 2986 737 mittit,
3011 671 3055 727 si
3103 672 3382 741 episc0pos
3433 672 3672 739 prmhctt,
3700 674 3738 728 si

2180 764 2487 819 consolator
2521 772 2624 827 est,
2668 763 2712 817 si
2765 772 2953 817 cuncta
3000 762 3276 833 dispensat
3329 769 3497 833 prout
3536 764 3666 830 vult,
3700 766 3739 818 si

2181 855 2348 909 abluit
2392 864 2446 909 et
2486 854 2765 924 justilicat,
2797 854 2841 907 si
2890 861 3184 907 tentatorcs
3233 866 3359 907 suos
3386 852 3672 917 interﬁcit;
3702 855 3739 908 si

2181 946 2227 1003 is
2274 947 2362 1016 qui
2391 963 2511 1002 cum
2554 946 3003 1016 blasphemaverit
3034 960 3139 1001 non
3172 944 3331 1000 habet
3357 945 3739 1012 remissionem,

2184 1053 2357 1107 neque
2389 1036 2440 1091 in
2478 1037 2579 1092 hoc
2619 1037 2839 1105 saeculo,
2870 1052 3041 1106 neque
3071 1037 3123 1091 in
3174 1036 3372 1105 futuro,
3404 1036 3547 1107 quod
3576 1037 3742 1103 utique

2184 1129 2295 1184 Deo
2336 1129 2605 1199 proprium
2636 1140 2719 1185 est
2751 1146 2765 1183 :
2798 1129 2911 1183 hinc
2933 1128 3148 1199 cumjta
3176 1129 3303 1194 sint,
3331 1143 3425 1182 cur
3465 1127 3532 1182 dc
3560 1141 3627 1182 eo
3654 1126 3741 1181 du.

2181 1220 2402 1286 bitatur,
2425 1220 2564 1291 quod
2602 1231 2622 1259 ο
2654 1219 2794 1275 Ι).·ιιε
2823 1220 2915 1287 sit,
2959 1234 3080 1274 cum
3130 1235 3251 1275 cum
3299 1233 3520 1287 operum
3551 1217 3738 1288 magni-

2184 1314 2312 1370 tudo
2336 1313 2476 1385 quod
2505 1325 2586 1371 est
2615 1314 2729 1384 ipse
2779 1311 3117 1369 manifestet?
3145 1311 3261 1368 Non
3308 1310 3493 1382 utique
3544 1311 3745 1367 alienus

2184 1417 2267 1463 est
2295 1422 2325 1461 a
2360 1406 2535 1463 Patris
2559 1416 2613 1462 et
2643 1405 2761 1461 Filii
2794 1404 3091 1475 majestate,
3123 1403 3213 1474 qui
3262 1418 3367 1458 non
3397 1414 3479 1459 est
3520 1402 3588 1457 ab
3628 1418 3746 1473 ope-

2183 1514 2301 1553 rum
2333 1497 2524 1554 virtute
2550 1496 2777 1552 alienus.
2820 1494 3039 1551 Frustra
3090 1494 3166 1549 illi
3215 1508 3410 1549 nomen
3464 1492 3745 1549 divinitatis

2185 1598 2429 1660 negatur,
2457 1590 2611 1659 cujus
2634 1597 2871 1659 potestas
2893 1602 2999 1643 non
3030 1595 3206 1657 potest
3228 1585 3500 1656 abnegari.
3532 1585 3745 1640 Frustra

2192 1683 2482 1753 prohibeor
2528 1697 2649 1736 cum
2687 1696 2807 1737 cum
2852 1680 3009 1736 Patre
3035 1688 3089 1735 et
3118 1679 3255 1735 Filio
3284 1680 3549 1744 venerari,
3595 1692 3748 1748 quem

2186 1771 2371 1841 exigor
2392 1786 2512 1826 eum
2541 1769 2699 1827 Patre
2729 1780 2780 1826 et
2814 1770 2948 1825 Filio
2977 1769 3243 1825 confiteri.
3272 1769 3328 1825 Si
3358 1769 3446 1824 ille
3476 1768 3610 1824 mihi
3636 1783 3747 1823 cum

499 1858 684 1913 tendite
720 1856 856 1911 vobis
894 1865 939 1910 et
988 1856 1220 1910 universo
1261 1855 1436 1926 gregi,
1468 1855 1521 1909 in
1568 1871 1668 1925 quo
1716 1870 1804 1910 vos
1855 1854 2082 1926 Spiritus

2191 1862 2349 1919 Patre
2371 1869 2426 1916 ct
2454 1862 2589 1917 Filio
2612 1862 2815 1917 confert
2837 1860 3206 1917 remissionem
3233 1871 3596 1930 peccatorum,
3624 1874 3748 1937 con-

499 1958 703 2003 sanctus
732 1948 991 2002 constituit
1012 1947 1273 2017 episcopos
1296 1946 1435 2016 (Act.
1471 1961 1539 2001 xx
1563 1986 1577 2011 ,
1603 1944 1716 2015 28).

570 2046 689 2102 XX.
714 2045 966 2101 Paracliti
1010 2062 1192 2102 nomen
1219 2062 1506 2102 commune.
1532 2075 1604 2087 ——
1628 2044 1706 2101 Ne
1739 2043 1859 2116 quis
1902 2050 2080 2098 autem

498 2137 759 2209 Spiritum
799 2148 1066 2205 sanctum,
1096 2140 1219 2209 quia
1248 2138 1543 2195 Paraclitus
1594 2138 1768 2194 dictus
1816 2146 1918 2206 εει,
1952 2152 2081 2191 con-

500 2227 797 2298 temptibile
837 2228 1039 2299 aliquid
1082 2228 1368 2284 existimet.
1402 2228 1700 2284 Paraclitus
1746 2228 1889 2284 enim
1916 2227 2081 2281 advo-

500 2328 651 2375 catus
680 2329 783 2387 est,
816 2319 903 2376 vel
948 2322 1125 2391 potius
1154 2320 1461 2376 consolator
1498 2320 1789 2377 secundum
1836 2319 2079 2374 Latinam

500 2412 756 2483 linguam,
789 2427 909 2483 quae
952 2411 1241 2483 appellatio
1286 2413 1445 2468 etiam
1491 2412 1626 2468 Filio
1656 2412 1750 2469 Dei
1780 2410 2082 2468 communis

501 2513 604 2569 est,
634 2504 773 2558 sicut
824 2503 955 2559 dicit
1011 2502 1247 2559 Joannes
1281 2522 1292 2557 :
1330 2497 1474 2559 Haec
1499 2504 1692 2575 inquit,
1734 2502 1899 2557 scribo
1940 2501 2079 2555 vobis

504 2604 559 2648 ut
587 2610 686 2649 non
706 2596 949 2665 peccetis;
972 2594 1060 2650 sed
1087 2604 1133 2651 et
1154 2596 1198 2650 si
1216 2597 1331 2666 quis
1359 2598 1661 2666 peccaverit,
1706 2604 1731 2632 ⁸
1762 2595 2082 2649 Paraclitum

503 2688 742 2745 habemus
789 2690 931 2762 apud
986 2688 1198 2745 Patrem
1249 2691 1429 2744 Iesum
1495 2689 1753 2745 Christum
1794 2692 1995 2760 justum
2027 2686 2081 2759 (ι

504 2779 660 2837 Joan.
690 2798 751 2851 ιι,
807 2780 893 2853 1).
952 2782 1083 2837 Nam
1131 2790 1185 2839 et
1232 2782 1347 2853 ipse
1401 2783 1656 2838 Dominus
1708 2798 1827 2839 cum
1859 2783 1985 2838 dicit
2015 2781 2083 2837 ad

509 2873 820 2943 apostolos,
876 2874 1105 2928 Alterum
1159 2873 1480 2929 Paraclitum
1524 2877 1685 2930 mittet
1727 2876 1864 2930 vobis
1924 2874 2083 2928 Pater

505 2963 696 3037 (Joan.
727 2970 834 3031 sui,
865 2965 961 3034 16)
989 3005 1005 3032 ,
1038 2966 1155 3021 sine
1190 2966 1353 3022 dubio
1404 2983 1524 3022 eum
1553 2966 1683 3022 dicit
1729 2968 1945 3021 alterum
1976 2965 2085 3019 Pa-

504 3061 763 3127 raclitum,
786 3075 845 3118 se
884 3077 1097 3134 quoque
1128 3061 1450 3120 Paraclitum
1494 3064 1818 3120 manifestat.
1851 3064 1956 3120 Sed
1988 3079 2084 3120 nc-

504 3166 608 3224 que
629 3168 658 3206 a
685 3152 844 3209 Patre
872 3152 974 3209 hoc
1006 3169 1201 3210 nomen
1224 3154 1470 3211 Paracliti
1496 3157 1731 3212 alienum
1775 3166 1877 3213 est.
1913 3157 2082 3213 Bene-

2184 1954 2292 2010 fert
2337 1952 2815 2016 sanctificationem
2845 1960 2902 2009 et
2946 1954 3108 2009 vitam
3156 1962 3488 2023 perpetuam,
3522 1953 3751 2023 ingratus

2184 2061 2304 2102 sum
2328 2046 2485 2100 nimis
2503 2053 2558 2099 ct
2580 2043 2943 2115 impiissimus,
2968 2045 3011 2099 si
3034 2045 3082 2099 ei
3104 2059 3223 2099 cum
3248 2044 3402 2099 Patre
3422 2054 3474 2099 et
3495 2043 3631 2099 Filio
3652 2058 3749 2098 non

2187 2140 2366 2196 refero
2390 2139 2631 2209 gloriam,
2666 2138 2770 2208 32
2806 2147 2896 2192 aut
2923 2137 2967 2191 si
2996 2152 3099 2192 non
3129 2146 3211 2191 est
3239 2151 3357 2191 cum
3390 2135 3547 2190 Patre
3578 2135 3753 2190 colen-

2186 2233 2286 2289 dus
2314 2244 2369 2289 et
2410 2233 2566 2301 Filio,
2596 2248 2723 2302 ergo
2759 2248 2857 2287 nec
2903 2230 3237 2285 confitcndus
3264 2230 3424 2285 estin
3473 2229 3749 2298 bapiismo.

2184 2326 2240 2382 Si
2284 2336 2461 2381 autem
2478 2324 2803 2385 omnimodo
2846 2323 3178 2381 confitcndus
3222 2336 3306 2380 est
3342 2324 3638 2379 srcundum
3676 2322 3755 2377 di-

2182 2428 2326 2474 ctum
2363 2418 2595 2484 Domini,
2626 2428 2679 2473 et
2711 2416 3048 2472 traditionem
3080 2415 3464 2486 apostolorum,
3490 2430 3557 2468 re
3603 2412 3755 2468 semi-

2182 2511 2340 2581 plena
2367 2511 2436 2565 sit
2466 2509 2619 2575 lides,
2644 2509 2762 2580 quis
2792 2523 2877 2564 me
2909 2509 3102 2578 poterit
3139 2507 3206 2561 ab
3237 2508 3352 2576 ejus
3379 2506 3528 2561 cultu
3577 2503 3756 2575 prohi-

2180 2602 2343 2659 bere?
2377 2602 2430 2656 in
2465 2617 2620 2671 quem
2649 2601 2790 2654 enim
2821 2600 3041 2654 credere
3067 2598 3280 2669 jubeor,
3306 2598 3355 2653 ei
3390 2597 3552 2651 etiam
3583 2596 3751 2652 debeo

2183 2695 2502 2765 supplicare.
2529 2692 2778 2749 Adorabo
2799 2708 2924 2763 ergo
2949 2693 3181 2757 Patrem,
3204 2690 3439 2745 adorabo
3462 2701 3512 2744 et
3535 2689 3751 2756 Filium,

2182 2785 2420 2840 adorabo
2448 2795 2501 2841 et
2545 2785 2803 2854 Spiritum
2833 2793 3099 2848 sanctum,
3124 2798 3225 2837 una
3253 2781 3547 2851 eademque
3596 2796 3757 2836 vene-

2183 2877 2411 2932 ratione.
2436 2876 2587 2944 Quod
2612 2877 2654 2930 si
2683 2877 2803 2947 quis
2832 2876 3023 2930 durum
3066 2875 3167 2929 hoc
3204 2882 3375 2944 putat,
3398 2873 3581 2928 audiat
3625 2888 3752 2943 quo-

2183 2969 2346 3025 modo
2375 2967 2540 3023 David
2568 2968 2635 3023 ad
2664 2968 2932 3024 culturam
2961 2967 3053 3022 Dei
3081 2966 3265 3041 fideles
3293 2967 3535 3021 hortatur
3564 2983 3578 3019 :
3613 2966 3752 3018 Ado-

2183 3070 2315 3129 rate,
2339 3060 2533 3131 inquit,
2558 3059 2837 3115 scabellum
2861 3059 3045 3130 pedum
3094 3062 3201 3129 ejus
3233 3058 3413 3132 (Psal.
3459 3074 3645 3124 xcvtn,
3674 3057 3754 3124 5).

2184 3154 2242 3212 Si
2289 3155 2564 3226 religionis
2606 3164 2688 3210 est
2740 3154 2966 3210 adorare
3016 3153 3307 3209 scabellum
3360 3153 3551 3223 pedum
3612 3154 3762 3223 ejus,

506 3245 737 3301 licentia:
763 3246 906 3301 enim
938 3260 1133 3301 nomen
1177 3255 1277 3313 est,
1321 3262 1426 3303 non
1474 3259 1698 3305 naturae.
1748 3249 1988 3320 Denique
2018 3249 2082 3305 ad
2109 3221 2155 3285 Ο
2188 3257 2388 3320 quanto
2414 3248 2583 3318 magis
2614 3247 2921 3317 religiosum
2963 3246 3007 3301 si
3049 3246 3164 3316 ejus
3193 3244 3421 3316 Spiritus
3470 3242 3761 3301 adoretur?

505 3338 816 3395 Corinthios
834 3338 1037 3395 ‘Paulus
1083 3341 1156 3395 ita
1188 3340 1376 3396 scribit
1406 3358 1418 3395 :
1451 3340 1760 3396 Benedictus
1811 3339 1951 3395 Deus
1985 3341 2089 3397 Pa-

510 3439 587 3487 ter
618 3428 825 3484 Domini
848 3430 1009 3485 nostri
1037 3430 1164 3486 Jesu
1191 3429 1400 3496 Christi,
1425 3430 1584 3486 Pater
1604 3432 2085 3501 misericordiarum,

509 3531 556 3580 et
573 3521 709 3578 Deus
730 3523 893 3578 omnis
915 3521 1399 3593 consolationis,qui
1423 3538 1515 3577 nos
1543 3524 1835 3577 consolatur
1858 3520 1945 3594 (II
1968 3521 2087 3576 Cor.

510 3630 555 3682 ι,
580 3614 707 3688 54).
737 3615 951 3672 Etcum
991 3614 1299 3671 consolator
1335 3614 1529 3670 dicitur
1573 3615 1752 3681 Pater,
1783 3614 2090 3670 consolator

509 3704 702 3778 Filius,
727 3708 1033 3765 consolator
1053 3709 1214 3765 etiam
1241 3707 1474 3779 Spiritus
1503 3716 1740 3775 sanctus,
1775 3723 1878 3763 una
1910 3717 2088 3763 tamen

517 3803 673 3860 nobis
702 3802 1000 3859 consolatio
1028 3818 1059 3859 a
1094 3802 1356 3859 Trinitate
1388 3811 1699 3873 prtestatur;
1727 3802 1866 3857 sicut
1898 3809 1951 3856 et
1981 3815 2086 3856 una

517 3895 765 3952 remissio
820 3903 1184 3967 peccatorum,
1217 3894 1475 3966 Apostolo
1526 3894 1863 3950 affirmante:
1896 3893 2089 3961 Abluti,

514 3989 708 4063 inquit,
738 3990 855 4046 estis
882 4000 932 4046 et
951 3991 1248 4064 justi/icati,
1276 3999 1321 4044 et
1342 3989 1647 4059 sanctiﬁcati
1675 3989 1792 4043 estis
1814 3988 1867 4042 in
1888 3988 2091 4042 nomine

516 4079 730 4134 Domini
758 4081 921 4135 nostri
964 4078 1089 4134 Jesu
1137 4078 1349 4145 Christi,
1381 4089 1428 4133 et
1464 4078 1516 4133 in
1548 4076 1748 4148 Spiritu
1780 4078 1876 4132 Dei
1929 4078 2090 4133 nostri

510 4171 567 4257 ςι
590 4172 710 4227 Cor.
755 4188 828 4237 ιιι,
875 4170 1001 4241 11).
1034 4171 1318 4227 Possemus
1362 4171 1510 4240 plura
1565 4170 1738 4226 adhuc
1779 4170 1847 4227 de
1894 4169 2088 4226 divinis

512 4263 808 4333 Seripturis
832 4261 1078 4333 proferre
1109 4263 1433 4328 testimonia,
1464 4277 1583 4332 qua:
1606 4260 1635 4299 ι)
1660 4262 1810 4332 juxta
1838 4261 2088 4333 baptismi

507 4365 900 4412 sacramentum
944 4352 1259 4410 Trinitatem
1309 4354 1467 4409 unius
1518 4355 1726 4424 glorias,
1758 4356 2088 4424 operationis

509 4460 575 4500 ac
606 4445 859 4515 potentia:
880 4444 1225 4500 manifestant
1256 4460 1270 4497 :
1301 4444 1394 4500 sed
1424 4444 1547 4515 quia
1580 4460 1647 4500 ex
1675 4444 1759 4501 bis
1789 4446 1977 4516 plenus
2004 4457 2087 4505 est

509 4536 833 4607 sapientium
881 4537 1202 4605 intellectus,
1254 4536 1421 4592 multa
1464 4537 1855 4609 praztcrivimus
1908 4540 2088 4598 studio

509 4626 812 4685 brevitatis.

582 4720 723 4776 XXI.
775 4721 1171 4794 Recapitulatio.
1194 4752 1264 4762 —
1285 4721 1567 4778 Faciamus
1607 4718 1734 4795 ergo
1765 4725 2083 4795 recapitula-

510 4814 707 4870 tionem
752 4811 1017 4869 dictorum
1061 4822 1390 4870 nostrorum.
1439 4813 1497 4871 Si
1529 4814 1596 4869 de
1641 4814 1797 4871 Patre
1845 4816 2086 4886 procedit

510 4905 741 4976 Spiritus
783 4913 1020 4969 sanctus,
1051 4904 1095 4959 si
1123 4904 1334 4973 liberat,
1366 4907 1411 4961 si
1454 4906 1711 4962 Dominus
1759 4916 1843 4963 est
1879 4919 1934 4964 et
1963 4924 2087 4964 san-

508 5001 726 5068 ctificat,
752 5001 796 5057 si
819 5009 966 5057 creat
987 5015 1107 5056 cum
1126 5000 1283 5057 Patre
1296 5009 1351 5056 et
1371 5000 1508 5056 Filio
1528 5010 1582 5056 et
1605 5001 1856 5070 vivificat,
1882 5002 1927 5056 si
1950 5017 2086 5072 prro-

511 5092 790 5149 scientiatn
822 5093 983 5151 habet
1023 5108 1145 5149 cum
1176 5092 1335 5149 Patre
1363 5102 1419 5150 et
1445 5094 1602 5162 Filio,
1630 5095 1673 5150 si
1709 5095 1902 5166 ubique
1928 5105 2086 5151 estet

509 5184 694 5258 implet
722 5188 925 5259 omnia,
956 5188 1004 5245 si
1043 5185 1246 5243 habitat
1272 5186 1327 5243 in
1365 5187 1571 5256 electis,
1617 5189 1663 5245 si
1704 5188 1878 5259 arguit
1930 5205 2087 5246 mun-

579 5356 606 5385 ι
629 5346 873 5421 Vulgata,
895 5347 1223 5421 Advocatum,
1240 5347 1382 5415 quod
1413 5347 1552 5404 idem
1580 5355 1680 5403 est.
1699 5347 1916 5421 Graecus
1937 5351 2078 5406 enim

509 5426 682 5475 textus
722 5418 919 5493 habet,
962 5419 1319 5493 Παράτλῃτον,
1361 5434 1391 5473 a
1430 5432 1533 5489 qua
1559 5433 1707 5493 _voce
1749 5418 2039 5476 Paraclitus
2065 5464 2080 5490 ,

507 5493 667 5546 etiam
707 5505 800 5559 per
830 5488 1056 5544 litteram
1105 5488 1123 5541 i
1167 5489 1399 5544 breviter
1431 5488 1487 5542 ut
1522 5490 1671 5547 aiunt
1710 5488 2081 5559 enuntiatum,

507 5558 736 5617 derivari
765 5568 959 5631 potest,
985 5568 1040 5614 ut
1070 5558 1311 5631 pluribus
1334 5560 1523 5629 probat
1550 5560 1609 5613 V.
1632 5561 1694 5615 (Ξ.
1726 5561 1960 5619 Joannes
1986 5558 2085 5618 Ba-

509 5633 670 5704 ptista
697 5630 907 5699 Tliiers,
935 5632 987 5686 in
1016 5630 1273 5704 singulari
1300 5630 1367 5686 de
1399 5632 1498 5704 hac
1523 5645 1653 5686 voce
1687 5633 2081 5689 dissertatione.

579 5703 607 5741 δ
636 5703 771 5769 Quia
818 5704 869 5758 in
912 5702 1176 5772 baptismo
1212 5701 1431 5761 dicitur,
1468 5699 1534 5755 In
1565 5704 1765 5757 nomine
1803 5704 2011 5771 Patris,
2039 5715 2087 5761 et

508 5768 673 5856 Εξξιεξ,
686 5783 735 5828 et
762 5768 995 5856 Spiritus
1008 5774 1190 5847 sancti,
1219 5775 1326 5851 ει
1353 5772 1546 5847 quibus
1573 5774 1749 5833 verbis
1774 5776 1947 5834 unitas
1965 5768 2084 5835 Tri-

508 5847 690 5906 nitatis
719 5847 1056 5915 exprimitur.

2191 3342 2283 3397 Ille
2320 3341 2507 3410 utique
2554 3340 2806 3409 Spiritus,
2856 3353 3014 3408 quem
3062 3338 3251 3393 beatus
3280 3336 3471 3392 Petrus
3518 3337 3571 3392 in
3626 3346 3766 3392 tants

2188 3434 2513 3489 sublimitate
2541 3432 2865 3503 praedicavit,
2895 3431 3114 3488 dicens:
3150 3429 3353 3502 Spiritu
3396 3436 3573 3483 sancto
3606 3430 3760 3482 misso

2191 3527 2255 3581 de
2313 3527 2489 3593 crzlis,
2545 3526 2599 3579 in
2635 3542 2789 3593 quem
2830 3524 3195 3594 concupiscunt
3250 3523 3418 3593 angeli
3474 3524 3767 3594 prospicere

2192 3619 2245 3693 (l
2261 3619 2402 3675 Petr.
2439 3618 2865 3690 1,12).Siangeli
2886 3633 3005 3673 eum
3029 3617 3250 3687 cupiunt
3275 3615 3538 3685 aspicere,
3567 3622 3769 3685 quanto

2191 3717 2360 3789 magis
2389 3732 2486 3773 nos
2526 3716 2769 3773 homines
2809 3715 3063 3770 mortales
3091 3711 3118 3750 ά
3160 3727 3282 3768 ειιιιι
3322 3710 3604 3780 despicere
3661 3724 3766 3764 non

2199 3813 2482 3879 debemus,
2513 3827 2579 3868 ne
2609 3810 2747 3866 forte
2775 3818 2830 3866 et
2855 3808 3010 3865 nobis
3037 3806 3268 3872 dicatur,
3291 3805 3428 3860 sicut
3455 3805 3661 3858 dictum
3690 3809 3769 3855 est

2193 3907 2260 3962 ad
2292 3906 2556 3961 Judteos:
2604 3903 2705 3958 Vos
2753 3917 2946 3975 semper
2997 3900 3217 3973 Spiritui
3271 3907 3444 3954 sancto
3490 3882 3771 3960 restitistis,

2195 3999 2325 4054 sicut
2363 4007 2611 4068 et-patres
2640 3995 2790 4051 uestri
2812 3994 2831 4066 (
2855 3994 2966 4048 Act.
2990 4008 3091 4059 vn,
3117 3992 3180 4049 51
3204 3990 3249 4062 ).

2270 4088 2438 4145 XXII.
2465 4087 2617 4157 Quod
2661 4088 2707 4143 si
2750 4086 2865 4141 haec
2904 4092 3054 4139 tanta
3092 4092 3145 4139 et
3176 4081 3297 4137 talia
3351 4095 3458 4137 non
3508 4078 3774 4135 inclinant

2192 4181 2430 4237 animum
2457 4181 2523 4235 ad
2548 4178 2908 4235 venerandum
2938 4175 3195 4246 Spiritum
3226 4180 3493 4239 sanctum,
3533 4171 3771 4241 accipite

2193 4276 2369 4332 adhuc
2409 4272 2607 4345 aliquid
2646 4272 2855 4329 fortius.
2885 4270 2974 4327 Sic
3000 4269 3142 4325 enim
3167 4265 3364 4323 Paulus
3397 4262 3615 4319 instruit
3643 4275 3775 4332 pro-

2192 4368 2381 4439 phetas
2396 4365 2740 4430 Ecclesiae,in
2762 4363 2953 4434 quibus
2970 4362 3151 4432 utique
3174 4367 3231 4412 et
3251 4373 3346 4429 per
3371 4370 3506 4428 quos
3529 4356 3773 4425 Spiritus

2196 4468 2414 4514 sanctus
2445 4456 2787 4528 loquebatur:
2812 4454 2894 4519 Si,
2918 4453 3106 4523 inquit,
3141 4466 3309 4506 omnes
3338 4447 3779 4520 praphetaverint,

2204 4549 2358 4603 intret
2385 4558 2551 4603 autem
2579 4547 2763 4615 aliquis
2786 4542 3027 4614 inﬁdelis,
3051 4542 3140 4596 aitl
3164 4542 3345 4604 idiota,
3368 4538 3697 4595 convincitur
3716 4535 3778 4588 ab

2111 4608 2167 4671 D
2194 4639 2451 4705 omnibus,
2470 4637 2788 4691 (xaminalut'
2808 4634 2869 4688 ab
2894 4634 3143 4699 omnibus,
3161 4632 3358 4686 occulta
3382 4645 3579 4701 quoque
3606 4626 3781 4682 cordis

2190 4735 2304 4805 ejus
2322 4730 2590 4800 manifesta
2614 4726 2705 4797 [λιι.
2726 4726 2862 4797 sunt]
2889 4726 3017 4794 ﬁunt
3040 4734 3119 4779 :et
3151 4735 3269 4777 tunc
3299 4722 3485 4776 cadens
3506 4722 3559 4774 in
3591 4719 3781 4789 faciem

2193 4823 2429 4879 adorabit
2460 4819 2646 4886 Deum,
2697 4819 3030 4890 pronuntians
3061 4816 3181 4885 quia
3205 4831 3316 4868 vere
3365 4812 3501 4867 Deus
3548 4812 3605 4864 in
3639 4810 3784 4865 vobis

2189 4924 2262 4970 est
2295 4912 2352 4987 (l
2388 4910 2507 4965 Cor.
2569 4925 2674 4974 xw,
2705 4909 2798 4974 2i,
2828 4906 2954 4978 9.5).
2990 4908 3054 4962 Et
3095 4908 3279 4987 utique
3325 4904 3377 4958 in
3417 4904 3496 4958 eis
3537 4902 3784 4973 Spiritus

2190 5016 2407 5066 sanctus
2427 5014 2528 5068 cst,
2562 5004 2651 5075 qui
2683 5001 3022 5074 prephctaut.
3052 5001 3106 5057 Si
3138 5013 3267 5069 ergo
3298 4995 3546 5052 infideles
3568 4995 3783 5049 cadunt

2192 5101 2244 5156 in
2279 5099 2486 5165 faciem,
2517 5104 2573 5152 et
2602 5096 2825 5151 adorant
2873 5093 3127 5162 Spiritum
3175 5099 3417 5145 sanctum
3466 5085 3780 5158 perterriti,

2192 5200 2244 5249 et
2266 5192 2589 5248 confitentur
2609 5186 2792 5261 [Lor.,
2812 5183 2973 5257 victi]
3002 5183 3150 5268 inviti
3177 5199 3191 5237 :
3218 5189 3417 5251 quanto
3445 5178 3619 5249 magis
3652 5178 3783 5232 (idea

2266 5360 2289 5389 ο
2333 5350 2420 5406 Sic
2469 5346 2676 5411 Germ.,
2723 5344 2868 5408 Ful.,
2899 5343 3051 5400 Colb.
3082 5343 3130 5411 1,
3167 5341 3446 5398 Loricbius
3474 5348 3529 5395 et
3571 5338 3785 5395 Ortho-

2191 5422 2318 5478 ἀοι.
2367 5423 2439 5475 At
2466 5418 2646 5474 επιεινί
2697 5418 2912 5481 habent,
2964 5414 3099 5468 Deus
3143 5431 3243 5468 non
3271 5415 3358 5481 sit,
3400 5426 3515 5467 cum
3558 5426 3792 5479 operum

2191 5492 2562 5563 mdguitudine,
2596 5488 2732 5559 quod
2761 5496 2835 5563 est
2865 5488 2972 5556 ipse
3001 5486 3322 5563 manifesta;
3370 5554 3382 5563 _
3428 5552 3449 5563 _
3511 5554 3522 5563 _
3665 5552 3700 5563 η
3746 5518 3747 5523 η

2263 5552 2300 5600 εἶ
2332 5552 2632 5623 [ροτῐειιὶιιε’,
2663 5574 2761 5611 non
2793 5552 3092 5625 den'egemus
3119 5552 3254 5609 eum.
3283 5554 3349 5608 Et
3370 5552 3620 5617 inferius,
3658 5552 3793 5624 Spi-

2192 5635 2315 5687 ritui
2342 5643 2513 5686 sancto
2544 5630 2818 5683 restitistis.
2852 5627 2909 5681 In
2939 5627 3229 5695 Scriptura:
3259 5634 3404 5680 textu
3439 5626 3676 5695 habt-tur
3710 5642 3793 5678 re-

2192 5704 2389 5759 sistitis.
2421 5702 2622 5757 Tamen
2672 5700 2723 5753 in
2756 5697 3016 5754 breviario
3063 5694 3185 5751 fidei
3230 5696 3369 5765 apud
3401 5694 3794 5758 Sirmondmn,

2194 5775 2333 5830 sicut
2362 5784 2416 5829 et
2460 5773 2569 5835 hic,
2605 5770 2794 5841 legitur
2837 5767 3129 5841 restitistis,-
3157 5779 3321 5841 quare
3368 5780 3550 5821 vocem
3603 5765 3791 5836 hanc,

2192 5859 2315 5913 qua:
2341 5845 2396 5907 in
2423 5843 2583 5904 editis
2609 5837 2823 5905 et'mss.
2851 5838 3101 5910 habetur,
3131 5837 3466 5897 retinuimus.
