3988 6344
208 414 309 468 255

1107 414 1194 468 DE
1234 411 1753 470 PERSECUTIONE
1794 408 2175 466 VANDALICA
2212 410 2341 465 LIB.
2386 411 2469 466 IV:

3353 411 3456 467 ΞΜ»

210 528 341 583 libus
370 524 588 594 expedit
615 532 674 578 ut
701 524 1001 579 voluntarie
1021 532 1076 578 et
1103 539 1166 579 ex
1190 525 1382 581 atlectu
1410 526 1633 581 adorent
1653 525 1770 594 Spi-
1796 526 1852 588 Α
1874 521 2021 591 quisi
2038 520 2372 575 Christianus
2398 527 2639 584 vocetur,
2665 527 2718 575 et
2747 534 2851 574 non
2880 517 3034 576 fuerit
3053 519 3328 590 spiritalis,
3353 536 3453 579 nec

211 620 365 672 ritum
397 617 679 671 sanctum?
728 615 994 670 Adoratur
1020 625 1197 671 autem
1252 615 1483 686 Spiritus
1537 624 1777 678 sanctus,

209 723 310 763 non
332 709 489 779 quasi
519 709 806 778 separatim
837 703 990 764 more
1009 709 1310 779 gentilium,
1332 709 1469 763 sicut
1492 723 1590 763 nec
1614 708 1783 763 Filius
1808 768 1809 771 η

208 800 491 870 separatim
544 799 821 863 aduratur,
867 799 992 869 quia
1037 799 1089 853 in
1137 799 1353 855 dextera
1387 798 1561 854 Patris
1608 807 1720 863 est;
1753 806 1781 835 α

208 893 294 947 sed
324 907 447 946 cum
472 891 767 948 adoramus
800 892 1040 960 Patrem,
1070 892 1339 948 credimus
1380 906 1479 946 nos
1508 902 1561 947 et
1590 891 1780 945 Filium

208 991 253 1038 et
278 982 542 1053 Spiritum
570 992 813 1039 sanctum
856 983 1119 1039 adorare:
1165 984 1286 1053 quia
1314 994 1368 1038 et
1411 998 1535 1039 cum
1588 982 1779 1037 Filium

210 1075 539 1141 invocamus,
580 1074 795 1129 Patrem
835 1088 934 1129 nos
972 1074 1242 1129 credimus
1271 1074 1545 1137 invocare,
1582 1080 1779 1127 etcum

212 1166 425 1223 Patrem
468 1180 739 1237 rogamus,
771 1180 799 1220 a
831 1165 965 1220 Filio
1004 1179 1103 1221 nos
1150 1165 1392 1220 exaudiri
1438 1164 1778 1232 confidimus,

210 1257 339 1313 sicut
366 1261 484 1327 ipse
516 1257 769 1311 Dominus
791 1256 925 1311 dixit
955 1271 971 1310 :
1009 1255 1273 1321 Quidquid
1293 1255 1545 1326 petieritis
1572 1254 1807 1323 Patrem.

212 1348 254 1400 in
286 1348 498 1401 nomine
527 1362 656 1414 meo,
682 1362 772 1416 ego
802 1345 1012 1416 faciam,
1046 1353 1100 1397 ut
1127 1343 1487 1413 honoriﬁcetur
1523 1343 1679 1397 Pater
1726 1344 1781 1397 in

214 1439 342 1494 Filio
374 1439 565 1511 (Joan.
598 1454 710 1506 xlv,
745 1437 865 1508 t5).
899 1437 1031 1492 Etsi
1062 1436 1292 1506 Spiritus
1335 1446 1553 1491 sanctus
1581 1436 1776 1492 adora-

212 1541 309 1598 tur,
359 1532 453 1587 ille
481 1532 665 1601 utique
711 1529 966 1585 aduratur
1022 1529 1173 1598 cujus
1221 1536 1304 1583 est
1354 1528 1603 1597 Spiritus.
1646 1527 1780 1582 Illud

210 1632 379 1678 autem
405 1622 586 1677 nullus
615 1622 844 1691 ignorat,
876 1620 998 1691 quia
1024 1619 1217 1675 divinae
1240 1617 1505 1688 majestati
1535 1632 1635 1673 nec
1654 1616 1779 1672 addi

212 1715 516 1786 quidquam,
544 1728 644 1770 nec
669 1713 833 1768 minui
868 1713 1113 1767 humanis
1158 1711 1637 1781 supplicationibus
1680 1725 1779 1779 po-

214 1816 307 1863 test
337 1826 352 1862 :
378 1805 401 1879 [
423 1806 548 1862 Lor.
586 1804 703 1876 sic]
732 1805 824 1860 sed
856 1804 1222 1874 unusquisque
1256 1803 1546 1859 semiudum
1577 1816 1778 1874 propo-

1883 613 1986 669 sibi
2008 616 2137 668 satis
2170 614 2236 668 de
2265 614 2437 668 salute
2459 612 2705 668 conﬁdat.

1952 702 2141 758 XXIII.
2162 704 2243 759 Sit
2270 718 2398 773 ergo
2430 703 2579 757 nobis
2603 704 2890 758 secundum
2919 704 3169 760 salutaris
3200 703 3452 773 baptismi

1885 795 2275 851 confessionem
2301 795 2431 850 fides
2460 794 2663 865 integra
2694 796 2988 862 Trinitatis,
3016 797 3085 851 sit
3110 812 3214 850 una
3237 797 3452 852 devotio

1884 889 2098 957 pietatis
2126 904 2141 943 :
2174 903 2273 945 nec
2299 901 2447 945 more
2468 889 2743 959 gentilium
2768 899 3089 958 potestatmn
3118 891 3457 945 diversitates

1883 980 2187 1050 opinemur,
2218 987 2312 1035 aut
2341 988 2642 1035 creaturam
2693 990 2947 1050 quantum
2988 981 3054 1035 ad
3100 982 3353 1036 deitatem
3398 980 3456 1035 in

1886 1068 2148 1125 Triuitate
2178 1071 2531 1140 suspicemur.
2580 1070 2687 1126 Sed
2718 1086 2818 1127 nec
2863 1070 3169 1126 Iudaeorum
3200 1072 3455 1129 seandalo

1884 1177 2219 1231 moveamur,
2248 1164 2334 1233 qui
2359 1163 2549 1218 Filium
2584 1163 2675 1217 Dei
2708 1163 2811 1233 33
2831 1172 3045 1232 negant,
3076 1164 3166 1233 qui
3194 1165 3453 1234 Spiritum

1884 1263 2128 1309 sanctum
2179 1269 2283 1308 non
2324 1255 2582 1320 adorant;
2614 1254 2709 1309 sed
2744 1254 2916 1323 potius
2949 1254 3237 1323 perfectam
3267 1256 3452 1312 Trini-

1888 1354 2051 1411 tatem
2078 1345 2369 1403 adorantes
2418 1358 2473 1402 et
2494 1347 2914 1417 magnificantes,
2945 1347 3082 1403 sicut
3107 1358 3129 1387 ο
3162 1350 3213 1402 in
3256 1359 3455 1421 myste-

1882 1436 1975 1491 riis
1998 1450 2094 1492 ore
2140 1446 2327 1492 nostro
2369 1437 2617 1502 dicimus,
2652 1438 2719 1492 ita
2772 1438 3099 1492 conscientia
3156 1447 3451 1505 teneamus,

1886 1529 2128 1596 Sanctus,
2154 1528 2399 1593 Sanctus,
2418 1529 2639 1585 Sanctus
2657 1529 2905 1583 Dominus
2936 1529 3076 1584 Deus
3094 1531 3324 1585 sabaoth.
3351 1532 3456 1586 Ter

1883 1618 2125 1673 dicentes
2167 1619 2389 1674 Sanctus
2432 1635 2586 1673 unam
2630 1620 3070 1688 omnipotentiam
3111 1621 3454 1687 confitemur,

1883 1709 2004 1777 quia
2030 1724 2133 1763 una
2177 1719 2257 1764 est
2309 1709 2513 1779 religio,
2548 1724 2653 1764 una
2704 1710 3022 1778 glurificatio
3065 1712 3366 1779 Trinitatis,
3398 1720 3458 1767 ut

1882 1797 2164 1853 audiamus
2196 1800 2264 1854 ab
2307 1801 2584 1870 Apostolo,
2633 1800 2770 1854 sicut
2818 1801 3100 1857 audierunt
3146 1804 3451 1858 Corinthii:

215 1900 367 1955 situm
395 1899 688 1954 voluntatis
716 1913 848 1964 sua},
880 1905 972 1953 aut
995 1897 1218 1968 gloriam
1241 1896 1341 1952 sibi
1384 1896 1613 1966 acquirit
1640 1895 1774 1950 fide-
1809 1910 1857 1971 Β
1883 1887 2063 1941 Gratia
2112 1889 2313 1943 Domini
2354 1890 2510 1943 nostri
2552 1889 2679 1943 Jcsu
2707 1888 2919 1956 Christi,
2950 1900 2996 1945 et
3024 1893 3227 1946 dilectio
3258 1893 3375 1958 Dei,
3406 1906 3455 1947 et

214 1992 324 2047 liter
360 1990 693 2054 venerando,
723 1998 813 2043 aut
854 1988 1221 2044 confusionem
1252 1995 1561 2058 perpetuam
1615 1987 1777 2057 perti-

215 2083 408 2138 naciter
450 2080 768 2137 resistendo.
801 2079 1021 2136 Certum
1050 2089 1133 2136 est
1178 2080 1319 2134 enim
1349 2079 1470 2149 quia
1522 2078 1775 2147 superbia

216 2182 263 2230 et
287 2171 317 2211 δ
343 2173 673 2242 contemptio
700 2171 935 2236 damnat,
965 2168 1368 2225 honorificentia
1390 2184 1520 2224 vero
1550 2171 1778 2224 fructum

218 2266 509 2321 devotionis
530 2270 828 2333 exspectat.
854 2262 1031 2328 Quare
1058 2269 1237 2315 autem
1262 2260 1445 2316 fideles
1474 2274 1579 2314 non
1604 2259 1776 2313 hono-

216 2356 416 2412 rifieent
467 2356 674 2427 integre
719 2354 1064 2419 Trinitatem,
1096 2353 1163 2407 ad
1207 2368 1365 2423 quam
1396 2367 1455 2407 se
1505 2352 1777 2422 pertinere

219 2446 522 2510 confidunt,
568 2444 724 2513 cujus
771 2443 986 2498 nomine
1015 2457 1075 2498 se
1125 2451 1363 2509 renatos,
1396 2441 1547 2511 cuius
1592 2454 1780 2496 servos

219 2551 269 2592 se
293 2536 558 2591 nominari
587 2534 913 2605 gloriantur?
935 2533 1067 2588 Nam
1098 2532 1236 2588 sicut
1257 2532 1362 2604 [at.
1392 2532 1460 2586 ad
1482 2528 1720 2601 nomen]
1748 2546 1779 2586 a

221 2632 425 2686 nomine
448 2629 548 2684 Dei
574 2628 745 2684 Patris
774 2628 1018 2682 homines
1057 2626 1150 2681 Dei
1196 2625 1552 2697 appellantur,
1583 2634 1643 2679 ut
1672 2624 1768 2678 He-

221 2721 308 2776 lias
337 2721 503 2776 homo
530 2720 625 2775 Dei
653 2719 827 2775 dictus
853 2726 954 2783 est,
978 2727 1040 2772 ut
1068 2717 1279 2788 Moyses
1306 2716 1465 2771 homo
1488 2716 1581 2771 Dei
1606 2715 1780 2786 appel-

222 2811 352 2866 latus
374 2820 484 2877 est;
517 2812 595 2866 sic
620 2825 650 2865 a
695 2808 912 2865 Christo
941 2808 1233 2864 Christiani
1283 2822 1674 2877 nuncupamur,
1703 2808 1783 2863 sic

224 2903 382 2957 etiam
409 2918 439 2957 a
466 2902 664 2973 Spiritu
710 2900 978 2970 spiritales
1016 2899 1368 2969 appellamur.
1398 2899 1453 2954 Si
1482 2900 1642 2969 igitur
1687 2915 1783 2953 vo-

224 3001 366 3048 cetur
382 2995 497 3065 quis
523 2993 682 3049 homo
709 2992 823 3059 Dei,
841 3000 898 3048 et
924 3006 1027 3047 non
1054 2991 1123 3045 sit
1143 2992 1495 3057 Christianus,
1524 2991 1655 3047 nihil
1676 3000 1787 3058 est;

286 3136 313 3165 ι
350 3127 624 3183 Lorichius
650 3128 863 3183 brevius
898 3128 975 3183 sic
1017 3126 1198 3193 habet,
1229 3128 1315 3182 sed
1362 3146 1477 3182 cum
1506 3130 1784 3184 adoramus

228 3196 445 3267 Patrem,
477 3198 730 3252 credimus
758 3201 994 3267 invocare
1024 3198 1275 3267 Spiritum
1300 3210 1563 3262 sanctum;
1594 3209 1641 3254 et
1669 3217 1784 3254 cum

224 3266 421 3338 Patrem
450 3284 705 3337 rogamus,
723 3286 753 3321 a
782 3266 923 3322 Filio
945 3284 1036 3321 nos
1064 3266 1298 3321 exaudiri
1325 3270 1652 3338 conﬁdimus,
1678 3280 1782 3324 etc.

289 3336 443 3407 I{Sic
488 3336 681 3403 Mam;
734 3353 850 3407 quae
889 3338 1071 3407 utique
1126 3338 1280 3391 lectio
1325 3336 1532 3393 videtur
1576 3342 1786 3395 caeteris

224 3406 564 3476 perferenda,
614 3406 999 3476 qum’ltabent,
1044 3408 1313 3463 contentio.
1347 3408 1580 3463 Lorichii
1621 3410 1787 3465 editio

224 3478 457 3533 eamdem
486 3488 722 3534 nostram
751 3479 1031 3533 lectionem
1062 3478 1361 3544 confirmat,
1387 3479 1544 3534 habet
1568 3481 1783 3551 quippe,

226 3556 549 3617 contemptus.

289 3630 311 3656 ε
350 3620 495 3673 Inter
534 3619 813 3673 Missurum
860 3617 1116 3675 solemnia
1162 3628 1273 3675 tum
1320 3620 1512 3683 Grzeei,
1545 3628 1654 3673 tum
1686 3620 1787 3673 La—

226 3688 333 3749 tini,
366 3690 622 3759 hymnum
667 3689 808 3743 hunc
851 3698 1067 3744 cantare
1111 3704 1324 3758 semper
1370 3700 1781 3759 consueverunt,

226 3760 352 3826 quod
396 3774 519 3814 cum
562 3759 801 3813 nonnulli
832 3759 883 3813 in
926 3759 1093 3814 Gallis
1121 3771 1269 3815 extra
1316 3762 1506 3815 missas
1547 3760 1789 3829 publicas

227 3830 580 3898 negligerent,
632 3830 813 3883 statuit
875 3831 1110 3899 synodus
1159 3831 1409 3885 Vasensis
1474 3845 1615 3883 anno
1658 3830 1784 3895 529,

227 3912 333 3952 can.
362 3900 417 3957 5.
451 3909 503 3952 ut
534 3902 586 3954 in
612 3899 841 3953 omnibus
867 3900 1054 3965 missis,
1079 3902 1180 3954 sive
1206 3902 1492 3963 matutinis,
1522 3901 1623 3953 sive
1661 3916 1789 3967 qua-

227 3970 665 4039 dragesimatibus,
712 3972 788 4022 vel
834 3984 946 4039 qua:
991 3972 1045 4022 in
1091 3970 1646 4024 cammemorationibus
1701 3968 1791 4022 de-

226 4040 511 4110 functorum
542 4042 693 4107 ﬁunt,
722 4054 917 4110 semper
941 4054 999 4091 eo
1023 4042 1202 4093 ordine
1245 4056 1346 4110 quo
1377 4040 1649 4110 admissas
1689 4055 1789 4110 pu-

227 4109 369 4163 blicas
399 4110 689 4164 diceretur.
743 4107 1005 4164 De'variis
1034 4111 1147 4163 istis
1174 4107 1352 4165 missis
1381 4109 1578 4163 videsis
1604 4107 1789 4161 Mabil-

226 4177 416 4249 Ionium
446 4180 534 4233 lib.
560 4196 574 4233 ι
607 4181 674 4234 de
699 4179 933 4247 Liturgia
963 4179 1256 4244 Gallicana,
1282 4194 1401 4249 cap.
1431 4178 1601 4249 6,7vel
1628 4178 1699 4231 de
1727 4177 1792 4233 iis

226 4247 388 4304 fusius
418 4250 769 4305 disserentem
817 4254 916 4317 pia:
955 4250 1229 4304 memoria:
1272 4247 1600 4303 cardinalem
1646 4250 1793 4303 Bona

227 4317 312 4371 lib.
340 4335 356 4372 ι
390 4320 587 4373 Rerum
618 4320 894 4388 Liturgic.,
925 4334 1043 4386 cap.
1077 4320 1143 4374 15
1172 4328 1228 4375 et
1255 4317 1795 4389 sequentibus.~Cave

225 4398 397 4443 autem
451 4406 518 4443 ne
558 4386 852 4460 confundas
908 4390 1049 4443 hunc
1094 4386 1375 4460 hymnum,
1423 4405 1579 4460 quem
1622 4386 1795 4460 Graeci

226 4460 457 4514 ἐπινίκιον
502 4475 595 4514 seu
626 4458 982 4529 triumphalem
1027 4458 1319 4527 appellant,
1368 4458 1591 4529 dequo
1634 4458 1794 4512 Isaias

224 4542 336 4597 cap.
370 4546 445 4590 vr,
472 4539 543 4601 et
586 4532 817 4585 Joannes
867 4530 929 4601 in
973 4531 1285 4601 Apocalypsi
1318 4545 1433 4598 cap.
1464 4545 1537 4601 tv,
1565 4544 1697 4601 eum,
1729 4542 1795 4582 eo

227 4600 569 4675 quemiidem
600 4603 860 4675 τρισᾲοχιον
904 4600 1425 4675 dicunt;_quer_nque
1468 4600 1541 4653 illi
1574 4600 1790 4675 saepius,
1824 4612 1825 4617 ‘

214 4668 399 4723 Latini
432 4686 558 4725 vero
584 4668 831 4726 se'mel'in
861 4685 1022 4731 anno,
1053 4668 1192 4725 feria
1221 4670 1424 4725 scilicet
1449 4680 1599 4725 sexta
1630 4670 1793 4724 Para-

223 4752 433 4806 sceves,
467 4754 679 4795 cantare
714 4741 908 4794 solent.
944 4740 1163 4794 Sanctus
1212 4740 1369 4805 Deus,
1413 4748 1640 4803 sanctus,
1668 4740 1798 4863 f{or-

224 4810 303 4863 tis.
335 4819 445 4863 etc.
472 4811 543 4863 De
563 4812 645 4863 his
664 4811 883 4863 consule
906 4819 1145 4863 nostrum
1176 4810 1449 4863 Huaonem
1483 4810 1665 4863 Menar
1707 4823 1795 4863 um

224 4810 303 4880 tis,
335 4819 445 4864 etc.
472 4811 543 4866 De
563 4812 645 4865 his
664 4811 883 4865 consule
906 4819 1145 4866 nostrum
1176 4810 1449 4880 Hugonem
1483 4810 1795 4865 Menardum

227 4878 274 4950 in
307 4880 453 4935 notis
481 4881 544 4935 ad
582 4882 1057 4936 sacramentarium
1100 4878 1510 4949 Gregorianum,
1547 4894 1663 4950 pag.
1702 4879 1788 4946 10,

226 4947 289 5002 de
314 4950 401 5005 his
431 4950 588 5006 rebus
614 4952 730 5005 fuse
754 4959 809 5006 et
830 4950 1038 5006 erudite
1073 4947 1445 5006 disserentem.

1884 1983 2273 2036 communicatio
2346 1982 2573 2051 Spiritus
2645 1986 2806 2038 sancti
2852 2000 2965 2037 cum
3032 1987 3260 2039 omnibus
3315 1986 3453 2039 vobis

1888 2072 1990 2142 (II
2023 2072 2141 2127 Cor.
2168 2090 2280 2139 xm,
2307 2074 2373 2128 15
2394 2073 2436 2141 ).
2464 2074 2580 2129 Haec
2616 2084 2697 2130 est
2742 2075 2872 2130 fides
2898 2083 3105 2142 nostra,
3135 2076 3457 2144 evangelicis

1883 2172 1940 2219 et
1986 2164 2291 2234 apostolicis
2340 2165 2715 2219 traditionibus
2761 2174 2919 2235 atque
2945 2163 2970 2203 δ
3008 2168 3326 2220 auctoritate
3366 2167 3457 2220 tir-

1886 2266 2051 2324 mata,
2083 2268 2132 2312 et
2165 2257 2403 2312 omnium
2424 2271 2542 2326 quae
2570 2257 2619 2310 in
2652 2257 2850 2311 mundo
2897 2266 3024 2311 sunt
3068 2258 3453 2311 catholicarum

1887 2349 2237 2405 ecclesiarum
2270 2349 2526 2403 societate
2564 2347 2802 2413 fundata,
2831 2348 2884 2401 in
2928 2363 3028 2418 qua
3052 2361 3151 2402 nos
3197 2363 3290 2417 per
3337 2363 3456 2417 gra-

1880 2440 2007 2495 tiam
2060 2440 2156 2495 Dei
2200 2439 2582 2508 omnipotentis
2638 2454 2952 2508 permanere
2999 2454 3166 2509 usque
3197 2438 3261 2493 ad
3296 2440 3454 2495 finem

1881 2532 2006 2586 vitae
2038 2531 2193 2599 hujus
2221 2530 2545 2585 confidimus
2574 2537 2628 2585 et
2667 2544 2966 2600 speramus.

1957 2621 2190 2693 Explicit
2219 2621 2430 2676 libellus
2462 2621 2700 2676 directus
2730 2620 2830 2675 sub
2864 2621 2950 2676 die
2982 2621 3077 2694 [at.
3104 2622 3236 2693 xvu]
3265 2638 3341 2677 xu
3368 2639 3459 2680 ca-

1885 2714 2168 2771 lendarum
2218 2714 2473 2768 Maiarum
2524 2727 2622 2783 per
2650 2712 2976 2783 ‘Januarium
3013 2724 3035 2751 ε
3062 2714 3459 2781 Zattareusem,

1893 2807 2190 2863 Villaticum
2222 2804 2726 2860 a‘Casis-Medianis
2764 2806 3049 2876 episcopos
3079 2807 3367 2872 Numidiae,
3407 2818 3461 2863 et

1892 2900 2220 2955 Bonifacium
2251 2898 2689 2953 Foratianensem
2710 2938 2723 2963 ,
2766 2906 2820 2951 et
2859 2899 3185 2954 Bonifacium
3215 2899 3459 2955 fGratia-

1895 3006 2115 3047 nensem
2146 2991 2427 3060 episcopos
2458 2988 2746 3059 provinciae
2776 2988 3079 3058 Byzacenae.

1957 3130 1984 3167 ἀ
2030 3130 2230 3185 Desunt
2276 3130 2389 3183 haec
2434 3128 2539 3183 duo
2570 3129 2751 3192 verba,
2801 3129 3099 3181 auctoritate
3135 3129 3357 3196 ﬁrmata,
3408 3131 3458 3187 in

1888 3200 2043 3255 Colb.
2073 3201 2126 3265 9,
2158 3200 2383 3254 OI'IIIOti.
2418 3197 2662 3253 Rhenan.
2698 3209 2752 3253 et
2784 3198 3052 3252 Lorichio.
3461 3247 3465 3252 .

1962 3282 1985 3308 θ
2014 3271 2257 3335 Plerique
2282 3283 2437 3336 mss.,
2461 3269 2823 3322 Zatterenscm.
2842 3267 2991 3322 Colb.
3021 3270 3070 3331 I,
3089 3268 3456 3325 Zaitarensem.

1891 3341 1947 3394 In
1980 3340 2172 3395 Notitia
2203 3341 2448 3395 Africana
2479 3340 2530 3392 in
2562 3353 2662 3393 ms.
2695 3339 2861 3392 Laud.
2894 3339 3087 3392 dicitur
3123 3337 3458 3393 Jacterensis.

1894 3411 2026 3465 Vide
2051 3426 2169 3479 qua:
2198 3411 2248 3463 in
2279 3410 2417 3463 notis
2446 3409 2512 3462 ad
2543 3410 2711 3479 ipsam
2739 3407 2992 3479 Notitiam
3020 3409 3366 3463 observamus
3384 3411 3460 3479 de

1892 3480 1994 3535 hac
2014 3478 2164 3561 urbe.
2199 3480 2363 3535 Porro
2395 3478 2673 3533 Lorichius
2702 3493 2797 3548 pro
2840 3478 3148 3532 Ianuarium
3180 3478 3338 3534 habet
3367 3478 3459 3532 Je-

1894 3566 2156 3608 nuartum.

1966 3620 1986 3657 ί
2032 3619 2183 3675 Colb.
2216 3620 2267 3686 I,
2302 3620 2572 3682 Rhenan.,
2604 3628 2659 3672 et
2687 3617 2862 3684 Bald.,
2904 3617 3280 3672 Gatinnensem.
3315 3618 3461 3673 Port.‘

1891 3699 1946 3745 et
1992 3690 2145 3745 Orth.
2197 3704 2320 3744 cum
2366 3690 2635 3748 Loricltio,
2687 3688 3052 3741 Gazanensem.
3101 3686 3254 3743 Colb.
3307 3690 3463 3755 alter,

1890 3760 2068 3826 Mart.,
2113 3758 2254 3824 FuI.,
2293 3768 2347 3814 et
2389 3760 2596 3824 Germ.,
2633 3758 2995 3812 Gazanensem.
3028 3758 3083 3809 In
3115 3760 3291 3810 collat.
3338 3759 3463 3812 Car-

1892 3830 2061 3898 thag.,
2090 3844 2204 3896 cap.
2242 3830 2365 3889 198,
2416 3830 2554 3898 inter
2583 3829 2860 3896 episcopos
2894 3826 3195 3898 Donatistas
3222 3842 3463 3881 recense-

1892 3909 1978 3953 tur
1994 3896 2178 3969 Victor
2200 3899 2479 3969 episcopus
2503 3897 2872 3950 Gratianensis.
2899 3896 3064 3969 Porer
3092 3896 3219 3969 licet
3236 3897 3322 3969 alii
3344 3909 3464 3969 tres

1893 3969 2129 4036 episcopi
2157 3963 2254 4021 hic
2290 3963 2566 4021 memorati
2600 3973 2981 4036 recenseantur
3007 3963 3466 4036 iin_Notitia‘Afri-

1893 4032 2043 4100 cana,
2079 4032 2161 4091 ibi
2211 4047 2384 4090 tamen
2417 4036 2749 4089 desideratur
2778 4033 3035 4103 Bonifacii
3074 4033 3234 4103 hujus
3262 4032 3469 4086 Gratia-

1894 4109 2064 4161 nensis
2092 4120 2282 4160 nomen
2315 4124 2327 4157 :
2355 4106 2493 4174 quod
2541 4116 2669 4159 sane
2696 4105 2888 4157 mirum
2915 4102 3013 4157 est.
3042 4102 3154 4174 Nisi
3185 4104 3226 4156 is
3257 4104 3368 4171 ipse
3398 4106 3467 4157 sit

1895 4179 2045 4245 cujus
2076 4177 2245 4244 primo
2272 4172 2389 4229 loco
2414 4175 2718 4245 memorati
2740 4188 2947 4245 nomen.
2973 4172 3203 4245 excidit;
3238 4180 3467 4243 tuncque

1896 4242 1993 4315 pro
2026 4242 2445 4312 Vhssinasscnsis,
2480 4253 2549 4315 uti
2585 4243 2658 4299 ibi
2692 4243 2966 4315 ghabetttr,‘
2991 4242 3279 4315 legendum
3326 4242 3469 4297 esset

1896 4312 2267 4370 Gratianensis.
2318 4315 2385 4368 Et
2430 4314 2641 4383 quidem
2691 4313 2878 4367 Petrus
2921 4312 3087 4383 abbas
3136 4313 3191 4365 in
3241 4315 3469 4383 concilio

1898 4386 2298 4453 Carthaginensi
2327 4386 2427 4438 suh
2447 4381 2748 4448 'Bonifacio,
2782 4382 3025 4436 meminit
3053 4381 3308 4453 Bpnifacii
3333 4382 3468 4436 Gru-

1898 4450 2138 4510 tianensis
2166 4455 2386 4525 cpiscOpi
2417 4456 2593 4525 prima:
2625 4453 2756 4525 sedis
2790 4453 3059 4525 prouinciae
3079 4450 3376 4525 Bysaccna’,
3403 4454 3470 4508 ad

1898 4538 2055 4595 quem
2086 4522 2387 4580 recorrerat
2417 4522 2636 4595 absente
2659 4523 2909 4595 episcopo
2922 4522 3355 4595 Carthagineusi.
3383 4525 3471 4595 cui

1899 4592 2280 4653 monasterium
2309 4595 2422 4663 ejus
2446 4593 2590 4647 nullo
2618 4593 2793 4663 medio
2817 4592 3113 4663 subjectum
3144 4604 3286 4663 erat.
3314 4593 3472 4646 Boni-

1899 4667 2067 4721 facius
2094 4677 2292 4731 tamen,
2326 4660 2415 4732 qui
2463 4663 2584 4718 huic
2631 4661 2809 4717 libello
2841 4660 2961 4732 fidei
3000 4661 3333 4730 subscripsit,
3368 4679 3471 4717 non

1902 4737 2111 4791 videtur
2139 4736 2302 4789 fuisse
2328 4731 2548 4803 primas,
2572 4748 2693 4787 cum
2723 4741 2843 4803 post
2872 4731 3193 4803 Bonifacium
3226 4733 3470 4803 Furatia-

1902 4822 2119 4862 nensem
2150 4801 2543 4872 subscripserit,
2577 4804 2665 4872 qui
2709 4802 2922 4872 quidem
2962 4801 3274 4872 Bonifacius
3306 4802 3469 4855 Fora-

1905 4877 2159 4932 tianensis
2190 4876 2242 4929 in
2286 4870 2483 4928 No‘titia
2533 4870 2745 4939 Africte,
2786 4871 2923 4925 inter
2958 4870 3140 4925 Patres
3172 4871 3472 4941 Byzacenos

1898 4947 2265 5017 sexagesimus
2294 4954 2510 4998 octavus
2536 4949 2885 4998 memoratur.

241 5072 3452 5109 Μ

1023 5278 1029 5305 ,
1146 5181 1623 5289 LIBER
1712 5179 2149 5309 QUI/1R
2174 5177 2507 5284 TU'S.

1049 5347 1365 5409 Homerum
1421 5364 1689 5410 smvrru
1748 5363 1815 5407 IN
1872 5336 2201 5403 episcenos
2245 5357 2653 5403 carnoucos.

212 5534 215 5535 ν
298 5472 338 5527 I.
384 5472 691 5526 Arianorum
719 5468 1006 5523 calumniae.
1043 5498 1116 5509 —-
1154 5468 1253 5536 Qui
1282 5466 1374 5539 [at.
1417 5465 1648 5537 cunque]
1678 5480 1799 5519 cum

228 5573 416 5619 noster
462 5563 670 5619 libellus
720 5564 1006 5631 legeretur,
1046 5546 1289 5627 oblatum
1335 5559 1577 5613 veritatis
1624 5558 1801 5610 lumen

228 5669 565 5725 nequaquam
590 5652 819 5709 sufferre
845 5651 1004 5707 cacis
1029 5651 1197 5707 oculis
1223 5656 1510 5719 potuerunt
1535 5647 1803 5702 insanien-

230 5755 330 5813 tes,
353 5745 576 5800 vocibus
604 5744 974 5809 infrementes,
998 5743 1332 5813 graviterque
1361 5740 1616 5803 ferentes,
1640 5751 1805 5806 quare

232 5855 327 5894 nos
369 5838 586 5895 nomine
623 5832 809 5893 noStro
835 5836 1125 5892 catholicos
1153 5834 1467 5891 dixerimus.
1511 5829 1806 5899 Statimque
1842 5910 1871 5919 φ

518 5931 786 5991 Pas-non.
833 5926 1028 5990 LVIII

1909 5461 2228 5516 mentientes
2257 5468 2550 5531 suggerunt
2578 5459 2686 5528 regi
2719 5459 2785 5513 de
2817 5461 2990 5527 nobis,
3022 5476 3088 5516 eo
3119 5465 3256 5534 quod
3288 5468 3472 5536 strepi-

1910 5562 2017 5606 tum
2047 5551 2350 5615 fecerimus,
2371 5551 2695 5606 audientiam
2725 5551 3004 5621 fugientes,
3030 5556 3119 5621 qui
3141 5555 3323 5610 eadem
3350 5560 3475 5617 hora

1908 5656 2163 5697 accensus
2189 5650 2243 5697 et
2271 5642 2500 5697 credens
2521 5636 2824 5709 mendacio,
2848 5644 3113 5699 festinavit
3143 5646 3315 5699 facere
3337 5652 3476 5716 quod

1909 5735 2143 5790 volebat.
2196 5734 2263 5790 Et
2295 5735 2404 5805 iam
2447 5737 2806 5807 conscriptum
2836 5737 3109 5792 decretum
3153 5737 3381 5807 habens,
3423 5751 3481 5797 ct

1910 5828 2119 5886 occulte
2156 5843 2277 5884 cum
2306 5829 2496 5886 eodem
2526 5829 2742 5886 decreto
2783 5845 2876 5899 per
2904 5828 3140 5885 diversas
3175 5830 3481 5900 provincias
