3988 6344
508 405 612 460 255

1820 393 2131 454 VICTORIS
2170 394 2476 453 VITENSIS

3647 407 3735 465 856

508 531 636 573 suos
663 513 900 568 homines
925 510 1174 580 dirigens,
1207 508 1474 581 episcOpis
1499 505 1823 579 Carthagine
1862 507 2071 577 positis,
2100 508 2152 571 Α
2172 521 2237 564 se
2260 507 2527 565 conﬂictui
2562 516 2775 580 paratos
2801 518 3124 579 astruerent,
3153 510 3327 581 primo
3355 513 3441 569 die
3469 528 3500 569 a
3522 531 3736 574 venera-

510 621 613 661 una
634 605 719 660 die
745 604 1006 658 universae
1026 600 1222 656 Africa:
1241 600 1495 656 ecclesias
1516 599 1726 665 clausit,
1751 599 2079 654 universam-

484 673 613 764 ique
656 692 1005 749 substantiam
1049 691 1421 762 episcoporum
1470 698 1526 747 et
1571 689 1922 746 ecclesiarum
1968 690 2080 745 suis

510 784 768 855 episcopis
797 797 1020 838 munere
1048 782 1390 837 condonavit.
1432 781 1685 837 Nesciens
1711 792 1922 851 quoque
1951 778 2080 850 quid

509 876 831 946 loqueretur,
861 889 1034 946 neque
1062 873 1130 929 de
1158 873 1349 943 quibus
1378 872 1701 939 afﬁrmabat,
1724 871 1896 943 legem
1918 885 2079 941 quam

509 967 703 1025 dudum
730 966 1022 1023 Christiani
1064 967 1415 1037 imperatores
1459 967 1627 1022 nostri
1659 974 1845 1021 contra
1892 978 1986 1019 eos
2027 971 2080 1018 et

508 1068 696 1117 contra
738 1061 873 1115 alios
914 1058 1197 1115 haereticos
1237 1074 1334 1129 pro
1377 1057 1780 1114 honoriﬁcentia
1823 1056 2079 1113 Ecclesiae

508 1150 784 1206 catholicae
810 1149 1069 1207 dederant
1092 1150 1376 1205 adversum
1404 1164 1501 1204 nos
1524 1148 1604 1203 illi
1630 1162 1929 1219 proponere
1964 1161 2079 1203 non

507 1245 866 1311 erubuerunt,
914 1244 1172 1301 addentes
1213 1245 1378 1299 multa
1417 1243 1486 1300 de
1525 1243 1667 1311 suis,
1710 1244 1847 1299 sicut
1886 1241 2083 1312 placuit

507 1335 799 1406 tyrannicae
819 1336 1089 1406 potestati.
1120 1334 1245 1391 Haec
1265 1343 1346 1390 est
1365 1334 1507 1391 enim
1530 1334 1695 1390 series
1716 1333 1855 1413 data:
1878 1339 1932 1389 et
1959 1345 2082 1402 pro-

506 1427 698 1497 positae
721 1427 871 1497 legis.

600 1516 667 1571 ll.
708 1515 951 1571 Edictum
978 1501 1228 1572 Hu'nerici
1256 1518 1387 1591 regis
1416 1518 1658 1574 adversus
1688 1516 1984 1573 catholicos.

581 1607 695 1664 Rex
725 1608 965 1665 Hunerix
999 1609 1361 1665 Vandalorum
1397 1619 1451 1666 et
1474 1610 1792 1679 Alanorum,
1818 1608 2082 1666 universis

506 1699 714 1770 populis
736 1708 922 1756 nostro
946 1715 1111 1772 regno
1136 1701 1411 1771 subjectis.

580 1809 600 1843 ι
618 1789 977 1861 Triumphalis
999 1790 1292 1861 maiestatis
1314 1799 1369 1847 et
1387 1791 1549 1861 regiae
1570 1791 1823 1862 probatur
1842 1791 1951 1863 34
1962 1805 2082 1848 esse

2183 598 2375 655 bilibus
2401 600 2666 671 episcOpis
2696 603 2894 657 nostris
2923 602 3003 658 eis
3024 601 3235 659 videtur
3260 618 3381 661 esse
3402 607 3734 677 propositum,

2182 700 2241 745 ut
2262 691 2552 761 ὁμοούσιον,
2582 692 2722 749 sicut
2742 693 2930 750 moniti
2952 704 3127 763 erant,
3146 710 3217 752 ex
3243 696 3439 754 divinis
3463 698 3736 769 Scripturis

2181 784 2396 852 proprie
2417 784 2777 854 approbarent
2798 802 2812 838 :
2845 795 2933 840 aut
2956 795 3105 843 certe
3124 786 3267 857 quod
3286 802 3316 842 a
3334 787 3484 844 mille
3506 798 3531 828 ⁸
3546 799 3605 845 et
3623 800 3738 861 quot

2182 881 2503 940 excurrunt,
2551 874 2890 943 pontiﬁcibus
2918 876 2988 932 de
3026 883 3139 931 toto
3177 876 3310 933 orbe
3348 878 3404 933 in
3433 879 3738 937 Ariminensi

2183 963 2435 1033 concilio,
2466 964 2553 1020 vel
2579 966 2718 1035 apud
2746 966 3047 1023 Seleuciam
3086 976 3418 1038 amputatum
3456 979 3570 1037 est,
3612 987 3740 1041 pra:-

2181 1054 2519 1111 damnarent.
2558 1056 2711 1125 Quod
2739 1072 3072 1129 nequaquam
3097 1059 3277 1117 facere
3302 1060 3606 1129 voluerunt,
3635 1065 3741 1119 auio

2182 1161 2337 1203 versa
2367 1147 2434 1204 ad
2461 1148 2780 1206 seditionem
2812 1166 2910 1222 per
2937 1165 2997 1207 se
3016 1149 3043 1190 ιι
3064 1153 3330 1209 concitato
3367 1155 3564 1225 popqu
3603 1172 3740 1214 revo-

2181 1248 2386 1296 cantes.
2407 1240 2660 1309 Quinimo
2681 1252 2736 1300 et
2754 1244 2986 1301 secunda
3009 1245 3120 1313 die,
3135 1245 3263 1302 dum
3283 1246 3363 1303 eis
3381 1249 3742 1306 mandaremus

2183 1339 2240 1387 ut
2268 1332 2337 1388 de
2374 1332 2563 1390 eadem
2590 1334 2716 1404 ﬁde,
2745 1334 2904 1392 sicuti
2926 1338 3261 1409 propositum
3290 1338 3498 1410 fuerat,
3532 1355 3744 1413 reSpon-

2182 1424 2373 1481 derent
2399 1441 2415 1481 :
2452 1434 2479 1463 ο
2502 1425 2604 1482 hoc
2633 1426 2885 1483 videntur
2913 1429 3268 1499 assumpsisse
3295 1430 3364 1485 ad
3406 1432 3743 1488 temeritatem

2181 1524 2538 1586 transactam,
2570 1526 2629 1573 ut
2672 1517 2935 1576 seditione
2974 1528 3030 1577 et
3069 1519 3392 1577 clamoribus
3429 1524 3610 1579 omnia
3639 1540 3744 1594 per-

2186 1608 2459 1665 turbantes
2476 1647 2491 1673 ,
2528 1608 2596 1665 ad
2621 1608 2925 1666 conﬂictum
2952 1610 3193 1667 facerent
3220 1611 3440 1667 minime
3468 1614 3743 1683 perveniri.

2261 1720 2281 1751 ‹
2314 1697 2332 1736 τ
2357 1698 2559 1766 Quibus
2587 1701 3024 1771 provocantibus,
3053 1703 3342 1758 statuimus
3366 1712 3426 1759 ut
3454 1717 3641 1759 eontra
3669 1720 3746 1759 ec-

2183 1790 2363 1846 clesiae
2390 1791 2783 1856 clauderentur,
2817 1791 2917 1848 hac
2945 1792 3053 1849 illis
3080 1792 3387 1850 conditione
3414 1797 3738 1866 praescripta,

505 1881 712 1939 virtutis
738 1882 881 1938 mala
923 1883 977 1937 in
1007 1892 1253 1939 auctores
1283 1883 1509 1939 consilia
1539 1894 1868 1955 retorquere.
1920 1884 2081 1951 Quis-
2111 1871 2162 1933 Β
2189 1890 2245 1936 ut
2274 1880 2461 1936 tandiu
2486 1890 2671 1938 essent
2697 1883 2894 1939 clausa:
2920 1883 3155 1955 quandiu
3175 1884 3272 1958 [αι.
3296 1885 3533 1959 mallent]
3556 1888 3747 1942 nollent

505 1976 622 2043 quis
650 1975 793 2029 enim
827 1973 1027 2046 aliquid
1066 1975 1343 2045 pravitatis
1372 1974 1661 2041 invenerit,
1709 1975 1810 2029 sibi
1853 1976 2082 2046 imputet

504 2064 643 2134 quod
686 2064 930 2121 incurrit.
979 2064 1036 2121 In
1069 2081 1174 2136 qua
1213 2081 1272 2123 re
1310 2073 1495 2120 nutum
1539 2064 1705 2119 divini
1744 2066 1929 2138 iudicii
1969 2066 2081 2122 cle-

503 2160 702 2217 mentia
729 2170 913 2218 nostra
942 2170 1123 2217 secuta
1156 2170 1268 2229 est,
1310 2161 1451 2232 quod
1482 2161 1780 2232 quibusque
1815 2163 2077 2231 personis,

503 2260 658 2323 prout
702 2267 885 2310 eorum
925 2252 1065 2309 facta
1113 2256 1439 2322 meruerint,
1481 2269 1576 2310 seu
1603 2253 1775 2322 bona,
1818 2270 1910 2310 seu
1943 2255 2081 2311 forte

501 2345 691 2402 talibus
715 2346 1056 2416 alcontraria,
1103 2346 1229 2402 dum
1255 2346 1384 2402 facit
1414 2347 1675 2417 expendi,
1721 2346 1878 2402 simul
1918 2347 2079 2404 etiam

500 2437 746 2503 provenit
783 2437 1142 2507 compensari.
1190 2438 1375 2507 Itaque
1418 2436 1503 2493 his
1542 2438 1955 2508 provocantibus
1986 2440 2081 2510 qui

500 2538 687 2583 contra
736 2530 1153 2601 praeceptionem
1203 2530 1417 2601 inclyta:
1464 2531 1851 2586 recordationis
1910 2533 2078 2602 patris

502 2619 702 2687 nostri,
744 2619 829 2674 vel
872 2618 1297 2675 mansuetudinis
1344 2627 1540 2674 nostrae
1585 2620 1915 2676 crediderint
1959 2636 2080 2678 esse

500 2709 854 2777 renitendum,
879 2724 1161 2767 censuram
1188 2710 1486 2766 severitatis
1507 2712 1850 2765 assumimus.
1881 2712 2078 2767 Aucto-

500 2801 745 2858 ritatibus
772 2802 916 2857 enim
947 2803 1155 2857 cunctis
1197 2802 1406 2873 populis
1437 2800 1659 2858 fecimus
1685 2803 1978 2872 innotesci,
2021 2814 2081 2860 ut

498 2894 553 2947 in
582 2894 811 2949 sortibus
839 2894 1200 2951 Vandalorum
1240 2894 1415 2950 nullos
1454 2905 1748 2953 conventus
1776 2899 2079 2954 omousiani

497 2984 802 3040 sacerdotes
840 2995 1211 3053 assumerent,
1266 3000 1365 3041 nec
1410 2986 1610 3056 aliquid
1659 2988 2073 3059 mysteriorum,

497 3094 615 3146 qua:
643 3078 812 3147 magis
840 3078 1109 3148 polluunt,
1141 3078 1356 3134 sibimet
1385 3077 1751 3134 vindicarent:
1780 3080 1922 3150 quod
1951 3096 2075 3137 cum

500 3167 800 3222 videremus
829 3180 950 3224 esse
976 3168 1299 3238 neglectum,
1322 3175 1376 3223 et
1399 3168 1661 3238 plurimos
1686 3183 1805 3225 esse
1832 3156 2075 3240 repertos

2185 1976 2249 2030 ad
2281 1975 2585 2031 conﬂictum
2619 1977 2947 2046 pr0positum
2977 1978 3284 2048 pervenire.
3323 1979 3478 2046 Quod
3503 1994 3568 2035 ea
3596 1980 3750 2036 obsti-

2186 2067 2400 2123 natione
2426 2066 2607 2123 facere
2634 2067 2955 2137 voluerunt,
2999 2083 3159 2138 quam
3191 2070 3368 2137 pravis
3396 2068 3648 2125 videntur
3674 2084 3750 2125 as-

2184 2158 2479 2227 sumpsisse
2505 2158 2764 2213 consiliis.
2807 2158 2959 2215 Adeo
2985 2159 3041 2214 in
3073 2159 3172 2214 hos
3196 2168 3280 2214 est
3307 2160 3667 2216 necessarium
3695 2176 3751 2217 ac

2180 2246 2536 2317 iustissimum
2569 2256 2899 2319 retorquere,
2931 2249 3073 2320 quod
3103 2250 3337 2321 ipsarum
3383 2250 3559 2321 legum
3592 2252 3750 2307 couti-

2182 2342 2365 2399 nentia
2388 2342 2805 2413 demonstratur,
2830 2357 2960 2414 quas
2980 2342 3213 2399 inductis
3235 2356 3417 2399 secum
3441 2343 3494 2398 in
3519 2358 3750 2400 errorem

2184 2433 2594 2504 imperatoribus
2618 2443 2642 2481 ε
2662 2434 2996 2489 diversorum
3029 2443 3329 2505 temporum
3370 2443 3499 2489 tunc
3537 2435 3751 2506 contigit

2186 2524 2532 2595 promulgari.
2578 2524 2814 2590 Quarum
2844 2524 2973 2580 illud
3004 2524 3215 2581 videtur
3245 2532 3429 2581 tenere
3454 2527 3751 2596 conceptio,

2185 2625 2241 2670 ut
2271 2615 2411 2670 nulla
2444 2617 2682 2685 exceptis
2713 2615 3067 2672 institutionis
3096 2632 3207 2671 suae
3235 2616 3562 2673 antistitibus
3590 2619 3754 2675 eccle-

2184 2709 2263 2764 sia
2293 2718 2523 2778 pateret;
2555 2709 2685 2764 nulli
2714 2709 2905 2767 liceret
2937 2710 3005 2765 ali
3037 2718 3127 2764 aut
3158 2710 3433 2766 convictus
3459 2724 3642 2780 agere,
3673 2718 3754 2767 ant

2183 2815 2439 2856 exercere
2465 2811 2791 2867 conventus;
2834 2815 2933 2856 nec
2974 2800 3231 2856 ecclesias
3273 2810 3364 2855 aut
3406 2801 3460 2856 in
3501 2803 3751 2871 urbibus,

2182 2900 2277 2949 aut
2303 2893 2357 2948 in
2387 2893 2706 2964 quibusdam
2736 2894 3065 2965 parvissimis
3089 2892 3246 2963 locis,
3277 2894 3486 2964 penitus
3513 2896 3756 2952 obtinere

2183 2999 2356 3055 neque
2385 2993 2735 3052 construere;
2781 2985 2872 3039 sed
2904 2993 3228 3054 praesumpta
3262 2984 3372 3040 fisci
3401 2985 3616 3055 juribus
3640 2986 3756 3056 jun-

2181 3084 2462 3145 gerentur;
2510 3076 2605 3132 sed
2634 3077 2791 3131 etiam
2834 3084 2890 3131 et
2929 3089 3117 3130 eorum
3148 3076 3484 3145 patrimonia,
3516 3078 3756 3135 ecclesiis

2179 3180 2291 3221 suae
2321 3166 2446 3221 ﬁdei
2470 3166 2694 3231 sociata,
2724 3166 2835 3220 suis
2864 3164 3193 3219 antistitibus
3228 3165 3617 3234 provenirent;
3660 3180 3756 3222 uec

499 3259 736 3315 dicentes
776 3274 834 3315 se
879 3260 1137 3331 integram
1171 3260 1294 3316 ﬁdei
1341 3261 1576 3330 regulam
1616 3239 2072 3333 retinere,ipost-
2101 3239 2149 3304 Β
2181 3256 2210 3296 ιι
2233 3257 2562 3314 commeandi
2594 3256 2660 3312 ad
2690 3271 3021 3327 qumcunque
3052 3256 3166 3311 loca
3196 3256 3388 3312 talibus
3416 3256 3639 3313 licentia
3670 3272 3757 3330 pa-

499 3350 712 3405 modum
743 3349 1021 3407 universos
1047 3358 1259 3407 constat
1286 3350 1451 3407 tuisse
1478 3354 1856 3419 commonitos,
1898 3355 2075 3424 spatio

500 3440 751 3509 temporis
798 3448 1094 3511 praerogato
1141 3441 1408 3497 mensium
1456 3455 1649 3497 novem
1675 3484 1690 3510 ,
1740 3441 1771 3482 δ
1812 3459 2075 3515 novaeque

499 3532 859 3588 contentionis
913 3532 999 3602 (si
1048 3531 1175 3602 quid
1221 3532 1287 3587 ad
1338 3547 1521 3588 eorum
1572 3534 1842 3603 proposita
1888 3544 2073 3604 posset

496 3623 716 3694 aptari),
755 3633 813 3678 ut
840 3622 908 3678 ad
933 3623 1184 3679 calendas
1212 3623 1531 3680 Februarias
1559 3626 1684 3680 anni
1711 3627 1884 3681 octavi
1915 3627 2070 3696 regni

500 3716 701 3782 nostri,
743 3714 859 3771 sine
884 3725 1029 3770 metu
1057 3715 1233 3786 aliquo
1260 3716 1632 3771 convenirent.
1656 3716 1757 3783 Qui
1796 3715 1922 3771 dum
1965 3718 2071 3774 huc

496 3806 564 3863 ad
589 3806 1064 3879 Carthaginiensem
1095 3807 1427 3865 conﬂuerent
1451 3809 1750 3877 civitatem,
1790 3822 1912 3880 post
1949 3825 2068 3867 mo-

494 3916 606 3958 ram
648 3904 902 3973 temporis
944 3903 1256 3974 praestituti,
1300 3903 1457 3958 aliam
1499 3918 1710 3975 quoque
1750 3904 2067 3963 dilationem

493 3994 886 4067 aliquantorum
913 3994 1123 4053 dierum
1149 3993 1363 4052 dedisse
1388 3996 1778 4065 coguoscimur.
1830 3998 1898 4052 Et
1935 3997 2064 4053 dum

560 4156 669 4225 82
698 4164 720 4189 ιι
750 4153 1033 4209 Lorichius
1060 4161 1114 4208 et
1138 4152 1395 4225 Orthod.,_
1419 4163 1611 4225 secuta,
1643 4153 1871 4225 personis
1901 4162 2064 4225 prout

495 4221 668 4279 eorum
698 4227 900 4293 facta...
927 4221 1661 4293 contrariaidecrevit.il‘taqu_e,
1686 4231 1789 4275 etc.
1816 4221 2060 4293 Etj’nlra,

496 4293 674 4359 0rth.,
698 4290 1061 4361 ‘Prwceptioni.
1088 4291 1237 4344 Colb.
1273 4293 1323 4355 l,
1365 4290 1513 4344 Bald.
1565 4291 1768 4361 Rh_en.,
1792 4302 1845 4344 et
1874 4291 2056 4360 Bign.,

495 4364 582 4431 qui
613 4359 1060 4430 prwceptionem...
1102 4376 1206 4431 esse
1243 4361 1578 4431 temnendam.
1625 4359 1800 4431 Cirim.
1848 4369 1901 4414 et
1946 4359 2060 4426 alii,

493 4428 881 4501 mcn'dose,iqui
912 4430 1381 4501 pra2_ceptionem....
1414 4428 1747 4482 retinendam.

518 4537 529 4548 .
567 4498 827 4557 bColb.i
877 4498 932 4553 et
977 4498 1167 4564 Mart.,
1216 4514 1583 4564 novem,.qu(e
1634 4498 1965 4553 contentionis
2016 4500 2064 4554 si

492 4571 618 4642 quid
642 4571 703 4624 ab
728 4586 900 4624 eorum
927 4570 1185 4642 praposito
1206 4570 1387 4638 possit.
1417 4567 1522 4621 Alii
1549 4582 1679 4621 mss.
1704 4568 1841 4642 ut_in
1863 4568 2056 4642 editis;

494 4637 586 4697 sed
626 4655 726 4709 pro
767 4637 1616 4709 noquue‘habentnovteﬂnre;
1663 4647 1717 4693 et
1762 4638 1917 4709 Ortlt.
1960 4654 2061 4708 pro

494 4707 824 4766 contentionis
866 4707 1023 4763 habet
1049 4708 1408 4762 contentiones.
1438 4707 1715 4763 Lorichius
1743 4709 1818 4763 sic
1859 4707 2057 4764 habet:

493 4782 613 4851 ﬁdei
639 4782 863 4850 regulam
903 4779 1155 4851 custodire
1182 4776 1257 4851 vel
1284 4780 1529 4851 retinere,
1564 4780 1821 4833 universos
1861 4788 2061 4834 constat

434 4846 441 4865 ⁸
493 4846 651 4920 fuisse
673 4846 999 4930 commonitos
1029 4847 1096 4900 ad
1124 4848 1290 4929 spatia
1318 4849 1575 4930 tenuioris
1606 4859 1875 4930 prorogata
1918 4864 2061 4930 mett-

494 4918 624 4975 tium
649 4936 842 4974 novem.
879 4918 1005 4984 Qua:
1024 4919 1355 4989 contentionis
1383 4918 1425 4971 si
1452 4920 1639 4987 quid...
1677 4920 1836 4987 possit
1865 4921 2054 4989 aptari,

494 4992 561 5043 ad
586 4991 824 5042 calendas
848 4989 1036 5041 scilicet
1066 4984 1390 5051 Februarias,
1419 4984 1525 5042 etc.

565 5070 588 5098 ο
629 5057 813 5113 Modus
838 5056 1088 5125 loquendi
1117 5057 1253 5123 apud
1274 5055 1429 5109 Afros
1458 5058 1701 5123 usitatus,
1728 5066 1788 5111 ut
1813 5066 1959 5125 patet
1987 5073 2057 5113 ex

495 5128 687 5197 Optato
720 5129 811 5181 lib.
839 5142 856 5181 ι
886 5136 1069 5180 contra
1097 5126 1525 5197 Parmenianum,
1547 5127 1842 5195 Augustino
1864 5128 1957 5183 lib.
1981 5143 2057 5183 vn

493 5198 559 5252 de
588 5197 875 5265 Baptismo,
907 5211 1024 5264 cap.
1051 5197 1104 5262 7,
1138 5196 1325 5265 quibus
1350 5196 1548 5258 verbis,
1596 5197 1711 5261 plus
1751 5198 1938 5260 minus,
1972 5197 2058 5253 vel

495 5262 673 5335 potius
694 5274 738 5319 et
765 5262 1002 5335 amplius,
1032 5262 1375 5335 significatur.
1412 5265 1578 5321 Porro
1606 5282 1636 5321 a
1666 5266 1804 5320 mille
1840 5267 2055 5323 circiter

494 5334 756 5406 episcopis
799 5334 1411 5406 dOgmamcatholicorum
1445 5337 1765 5406 damnatum
1812 5338 1973 5391 fuisse
2000 5337 2056 5393 in

492 5403 812 5461 Ariminensi
851 5404 1095 5468 concilio,
1127 5418 1220 5457 seu
1268 5403 1406 5472 apud
1438 5405 1759 5471 Seleuciam,
1792 5406 1924 5461 dicit
1969 5408 2056 5463 hic

490 5484 783 5546 tyrannus:
816 5488 1115 5543 quanquam
1147 5474 1374 5546 ipsumet
1403 5475 1694 5546 Athanasio
1743 5484 2048 5546 attestante,

489 5541 630 5601 haud
674 5541 854 5613 plures
893 5557 1050 5611 quam
1090 5541 1459 5611 quadringenti
1497 5545 1812 5607 Ariminum,
1863 5541 2051 5600 Seleu-

485 5616 621 5670 ciam
684 5627 811 5669 vero
862 5621 1073 5667 centum
1126 5619 1180 5666 et
1231 5614 1499 5677 sexaginta
1544 5616 1909 5670 convenerint.
1945 5616 2053 5671 Sed

484 5685 671 5753 Ariani
715 5692 991 5753 postquam
1034 5682 1222 5753 partim
1268 5681 1476 5737 callidis
1519 5686 1744 5753 artibus,
1778 5688 1966 5753 partim
1999 5685 2053 5741 vi

482 5750 771 5809 catholicos
798 5750 1063 5808 antistites
1086 5750 1154 5807 ad
1184 5765 1306 5805 suas
1334 5762 1513 5819 partes
1557 5750 1925 5817 inclinassent,
1953 5753 2051 5808 uli-

485 5829 610 5883 ttuut
638 5835 701 5879 sx
728 5819 916 5889 seipsis
939 5820 1269 5893 delegerunt,
1293 5820 1382 5890 qui
1410 5834 1504 5893 per
1536 5822 1693 5880 urbes
1716 5822 2046 5892 provincias-

2182 3358 2349 3413 teret,
2382 3348 2474 3404 sed
2504 3356 2745 3403 extorres
2777 3347 3024 3401 omnibus
3063 3345 3282 3401 urbibus
3311 3345 3671 3404 redderentur
3707 3356 3757 3404 et

2182 3441 2352 3506 locis;
2391 3454 2490 3495 nec
2518 3439 2852 3510 baptismatis
2880 3438 3139 3495 haberent
3167 3440 3386 3495 omnino
3414 3439 3756 3510 aliquantis-

2178 3534 2451 3597 cultatem,
2481 3538 2574 3584 aut
2595 3530 2732 3586 forte
2753 3531 2820 3586 de
2843 3530 3100 3601 religione
3127 3530 3453 3601 disputandi,
3475 3540 3532 3588 et
3556 3534 3759 3590 nullam

2178 3622 2460 3679 ordinandi
2490 3621 2755 3677 haberent
2799 3621 3067 3677 licentiam
3089 3662 3105 3689 ,
3148 3622 3261 3679 sive
3289 3621 3602 3694 episcopos,
3648 3616 3758 3683 sive

2183 3714 2573 3785 praesbyteros,
2626 3714 2707 3767 vel
2756 3713 2891 3767 alios
2940 3727 3072 3782 quos
3118 3712 3183 3767 ad
3233 3714 3433 3770 clerum
3487 3717 3758 3785 pertinere

2179 3808 2548 3876 contingeret,
2594 3803 2864 3874 proposita
2905 3804 3196 3859 severitate
3224 3804 3501 3875 vindictae,
3550 3817 3613 3863 ut
3651 3818 3757 3863 tam

2182 3902 2236 3957 hi
2283 3900 2373 3971 qui
2419 3914 2479 3956 se
2526 3905 2836 3969 paterentur
2865 3896 3169 3966 bujusmodi
3212 3896 3440 3955 honores
3484 3901 3755 3972 accipere,

2176 4008 2337 4064 quam
2363 3991 2523 4048 etiam
2555 3989 2656 4059 ipsi
2683 3985 3020 4043 ordinatores
3048 3986 3199 4043 denis
3238 3985 3384 4044 libris
3414 3987 3525 4044 auri
3558 3988 3757 4063 singuli

2176 4165 2283 4221 que
2308 4148 2639 4221 cursitando,
2669 4148 2947 4221 episcopos
2976 4145 3067 4216 qui
3110 4145 3358 4202 absentes
3404 4146 3638 4221 fuerant,
3686 4148 3754 4204 ad

2175 4217 2535 4289 subsignanda
2578 4218 2795 4289 illorum
2841 4217 3086 4289 dogmata
3149 4227 3457 4289 coegerunt.
3512 4217 3757 4289 Utraque

2175 4299 2355 4343 autem
2387 4288 2473 4341 illa
2518 4286 2756 4355 synodus
2799 4302 2941 4342 anno
2982 4286 3314 4356 5597coacta
3361 4286 3482 4356 fuit,
3522 4286 3756 4356 iubente

2173 4356 2490 4412 Constantio
2532 4358 2802 4426 Augusto,
2853 4356 2943 4425 qui
2987 4355 3357 4414 Occidentales
3405 4355 3751 4425 Ariminum,

2168 4427 2472 4551 Oriegtales
2501 4425 2635 4483 vero
2653 4425 2951 4482 Seleuciam
2977 4427 3192 4482 lsauriae
3232 4427 3417 4483 urbem
3455 4428 3756 4486 convenire

2168 4512 2296 4551 man
2334 4507 2535 4551 averat.

2166 4507 2535 4553 mandaverat.

2241 4565 2269 4605 (ί
2311 4568 2401 4637 Sic
2416 4565 3092 4637 ,OrthtCazteriLconcitati
3112 4567 3311 4637 populi.

2243 4647 2269 4677 ε
2309 4636 2464 4692 Colb.
2491 4636 2547 4703 2,
2577 4635 2783 4706 Chifﬂ.,
2809 4635 2998 4709 Bald.,
3030 4635 3297 4703 Rhenum,
3337 4645 3393 4693 et
3416 4638 3601 4709 Bign.,
3641 4639 3758 4697 Hoc

2168 4709 2420 4777 evidenter
2449 4722 2767 4777 assumpsere
2791 4708 3067 4777 temeritate
3087 4715 3363 4762 transacta.
3391 4708 3573 4774 Mart“
3599 4709 3750 4777 Ful.,

2166 4776 2377 4845 Germ.,
2412 4775 2641 4861 .Comp.,
2694 4776 2999 4861 luo‘ric‘hius,
3031 4784 3086 4861 et
3127 4776 3305 4842 Orth.,
3347 4777 3467 4833 Hoc
3506 4775 3756 4837 videntur

2166 4855 2503 4917 assumpsisse
2531 4855 2811 4900 temeritate
2839 4856 3117 4901 transacta.

2186 4987 2201 4989 ῃ
2239 4917 2260 4957 ἲ
2304 4917 2505 4985 Chitﬂ.,
2535 4926 2665 4982 etc.,
2714 4917 2905 4981 Quibus
2945 4916 3041 4971 hoc
3081 4917 3487 4986 provocantibus.
3533 4920 3753 4989 Rhem,

2168 4987 2360 5054 Quibus
2388 4988 2485 5042 hoc
2508 4996 2855 5057 provocantes.

2238 5066 2263 5105 8
2302 5057 2427 5124 Alii,
2459 5055 2840 5128 imperatoribus
2863 5056 3092 5111 diversis.
3127 5058 3298 5125 Porl.,
3340 5073 3468 5128 quas
3501 5060 3757 5118 inductos

2162 5144 2333 5182 secum
2360 5129 2413 5182 in
2459 5141 2683 5181 errorem
2725 5127 3051 5199 imperatores
3094 5127 3755 5199 diversorumitemmrum

2162 5200 2489 5279 promulgare
2514 5207 2635 5279 tunc
2659 5197 2902 5279 contigit:
2923 5195 3401 5279 Legeanummbic
3425 5195 3755 5279 laudantur,

2162 5265 2222 5322 ut
2253 5265 2535 5338 plurimum
2587 5265 2852 5338 habentur
2890 5267 2943 5338 in
2994 5265 3191 5322 Codice
3218 5267 3605 5326 Theodosiano
3652 5265 3753 5326 lib.

2160 5334 2270 5410 svi,
2294 5338 2384 5410 _ti_t.
2409 5338 2472 5410 _5_,
2505 5334 2767 5410 capitibus
2795 5335 2997 5401 multis,
3027 5339 3571 5410 quarum‘epitomen
3610 5354 3753 5410 pro-

2161 5406 2265 5479 fert
2294 5406 2380 5479 hic
2400 5404 2698 5479 _Vandzilus.
2729 5404 2991 5479 Caeterum
3021 5408 3178 5479 paulo
3204 5404 3363 5475 infra,
3393 5423 3489 5479 pro
3514 5404 3755 5479 concep-

2160 5476 2253 5540 tio,
2301 5476 2573 5559 Q_rth;‘_et
2624 5475 2899 5559 Lorichius
2957 5475 3153 5529 habent
3200 5475 3472 5559 context—io.
3524 5475 3602 5533 Et
3648 5475 3756 5551 pro

2158 5548 2398 5612 exceptis,
2431 5545 2605 5601 Rhen.
2635 5554 2685 5600 et
2712 5544 2895 5627 Chil‘ll.
2916 5548 3304 5628 superexceptis.
3489 5618 3501 5630 _
3649 5544 3668 5551 ⁷

2230 5613 2260 5651 ιι
2302 5615 2453 5671 Hunc
2480 5616 2651 5670 locum
2681 5632 2746 5670 ex
2774 5615 3026 5671 Lorichto
3052 5625 3106 5671 et
3125 5617 3350 5674 Orthod.
3377 5620 3755 5678 restrtuimus.

2156 5682 2331 5759 Colb.,
2348 5701 2436 5740 nec
2462 5685 2691 5739 veniendi
2708 5685 2792 5750 ad,
2824 5694 2926 5740 etc.
2948 5685 3140 5742 Caeteri
3169 5697 3371 5747 ωδε.οι
3394 5688 3549 5759 editi,
3584 5705 3760 5750 meu-

2158 5754 2313 5819 dose,
2345 5769 2737 5811 commemorare
2765 5771 3094 5828 quaecunque,
3125 5764 3228 5829 etc.
