3988 6344
273 434 375 490 257

1228 430 1314 485 DE
1355 426 1878 487 PERSECUTIONE
1920 428 2305 489 VANDALICA
2346 432 2470 487 LIB.
2514 433 2595 489 ιν.

3419 434 3549 504 23s

272 544 649 609 multarentur,
674 556 738 597 co
766 540 993 613 adiecto,
1018 550 1077 597 ut
1100 543 1273 597 nullus
1305 545 1381 599 eis
1411 544 1559 599 locus
1588 553 1733 599 esset
1760 544 1841 598 vel
1868 543 1922 606 Δ
1946 544 2014 599 de
2064 546 2380 614 primatibus
2425 536 2721 602 officiorum
2765 556 2873 605 tres
2920 566 3141 607 numero
3190 558 3552 629 punirentur,,

272 636 487 690 auditus
513 633 865 703 supplicandi,
898 633 990 688 sed
1019 635 1178 688 etiam
1207 642 1233 671 ⁸
1255 634 1301 689 si
1330 649 1431 705 qua
1462 635 1710 703 specialia
1739 649 1850 689 me-

272 727 537 792 ruissent,
571 723 789 779 minime
819 724 1207 794 praevalerent:
1240 736 1291 781 et
1324 726 1366 781 si
1399 726 1454 780 in
1488 726 1590 781 bac
1615 726 1849 797 pernicie

272 817 647 888 perdurarent,
663 815 729 870 de
750 815 966 885 proprio
988 816 1104 871 solo
1127 816 1286 871 ablati
1310 816 1361 870 in
1385 816 1847 889 exsiliumassub

270 908 366 979 [αι.
395 907 789 979 prosecutionej
820 906 1193 975 persecutione
1246 907 1438 963 idonea
1487 908 1842 962 mitterentur.

266 1003 326 1063 In
359 1002 583 1072 pepulos
612 1015 824 1071 quoque
854 999 1059 1069 prtcfati
1087 1000 1439 1069 imperatores
1468 1001 1717 1055 similiter
1744 1015 1846 1055 sm-

266 1096 497 1158 vieutes,
528 1092 667 1163 quod
700 1093 777 1146 eis
802 1106 900 1146 nec
926 1091 1155 1145 donandi
1185 1090 1430 1159 libertas,
1466 1106 1567 1146 nec
1595 1092 1845 1157 testandi,

265 1193 361 1238 aut
390 1183 657 1253 capiendi,
681 1183 764 1238 vel
791 1184 859 1238 ah
890 1182 1008 1238 aliis
1038 1183 1281 1237 relictum
1311 1182 1523 1252 penitus
1545 1182 1641 1253 [αι.
1668 1181 1849 1249 subia-

264 1275 440 1349 ceret]
483 1275 573 1345 ius
618 1285 797 1342 esset;
850 1290 958 1330 non
1005 1273 1404 1331 ﬁdeicommissi
1452 1274 1688 1339 nomine,
1737 1289 1843 1327 non

264 1367 463 1437 legati,
514 1380 619 1421 non
648 1365 1055 1431 donationibus,
1087 1374 1177 1422 aut
1202 1366 1484 1421 relictione
1512 1380 1629 1434 quae
1658 1367 1845 1420 mortis

264 1472 431 1514 causa
461 1457 781 1528 appellatur,
807 1457 891 1512 vel
922 1457 1163 1528 quolibet
1186 1456 1433 1512 codicillo
1453 1498 1467 1523 ,
1512 1457 1701 1512 aliisve
1732 1455 1844 1509 for-

262 1550 409 1604 sitan
453 1549 756 1619 scripturis,
790 1548 861 1602 ita
888 1555 948 1603 ut
974 1547 1133 1604 etiam
1163 1549 1251 1617 qui
1280 1549 1334 1603 in
1366 1548 1476 1603 suis
1502 1545 1713 1615 palatiis
1741 1545 1843 1599 mi—

263 1642 515 1711 litarent,
564 1639 1001 1697 condemnationi
1046 1641 1378 1711 gravissimae
1427 1654 1523 1708 pro
1567 1638 1845 1708 dignitatis

263 1732 465 1789 merito
485 1732 723 1787 facerent
749 1731 1045 1802 subiectos,
1069 1742 1129 1786 ut
1151 1731 1297 1786 omni
1327 1730 1545 1785 honoris
1568 1730 1843 1800 privilegio

261 1824 551 1894 exspollati
580 1824 853 1879 infamiam
883 1834 1253 1890 tncurrcrent,
1292 1832 1350 1880 et
1391 1824 1602 1894 publico
1630 1823 1841 1879 crimini

1951 637 2069 693 aliis
2091 640 2273 708 viginti
2311 639 2561 694 librarmn
2593 642 2710 696 auri
2743 644 3186 705 condemnatione
3212 630 3553 713 multandis.‘

2028 750 2046 783 ί
2075 732 2247 797 Quare
2279 732 2359 785 itis
2398 747 2615 788 necesse
2663 743 2743 789 est
2787 738 3249 796 constitutionibus
3295 742 3518 815 obligari
3550 718 3553 763 ί

1950 824 2291 879 omousianos
2320 841 2525 893 omnes,
2558 840 2691 893 quos
2739 828 3038 898 hujusmodl
3060 829 3088 868 δ
3119 833 3274 890 malze
3301 851 3519 906 persua-
3552 886 3557 917 ι

1949 915 2116 970 sionis
2144 925 2355 971 constat
2387 917 2621 973 tenuisse
2650 927 2705 973 et
2744 927 2924 975 tenere
2953 923 3248 979 materiam.
3282 924 3426 993 Quos
3453 929 3520 983 ab

1948 1006 2195 1061 omnibus
2223 1007 2542 1077 supradictis
2577 1009 2847 1064 abstinere
2875 1010 3235 1080 decernimus,
3260 1013 3313 1068 in
3335 1029 3520 1085 prose-

1949 1100 2217 1155 cutionem
2250 1101 2487 1156 venturis
2536 1116 2628 1169 per
2657 1102 2873 1156 ordines
2919 1112 3226 1159 cunctarum
3273 1106 3514 1172 urbium;

1948 1192 2040 1245 sed
2068 1192 2226 1246 etiam
2248 1192 2456 1262 iudices
2485 1192 2575 1261 qui
2598 1192 2959 1262 superioribus
2984 1194 3238 1265 neglectis
3262 1195 3373 1251 dira
3402 1213 3523 1267 sup,

1949 1281 2103 1349 plicia
2133 1281 2361 1336 diversis
2384 1297 2489 1337 non
2515 1282 2757 1337 intulisse
2778 1294 3156 1341 monstrantur.
3174 1286 3371 1343 Omnes
3392 1304 3517 1358 ergo
3564 1337 3577 1351 ,

1946 1373 2265 1442 supradicta:
2297 1372 2417 1429 fidei
2448 1372 2723 1445 ὁμοούσιον
2750 1376 3023 1432 erroribus
3052 1376 3372 1447 implicatos,
3401 1395 3519 1449 quas

1948 1471 2139 1517 cuncto
2184 1464 2540 1531 praedamnata
2584 1474 2666 1519 est
2712 1466 2942 1521 concilio
2982 1476 3250 1523 tantorum
3299 1484 3520 1524 numero

1947 1557 2308 1620 sacerdotum,
2341 1556 2603 1611 universis
2632 1558 2791 1612 rebus
2824 1559 3111 1627 pratdictis,
3157 1569 3208 1614 et
3236 1563 3521 1617 contracti-

1949 1647 2048 1701 bus
2076 1647 2411 1717 praecipimus
2449 1648 2737 1713 abstinere,
2778 1649 2922 1717 quod
2966 1650 3095 1703 nihil
3139 1650 3241 1705 sibi
3270 1652 3520 1707 noverint

1947 1752 2065 1793 esse
2092 1739 2406 1806 permissum
2431 1753 2445 1803 ;
2478 1738 2571 1792 sed
2609 1738 2885 1793 universos
2914 1739 3105 1795 similis
3131 1755 3286 1810 paena
3309 1752 3520 1798 maneat

1946 1840 1999 1885 et
2025 1830 2301 1899 astringat,
2349 1830 2393 1883 si
2421 1830 2487 1884 ad
2516 1844 2693 1884 veram
2740 1830 3073 1900 religionem,
3103 1847 3261 1901 quam
3294 1848 3519 1888 venera-

263 1916 576 1988 huiusmodi
608 1932 852 1987 persona:
879 1932 938 1972 se
968 1925 1357 1986 cognoscerent
1395 1931 1515 1971 esse
1542 1916 1842 1985 subiectas;
1878 1918 1926 1979 Β
1954 1935 2073 1975 mur
2118 1930 2172 1976 et
2201 1921 2444 1985 collum-3
2494 1921 2631 1974 intra
2678 1920 2817 1975 diem
2848 1922 3189 1976 calendarum
3241 1922 3518 1979 Juniarutn

263 2008 587 2064 ofﬁcialibus
633 2009 793 2064 etiam
838 2007 1075 2079 iudicum
1126 2008 1459 2063 diversorum
1510 2011 1711 2063 tricena
1756 2022 1847 2062 ar-

262 2098 412 2171 genti
441 2099 621 2170 pondo
648 2114 804 2170 prona
835 2101 1145 2171 proposita:
1180 2115 1337 2168 quam
1367 2100 1412 2153 si
1439 2099 1675 2169 quinque
1704 2099 1841 2154 vici.

265 2193 369 2249 bus
398 2193 453 2246 in
484 2206 673 2248 errore
705 2192 1116 2261 perdurantibus
1144 2192 1458 2261 centigisset
1485 2191 1700 2257 inferre,
1734 2201 1843 2245 tum

265 2283 483 2339 demum
530 2284 667 2337 tales
712 2282 964 2347 convicti,
1004 2291 1165 2350 atque
1206 2280 1470 2351 subiugati
1508 2282 1843 2346 verberibus,

266 2374 320 2429 in
359 2372 613 2429 exsilium
656 2371 1014 2426 mitterentur.
1069 2371 1269 2427 Deinde
1308 2372 1527 2429 codices
1570 2372 1863 2428 universos

264 2463 628 2528 sacerdotum,
652 2476 788 2532 quos
815 2460 1290 2531 persequebantur,
1312 2471 1683 2531 pmeeperant
1709 2463 1845 2533 igni-

265 2554 364 2610 bus
393 2553 554 2609 tradi.
585 2553 739 2619 Quod
762 2552 832 2607 de
856 2551 1007 2606 libris
1036 2551 1363 2621 huiusmodi,
1392 2553 1586 2621 quibus
1614 2553 1719 2611 sibi
1749 2569 1841 2609 no-

266 2650 425 2704 minis
460 2648 605 2703 illius
637 2661 876 2703 errorem
905 2646 1171 2716 persuasit
1194 2646 1469 2716 iniquitas,
1499 2647 1843 2717 pracipimus

264 2740 587 2798 faciendum.
641 2738 767 2795 Haec
795 2739 963 2803 enim,
995 2746 1053 2792 ut
1078 2737 1282 2793 dictum
1313 2747 1425 2805 est,
1474 2753 1575 2808 pro
1618 2739 1844 2809 singulis

268 2834 566 2904 quibusque
592 2830 833 2902 personis
864 2830 939 2884 illi
965 2829 1299 2884 observanda
1328 2838 1732 2899 praeeperaut,
1778 2840 1845 2887 ut

269 2924 299 2967 δ
312 2927 547 2981 illustres
567 2925 872 2996 singulatim
896 2925 1009 2979 auri
1032 2923 1214 2990 pondo
1230 2924 1607 2994 quinquagena
1626 2924 1840 2990 darent,

267 3020 588 3091 spectabiles
632 3020 745 3075 auri
793 3018 972 3089 pondo
1001 3017 1370 3089 quadragena,
1400 3028 1679 3073 senatores
1718 3020 1839 3073 astri

266 3113 445 3183 pondo
477 3113 702 3172 tricena,
750 3112 1034 3182 populares
1062 3109 1184 3165 auri
1210 3109 1388 3178 pendo
1411 3110 1631 3175 vicena,
1664 3126 1843 3165 sacer-

265 3204 417 3261 dotes
466 3204 584 3259 auri
632 3203 810 3274 pondo
852 3203 1083 3269 tricena,
1128 3202 1449 3257 decuriones
1490 3203 1613 3256 auri
1662 3202 1841 3271 pondo

1947 2008 2072 2063 anni
2100 2010 2269 2063 octavi
2310 2008 2459 2078 regni
2490 2009 2678 2074 nostri,
2712 2011 2953 2065 conversi
2983 2025 3087 2064 non
3121 2011 3335 2066 fuerint.
3368 2014 3516 2067 Dicm

1947 2109 2123 2155 autem
2155 2101 2512 2169 praestitutum
2549 2101 2671 2155 ideo
2700 2102 2868 2170 pietas
2903 2110 3084 2156 nostra
3131 2105 3430 2171 constituit,
3464 2116 3519 2161 ut

1948 2191 2435 2260 przedamnantibus
2474 2206 2711 2246 errorem
2745 2192 3074 2261 indulgentia
3120 2209 3226 2248 non
3274 2204 3516 2264 negetur,

1947 2290 2002 2337 et
2026 2282 2325 2338 obstinatos
2361 2284 2573 2337 animos
2599 2283 2857 2352 supplicia
2895 2284 3052 2353 digna
3084 2297 3387 2339 coerceant.
3418 2286 3517 2353 Qui

1948 2388 2125 2432 autem
2172 2377 2223 2431 in
2274 2376 2463 2431 eodem
2507 2390 2690 2431 errore
2738 2377 3147 2446 permanserint.
3197 2392 3291 2431 seu
3328 2379 3517 2434 domus

1949 2479 2147 2524 nostra:
2175 2469 2416 2537 occupati
2450 2466 2656 2531 militia,
2710 2483 2803 2521 seu
2839 2466 3057 2521 forsitan
3092 2466 3320 2522 diversis
3350 2469 3519 2523 titulis

1948 2560 2460 2628 necessitatibusque
2478 2559 2767 2627 prtepositi,
2791 2559 2898 2628 36
2916 2574 3010 2625 pro
3031 2558 3283 2628 gradibus
3295 2560 3405 2613 suis
3428 2562 3520 2615 de-

1950 2650 2174 2720 scriptas
2195 2651 2438 2719 superius
2467 2649 2749 2703 multarum
2792 2649 3058 2703 illationes
3085 2660 3343 2719 cogantur
3372 2652 3519 2705 exci-

1947 2756 2096 2812 pere,
2128 2741 2257 2795 nihil
2288 2740 2532 2794 valituris
2560 2755 2679 2809 quae
2727 2739 2945 2793 forsitan
2986 2755 3081 2808 per
3122 2741 3518 2810 subreptioncm

1946 2846 2269 2901 quemquam
2318 2831 2500 2885 talium
2546 2830 2768 2899 contigit
2810 2832 3123 2898 promereri.
3182 2834 3235 2884 in
3287 2832 3520 2901 privatas

1947 2923 2131 2989 etiam,
2184 2922 2265 2976 vel
2296 2922 2657 2991 cujuscunque
2685 2922 2879 2990 gradus
2923 2931 2977 2977 et
3005 2922 3105 2976 loci
3138 2938 3391 2991 personas
3418 2925 3520 2977 hoc

1946 3023 2128 3068 nostra
2180 3013 2536 3083 promulgatio
2590 3014 2841 3083 przccepit
2894 3014 3318 3080 observandum,
3377 3016 3519 3085 quod

1947 3107 2087 3160 circa
2116 3106 2251 3160 tales
2290 3105 2615 3175 supradictis
2664 3105 2869 3174 legibus
2898 3104 3175 3159 videbatur
3209 3121 3520 3175 expressum

1947 3210 2002 3253 ut
2034 3199 2204 3268 poenis
2222 3200 2475 3268 congruis
2515 3197 2898 3253 subderentur.
2947 3197 3160 3252 iudices
3191 3207 3364 3253 autem
3399 3214 3522 3267 pro-

265 3285 1918 3368 ici.terquinaiquina,uegotiatoresauripoudoquinamieC
1950 3291 2246 3344 vinciarum
2294 3288 2437 3357 quod
2482 3295 2736 3341 statutum
2785 3296 2867 3342 est
2920 3287 3250 3356 negligentes
3278 3288 3518 3356 exsequi,

264 3387 371 3443 beii
390 3386 504 3441 auri
524 3386 701 3457 pondo
719 3387 905 3456 quina,
918 3386 1375 3441 circumcelliones
1394 3396 1417 3424 ε
1435 3388 1638 3457 argenti
1666 3386 1843 3455 ροηάο

261 3478 421 3535 dena.
477 3480 546 3534 Et
572 3479 616 3534 si
645 3479 737 3549 qui
770 3480 905 3533 forte
945 3479 998 3533 in
1028 3478 1131 3533 hac
1156 3479 1396 3548 pernicie
1428 3488 1838 3548 permanerent,

262 3571 566 3627 conﬁscatis
598 3570 849 3626 erunibus
870 3570 1033 3625 rebus
1057 3571 1170 3625 suis
1192 3614 1206 3639 ,
1246 3572 1435 3626 exsilio
1460 3572 1837 3626 multarentur.

260 3663 492 3718 Ordines
540 3671 719 3717 autem
760 3662 1037 3718 civitatum
1063 3704 1078 3729 ,
1129 3662 1223 3717 sed
1266 3672 1325 3717 et
1369 3674 1743 3733 procuratores
1787 3673 1843 3717 et

261 3755 619 3810 conductores
644 3755 1044 3823 possessionum
1064 3755 1161 3808 tali
1178 3769 1336 3822 poena
1364 3756 1687 3824 iubebantur
1708 3755 1843 3809 afﬂi-

261 3861 407 3915 gere,
436 3853 502 3900 ut
534 3846 582 3900 si
620 3845 757 3901 forte
784 3846 921 3901 tales
946 3846 1121 3901 celare
1146 3846 1449 3916 deligerent
1469 3889 1484 3914 ,
1534 3859 1587 3903 et
1626 3849 1842 3904 minime

258 3939 649 4007 mblicessent,
679 3947 730 3993 et
758 3938 854 4010 [aL
878 3946 1056 3993 tantos
1080 3936 1228 4008 in...]
1254 3948 1487 3992 retentos
1508 3940 1710 4007 iudicio
1735 3956 1838 3993 non

256 4030 503 4086 facerent
552 4029 906 4099 praesentari,
960 4030 1061 4098 ipsi
1108 4038 1421 4084 tenerentur
1471 4030 1535 4082 ad
1586 4018 1836 4097 pinnam;

258 4120 684 4176 conductoribus
711 4120 871 4174 etiam
900 4118 1155 4189 regalium
1183 4118 1507 4189 praediorum
1549 4120 1645 4174 hac
1676 4121 1839 4173 multa

258 4213 537 4283 proposita
557 4253 572 4276 ,
620 4222 681 4267 ut
706 4220 963 4282 quantum
992 4211 1168 4267 domui
1202 4213 1364 4282 regite
1388 4213 1678 4278 inferrent,
1726 4222 1843 4267 tau-

255 4312 375 4359 tum
396 4306 559 4359 etiam
584 4305 735 4370 fisco,
760 4318 931 4373 paenae
952 4304 1187 4369 nuntius,
1206 4314 1528 4373 cogerentur
1544 4305 1836 4359 exsolvere.

256 4396 313 4452 id
348 4396 676 4465 generaliter
704 4396 755 4449 in
786 4394 1034 4449 omnibus
1064 4394 1484 4450 conductoribus
1510 4395 1591 4449 vel
1628 4410 1840 4463 posses-

253 4488 495 4554 soribus,
513 4488 601 4558 qui
624 4486 675 4541 iu
688 4485 882 4541 eadem
904 4485 1281 4555 superstitione
1292 4485 1623 4540 crediderint
1644 4486 1839 4554 perdu—

254 4579 512 4643 randum,
539 4578 932 4634 constituerunt
954 4576 1246 4632 observari.
1293 4577 1365 4631 lie
1386 4576 1652 4645 jutlicibus
1675 4580 1835 4632 etiam

1947 3381 2208 3449 superiori
2238 3394 2417 3449 pcena,
2464 3394 2586 3448 quae
2629 3378 2819 3433 talibus
2850 3389 2934 3434 est
2965 3394 3057 3447 pl‘u
3076 3379 3293 3448 scripta,
3322 3379 3523 3433 cenati-

1949 3471 2147 3525 ttimus
2166 3470 2505 3539 obligandae.

2016 3581 2040 3615 ‹
2082 3563 2233 3617 Veris
2257 3571 2432 3616 autem
2457 3561 2748 3631 maiestatis
2776 3561 2979 3617 divina:
3017 3563 3332 3631 cultoribus,
3360 3563 3411 3616 id
3442 3572 3524 3617 est

1943 3654 2314 3711 sacerdotibus
2343 3655 2564 3718 nostris,
2608 3656 2866 3709 ecclesias
2896 3655 3194 3720 universas,
3248 3654 3328 3709 vel
3363 3656 3524 3708 totius

1943 3757 2073 3813 cieri
2102 3757 2332 3811 nominis
2356 3756 2641 3825 supradicti
2666 3757 3075 3825 qttibuscunque
3097 3757 3253 3810 terris
3274 3764 3331 3810 et
3350 3756 3521 3824 regio-

1944 3856 2098 3910 nibus
2125 3857 2462 3924 constitutas,
2513 3871 2653 3924 quae,
2704 3855 2927 3923 propitia
2960 3855 3264 3921 Divinitate,
3314 3856 3521 3923 imperii

1942 3956 2112 4009 nostri
2142 3955 2398 4024 regimine
2428 3954 2787 4023 possidentur,
2841 3970 2944 4007 una
2973 3970 3091 4009 cum
3121 3955 3282 4010 rebus
3311 3971 3428 4023 quae
3450 3956 3517 4008 ad

1943 4053 2156 4109 easdem
2180 4053 2470 4124 pertinent,
2492 4053 2593 4107 hoc
2618 4053 2837 4109 decreto
2866 4054 3147 4109 statuimus
3174 4053 3374 4110 debere
3398 4069 3520 4124 pro-

1942 4155 2139 4220 ﬁcere,
2189 4168 2295 4209 non
2323 4153 2633 4209 dubitantes
2664 4155 2783 4227 plus
2815 4154 3082 4209 alimoniae
3114 4154 3333 4224 inopum
3362 4156 3522 4222 proii-

1941 4269 2084 4319 cere,
2111 4252 2252 4324 quod
2281 4253 2637 4309 sacrosanctis
2664 4252 3009 4322 pontificibus
3042 4261 3069 4290 ⁸
3095 4254 3237 4324 iuste
3260 4254 3512 4309 collatum

1942 4364 2042 4411 est.
2072 4354 2217 4409 Hanc
2242 4368 2371 4424 ergo
2413 4354 2607 4423 legem,
2639 4368 2670 4415 e
2697 4354 2844 4408 fonte
2883 4353 3103 4423 iustitia:
3142 4354 3521 4424 profluentem,

1946 4456 2155 4523 cunctis
2180 4454 2519 4524 praecipimus
2547 4454 2904 4521 innotescere,
2949 4456 3198 4523 quatinus
3224 4456 3402 4511 nullus
3424 4456 3523 4510 sibi

1942 4555 2181 4625 ignotum
2211 4569 2329 4610 esse
2364 4554 2508 4625 quod
2536 4563 2862 4627 praeceptum
2904 4563 2987 4609 cst
3016 4556 3183 4625 possit
3211 4555 3520 4611 obtendere.

252 4672 347 4739 qui
372 4669 503 4724 huic
521 4669 601 4725 rei
624 4667 1698 4738 instantissimenonimminebant,pana
1720 4685 1845 4737 pro-
1871 4647 1926 4709 Ι)
1949 4658 2205 4729 Optamus
2235 4670 2328 4712 vos
2362 4658 2497 4712 bene
2541 4657 2739 4713 valere.
2771 4656 2900 4711 Data
2938 4655 3041 4711 sub
3074 4656 3159 4715 die
3181 4673 3231 4710 Vt
3272 4658 3523 4713 calendas

253 4760 573 4830 scriptionis
598 4767 653 4814 et
700 4759 976 4829 sanguinis
992 4758 1262 4829 supplicio
1286 4758 1623 4828 punirentur.
1659 4760 1762 4815 Sed
1790 4769 1843 4815 et

324 4905 358 4933 ³
400 4896 629 4963 Comp.,
679 4894 742 4947 Si
782 4908 895 4962 ours
933 4892 1175 4947 annuisse
1214 4893 1419 4956 uellent,
1468 4893 1695 4959 minime,
1732 4906 1839 4949 ezc.

254 4964 566 5026 Lorichius,
603 4965 665 5019 Si
690 4979 790 5033 qua
818 4963 989 5016 minus
1008 4963 1214 5033 ηῄηᾷγηε
1234 4963 1593 5033 praeclaram.

324 5039 445 5107 83
483 5034 510 5074 ι»
546 5030 711 5107 Colb.
738 5032 792 5107 ἢ,
826 5031 1178 5107 Mart.,__F~ul.,
1221 5030 1422 5107 Cornu,
1448 5033 1751 5107 Loricbius,
1792 5043 1847 5107 et

252 5101 521 5185 oratam,
548 5103 900 5185 omissalinea
929 5121 941 5154 :
964 5102 1209 5185 .Iilus‘t'res
1223 5101 1524 5185 singiilotinz
1546 5105 1660 5185 euri
1674 5106 1844 5185 pondo

250 5171 616 5245 quadragena,
646 5174 940 5245 populares,
971 5181 1085 5245 etc.
1108 5171 1209 5245 Pro
1238 5171 1540 5245 singillatim
1564 5171 1843 5245 Loricltius

252 5240 433 5300 habet
460 5240 669 5315 {iuguli
704 5240 759 5299 in
782 5243 936 5297 Colb.
962 5243 1147 5306 tertio,
1162 5240 1357 5309 ~Comp.
1374 5251 1442 5315 Aet
1462 5242 1846 5315 Lorichionon

252 5313 617 5370 recensentur
637 5316 797 5369 etiam
818 5323 1112 5376 senatores,
1126 5320 1190 5367 et
1210 5313 1586 5381 negotiatores.
1611 5314 1763 5367 Coib.
1791 5316 1843 5380 l,

253 5385 539 5449 Rhenum,
573 5384 872 5446 Lorichius,
902 5392 956 5436 et
986 5383 1161 5448 Bald.,
1196 5397 1289 5450 pro
1319 5384 1604 5436 sacerdotes
1641 5382 1847 5439 habent

250 5456 632 5520 sacerdotum,
654 5464 716 5508 et
736 5453 910 5506 Rben.
938 5467 1041 5507 non
1070 5460 1310 5507 recenset
1330 5451 1720 5521 negotiatores.

334 5536 361 5564 ε
411 5526 506 5582 Sic
526 5526 685 5579 Colb.
714 5523 764 5588 l,
809 5522 951 5588 Ful.,
980 5521 1188 5588 δείξαι,
1214 5522 1436 5590 ϐοιηρμ,
1458 5522 1761 5587 Loricbius,
1794 5531 1848 5577 et

249 5596 437 5651 Orth.
462 5597 587 5662 Alii,
612 5595 752 5648 auri.
785 5592 975 5647 Nostra
1002 5592 1163 5647 lectio
1184 5592 1383 5647 melior
1409 5607 1424 5644 :
1450 5607 1564 5647 non
1594 5597 1735 5647 enim
1764 5595 1847 5647 isti

253 5669 413 5722 dena
460 5667 573 5721 auri
618 5665 924 5728 solvissent,
956 5663 1223 5732 prioribus
1256 5662 1431 5732 .quina
1479 5665 1848 5718 tantummodo

254 5736 625 5791 δυιιοοιὼιις.

334 5802 369 5842 τι
416 5804 684 5869 Bhenan.,
711 5803 852 5856 mali.
881 5802 1035 5857 Orth.
1078 5817 1198 5855 cutn
1230 5802 1499 5868 Loricltio,
1544 5804 1689 5857 malis
1735 5818 1855 5871 pcr-

253 5892 468 5937 suasos
486 5876 634 5937 ignis.
665 5874 819 5929 Colb.
841 5874 896 5942 2,
921 5883 973 5928 et
1000 5872 1210 5940 Comp.,
1233 5872 1381 5927 malis
1410 5874 1663 5929 nct'suasis
1696 5874 1850 5942 ignis.

1950 4760 2185 4824 Martias,
2222 4756 2244 4796 ί
2276 4756 2614 4827 Carthagine.
2648 4778 2665 4809 ι

1950 4893 2015 4947 Εῑ
2063 4891 2304 4955 inferius,
2335 4890 2394 4943 ab
2422 4892 2675 4957 tenuibus,
2721 4899 2823 4945 etc.
2860 4890 3073 4959 Comp.,
3119 4890 3418 4957 Lorichius,
3471 4904 3525 4946 et

1952 4963 2266 5023 Rhenanus,
2288 4962 2357 5013 ob
2407 4960 2711 5013 hominibus.
2760 4961 2899 5029 Ful.,
2948 4963 3150 5027 Germ.,
3197 4960 3349 5015 Colb.
3390 4963 3441 5025 i,
3470 4973 3525 5017 et

1949 5032 2199 5096 nntium,
2232 5030 2613 5084 hominibus...
2643 5033 2881 5084 oblinere.
2916 5032 2979 5084 El.
3024 5046 3120 5096 pro
3167 5032 3375 5085 diversis
3422 5050 3523 5086 non

1949 5102 2204 5166 intulisse,
2236 5100 2390 5154 Colb.
2436 5102 2486 5167 1,
2522 5102 2675 5154 Mart.
2708 5101 2894 5170 Comp.
2937 5112 2990 5155 et
3019 5099 3273 5168 Ortltod.,
3300 5103 3524 5156 adversis

1949 5173 2200 5226 intulisse.

2026 5252 2049 5279 θ
2088 5240 2147 5311 id
2194 5255 2427 5311 quoque,
2482 5240 2860 5307 imperatorum
2904 5240 3168 5307 exemplis
3208 5244 3351 5297 male
3398 5259 3525 5297 usus

1952 5310 2247 5366 ilunericus
2294 5311 2552 5373 decrevit,
2606 5312 2746 5377 quod
2797 5326 2891 5378 pro
2937 5312 3213 5366 catholicis
3270 5314 3525 5367 adversus

1953 5381 2255 5435 Donatistas
2279 5381 2426 5447 iuste
2456 5382 2647 5433 factum
2682 5380 2841 5433 fuisse
2874 5381 3063 5447 probat
3085 5399 3197 5437 mn
3229 5385 3393 5438 semel
3417 5386 3521 5435 Au-

1953 5453 2219 5520 gustinus,
2253 5450 2582 5519 petissiuntm
2614 5458 2834 5503 tractatu
2863 5452 2895 5504 6
2924 5454 2973 5503 in
3008 5451 3289 5519 Joannem,
3314 5468 3520 5505 numer.

1952 5522 2042 5581 ‘25.
2080 5524 2212 5573 libro
2244 5537 2280 5573 tt
2312 5530 2494 5573 contva
2530 5520 2866 5585 Peilianum,
2901 5536 3016 5587 cap.
3052 5523 3118 5576 58
3149 5532 3202 5575 et
3230 5538 3341 5589 seq.

2034 5590 2051 5629 ί
2100 5591 2194 5644 Hic
2226 5592 2275 5643 in
2314 5606 2421 5643 «ms.
2450 5589 2602 5644 Colb.
2637 5607 2780 5643 num.
2824 5591 2981 5654 1746,
3012 5593 3077 5644 ab
3116 5592 3265 5645 annis
3311 5590 3524 5643 circiter

1957 5662 2059 5717 700
2076 5661 2308 5727 scripto,
2357 5659 2603 5729 adiicitur
2645 5676 2874 5729 sequens
2904 5662 3114 5723 lemma,
3144 5660 3280 5728 quod
3308 5660 3406 5712 etsi
3438 5660 3526 5715 Vi-

1956 5731 2120 5786 ctoris
2152 5734 2317 5786 nostri
2347 5748 2467 5784 esse
2494 5732 2647 5784 nobis
2679 5747 2783 5783 non
2808 5730 3067 5795 videatur,
3103 5732 3202 5783 huc
3235 5740 3408 5782 tamen
3444 5749 3527 5785 re-

1958 5802 2099 5854 ferre
2128 5816 2304 5868 operm
2336 5803 2560 5868 pretium
2609 5802 2728 5853 erit.
2780 5799 2902 5852 HtL’C
2940 5810 3013 5868 est
3059 5802 3159 5864 lex,
3195 5800 3290 5851 Itoc
3337 5817 3525 5867 pm'cc-

1961 5881 2100 5938 ptum
2127 5866 2430 5940 iniquissimi
2480 5872 2608 5939 regis
2640 5880 2683 5922 et
2735 5869 2837 5920 Deo
2886 5866 3087 5922 odibilis
3131 5869 3394 5927 Ilttnert'ci.
3431 5872 3528 5934 ﬁlii
