3988 6344
373 551 391 630 i

422 408 526 465 239

1696 393 1999 449 \ICTORIS
2038 391 2345 448 VITENSIS
2424 414 2427 417 ·

3570 387 3673 443 2H)

491 518 578 573 Ill.
616 516 821 571 Stevitia
861 514 915 567 in
956 512 1214 582 episcopos
1259 505 1555 562 catholicos.
1598 533 1666 547 —-
1701 506 1830 560 Post
1875 507 1988 560 haec
2011 509 2069 568 Α
2092 504 2228 559 cturi
2258 516 2439 559 sumus
2465 518 2477 553 :
2500 500 2789 556 Christiani
2813 512 3020 565 sumus,
3054 498 3159 569 37
3189 497 3423 567 episcopi
3464 512 3667 565 sumus,

421 609 592 665 edicta
643 608 823 663 feralia
873 617 1079 659 veneno
1113 610 1139 639 ι
1173 600 1406 655 toxicato
1459 607 1787 665 transversa,
1840 598 2017 666 jubet

420 710 643 756 cunctos
670 700 948 767 episcopos
977 694 1064 763 qui
1093 692 1407 761 Carthagine
1430 691 1641 746 fuerant
1661 688 1990 758 congregati,

421 804 647 861 quorum
665 789 773 857 jam
795 784 1073 851 ecclesias,
1097 783 1285 837 domos
1303 790 1357 837 et
1380 781 1733 836 substantiam
1756 784 1989 847 ceperat,

421 884 480 938 in
509 878 751 954 h05pitiis
782 877 975 947 quibus
1016 884 1169 930 erant
1216 872 1525 943 exspoliari,
1575 880 1626 926 et
1668 870 1994 939 exspoliatos

425 974 569 1028 foras
598 986 779 1027 muros
808 968 1055 1039 propelli.
1095 965 1210 1020 Non
1250 964 1465 1031 animal,
1518 979 1623 1017 non
1653 977 1860 1028 servus,
1888 976 1995 1015 non

423 1064 676 1120 mutanda
702 1077 820 1133 quae
866 1060 1108 1116 ferebant
1137 1057 1454 1113 vestimenta
1484 1056 1695 1126 penitus
1722 1055 1997 1109 dimittun-

423 1167 531 1211 tur.
578 1156 794 1212 Addens
821 1153 997 1207 adhuc
1023 1160 1079 1207 ut
1110 1151 1283 1205 nullus
1312 1150 1617 1219 quempiam
1648 1149 1858 1203 illorum
1890 1147 1987 1201 ho-

423 1252 586 1321 spitio
613 1252 895 1318 reciperet,
930 1253 1022 1299 aut
1045 1243 1347 1299 alimoniam
1373 1250 1669 1311 praestaret.
1693 1239 1794 1306 Qui
1819 1248 1994 1295 autem

423 1344 527 1398 hoc
550 1338 909 1395 miserationis
934 1350 1094 1392 causa
1126 1334 1301 1390 facere
1319 1340 1593 1396 tentasset,
1614 1347 1733 1386 cum
1751 1331 1997 1386 universa

422 1434 585 1488 domo
609 1445 703 1485 sua
723 1427 970 1483 incendio
994 1434 1349 1482 cremaretur.
1381 1423 1666 1494 Sapienter
1689 1433 1815 1477 tunc
1836 1422 1997 1477 etiam

424 1520 648 1592 projecti
686 1518 920 1589 episcopi
972 1516 1242 1581 fecerunt,
1296 1524 1386 1583 ut,
1438 1514 1568 1569 licet
1606 1513 1995 1581 mendicantes,

424 1612 619 1669 exinde
647 1625 751 1666 non
774 1610 1015 1665 abirent:
1040 1608 1159 1678 quia
1182 1608 1227 1661 si
1254 1605 1587 1671 recederent,
1610 1603 1639 1644 δ
1662 1621 1765 1659 non
1794 1614 1997 1660 tantum

424 1704 690 1760 violenter
712 1700 930 1755 omnino
961 1705 1358 1763 revocarentur,
1413 1695 1509 1751 sed
1552 1706 1608 1751 et
1648 1692 2001 1751 mentirentur

425 1810 539 1859 eos,
569 1794 705 1848 sicut
735 1790 939 1847 mentiti
971 1798 1114 1854 sunt,
1156 1787 1356 1856 fugisse
1400 1787 1737 1853 conflietmn;
1772 1788 2001 1847 maxime

2094 597 2439 668 apostolicam
2465 594 2621 650 fidem
2652 608 2809 648 unam
2838 602 2890 648 et
2913 606 3093 646 veram
3124 601 3386 645 tenemus.
3405 589 3669 659 Factaque

2096 701 2216 758 post
2242 688 2637 744 confessionem
2657 685 2778 740 lidci
2805 683 3017 740 silentio
3038 682 3271 747 modico,
3299 682 3371 736 illi
3388 682 3477 751 qui
3495 696 3523 735 a
3548 696 3669 752 rege

2096 780 2308 835 fuerant
2354 778 2604 834 destinati
2654 775 2982 832 feStinabant
3025 782 3345 844 extorquere
3406 774 3672 842 episcopis

2095 878 2508 925 sacramentum.
2563 868 2713 923 Tunc
2742 866 2883 922 beati
2923 865 3020 919 viri
3053 875 3073 903 ο
3102 864 3425 919 llortulanus
3467 872 3521 919 et
3550 863 3671 918 Flo-

2097 961 2374 1015 rentianus
2403 960 2638 1029 episcopi
2680 974 2777 1029 pro
2806 957 3053 1013 omnibus
3079 966 3133 1011 et
3160 972 3280 1010 cum
3321 956 3572 1011 omnibus
3595 956 3674 1010 di»

2100 1060 2329 1106 xerunt:
2361 1051 2607 1121 Nunquid
2651 1049 2899 1104 animalia
2926 1063 3026 1104 nos
3056 1048 3441 1103 irrationabilia
3469 1063 3671 1115 sumus,

2099 1151 2159 1197 ut
2185 1142 2487 1197 nescientes
2512 1141 2637 1212 quid
2664 1142 2848 1195 charta
2878 1139 3148 1194 contineat
3176 1137 3334 1193 facile
3355 1147 3445 1191 aut
3476 1148 3674 1193 temere

2097 1236 2374 1307 juremus?
2401 1234 2848 1289 Acceleraverunt
2872 1245 3082 1302 quoque
3109 1229 3186 1285 illi
3213 1244 3243 1282 a
3270 1244 3397 1299 rege
3425 1228 3673 1284 destinati

2099 1330 2383 1399 scripturae
2407 1329 2485 1383 eis
2516 1325 2793 1396 propalare
2821 1332 3083 1387 tenorem,
3107 1322 3196 1392 qui
3228 1321 3533 1390 bujusmodi
3564 1335 3674 1374 ser-

2103 1420 2348 1475 monibus
2375 1419 2547 1473 fuerat
2568 1417 2857 1471 coloratus.
2887 1416 2976 1469 Sic
2995 1414 3136 1468 enim
3158 1410 3484 1467 ealumniosa
3509 1410 3673 1466 series

2101 1512 2430 1570 continebat.
2458 1510 2661 1576 .lurate,
2691 1511 2734 1565 si
2768 1519 2888 1579 post
2914 1511 3113 1565 obitum
3143 1510 3344 1565 domini
3377 1508 3546 1563 nostri
3582 1522 3669 1560 re.

2103 1605 2205 1675 gis,
2235 1605 2349 1674 ejus
2380 1603 2545 1657 filium
2578 1601 2848 1657 Hildericb
2875 1601 3188 1657 desideratis
3211 1615 3333 1656 esse
3361 1614 3561 1669 regem,
3592 1597 3670 1652 vel

2103 1698 2147 1751 si
2176 1697 2352 1751 nullus
2382 1703 2619 1751 vestrum
2645 1695 2710 1748 ad
2742 1693 2987 1762 regiones
3014 1694 3396 1750 transmarinas
3418 1691 3672 1762 epistolas

2104 1788 2295 1860 diriget
2328 1807 2341 1841 ε
2372 1790 2493 1859 quia
2541 1788 2586 1842 si
2635 1796 3026 1842 sacramentum
3077 1786 3233 1855 hujus
3272 1787 3348 1841 rei
3395 1785 3669 1852 dederitis,

422 1888 546 1954 quia
570 1887 659 1942 ubi
686 1892 1099 1947 reverterentur,
1126 1881 1235 1950 jam
1263 1894 1598 1949 nequaquam
1623 1879 1796 1935 fuerat
1820 1880 1994 1935 eccle-
2028 1882 2077 1946 Β
2100 1883 2347 1940 restituet
2387 1896 2484 1938 vos
2511 1880 2752 1937 ecclesiis
2788 1881 3001 1937 vestris.
3033 1879 3296 1951 Cogitavit
3322 1887 3447 1934 tunc
3475 1879 3670 1933 multo-

422 1980 520 2035 siis
551 1977 842 2034 substantia
870 1976 954 2033 vel
993 1974 1242 2029 domibus
1271 1972 1561 2042 occupatis.
1592 1973 1725 2027 Dum
1755 1987 1884 2042 ergo
1909 1988 1999 2043 ge-

425 2082 633 2128 mentes
665 2073 716 2126 in
744 2071 971 2133 circuitu
1000 2052 1445 2124 murorum‘nudo
1468 2067 1567 2122 sub
1593 2082 1715 2122 aere
1738 2067 1999 2136 jacerent,

425 2164 622 2219 factum
653 2171 737 2217 est
762 2170 820 2217 ut
848 2176 941 2217 rex
970 2161 1164 2229 impius
1187 2159 1255 2213 ad
1282 2159 1513 2227 piscinas
1537 2158 1756 2222 exisset,
1784 2158 1869 2212 cui
1887 2159 2004 2211 uni—

426 2254 570 2308 versi
602 2267 890 2309 occurrere
921 2252 1239 2313 maluerunt,
1273 2249 1547 2305 dicentes:
1578 2248 1647 2303 Ut
1672 2246 1799 2318 quid
1829 2250 2004 2305 taliter

426 2346 767 2416 afﬂigimur?
800 2359 898 2415 pro
944 2344 1137 2414 quibus
1184 2343 1338 2397 malis
1383 2342 1524 2396 forte
1562 2341 1861 2396 commissis
1902 2341 2003 2396 ista

427 2436 798 2507 perpetimur?
844 2435 899 2489 Si
947 2436 1014 2489 ad
1037 2434 1447 2502 disputationem
1470 2432 1772 2503 congregati
1797 2446 2002 2499 sumus,

429 2541 597 2596 quare
620 2525 1004 2594 exspoliamur,
1035 2538 1201 2593 quare
1233 2523 1580 2589 traducimur,
1613 2538 1779 2592 quare
1809 2521 2023 2585 differiy

428 2634 572 2684 plur,
603 2627 659 2673 et
683 2619 799 2672 sine
826 2617 1091 2681 ecclesiis,
1124 2625 1177 2671 et
1201 2616 1446 2670 domibus
1477 2616 1674 2670 nostris
1703 2614 1844 2669 foras
1871 2614 2005 2669 civi-

430 2720 595 2766 tatem
618 2708 758 2764 fame
784 2708 1092 2763 etnuditate
1117 2708 1446 2771 laborantes,
1466 2706 1655 2760 mediis
1681 2704 2007 2760 stercoribus

431 2802 769 2857 volutamur?
797 2800 943 2868 Quos
973 2799 1061 2854 ille
1095 2798 1266 2853 torvis
1290 2799 1457 2852 oculis
1488 2798 1800 2866 respiciens,
1832 2796 2028 2866 prius-.

432 2910 591 2963 quam
622 2896 1018 2964 suggeStionem
1053 2909 1236 2949 eorum
1268 2892 1525 2957 audisset,
1547 2891 1705 2959 jussit
1729 2905 1893 2961 super
1914 2903 2007 2945 eos

433 3000 553 3039 cum
582 2986 880 3040 sessoribus
909 2999 1075 3054 equos
1098 2984 1290 3038 dimitti
1314 2991 1370 3037 ut
1398 2982 1487 3036 tali
1513 2981 1766 3036 violentia
1790 2988 2009 3052 possent

435 3091 543 3130 non
579 3076 751 3130 solum
792 3077 1018 3142 conteri,
1057 3089 1239 3130 verum
1285 3074 1445 3129 etiam
1481 3074 1713 3129 enecari.
1772 3074 2007 3141 Quorum

435 3177 560 3223 tunc
587 3167 741 3222 multi
763 3168 976 3222 contriti
998 3175 1141 3231 sunt,
1159 3176 1211 3221 et
1234 3168 1503 3236 praecipue
1528 3181 1685 3222 senes
1711 3148 1765 3222 et
1787 3167 2026 3222 infirmi.

2105 1990 2225 2031 rum
2254 1977 2339 2044 pia
2368 1974 2699 2044 simplicitas,
2745 1974 2904 2028 etiam
2931 1982 3116 2028 contra
3150 1972 3561 2041 prohibitionem
3594 1969 3673 2023 di-

2106 2069 2305 2132 vinam,
2334 2073 2725 2122 sacramentum
2760 2064 2911 2131 dare,
2945 2079 3012 2119 ne
3039 2064 3130 2118 Dei
3159 2063 3382 2133 populus
3409 2063 3458 2116 in
3493 2070 3672 2131 poste-

2107 2175 2226 2216 rum
2256 2159 2482 2227 diceret,
2528 2158 2670 2230 quod
2699 2157 2827 2213 vitio
2855 2156 3215 2226 sacerdotum,
3246 2157 3334 2226 qui
3363 2157 3546 2225 jurare
3577 2170 3673 2210 no-

2107 2253 2344 2320 luerunt,
2375 2266 2483 2307 non
2512 2250 2718 2307 fuerint
2737 2250 2978 2306 ecclesiae
3008 2250 3285 2305 restitutae.
3337 2249 3440 2303 Alii
3469 2264 3674 2317 quoque

2106 2345 2396 2400 astutiores
2424 2344 2683 2415 episcopi,
2714 2344 3008 2399 sentientes
3025 2342 3203 2397 dolum
3233 2343 3454 2408 fraudis,
3478 2358 3674 2412 nequa-

2108 2450 2266 2504 quam
2307 2436 2491 2505 jurare
2520 2434 2828 2499 voluerunt,
2877 2433 3117 2488 dicentes
3162 2432 3484 2503 prohibitum
3514 2431 3676 2488 fuisse

2108 2526 2414 2597 evangelica
2462 2527 2809 2590 auctoritate,
2847 2526 2963 2595 ipso
3011 2525 3237 2579 Domino
3266 2524 3504 2588 dicente,
3559 2524 3677 2577 Non

2100 2621 2342 2693 jurabitis
2366 2621 2421 2673 in
2449 2629 2550 2674 toto
2570 2618 2787 2689 (Matth.
2806 2634 2860 2683 v,
2882 2618 2997 2688 54).
3022 2619 3225 2685 Quibus
3250 2616 3473 2671 ministri
3505 2618 3677 2687 regis:

2109 2712 2373 2767 Secedant
2400 2712 2455 2767 in
2484 2720 2655 2781 parte,
2698 2713 2979 2781 inquiunt,
3030 2712 3117 2780 qui
3162 2712 3343 2779 jurare
3372 2710 3677 2780 disponunt.

2107 2804 2210 2874 Qui
2237 2818 2357 2859 cum
2382 2802 2717 2867 secederent,
2745 2803 2967 2857 notariis
2994 2801 3351 2856 scribentibus
3380 2802 3503 2871 quid
3533 2804 3673 2872 quis-

2107 2911 2212 2967 que
2235 2896 2457 2963 diceret,
2491 2904 2546 2950 et
2585 2894 2653 2950 de
2683 2910 2786 2965 qua
2819 2895 3030 2950 civitate
3061 2894 3249 2949 fuisset
3273 2906 3550 2962 exceptum
3578 2907 3678 2949 est.

2110 2985 2372 3043 Similiter
2394 2986 2591 3042 factum
2614 2994 2694 3040 est
2720 2995 2775 3041 et
2793 2984 2859 3041 de
2882 2985 2986 3039 illis
3000 2985 3092 3055 qui
3111 2984 3327 3039 minime
3349 2986 3677 3051 iuraverunt.

2118 3078 2419 3148 Statimque
2447 3092 2570 3147 pars
2598 3086 2823 3147 utraque
2848 3076 3101 3131 custodio
3129 3076 3478 3146 mancipatur.

2140 3214 2143 3217 λ
2182 3166 2247 3221 V.
2280 3165 2348 3220 In
2368 3167 2603 3222 milium
2623 3166 2991 3220 truduntur.—
3012 3163 3353 3220 Postmodum
3395 3179 3522 3220 vero
3545 3164 3682 3220 fraus

506 3259 596 3312 IV.
630 3258 761 3312 Dolo
786 3258 1513 3312 circumveniuntur.——Tunc
1541 3257 1733 3312 deinde
1751 3257 2005 3326 jubentur
2031 3246 2079 3312 C
2109 3277 2225 3332 qua!
2246 3262 2517 3316 celabatur
2532 3261 2794 3330 apparuit.
2818 3258 3129 3314 Jurantibus
3156 3258 3335 3327 itaque
3357 3258 3557 3313 dictum
3574 3266 3680 3311 est:

439 3350 505 3403 ad
528 3349 809 3419 quemdam
840 3350 1037 3414 locum,
1083 3349 1171 3418 qui
1202 3347 1394 3402 dicitur
1419 3347 1563 3402 aedes
1611 3348 1897 3414 Memoriae,
1929 3348 2005 3403 illi

434 3442 535 3496 viri
566 3440 660 3494 Dei
688 3455 991 3504 occurrere,
1014 3439 1255 3495 fraudem
1296 3440 1395 3494 sibi
1422 3441 1722 3495 nescientes
1753 3448 2004 3509 aptatam.

434 3533 535 3589 Ubi
565 3548 686 3586 eum
712 3532 1008 3599 venissent,
1057 3530 1241 3585 charta
1284 3531 1363 3585 eis
1403 3530 1703 3585 ostenditur
1750 3530 2007 3596 involuta,

435 3625 734 3693 diciturque
778 3623 883 3677 illis
924 3623 1025 3676 ista
1067 3623 1359 3677 subtilitate
1403 3622 1704 3691 serpentis;
1757 3622 2010 3677 Dominus

435 3724 619 3773 noster
650 3730 744 3771 rex
776 3714 1094 3778 llunericus,
1119 3713 1244 3768 licet
1275 3713 1454 3769 doleat
1478 3713 1618 3782 quod
1643 3712 1848 3767 fueritis
1875 3728 2007 3768 con-

438 3815 753 3875 temptores,
786 3813 840 3860 et
866 3804 1040 3859 adlmc
1088 3805 1202 3873 ejus
1230 3802 1485 3858 voluntati
1511 3803 1730 3859 obedire
1769 3803 2011 3869 tardetis,

437 3912 495 3954 ut
523 3900 640 3968 ejus
668 3896 972 3953 efficiamini
1027 3897 1300 3966 religionis
1346 3898 1498 3965 cujus
1554 3906 1637 3952 est
1683 3898 1818 3967 ipse,
1871 3912 2013 3953 nunc

436 4002 613 4046 tamen
646 3990 846 4044 bonum
867 3989 935 4044 de
963 3989 1112 4043 vobis
1140 3988 1413 4058 cogitavit.
1444 3988 1497 4044 Si
1522 3988 1830 4058 juraveritis
1854 3991 1927 4044 ita
1956 3998 2014 4045 ut

436 4084 576 4154 quod
600 4084 699 4137 ista
731 4085 915 4137 charta
937 4082 1176 4137 continet
1206 4081 1430 4147 faciatis,
1461 4082 1691 4138 dimittet
1718 4099 1813 4138 vos
1842 4085 2014 4140 eccle-

438 4173 530 4227 siis
561 4184 615 4226 et
651 4173 899 4226 domibus
929 4172 1141 4224 vestris.
1192 4172 1273 4224 Ad
1304 4171 1446 4239 quod
1494 4172 1730 4226 universi
1783 4173 2019 4241 episcopi

448 4262 837 4329 reSponderunt
868 4276 883 4313 :
910 4259 1136 4328 Semper
1181 4260 1430 4325 dicimus,
1482 4269 1536 4314 et
1560 4261 1811 4327 diximus,
1858 4273 1910 4315 et
1938 4263 2019 4317 di-

440 4376 700 4440 Geiserici,
728 4391 880 4446 quam
907 4374 1146 4446 adversus
1186 4375 1628 4446 piorumgentem,
1660 4373 1812 4426 veluti
1851 4374 2006 4430 draco

438 4450 555 4501 bino
604 4462 688 4499 ore
734 4444 965 4508 sibilans,
1003 4444 1179 4497 edidit.
1236 4444 1338 4497 Sed
1376 4445 1486 4512 jam
1534 4451 1728 4511 tempus
1759 4450 1830 4496 est
1874 4457 1926 4498 ut
1956 4448 2007 4500 in

440 4528 617 4587 quarto
658 4515 751 4569 hoc
795 4513 966 4587 libello
991 4514 1145 4587 ﬁnem
1175 4515 1481 4587 narrationis
1514 4513 1677 4581 facere
1694 4513 2008 4587 debeamus;

439 4584 559 4655 quia
584 4587 846 4655 indignant
876 4594 921 4637 et
951 4585 1185 4655 indecens
1208 4593 1279 4637 est
1300 4594 1352 4635 ut
1379 4585 1469 4655 suo
1500 4584 1765 4652 tyrannica
1786 4584 2011 4638 collocu-

438 4653 573 4711 tione
601 4653 763 4710 sermo
790 4656 1049 4726 subjaceat
1088 4653 1305 4707 divinus.
1356 4653 1598 4726 Auditum
1628 4668 1744 4725 ergo
1792 4656 2011 4721 petimus
2066 4666 2071 4676 ‘

438 4729 502 4781 ab
547 4724 1115 4805 auditoribus'libenter
1146 4724 1540 4805 accommodari,
1568 4724 2011 4805 cum'.principiuin

2115 3353 2141 3388 ά
2167 3352 2300 3420 Quia
2327 3362 2511 3407 contra
2543 3361 2867 3421 praeceptum
2892 3351 3161 3420 Evangelii
3186 3350 3368 3420 jurare
3404 3350 3642 3405 voluistis
3666 3389 3681 3415 ,

2108 3443 2266 3512 jussit
2290 3459 2380 3499 rex
2404 3454 2460 3497 ut
2476 3443 2719 3498 civitates
2742 3451 2900 3512 atque
2920 3442 3176 3497 ecclesias
3192 3453 3395 3497 veSIras
3416 3456 3682 3510 nunquam

2114 3535 2361 3602 videatis,
2387 3536 2481 3591 sed
2510 3536 2753 3606 relegati,
2787 3536 3064 3590 colonatus
3091 3536 3212 3604 jure
3251 3535 3315 3590 ad
3336 3534 3682 3591 excolendum

2114 3642 2271 3697 agros
2302 3627 2576 3696 accipiatis
2611 3644 2623 3680 :
2657 3628 2728 3681 ita
2758 3635 2935 3681 tamen
2968 3636 3026 3680 ut
3055 3641 3160 3680 non
3192 3625 3427 3696 psallatis
3452 3666 3468 3692 ,
3514 3640 3684 3694 neque

2119 3719 2306 3786 oretis,
2330 3726 2423 3772 aut
2447 3716 2513 3771 ad
2541 3716 2825 3787 legendum
2856 3717 3091 3773 codicem
3136 3702 3185 3770 in
3226 3716 3471 3770 manibus
3514 3723 3683 3784 geste.

2119 3808 2215 3874 tis;
2248 3823 2352 3863 non
2382 3807 2684 3878 baptizetis,
2717 3822 2889 3878 neque
2919 3807 3199 3873 ordiuetis,
3233 3816 3324 3861 aut
3347 3806 3573 3875 aliquem
3602 3820 3685 3861 re-

2123 3902 2408 3957 conciliare
2460 3902 2816 3970 praesumatis.
2873 3899 3131 3956 Similiter
3186 3914 3291 3953 non
3345 3898 3685 3967 jurantibus,

2122 3993 2267 4047 aiunt
2315 3992 2483 4062 :Quia
2514 4008 2733 4064 regnum
2768 3992 2858 4045 lilii
2881 3991 3082 4046 domini
3110 3992 3275 4045 nostri
3308 4007 3411 4047 non
3452 3990 3644 4058 optatis
3669 4032 3686 4056 ,

2123 4086 2522 4155 idcircojurare
2550 4085 2815 4140 noluistis.
2842 4083 2923 4140 οι)
2949 4099 3106 4154 quam
3150 4099 3363 4154 causam
3397 4083 3526 4152 jussi
3558 4084 3687 4136 estis

2122 4178 2173 4231 in
2195 4178 2538 4233 Corsicanam
2570 4178 2796 4233 insulam
2826 4177 3081 4248 relegari,
3131 4188 3187 4231 ut
3227 4177 3364 4247 ligna
3411 4175 3681 4245 profutura

2124 4270 2348 4323 navibus
2370 4269 2651 4324 dominicis
2677 4270 2922 4326 incidatis
2954 4279 3000 4324 °.

2120 4381 2281 4455 tione,
2320 4380 2772 4455 0rtulanus.i_Fuit
2799 4392 2974 4439 autem
3001 4384 3279 4455 episcopus
3311 4382 3603 4455 Benefcnsis
3633 4383 3684 4436 in

2116 4451 2406 4523 Byzacena,
2439 4461 2496 4523 ut
2516 4467 2589 4523 ex
2618 4453 2810 4523 Notitia
2842 4464 3003 4523 patet.
3037 4451 3415 4508 'Florentianus
3447 4451 3575 4509 vero
3606 4457 3686 4511 sic

2117 4521 2314 4593 dicitur
2352 4520 2675 4593 inﬂColb.2,
2726 4520 2865 4590 Ευιξ,
2916 4526 3092 4587 Mart.,
3141 4525 3308 4593 Port.,
3358 4526 3536 4586 0rth.,
3583 4525 3688 4578 L0-

2118 4592 2277 4657 rich.,
2311 4592 2564 4663 etABell'.;
2610 4599 2746 4647 sicut
2791 4606 2845 4649 et
2896 4596 2948 4647 in
2977 4595 3173 4650 Notitia
3210 4595 3425 4659 Africae,
3458 4597 3543 4649 ubi
3573 4596 3685 4663 epi-

2118 4675 2311 4730 scopus
2341 4661 2629 4716 Midilensis
2677 4665 2727 4717 in
2774 4664 3019 4719 Numidia
3049 4665 3363 4732 appellatur.
3397 4665 3547 4722 Colb.
3580 4661 3687 4717 ter-

2121 4732 2220 4786 tius
2245 4747 2363 4786 cum
2394 4733 2594 4801 aliquot
2611 4733 2790 4800 editis,
2816 4734 3251 4789 Florentinianus.
3276 4738 3322 4789 ls
3347 4750 3504 4803 porro
3526 4734 3687 4789 simul

439 4798 557 4851 libri
580 4798 743 4872 quinti
776 4796 828 4847 in
855 4810 1029 4849 eorum
1057 4796 1793 4872 sonaci-it.auribus,_quoniain
1824 4811 2010 4868 magna
2037 4796 2088 4857 D
2115 4816 2235 4856 cum
2264 4796 2558 4857 llortulano
2587 4796 2898 4859 accensetur
2924 4807 3063 4872 apud
3115 4796 3386 4868 Adonem';
3417 4816 3471 4860 et
3502 4808 3553 4859 in
3583 4805 3688 4857 ιὶο.

439 4878 489 4920 et
523 4866 756 4919 miranda
780 4874 1061 4932 martyrum
1085 4865 1365 4917 certamina
1385 4866 1683 4929 conﬁdimus
1712 4865 2005 4932 narraturo,

442 4947 714 5004 prwstante
743 4936 852 5001 ipso
894 4933 1016 4987 Jesu
1059 4933 1280 4995 Christo,
1320 4937 1403 4998 qui
1435 4934 1617 4986 laureis
1651 4935 1861 5001 miriﬁce
1889 4954 2010 4990 san-

440 5018 549 5059 ctos
593 5016 798 5060 coronat
842 5021 981 5071 suos,
1030 5019 1195 5056 amen.
1245 5003 1377 5057 Tum
1424 5004 1602 5058 habet.
1646 5005 1834 5074 Incipit
1885 5006 2012 5061 liber

442 5076 666 5145 quintus.
697 5075 820 5127 Post
849 5074 976 5138 hwc,
1007 5087 1111 5128 etc.

517 5156 544 5182 ι
584 5145 664 5197 Ali
686 5154 795 5209 iuot
824 5159 952 5198 mss.
996 5154 1044 5197 et
1076 5143 1225 5209 editi,
1254 5144 1474 5197 toxicata
1502 5152 1801 5198 transverso.
1832 5144 2009 5202 Caete-

443 5230 561 5271 rum
591 5213 885 5284 Cyprianus
930 5214 1091 5268 edicta
1140 5214 1521 5282 persecutionis
1552 5215 1735 5283 feralia
1779 5218 2012 5284 appellat

443 5288 617 5355 epist;
633 5284 701 5339 5'2
722 5284 795 5355 ad
826 5285 1203 5347 Antonianum,
1237 5300 1354 5351 qua:
1385 5300 1522 5338 nunc
1557 5294 1637 5338 est
1672 5286 1802 5340 edit.
1832 5286 2005 5341 Oxon.

445 5353 535 5411 55.
570 5353 780 5409 Feralia
807 5356 971 5408 edicta
998 5364 1256 5409 memorat
1281 5369 1490 5424 quoque
1514 5364 1701 5409 auctor
1739 5356 2005 5412 Passionis

444 5435 649 5550 septem
696 5425 1073 5479 monachorum
1123 5434 1435 5494 martyrum,
1483 5426 1724 5494 superius
1778 5440 1807 5479 a
1859 5428 2011 5482 nobis

446 5513 507 5550 re
529 5506 649 5550 aue.

446 5506 649 5551 Telam.

518 5565 545 5604 ι)
574 5565 850 5620 Ortbodox
872 5575 923 5619 ct
952 5562 1247 5629 Lorichius,
1280 5580 1537 5632 nunquam
1573 5567 1775 5620 omnino
1808 5582 2009 5619 revoca-

445 5646 637 5691 rentur.
672 5636 737 5690 Et
777 5637 931 5702 infra,
960 5636 1177 5688 maxime
1203 5634 1322 5702 quia
1351 5637 1455 5703 ubi,
1490 5645 1592 5691 etc.
1637 5635 1913 5690 Lorichius
1956 5645 2012 5690 et

450 5707 561 5772 alii,
591 5707 805 5759 maxime
831 5710 947 5774 quia
984 5722 1083 5758 non
1131 5715 1507 5761 reverterentur.
1558 5706 1676 5759 Jam
1716 5721 1874 5773 neque
1903 5707 2011 5758 ulla

445 5785 556 5829 erat
586 5774 822 5828 Ecclesia:
849 5777 1145 5837 substantia,
1180 5774 1254 5826 vel
1282 5778 1509 5829 omnibus
1539 5776 1814 5843 occupatis.

521 5854 545 5883 ⁸
587 5845 737 5900 Coll).
769 5844 803 5898 9.
848 5854 900 5901 et
942 5846 1082 5905 Fttl.,
1135 5843 1465 5901 llorlalnuus.
1516 5848 1618 5901 Ali
1656 5847 1767 5898 sine
1813 5845 2012 5912 aspira-

2116 4888 2273 4927 mano
2301 4873 2695 4942 Martyrologio,
2729 4875 2843 4928 aliis
2869 4876 3260 4931 confessoribus
3292 4876 3553 4930 Africanis
3590 4890 3687 4928 su-

2118 4956 2207 5012 pra
2238 4945 2565 5007 memoratis,
2598 4945 2685 4999 die
2729 4946 2797 4999 Eis
2836 4944 3182 5009 Novembris;
3215 4947 3283 5000 de
3324 4945 3516 5014 quibus
3567 4947 3688 5000 vide

2120 5028 2277 5084 supra
2309 5025 2485 5068 notam
2517 5015 2577 5070 11
2612 5026 2665 5070 et
2690 5013 2758 5068 25
2787 5014 2940 5083 (Coll.
2980 5017 3101 5071 185.
3134 5033 3187 5070 n.
3223 5025 3270 5081 ι,
3302 5013 3351 5069 et
3376 5018 3497 5077 190,
3530 5032 3581 5068 n.
3612 5016 3686 5084 ο).

2120 5083 2288 5137 Porro
2338 5085 2437 5138 hoc
2482 5085 2601 5138 loco
2645 5087 2696 5137 in
2727 5085 2927 5153 aliquot
2956 5100 3086 5143 mss.
3124 5086 3398 5140 codicibus
3444 5095 3498 5139 et
3529 5086 3688 5140 editis

2121 5154 2513 5209 interseruntur
2542 5156 2704 5209 multa
2734 5170 2851 5223 qua:
2872 5171 2937 5210 ex
2966 5157 3208 5224 superius
3242 5156 3411 5210 relato
3435 5156 3687 5210 llunerici

2120 5224 2295 5278 edicto
2323 5225 2558 5279 detracta
2598 5233 2757 5289 sunt,
2793 5240 2910 5293 quae
2948 5239 3043 5279 suo
3088 5227 3233 5289 loco,
3268 5236 3322 5280 ut
3351 5226 3439 5280 alii
3473 5225 3689 5280 codices

2123 5295 2340 5364 habent,
2364 5304 2417 5347 et
2443 5295 2575 5349 ordo
2604 5310 2781 5349 rerum
2810 5304 3074 5364 gestarum
3106 5296 3356 5361 postulat,
3389 5298 3688 5350 retulimus.

2198 5362 2224 5401 ἀ
2254 5364 2340 5418 Sic
2365 5364 2661 5419 Lorichius.
2694 5367 2761 5419 At
2788 5362 2963 5419 Chiffl.
2997 5374 3049 5421 et
3074 5366 3186 5431 alii,
3219 5366 3386 5431 Quare
3417 5378 3685 5420 contra....

2117 5435 2385 5506 uoluistis?
2404 5434 2571 5506 _Jussit
2613 5451 2719 5501 rex,
2753 5445 2859 5491 etc.
2889 5436 3011 5499 Alii,
3045 5452 3136 5505 pro
3165 5453 3264 5506 qua
3292 5452 3347 5488 re
3369 5438 3545 5505 jussit,
3576 5445 3685 5492 etc.

2116 5504 2313 5575 843m
2340 5504 2495 5568 infra,
2516 5506 2775 5560 colonatus
2797 5509 2936 5575 jure,
2956 5515 3057 5559 etc.
3083 5504 3271 5575 Camp.
3301 5504 3683 5572 etLoriehius,

2116 5573 2339 5627 colonias
2359 5575 2487 5645 jure
2509 5576 2576 5627 ad
2596 5573 2924 5628 excolendum
2954 5591 3134 5644 agrum
3164 5573 3447 5645 accipiatis.

2192 5652 2216 5679 ο
2249 5645 2343 5709 Hic
2368 5644 2665 5701 Chiffletius
2687 5646 2937 5699 Notitiam
2969 5646 3225 5701 Ecclesiae
3255 5644 3516 5700 Africanae
3546 5646 3688 5699 inse-

2119 5712 2245 5835 ruitr,
2288 5729 2443 5782 quam
2488 5715 2657 5769 visum
2712 5724 2795 5770 est
2845 5716 3018 5784 potius
3076 5717 3297 5771 seorsim
3347 5714 3687 5786 postmodum

2120 5799 2214 5835 1)Γο
2240 5799 2377 5835 errc.
2665 5804 2669 5811 ‘

2120 5799 2377 5853 prorerre.
2665 5804 2669 5811 λ
