3988 6344
355 425 449 477 ΞΗ

1300 423 1384 477 DE
1422 422 1941 479 PERSECUTIONE
1984 424 2362 479 VANDAIJCA
2407 426 2531 480 LIB.
2578 428 2635 481 V.

1204 584 1311 653 38
1351 581 1819 689 LIBER
1906 582 2671 708 QUINTUS.

871 750 1259 809 Pensecurto
1284 763 1632 809 usususus
1661 746 1913 805 Housm

2029 762 2349 806 Αυνκιιδῠε
2382 762 2591 807 οΜΝΒε
2622 765 3062 812 ORTHODOXOS.

426 872 462 925 I.
500 869 794 924 Persecutio
822 868 1091 939 generalis.
1115 896 1184 907 —-
1231 866 1447 922 Addidit
1490 866 1666 933 itaque
1693 874 1717 901 ιι
1763 864 1928 919 bestia
1956 869 2011 931 Α
2035 862 2247 917 nutibus
2269 864 2567 933 oculorum,
2598 876 2645 920 et
2678 871 2955 936 increpans
2976 872 3289 927 auctoritate
3318 882 3552 930 materna
3574 914 3593 943 ,
3618 858 3625 867 “

356 961 470 1029 illa,
502 962 819 1031 sanguinem
845 960 1029 1014 sitiens
1046 960 1406 1023 innocentum,
1422 956 1686 1025 episcopis
1702 955 1927 1010 necdum

355 1053 523 1108 adhuc
552 1053 607 1107 in
636 1052 892 1108 exsilium
919 1049 1157 1116 directis,
1187 1063 1284 1119 per
1337 1048 1613 1102 universas
1662 1045 1927 1101 Africana:

357 1155 511 1198 terra:
544 1144 870 1210 provincias,
903 1156 1010 1196 uno
1043 1151 1286 1211 tempore
1340 1149 1570 1196 tortores
1615 1138 1925 1194 crudelissi-

356 1250 469 1291 mos
492 1236 789 1301 destinare,
821 1245 876 1291 et
905 1236 1048 1289 nulla
1076 1236 1419 1289 remansisset
1444 1234 1634 1289 domus
1676 1242 1731 1288 et
1778 1233 1927 1288 locus

356 1328 439 1381 ubi
470 1342 577 1381 non
604 1326 793 1381 fuisset
824 1322 916 1398 [al.
950 1322 1200 1394 ululatus]
1236 1324 1464 1394 ejulatus
1507 1334 1560 1379 et
1608 1324 1812 1389 luctus,
1867 1334 1925 1379 ut

354 1423 477 1477 nulli
500 1424 665 1487 (etuti,
689 1421 817 1475 nulli
839 1427 1151 1490 parceretur
1175 1419 1349 1484 sexui,
1367 1418 1469 1473 nisi
1498 1418 1601 1473 illis
1627 1418 1714 1487 qui
1738 1432 1922 1472 eorum

351 1512 757 1570 succumberent
783 1511 1061 1566 voluntati.
1097 1510 1205 1564 Hos
1234 1508 1487 1576 fustibus,
1538 1509 1659 1563 illos
1703 1524 1926 1578 suspen-

354 1607 463 1672 dio,
513 1606 651 1659 alios
694 1604 900 1673 ignibus
944 1601 1374 1657 concremabaut.
1428 1601 1671 1655 Mulieres
1716 1614 1843 1656 vero
1871 1611 1924 1657 et

356 1699 622 1768 praecipue
653 1697 880 1762 nobiles,
904 1705 1089 1751 contra
1114 1695 1234 1764 jura
1264 1693 1675 1760 naturae,nudas
1705 1696 1923 1750 omnino

350 1793 401 1847 in
424 1792 559 1846 facie
588 1791 798 1860 publica
822 1789 1151 1844 cruciabant.
1186 1789 1267 1843 Ex
1300 1788 1493 1857 quibus
1514 1804 1671 1843 unam
1686 1797 1920 1844 nostram

350 1881 652 1951 Dionysiatn
678 1879 875 1934 cursim
906 1894 968 1933 ac
996 1879 1235 1933 breviter
1256 1878 1567 1934 nominabo.
1598 1877 1732 1934 Cum
1764 1880 1919 1935 vide-

347 1982 466 2029 rent
491 1988 609 2026 eam
639 1988 747 2026 non
773 1971 944 2027 solum
971 1970 1224 2025 audacem
1261 1985 1401 2035 esse,
1424 1971 1518 2024 sed
1544 1970 1705 2025 etiam
1724 1978 1924 2025 matro-

346 2066 426 2119 nis
455 2062 666 2118 eaateris
691 2061 1073 2130 pulchriorem,
1098 2062 1264 2129 ipsam
1295 2060 1468 2129 primo
1490 2060 1593 2115 nisi
1623 2070 1746 2114 sunt
1770 2061 1925 2115 fusti-

343 2155 437 2209 bus
466 2154 820 2223 exspoliatam
846 2160 1118 2222 appetere.
1146 2151 1173 2190 δ
1206 2152 1338 2219 Quae
1366 2168 1489 2208 cum
1519 2163 1809 2222 pateretur,
1839 2154 1921 2209 di-

2030 955 2101 1009 ita
2115 954 2452 1021 confortavit,
2477 966 2533 1011 ut
2557 968 2727 1013 matre
2747 960 2912 1015 multo
2938 962 3122 1017 fortior
3143 963 3473 1021 redderetur.
3498 966 3597 1022 Cui

2032 1044 2171 1099 inter
2222 1047 2455 1101 crudelia
2512 1050 2735 1104 verbera
2767 1052 3056 1109 constituto
3095 1054 3163 1108 ita
3200 1054 3412 1109 dicebat
3444 1076 3457 1111 :
3486 1058 3599 1113 Me-

2031 1148 2231 1204 mento,
2263 1140 2336 1193 tili
2360 1141 2453 1205 mi,
2488 1142 2609 1211 quia
2639 1143 2691 1197 in
2732 1144 2945 1199 nomine
2993 1144 3264 1202 Trinitatis
3320 1149 3373 1202 in
3426 1158 3599 1204 matre

2030 1231 2267 1287 Ecclesia
2294 1234 2555 1290 catholica
2606 1235 2853 1305 baptizati
2902 1252 3105 1293 sumus.
3153 1240 3268 1295 Non
3312 1242 3599 1311 perdamus

2029 1322 2395 1379 indumentum
2425 1337 2620 1381 nostra:
2648 1328 2851 1395 salutis,
2882 1345 2948 1384 ne
2978 1331 3194 1385 veniens
3226 1333 3473 1388 invitator
3498 1351 3593 1390 ve-

2029 1424 2166 1469 stem
2191 1430 2297 1471 non
2326 1416 2562 1473 inveniat
2583 1420 2894 1488 nuptialem,
2923 1433 2975 1476 et
3000 1423 3143 1478 dicat
3164 1424 3447 1480 ministris:
3475 1428 3597 1482 Mil-

2027 1508 2115 1561 tite
2142 1508 2194 1561 in
2218 1511 2446 1563 tenebras
2472 1512 2764 1578 exteriores,
2796 1514 2885 1566 ubi
2910 1516 3003 1567 erit
3028 1517 3179 1583 ﬂetus
3207 1518 3469 1571 oculorum
3492 1562 3505 1583 ,
3547 1528 3596 1574 et

2023 1603 2218 1656 stridor
2249 1604 2474 1659 deritium
2497 1605 2706 1675 (Matth.
2736 1623 2871 1673 χχιι,
2903 1608 3015 1678 15).
3051 1610 3159 1675 llla,
3191 1610 3262 1663 fili
3286 1654 3299 1677 ,
3345 1627 3498 1679 poma
3528 1614 3596 1668 ti-

2026 1696 2216 1750 menda
2247 1706 2330 1752 est
2367 1714 2486 1767 qua:
2534 1715 2799 1768 nunquam
2840 1700 3057 1768 ﬁnitur;
3110 1703 3197 1757 illa
3241 1704 3595 1759 desideranda

2026 1786 2128 1840 vita
2154 1802 2273 1857 quae
2298 1804 2509 1859 semper
2539 1790 2785 1845 habetur.
2819 1792 3037 1847 Talibus
3061 1794 3238 1863 itaque
3276 1795 3439 1849 ﬁlium
3470 1796 3595 1849 soli-

2025 1879 2158 1934 dans
2182 1882 2383 1947 verbis,
2439 1883 2691 1939 velociter
2740 1893 3027 1956 martyrem
3080 1886 3223 1941 fecit.
3265 1886 3597 1943 Venerabilis

2022 1987 2149 2029 vero
2171 1975 2507 2042 adolescens,
2528 1977 2809 2045 Majoricus
2828 1980 3061 2045 nomine,
3088 1982 3138 2033 in
3156 1982 3443 2034 certamine
3466 1997 3595 2036 con-

2022 2066 2271 2123 fessionis
2302 2070 2545 2138 spiritum
2576 2071 2823 2141 reddens,
2850 2088 3060 2128 cursum
3094 2074 3428 2142 palmit‘erum
3466 2089 3594 2129 con-

2021 2160 2336 2225 summavit;
2361 2163 2778 2232 amplexansque
2806 2163 2894 2217 illa
2927 2166 3150 2218 hosuiam
3180 2181 3352 2231 suam,
3385 2167 3594 2234 quantis

343 2257 589 2315 ceretque
615 2246 683 2299 de
722 2244 947 2297 Domino
977 2258 1075 2297 suo
1102 2257 1290 2299 secura
1315 2258 1330 2296 :
1353 2243 1591 2311 Qualiter
1634 2243 1765 2299 libet
1790 2260 1910 2299 cru-
1939 2253 1988 2316 Β
2010 2253 2183 2321 potuit
2212 2253 2425 2307 vocibus
2448 2254 2555 2323 39
2579 2254 2803 2307 Domino
2831 2256 3025 2323 gratias
3046 2270 3229 2325 agens,
3252 2256 3316 2310 ad
3344 2257 3593 2326 gaudium

343 2341 495 2405 ciate,
529 2335 831 2394 verecunda
854 2344 1027 2391 tamen
1054 2336 1296 2393 membra
1321 2336 1486 2391 nolite
1514 2336 1747 2401 nudare;
1798 2353 1911 2391 am-

344 2434 477 2501 [:Iius
519 2434 596 2486 illi
629 2436 795 2504 magis
846 2434 1100 2497 furentes,
1145 2428 1357 2484 celsiori
1403 2428 1522 2483 loco
1576 2429 1911 2483 vestimentis

338 2538 558 2580 exutam
589 2529 945 2591 constituunt,
977 2522 1334 2594 spectaculum
1384 2535 1501 2575 eam
1546 2521 1793 2575 omnibus
1836 2522 1911 2577 fa-

341 2623 559 2675 cientes.
586 2621 715 2687 Qnrc
744 2622 882 2675 inter
902 2619 1037 2674 ictus
1061 2618 1348 2687 virgarum,
1367 2614 1493 2669 dum
1518 2615 1674 2669 rivuli
1695 2617 1911 2686 sangui-

338 2715 417 2768 nis
449 2723 561 2767 toto
583 2713 692 2780 jam
724 2728 947 2783 corpore
971 2712 1259 2773 ﬂuitarent,
1294 2708 1457 2764 libera
1497 2723 1628 2764 voce
1658 2708 1868 2764 dicebat
1896 2727 1910 2762 :

342 2805 564 2859 sinistri
593 2805 812 2867 diaboli,
845 2804 1078 2881 quodad
1124 2802 1469 2873 opprobrium
1517 2816 1691 2855 meum
1742 2801 1914 2857 facere

345 2899 679 2968 computatis,
705 2899 817 2968 ipsa
842 2898 953 2953 laus
982 2911 1101 2951 mea
1132 2904 1248 2960 est;
1278 2903 1332 2949 et
1370 2894 1494 2963 quia
1530 2901 1647 2948 erat
1682 2892 1911 2962 Scriptu-

343 3005 514 3046 rarum
546 2990 843 3045 divinarum
892 2988 1113 3043 scientia
1144 2987 1323 3057 plena,
1349 2984 1543 3055 aptatis
1570 2991 1769 3038 arctata
1800 2998 1913 3053 pte-

341 3082 437 3143 nis,
470 3091 522 3135 et
554 3082 663 3149 ipsa
685 3080 797 3148 jam
832 3087 1057 3149 martyr,
1091 3077 1222 3132 alios
1251 3075 1319 3159 ad
1347 3074 1656 3145 martyrium
1693 3074 1909 3129 confor-

343 3172 423 3226 ιλιι)
440 3181 498 3224 ιι.
530 3172 658 3237 Quae
685 3185 782 3225 suo
809 3179 997 3225 sancto
1012 3169 1264 3239 exemplo
1281 3182 1415 3237 pene
1435 3166 1734 3222 universam
1757 3182 1907 3223 suam

343 3262 556 3327 patriam
612 3261 875 3316 liberavit.
923 3261 1051 3327 Quae
1096 3274 1216 3313 cum
1248 3272 1399 3313 suum
1449 3260 1663 3313 unicum
1707 3257 1903 3324 lilium,

346 3354 616 3408 admodum
640 3354 813 3408 adhuc
843 3362 1042 3408 tenerae
1073 3351 1247 3408 atatis
1268 3360 1322 3406 et
1357 3351 1639 3408 delicatum
1663 3392 1678 3417 ,
1714 3353 1905 3408 timore

340 3461 605 3515 plenarum
636 3445 1034 3500 formidolosum
1066 3445 1421 3512 conspiceret,
1457 3442 1749 3499 verberans
1777 3458 1897 3499 eum

404 3571 431 3597 ι
472 3561 660 3616 Bestiae
723 3577 918 3617 nomen
983 3560 1411 3631 persecutoribus
1468 3560 1650 3615 tribuit
1703 3563 1899 3629 passim

336 3632 638 3688 Lactantius
679 3632 733 3685 in
780 3634 915 3686 libro
961 3632 1027 3686 de
1066 3632 1321 3685 Mortibus
1361 3631 1790 3687 Persecutorum.
1824 3632 1900 3687 Ita

2011 2343 2127 2411 spei
2155 2343 2372 2413 futurae,
2410 2346 2461 2399 in
2506 2362 2601 2400 sua
2648 2346 2807 2401 domo
2842 2348 3027 2402 maluit
3061 2349 3321 2418 sepelire;
3362 2360 3417 2404 ut
3458 2365 3592 2419 quo-

2012 2434 2151 2488 tiens
2173 2449 2333 2505 super
2361 2438 2661 2505 sepulcrum
2700 2439 2813 2507 ejus
2842 2438 3085 2493 Trinitati
3123 2455 3306 2509 preces
3347 2441 3590 2507 effundit,

2014 2524 2241 2581 alienam
2264 2542 2321 2582 se
2349 2544 2377 2581 a
2395 2527 2505 2583 filio
2526 2544 2791 2599 nunquam
2816 2545 2934 2584 esse
2952 2532 3201 2585 confidat.
3218 2532 3413 2598 Quanti
3431 2533 3590 2602 igitur

2014 2631 2110 2684 per
2135 2631 2251 2671 eam
2273 2618 2324 2672 in
2352 2618 2442 2673 illa
2472 2618 2705 2684 civitate,
2739 2630 2793 2675 ut
2840 2620 3041 2688 praefati
3073 2635 3285 2689 sumus,
3344 2624 3590 2691 acquisiti

2016 2709 2122 2763 sint
2149 2708 2276 2774 Deo,
2312 2710 2524 2780 longum
2555 2721 2637 2766 est
2657 2728 2927 2768 enarrare.
2947 2712 3075 2767 Nam
3099 2723 3150 2768 et
3167 2713 3283 2783 ejus
3310 2729 3584 2784 germana,

2011 2802 2223 2857 nomine
2252 2802 2457 2868 Dativa,
2484 2813 2643 2874 atque
2672 2806 2890 2860 Leontia
2929 2806 3031 2861 lilia
3054 2808 3225 2861 sancti
3259 2818 3281 2845 ε
3322 2807 3581 2862 Germani

2015 2894 2271 2964 episcopi,
2305 2906 2665 2966 cognatusque
2708 2898 2941 2961 nativae,
2986 2898 3309 2952 venerabilis
3356 2898 3579 2953 Emilius

2019 2986 2276 3051 medicus,
2310 2987 2588 3056 religiosus
2615 3003 2827 3058 quoque
2850 2989 3061 3043 Tertius
3090 2988 3361 3044 Trinitatis
3378 2989 3587 3045 confes-

2013 3078 2164 3133 sione
2196 3081 2516 3149 pruclarus,
2562 3086 2645 3135 vel
2691 3081 2986 3136 Sibidensis
3035 3080 3336 3136 Bonifacius
3387 3093 3583 3152 quanta

2017 3172 2352 3240 pertulerint,
2385 3173 2735 3244 qualibusque
2766 3174 3089 3229 cruciatibus
3125 3173 3433 3229 eviscerata:
3455 3218 3468 3241 ,
3502 3175 3584 3231 vel

2015 3264 2296 3319 eviscerati
2326 3264 2453 3329 sint,
2486 3266 2575 3336 qui
2606 3266 2747 3321 valet
2773 3282 2836 3320 ex
2859 3265 3045 3322 ordine
3071 3265 3230 3321 dicat.

2096 3357 2161 3411 11.
2192 3358 2340 3413 Servi
2371 3361 2558 3425 passio.
2592 3391 2660 3399 —
2686 3357 2711 3396 ἀ
2743 3361 2940 3416 Servus
2970 3376 3180 3430 quoque
3208 3359 3586 3415 Tuburbitanaa

2012 3448 2244 3505 civitatis
2276 3450 2514 3519 majoris,
2546 3466 2836 3522 generosus
2868 3459 2922 3505 et
2949 3451 3140 3506 nobilis
3169 3451 3269 3517 vir,
3312 3465 3408 3519 pro
3431 3449 3584 3505 Chri-

2010 3580 2128 3619 vum
2154 3566 2599 3632 Tuburbitanum,
2629 3574 2676 3620 et
2712 3565 2989 3619 Victoriam
3018 3564 3236 3620 inferius
3278 3578 3579 3619 memoran-

2009 3635 2152 3698 dam,
2183 3637 2271 3703 qui
2323 3636 2563 3705 proinde,
2608 3644 2825 3703 excepta
2854 3635 3109 3700 Victoria,
3150 3636 3230 3705 his
3278 3634 3331 3687 in
3370 3634 3584 3688 Baronii

337 3702 599 3784 D'eronem
624 3701 1044 3786 malam-(restium.
1065 3702 1296 3786 appellat
1324 3702 1551 3786 nummi.
1588 3702 1661 3756 De
1695 3702 1901 3786 Diocle-
1932 3721 1979 3786 ρ
2008 3701 2387 3786 martyrologio
2416 3701 2925 3786 commemorantur.
2944 3704 3402 3786 _P0rr0‘E_'milius_,1
3424 3720 3579 3786 quem

338 3774 479 3826 tiano
503 3774 727 3842 ejusque
750 3773 966 3838 collegis
995 3772 1119 3827 dicit
1160 3787 1307 3825 num.
1338 3772 1423 3826 16.
1471 3770 1596 3824 Tres
1637 3774 1905 3827 acerbissi-

336 3861 430 3897 ma:
457 3846 625 3897 bestiis
650 3845 931 3907 swviebant,
955 3853 1061 3897 etc.
1086 3842 1196 3896 Hoc
1225 3850 1401 3896 autem
1430 3842 1628 3910 optime
1654 3857 1904 3910 persecu-

338 3914 540 3968 toribus
568 3929 862 3979 rongruere
891 3914 1081 3983 probat
1110 3912 1248 3983 idem
1278 3922 1464 3983 auctor
1493 3912 1662 3983 Iib.iv_
1690 3913 1907 3983 Divina-

337 4001 453 4039 rmn
480 3981 1037 4051 lnstitutionum,'cap.
1071 3984 1157 4037 11.
1189 3982 1266 4036 De
1288 3981 1370 4037 his
1398 3982 1549 4052 plura
1578 3981 1821 4039 Baluzius
1851 3985 1903 4039 in

337 4056 477 4109 notis
508 4055 571 4108 ad
599 4068 715 4123 cap.
750 4056 813 4107 1'.)
845 4053 1079 4119 prmdicti
1108 4052 1291 4106 libelli.
1320 4088 1350 4123 η

407 4124 435 4161 δ
474 4121 686 4193 Gompf,
724 4125 851 4189 Qua:
891 4140 1002 4177 cum
1047 4132 1251 4193 peteret,
1294 4121 1580 4193 diceretque
1624 4138 1643 4175 :
1692 4122 1768 4176 De
1796 4123 1905 4178 Deo

338 4212 447 4248 sum
489 4191 683 4258 secura,
719 4204 823 4249 etc.
875 4191 1054 4248 Rhea.
1075 4203 1130 4247 ut
1168 4192 1294 4247 editi
1337 4191 1446 4255 alii,
1492 4193 1591 4247 nisi
1641 4194 1780 4257 quod
1813 4209 1907 4262 pro

338 4275 612 4332 pateretur,
648 4265 840 4318 habeat
888 4271 1092 4333 peteret.
1142 4263 1307 4317 Paulo
1361 4270 1521 4327 ante,
1571 4262 1671 4316 nisi
1717 4274 1903 4320 sunt...

337 4345 589 4404 appetere.
627 4335 900 4388 Lorichius
926 4335 1084 4389 habet
1102 4335 1239 4405 jussi
1265 4342 1451 4387 sunt...
1478 4344 1674 4405 aptare.

410 4417 434 4443 ε
480 4406 701 4460 Unicum
728 4405 1073 4471 Germanum,
1103 4403 1411 4473 episcOpum
1441 4403 1647 4457 scilicet
1674 4404 1907 4461 Perada-

339 4477 598 4530 tniensem
632 4477 681 4529 in
727 4476 1002 4545 Byzacena
1025 4516 1038 4537 ,
1072 4484 1437 4545 repraesentat
1469 4474 1661 4527 Notitia
1692 4475 1904 4537 Africm.

338 4546 403 4599 de
436 4561 541 4615 quo
569 4543 814 4613 supe.ius
842 4546 1042 4601 mentio
1083 4543 1219 4598 facta
1252 4553 1350 4598 est.
1385 4543 1441 4615 Si
1480 4544 1526 4597 is
1567 4554 1649 4598 est
1680 4546 1793 4614 ipse
1818 4549 1907 4615 qui

338 4616 422 4668 hic
450 4614 793 4679 memoratur,
818 4616 1067 4683 colligere
1087 4629 1367 4682 possumus
1380 4614 1643 4668 Victorem
1670 4614 1908 4672 nostrum

338 4687 506 4752 patria
540 4686 1001 4740 Peradamirnsem
1036 4686 1218 4751 fuisse,
1251 4700 1314 4737 ex
1347 4684 1430 4737 his
1452 4684 1653 4739 scilicet
1684 4687 1904 4742 verbis:

340 4754 509 4827 Unam
534 4766 753 4810 nostram
789 4756 1116 4827 Dionysium,
1136 4765 1239 4809 etc.
1273 4753 1339 4809 Et
1366 4754 1578 4827 quidem
1608 4754 1676 4810 de
1707 4756 1905 4827 Diony-

336 4826 416 4879 sia
445 4826 672 4894 aliisque
702 4826 1021 4893 martyribus
1069 4825 1153 4895 hic
1183 4826 1510 4895 memoratis,
1544 4830 1791 4895 tanquam
1838 4825 1905 4881 de

337 4896 436 4949 sibi
465 4897 637 4964 magis
661 4896 801 4949 notis
828 4895 1079 4963 loquitur.
1102 4894 1301 4949 Tamen
1330 4894 1484 4959 intra,
1510 4894 1663 4949 num.
1683 4896 1771 4961 11,
1803 4896 1905 4950 Ha-

338 4965 586 5020 betdeum
641 4976 869 5019 nostrum
901 4967 1190 5036 episcopum
1216 4965 1467 5036 appellat.
1507 4965 1671 5019 Porro
1714 4966 1902 5022 horum

337 5038 897 5107 omniummartyrum
931 5035 1256 5107 memoriam
1302 5035 1459 5107 simul
1498 5036 1901 5107 recoluntAvul-

336 5082 798 5173 garrientis
816 5082 1901 5174 {ingressam'e‘b‘éesssai'fcisa
1932 5082 1987 5145 ι)

340 5190 466 5229 vero
511 5176 601 5230 die
639 5175 902 5247 sequenti.
937 5175 1210 5247 Usuardus
1239 5176 1315 5247 sic
1363 5174 1524 5247 habet
1568 5192 1581 5229 :
1625 5174 1691 5247 In
1731 5177 1905 5247 Africa

338 5256 634 5299 sanctarum
665 5244 942 5315 Dionysiae,
980 5245 1189 5311 Dativw,
1222 5244 1468 5315 Leontiar.
1499 5254 1546 5297 et
1572 5244 1793 5315 religiosi
1812 5248 1908 5301 viri

340 5318 539 5369 nomine
568 5316 751 5379 Tertii,
804 5314 1074 5369 /Emiliani
1120 5323 1165 5367 et
1212 5312 1492 5382 Boni/“acii,
1527 5332 1641 5369 cum
1666 5312 1787 5371 aliis
1816 5320 1908 5370 tri-

340 5385 452 5449 bus,
501 5390 586 5453 qui
638 5400 832 5450 omnes,
869 5394 971 5440 etc.
1033 5385 1086 5438 in
1142 5384 1796 5454 Martyrologioikomano
1829 5388 1909 5441 liis

342 5455 570 5524 Usnardi
620 5455 798 5509 verbis
840 5456 1085 5524 adjicitur
1124 5453 1455 5522 separatim:
1503 5453 1701 5509 Ibidem
1747 5458 1911 5511 sancti

340 5522 604 5595 lajorici,
633 5526 729 5587 lilii
771 5522 959 5580 sancta
1002 5525 1280 5595 Dionysiis,
1323 5526 1429 5592 qui,
1476 5535 1577 5581 etc.
1612 5526 1679 5581 Et
1709 5526 1795 5581 die
1822 5543 1907 5581 se-

341 5597 523 5717 ἳιθηιί
547 5614 568 5677 _:
605 5595 831 5649 Tuburbi
877 5597 1039 5649 sancti
1088 5594 1231 5675 Servi
1261 5597 1520 5665 martyris,
1562 5597 1667 5678 qui,
1702 5606 1806 5653 etc.
1840 5602 1907 5651 At

391 5665 463 5717 do
492 5675 653 5717 trmm
693 5666 760 5717 ab
794 5666 1032 5717 Usuardo
1052 5663 1442 5717 designatorum
1475 5681 1690 5717 nomina
1720 5682 1907 5717 recen-

391 5665 463 5718 do
492 5669 653 5721 trium
693 5666 760 5719 ab
794 5666 1032 5719 Usuardo
1052 5663 1442 5733 designatorum
1475 5663 1690 5721 nomina
1720 5682 1908 5722 recen-

342 5744 450 5798 set,
479 5746 524 5789 et
552 5736 777 5801 Servilii,
806 5745 851 5789 et
899 5735 1151 5797 Victricis,
1198 5743 1244 5787 et
1290 5734 1548 5806 Majorici.
1596 5737 1671 5790 Ex
1714 5736 1910 5802 quibus

344 5807 520 5875 verbis
547 5808 717 5875 liquet
743 5816 841 5860 tres
878 5806 1015 5869 illos,
1043 5818 1265 5875 quorum
1300 5804 1571 5875 Usuardus
1612 5808 1774 5861 tacuit
1816 5822 1911 5859 no-
1938 5842 1959 5855 ν

345 5872 509 5947 mina,
536 5872 702 5931 fuisse
728 5875 1031 5944 Majoricum
1052 5872 1217 5930 lilium
1240 5883 1435 5933 sancta
1464 5874 1764 5945 Dionysiae;
1789 5875 1913 5931 Ser-

2007 3777 2095 3830 alii
2128 3766 2381 3830 Emeliam
2410 3777 2609 3838 dicunt,
2642 3778 2709 3831 ab
2757 3776 2996 3830 Usuardo
3023 3786 3076 3828 et
3118 3776 3301 3830 Adone
3330 3766 3577 3828 xEmilia-

2008 3863 2103 3900 nus
2129 3849 2445 3929 appellatur:
2476 3847 2640 3929 Paulo
2667 3847 2825 3929 infra,
2861 3846 3159 3929 Sibidensis.
3191 3844 3408 3929 "Urbem
3442 3844 3580 3929 hanc

2008 3914 2243 3985 reperire
2274 3932 2379 3970 non
2406 3917 2570 3971 licuit.
2600 3917 2757 3971 Forte
2786 3917 3065 3983 legendum
3095 3914 3426 3985 Sicitibensis.
3454 3914 3576 3985 llam

2008 3983 2175 4055 enim,
2219 3993 2275 4039 ut
2321 3987 2568 4041 observat
2611 3985 2882 4055 Norisills,
2936 3983 3574 4055 utrumqueu'l‘uhurbnm

2008 4052 2220 4123 oblique
2250 4057 2605 4123 respiciebat,
2635 4072 2664 4110 a
2696 4054 2885 4122 majori
2923 4054 2990 4107 Μ.
3027 4055 3085 4108 Ρ.
3120 4054 3186 4107 18
3212 4052 3432 4106 distans.
3468 4052 3579 4106 Cu-

2006 4125 2398 4197 jusepiscopus
2418 4143 2486 4182 ex
2516 4136 2668 4195 parte
2695 4125 2905 4197 Donati,
2933 4124 3309 4197 Quadratianas
3342 4124 3576 4197 nomine,

2009 4193 2577 4260 collationi'Carthag.
2631 4194 2872 4251 interfuit
2925 4206 3040 4261 cap.
3084 4195 3205 4248 198.
3239 4193 3421 4247 Εεῐέῑ
3453 4194 3580 4247 urbs

2012 4264 2295 4320 Cilibicnsis
2325 4267 2477 4334 cujus
2528 4267 2781 4322 Tertullus
2811 4266 3090 4333 episcopus
3134 4265 3257 4334 item
3308 4263 3576 4334 Donatista

2014 4336 2068 4391 in
2098 4337 2283 4392 eadem
2316 4332 2600 4393 collatione
2629 4337 2924 4391 recensitus
2955 4332 3052 4388 fuit
3079 4349 3195 4401 cap.
3232 4332 3357 4387 206.
3391 4332 3583 4386 Zubedi

2011 4408 2227 4472 fundum
2251 4408 2304 4461 in
2324 4410 2577 4461 territorio
2618 4405 2916 4461 Fussalensi
2963 4415 3224 4461 memorat
3251 4403 3577 4473 Augustinus

2010 4477 2144 4531 libro
2165 4494 2275 4531 χχιι
2304 4478 2369 4532 de
2397 4476 2621 4533 Civitate
2653 4478 2767 4539 Dei,
2792 4492 2910 4543 cap.
2943 4477 2995 4529 8.

2081 4548 2189 4618 85
2212 4549 2238 4584 ά
2268 4548 2450 4602 Variat
2472 4548 2523 4601 in
2547 4549 2793 4602 omnibus
2810 4542 3205 4618 cedicihusloci
3225 4544 3379 4618 huius
3401 4544 3578 4618 l_e_ctio.

2010 4614 2398 4672 Chiflletianam
2421 4619 2754 4681 retinuimus,
2776 4632 2932 4685 quam
2952 4616 3206 4669 exhibent
3220 4616 3377 4669 etiam
3402 4614 3547 4678 Bign.
3563 4656 3575 4677 ,

2012 4686 2254 4742 Rhenan.
2281 4698 2333 4743 et
2356 4688 2528 4753 Bald.,
2554 4688 2656 4741 nisi
2677 4687 2839 4753 quod,
2864 4700 2959 4755 pro
2973 4686 3195 4755 Servus,
3214 4685 3405 4739 habent
3427 4685 3573 4737 servi.

2011 4759 2182 4824 Port.,
2218 4758 2360 4821 Ful.,
2391 4757 2595 4820 Germ.,
2620 4757 2797 4817 Orth.,
2824 4754 2969 4817 sun,
2998 4765 3053 4809 et
3080 4754 3375 4819 Loricbins,
3407 4769 3579 4807 servus

2009 4844 2204 4897 quoque
2232 4828 2591 4881 Tuburbitana:
2621 4828 2835 4897 civitatis
2871 4825 3127 4895 Majorus,
3157 4826 3383 4897 generosi
3409 4834 3456 4897 e_t
3487 4839 3575 4897 no-

2009 4892 2129 4951 bilis
2148 4900 2272 4964 viri,
2308 4906 2410 4952 etc.
2442 4897 2531 4953 Sic
2559 4906 2611 4952 et
2636 4896 2787 4950 Colb.
2820 4896 2879 4957 1;
2908 4892 2999 4948 sed
3033 4910 3127 4962 pro
3160 4892 3578 4964 Majorusihabet

2009 4969 2220 5038 majoris
2239 4962 2267 5033 ;’
2288 4979 2342 5022 et
2365 4968 2551 5038 Comp.
2581 4965 2901 5038 AHajoricus.
2930 4966 3082 5038 Coll).
3111 4966 3245 5038 alter
3274 4971 3332 5038 ut
3349 4962 3576 5038 Chime-

2012 5032 2147 5105 tius,
2182 5032 2281 5093 nisi
2326 5037 2465 5107 quod
2501 5032 2939 5106 habet'generosi
2968 5035 3398 5107 etrnobilis_viri._
3423 5032 3578 5086 Colb.

2013 5103 2202 5162 tertius
2244 5108 2294 5161 in
2342 5103 2577 5175 margine
2621 5103 2788 5174 prima
2833 5122 2989 5159 manu
3022 5104 3178 5175 habet
3208 5103 3399 5175 Maiori
3427 5114 3577 5175 mart.

2012 5178 2180 5233 Porro
2206 5187 2318 5232 erat
2344 5178 2394 5231 in
2425 5177 2601 5231 Africa
2634 5177 2827 5245 duplex
2858 5176 3043 5229 civitas
3074 5174 3385 5228 Tuburbium
3417 5174 3581 5236 dicta,

2011 5251 2181 5317 majus
2210 5248 2415 5302 scilicet
2455 5258 2507 5301 et
2545 5248 2730 5299 minus.
2780 5246 2847 5317 Et
2875 5247 3085 5317 quidem
3110 5246 3343 5317 “unicum
3388 5260 3450 5299 ex
3486 5246 3584 5295 hoc

2013 5314 2240 5372 Victoris
2265 5319 2382 5371 loco
2412 5325 2723 5388 martyrem,
2754 5316 2843 5385 qui
2876 5314 3061 5388 Servus
3090 5315 3385 5377 dicebatur,
3418 5324 3607 5381 aguo-‘

2011 5398 2167 5441 scunt
2198 5388 2405 5442 laudata
2430 5386 2671 5455 superius
2700 5386 3373 5455 martyrologiagrquantvis
3404 5398 3583 5455 rereng

2015 5460 2177 5513 tiores
2199 5459 2360 5526 aliqui
2388 5453 2570 5511 vocem
2598 5453 2971 5525 majorisfquae
2993 5453 3056 5507 ad
3084 5454 3327 5507 Tuburbii
3349 5453 3585 5526 revocari

2016 5528 2207 5589 debet,
2240 5522 2335 5595 pro
2360 5522 2686 5583 confessoris
2725 5522 2937 5579 nomine
2972 5526 3330 5591 accipientes,
3360 5522 3584 5595 alterum

2016 5592 2303 5667 martyrem
2337 5598 2550 5652 nomine
2598 5596 2857 5667 Majorum
2893 5601 3365 5667 excogitaverunt.
3388 5592 3459 5667 De
3484 5592 3609 5667 alia.

2016 5659 2425 5749 itera-martyre,
2460 5667 2613 5749 hujus
2634 5659 2791 5749 §ervi
2813 5659 3115 5745 occasione,
3140 5662 3400 5749 Tiburlijn
3434 5659 3623 5741 Italia‘

2015 5738 2235 5805 conﬁcto
2280 5730 2485 5808 ajqentus
2528 5730 2584 5793 in
2630 5733 3023 5792 Commentario
3071 5741 3249 5785 nostro
3299 5730 3584 5799 historico,

2016 5823 2133 5877 cap.
2169 5809 2221 5864 6.
