3988 6344
412 369 512 423 243

1694 365 1998 421 VICTORIS
2041 364 2338 418 \‘lTENSlS

3542 362 3645 419 ΞΗ

412 497 493 536 sto
513 499 639 554 quas
672 484 1009 554 pcrtulitqnis
1038 481 1262 549 explicet
1290 480 1507 550 prunas?
1541 479 1636 545 Qui
1665 488 1783 548 post
1806 479 1983 533 enidos
2007 480 2059 541 Α
2087 476 2245 532 etiam
2286 478 2373 547 qui
2413 476 2719 532 cruciabant
2763 480 3136 549 conspicerent
3180 487 3462 543 mortuam,
3501 479 3652 548 depo-

424 575 883 630 inuumerabilium
917 574 1150 637 fustium,
1183 571 1436 627 trochleis
1462 569 1837 640 frequentibus
1866 572 1979 625 ele-

332 646 344 670 ’
420 675 591 729 tatus,
641 666 764 718 dum
793 673 815 699 α
849 670 953 717 tota
994 677 1102 731 prae
1130 662 1261 717 urbe
1292 660 1573 731 penderet,
1625 662 1766 715 hunc
1808 662 1856 715 in
1895 677 1987 715 su-

416 754 578 808 blime
622 753 886 815 tollentes,
933 751 1040 806 ictu
1069 751 1229 806 celeri
1265 750 1501 805 dimissis
1531 750 1723 805 iterum
1769 750 1984 805 funibus

413 844 743 912 cannabinis,
780 858 940 912 super
966 841 1138 898 silices
1163 842 1455 911 platearum
1479 840 1715 910 pondere
1739 842 1983 910 corporis

414 938 651 1001 veniens,
694 943 753 990 ut
792 934 926 1004 lapis
973 948 1135 1003 super
1179 931 1383 1003 lapides
1421 931 1728 987 corruebat.
1776 932 1884 987 Sed
1928 941 1985 987 et

413 1028 605 1096 saepius
631 1034 875 1092 tractum,
919 1035 973 1079 et
1001 1024 1264 1094 lapidibus
1288 1023 1611 1079 acutissimis
1636 1022 1974 1093 defricatum,

413 1117 504 1191 [αι.
530 1118 607 1190 ιιι]
629 1128 683 1174 et
709 1118 917 1174 cutibus
944 1118 1226 1187 separatis,
1257 1116 1425 1186 pelles
1450 1116 1695 1185 corporis
1722 1116 1980 1171 lateribus

412 1213 679 1282 dorsoque
707 1210 918 1266 videres
940 1218 994 1264 et
1017 1208 1109 1281 [αι.
1141 1206 1348 1279 ventre]
1379 1208 1551 1262 ventri
1586 1207 1836 1277 pendere.
1876 1207 1981 1264 Iste

410 1303 516 1372 jam
551 1301 881 1372 temporibus
926 1298 1182 1356 GeiSerici
1228 1314 1332 1354 non
1366 1298 1519 1354 valde
1548 1298 1826 1354 dissimilia
1854 1312 1979 1369 per-

412 1392 625 1455 tulerat,
676 1406 745 1447 ue
792 1390 945 1445 amici
998 1388 1275 1454 cuiusdam
1324 1391 1403 1445 sui
1459 1396 1667 1445 secreta
1705 1389 1978 1445 nudaret:

411 1490 607 1552 quunlo
628 1482 793 1551 magis
821 1497 980 1547 nunc,
1015 1495 1071 1536 ut
1095 1480 1188 1553 [αι.
1212 1478 1331 1549 sua]
1362 1494 1473 1534 suae
1500 1479 1622 1535 ﬁdei
1644 1488 1983 1537 sacramenta

413 1575 675 1631 muniret?
704 1576 772 1630 Et
797 1576 843 1628 si
872 1573 1072 1630 homini
1094 1572 1259 1643 gratis
1281 1571 1508 1627 ﬁdeliter
1536 1571 1778 1627 exhibuit
1799 1571 1979 1639 ﬁdem,

412 1675 665 1736 quantum
688 1667 871 1723 debuit
896 1666 995 1733 illi,
1026 1666 1115 1736 qui
1146 1665 1451 1722 redditurus
1472 1676 1554 1721 est
1590 1679 1687 1735 pro
1716 1664 1819 1721 ﬁde
1841 1680 1982 1721 mer-

412 1761 631 1814 cedem?

2087 578 2306 623 sucrunt
2344 582 2562 638 prorsus
2606 572 2749 623 omni
2788 580 2935 638 parte
2980 571 3355 626 exanimatam.
3388 570 3516 635 Quae
3555 588 3648 640 pu-

2087 670 2197 714 stea
2230 654 2410 713 retulit
2438 659 2717 727 quamdam
2761 662 2861 714 sibi
2904 662 3161 730 virginem
3193 662 3449 727 astitisse,
3492 671 3650 731 atque

2087 749 2325 820 tetigisse
2353 749 2592 803 membra
2620 751 2848 820 singula,
2873 760 2925 805 et
2955 750 3097 805 illico
3132 749 3291 805 fuisse
3321 759 3583 807 sanatam.

2156 840 2245 894 IV.
2315 840 2592 894 Victoriam'
2637 842 2873 911 martyris
2919 842 3161 909 ﬁdes.-
3189 842 3428 909 Qualiter
3476 853 3646 895 autem

2084 930 2447 987 Adrumetiuze
2474 932 2705 988 civitatis
2730 934 2900 987 civem
2922 930 3306 997 Victorianum,
3332 939 3460 986 tunc
3480 930 3503 967 ἀ
3537 948 3625 1000 pro

2082 1026 2356 1080 consulem
2387 1025 2743 1094 Carthaginis,
2768 1024 3076 1094 prmtlicem.
3112 1025 3313 1092 nescio,
3348 1024 3649 1081 deﬁcienti-

2085 1117 2184 1171 bus
2208 1117 2403 1171 verbis.
2435 1116 2551 1184 Quo
2574 1117 2625 1171 in
2656 1118 2844 1172 Africa:
2876 1116 3111 1186 partibus
3141 1116 3317 1171 nullus
3345 1117 3507 1171 tlitior
3536 1116 3649 1181 fuit,

2082 1208 2172 1277 qui
2199 1209 2359 1262 etiam
2384 1207 2520 1277 apud
2550 1208 2766 1278 itupium
2798 1223 2978 1275 regem
3008 1223 3104 1277 pro
3132 1208 3285 1262 rebus
3319 1222 3530 1277 semper
3554 1208 3651 1262 sibi

2086 1298 2388 1353 commissis
2410 1297 2747 1353 fidelissimus
2770 1298 3081 1353 habebatur.
3106 1298 3382 1353 Mandatur
3403 1298 3450 1352 ci
3479 1312 3509 1351 a
3530 1313 3651 1367 rege

2083 1390 2436 1457 familiariter,
2490 1390 2791 1458 diciturque
2835 1389 2971 1457 quod
3007 1404 3128 1444 eum
3188 1389 3467 1444 habiturus
3509 1401 3650 1443 essm

2086 1496 2193 1551 pra:
2238 1480 2483 1534 omnibus
2515 1490 2536 1517 θ
2568 1480 2940 1543 domesticum,
2982 1481 3025 1535 si
3054 1481 3169 1550 ejus
3219 1494 3491 1551 pratcepto
3519 1482 3647 1536 iaci.

2084 1573 2188 1627 lem
2217 1570 2613 1625 commodasset
2640 1586 2938 1627 assensum.
2969 1572 3071 1627 Sed
3107 1573 3193 1628 ille
3220 1573 3301 1627 vir
3332 1572 3422 1628 Dei
3475 1573 3649 1627 missis

2082 1663 2147 1717 ad
2189 1679 2248 1720 se
2278 1664 2378 1717 tale
2407 1663 2552 1718 dedit
2579 1677 2698 1717 cum
2738 1664 2923 1719 ﬁducia
2959 1680 3147 1734 magna
3176 1680 3527 1736 responsum:
3554 1668 3647 1721 Sc-

2082 1768 2241 1809 curus
2272 1769 2370 1824 ego
2397 1768 2513 1808 snm
2545 1754 2611 1808 de
2634 1754 2849 1809 Christo
2883 1756 2988 1809 Deo
3017 1765 3071 1811 et
3100 1756 3326 1811 Domino
3353 1772 3493 1811 meo.
3532 1757 3650 1811 llaec

483 1852 569 1909 ΙΙΙ.
613 1851 846 1905 Victoria:
866 1849 1132 1921 fortitudo.
1154 1880 1223 1891 —
1244 1849 1299 1904 lu
1321 1849 1534 1905 civitate
1564 1864 1690 1904 vero
1716 1847 1743 1889 ι’
1770 1848 1978 1905 Culusi-
2012 1852 2061 1914 Β
2086 1843 2197 1914 regi
2234 1843 2421 1899 dicatis
2456 1861 2469 1898 :
2503 1844 2751 1914 Subrigat
2799 1845 3029 1915 ignibus,
3077 1846 3254 1916 adigat
3304 1848 3509 1912 bestiis,
3561 1864 3646 1900 ex-

412 1951 532 1996 tztua
586 1960 690 1998 non
731 1944 879 1998 valeo
926 1958 1043 2013 quas
1081 1953 1229 2012 gesta
1274 1952 1399 1998 sunt
1445 1944 1711 2009 nuntiare,
1761 1944 1883 2013 quia
1923 1954 1976 2000 et

411 2035 581 2103 ipsam
612 2033 957 2104 quantitatcm
986 2041 1277 2104 martyrum
1308 2033 1388 2087 vel
1419 2033 1579 2087 etiam
1608 2034 1976 2089 eonfessorum

412 2128 741 2196 impossibile
779 2136 860 2182 est
890 2127 1089 2187 homini
1120 2135 1429 2195 supputare.
1466 2127 1562 2182 Ubi
1590 2128 1835 2195 quaedam
1868 2142 1978 2181 ma-

415 2228 592 2283 trona,
616 2216 823 2273 auctrix
853 2216 933 2270 sui
967 2215 1197 2270 nominis
1229 2216 1484 2281 Victoria,
1523 2215 1648 2269 dum
1679 2217 1728 2270 in
1757 2231 1981 2285 conspe—

411 2317 495 2362 ctu
528 2308 670 2377 vulgi
698 2308 1002 2365 continuato
1028 2307 1318 2377 suspendio
1345 2317 1697 2373 cremaretur,
1734 2323 1763 2362 a
1788 2308 1979 2362 marito

410 2400 513 2470 jam
566 2399 775 2468 perdito
824 2397 948 2453 ﬁliis
1008 2399 1357 2468 praisentibus
1414 2399 1591 2454 taliter
1647 2398 1977 2468 rogabatur:

411 2491 545 2559 Quid
587 2492 783 2560 pateris
827 2490 1095 2559 conjuux?
1135 2490 1191 2547 Si
1233 2506 1317 2545 me
1357 2491 1606 2560 despicis,
1654 2493 1736 2546 vel
1791 2492 1979 2547 horum

410 2584 667 2638 miserere
698 2596 827 2651 quos
855 2584 1113 2651 genuisti,
1163 2584 1343 2651 impia,
1385 2585 1747 2653 parvulorum.
1801 2585 1979 2650 Quare

414 2671 748 2727 Oblivisceris
777 2671 912 2725 uteri
947 2671 1043 2735 tui,
1076 2681 1130 2727 et
1168 2686 1264 2741 pro
1303 2672 1471 2727 nihilo
1507 2672 1658 2729 ducis
1688 2688 1821 2743 quos
1860 2689 1978 2727 cum

413 2764 612 2833 gemitu
653 2762 947 2831 peperisti?
993 2761 1090 2817 Ubi
1125 2772 1249 2816 sunt
1277 2762 1475 2817 ftedera
1505 2761 1801 2832 conjugalis
1831 2779 1980 2818 amo-

412 2854 521 2906 ris?
552 2851 639 2905 ubi
667 2852 933 2907 societatis
954 2851 1163 2906 vincula
1190 2892 1205 2918 ,
1236 2867 1354 2922 quae
1378 2852 1516 2908 inter
1542 2867 1638 2906 nos
1660 2852 1858 2908 dudum
1884 2852 1982 2907 ho-

413 2945 633 2999 nestatis
666 2945 785 3013 jure
836 2944 1031 2999 tabulm
1067 2946 1385 3015 conscriptae
1422 2944 1704 3000 fecerunt?
1732 2946 1978 3016 Respice,

413 3049 615 3103 qumso,
649 3034 784 3089 ﬁlios
821 3049 883 3088 ac
909 3034 1177 3101 maritum,
1212 3044 1264 3088 et
1294 3036 1451 3105 regia:
1467 3035 1728 3105 jussiOuis
1758 3036 1982 3105 implere

411 3124 606 3180 festina
628 3133 973 3196 praeceptum,
997 3135 1054 3180 ut
1076 3134 1127 3179 et
1148 3125 1482 3180 imminentia
1513 3125 1687 3180 adhuc
1716 3135 1977 3181 tormenta

2080 1936 2284 1993 cruciet
2309 1937 2592 2006 generibus
2618 1937 2854 1991 omnium
2888 1946 3293 1992 tormentorum.
3336 1938 3390 1993 Si
3422 1954 3648 1994 consen-

2078 2044 2222 2095 sero,
2253 2031 2447 2084 frustra
2493 2042 2611 2082 sum
2658 2029 2708 2083 in
2751 2028 2990 2083 Ecclesia
3031 2028 3291 2083 catholica
3333 2029 3645 2098 baptizatua

2080 2119 2213 2175 Nam
2244 2120 2291 2174 si
2320 2119 2433 2174 haec
2463 2134 2702 2189 praesens
2728 2120 2834 2173 vita
2863 2120 2975 2173 sola
3007 2119 3213 2184 fuisset,
3243 2119 3349 2190 50
3374 2129 3427 2174 ct
3472 2121 3646 2184 aliam,

2085 2226 2205 2280 quae
2226 2225 2351 2265 vere
2369 2219 2473 2278 est,
2500 2226 2603 2265 non
2628 2225 2966 2280 speraremus
2988 2218 3263 2277 arternam,
3289 2226 3387 2265 nec
3417 2212 3487 2266 ita
3525 2210 3540 2247 τ
3572 2210 3646 2263 fa-

2082 2318 2258 2358 cerem
2282 2303 2416 2358 utad
2435 2302 2701 2358 modicum
2727 2313 2887 2371 atque
2908 2306 3269 2372 temporaliter
3289 2303 3571 2372 gloriarer,
3599 2314 3648 2358 t-t

2081 2392 2318 2463 ingratus
2347 2392 2636 2449 existerem
2678 2393 2724 2448 ei
2756 2393 2843 2463 qui
2875 2407 3023 2447 suam
3058 2393 3214 2448 ﬁdem
3247 2395 3375 2448 mihi
3405 2396 3645 2461 contulit,

2083 2484 2173 2556 [aL
2205 2483 2481 2557 creditori]
2510 2485 2774 2542 Creatori.
2803 2486 2882 2540 Ad
2919 2486 3058 2554 quod
3083 2495 3339 2558 tyrannus
3368 2489 3647 2553 excitatus,

2082 2589 2401 2647 quantorum
2434 2586 2758 2647 temporum,
2790 2587 2844 2632 et
2873 2577 3083 2646 quantis
3104 2594 3224 2632 eum
3249 2577 3432 2633 afﬂixit
3457 2579 3646 2648 pinnis,

2084 2671 2346 2726 humanus
2371 2686 2549 2727 sermo
2574 2687 2679 2725 non
2703 2672 2895 2739 poterit
2913 2670 3207 2740 explicare.
3232 2671 3328 2738 Qui
3358 2670 3649 2739 tripudians

2083 2762 2138 2817 iu
2185 2762 2435 2829 Domino,
2474 2762 2807 2832 feliciterque
2846 2775 3246 2827 consummans,
3290 2763 3645 2833 martyrialeut

2083 2868 2335 2911 coronam
2369 2854 2600 2922 accepit.

2154 2945 2220 3001 V.
2254 2944 2460 3000 Fratres
2499 2945 2602 2998 duo
2640 2944 2972 3015 confessores.
2997 2975 3067 2984 —
3094 2944 3246 3015 Apud
3277 2954 3300 2992 ε
3325 2944 3643 2999 Tatnbaicn-

2084 3053 2196 3092 sem
2244 3052 2455 3107 quoque
2500 3037 2771 3092 civitatem
2818 3045 2966 3106 gesta
3004 3036 3123 3106 quis
3162 3046 3320 3104 queat
3358 3038 3645 3093 certamina

2084 3138 2377 3199 martyrum
2400 3129 2707 3198 explicare?
2736 3127 2831 3184 Ubi
2857 3128 2961 3184 duo
2981 3129 3221 3199 germani
3245 3127 3437 3184 fratres
3458 3129 3644 3198 Aquis-

414 3220 656 3285 lucreris,
680 3219 837 3273 simul
860 3227 913 3272 et
942 3218 1069 3272 mihi
1097 3217 1312 3272 doneris
1341 3227 1395 3273 et
1419 3218 1603 3273 liberis
1624 3218 1842 3274 nostris.
1870 3217 1970 3274 Sed
1998 3227 2044 3289 ο
2078 3222 2335 3292 Regensfs
2383 3221 2641 3285 civitatis,
2687 3219 2788 3275 sibi
2831 3220 3006 3276 securi
3049 3221 3116 3275 de
3152 3221 3376 3276 Domino
3424 3222 3644 3277 invicem

415 3314 501 3367 illa
542 3327 639 3367 nec
664 3312 891 3366 filiorum
931 3312 1106 3376 ﬂetus,
1144 3325 1243 3366 nec
1275 3311 1538 3381 serpentis
1567 3311 1788 3367 audiens
1820 3311 1971 3364 blan-

414 3403 667 3468 dimenta,
715 3412 737 3441 ε
778 3402 1023 3456 aﬁ‘ectum
1056 3402 1222 3456 multo
1268 3403 1427 3456 altius
1473 3403 1687 3458 elevans
1730 3417 1760 3456 a
1806 3411 1969 3467 terra,

412 3494 663 3549 mundum
703 3509 823 3548 cum
877 3496 985 3549 suis
1034 3494 1318 3551 desideriis
1362 3496 1757 3550 contemnebat.
1805 3495 1974 3562 Quam

412 3598 526 3636 cum
572 3583 682 3652 jam
726 3582 1129 3638 continuatione
1168 3582 1440 3653 suspendii
1476 3583 1678 3638 avulsis
1718 3583 1972 3650 humeris,

445 3735 448 3739 ’
481 3750 505 3777 ι
536 3740 626 3795 Sic
651 3739 803 3794 Culh.
837 3740 861 3792 l
898 3746 951 3792 et
979 3739 1109 3794 edit.
1151 3737 1278 3794 duo.
1308 3738 1411 3793 Alii
1440 3752 1659 3806 omnes,
1701 3747 1857 3794 totam
1887 3757 1976 3807 per

388 3812 579 3871 urbem
601 3826 621 3865 :
649 3824 768 3878 qua:
799 3809 954 3864 lectio
988 3809 1293 3864 conﬁrmari
1325 3817 1499 3875 potest
1540 3825 1603 3863 ex
1632 3813 1976 3879 sequentibus

407 3882 605 3945 verbis,
629 3881 717 3934 ubi
741 3890 956 3951 sanctus
978 3892 1177 3951 martyr
1197 3895 1350 3951 super
1367 3879 1531 3951 silices
1556 3882 1838 3947 platearum
1856 3898 1976 3935 cur-

407 3951 576 4005 ruisse
592 3952 806 4021 dicitur.
828 3950 1196 4004 Deduccbatur
1217 3950 1353 4021 forte
1373 3965 1435 4004 ex
1461 3950 1629 4018 platea
1653 3952 1704 4003 in
1724 3952 1971 4021 plateam.

407 4021 567 4085 Infra,
594 4020 807 4090 Comp.,
840 4035 938 4090 pro
966 4022 1216 4079 dimissis,
1249 4020 1407 4074 habet
1433 4022 1695 4075 dimissus.

476 4090 503 4129 δ
547 4093 686 4148 Urbs
716 4103 794 4147 est
825 4092 877 4146 in
909 4090 1309 4155 Proconsulari,
1338 4091 1489 4159 cujus
1519 4090 1835 4145 /Emilianus
1859 4094 1971 4157 epi-

404 4178 595 4232 seopus
624 4165 678 4215 in
718 4161 911 4232 Notitia
940 4171 1272 4232 recensetur.
1304 4160 1377 4215 De
1403 4176 1504 4229 qua
1537 4161 1665 4215 urbe
1696 4162 1845 4231 plura
1877 4163 1970 4217 ba-

405 4230 581 4287 bes'in
603 4232 742 4285 notia
764 4231 827 4284 ad
860 4231 1106 4285 Notitiam
1140 4230 1294 4284 infra.

476 4312 500 4340 ο
538 4300 686 4354 (lolb.
729 4302 753 4353 1
797 4308 853 4353 et
886 4300 1036 4354 Ortb.
1079 4314 1200 4357 cum
1234 4298 1508 4364 Loricbio,
1556 4309 1810 4358 aspectum
1849 4318 1971 4356 ocu-

404 4372 569 4424 lorum
598 4371 776 4424 multo.
805 4366 958 4421 Colb.
984 4368 1138 4432 alter,
1173 4368 1357 4434 a/fectu
1386 4370 1543 4422 multo
1571 4369 1726 4422 altius
1754 4370 1965 4427 elevata.

472 4438 497 4475 ά
533 4439 640 4491 Hoc
671 4439 884 4493 nomine
926 4438 1298 4507 intelligi-udus
1327 4437 1442 4500 hic,
1472 4447 1528 4490 ut
1557 4448 1714 4505 puto,
1745 4449 1827 4493 est
1856 4456 1965 4493 ms-

401 4508 652 4575 gistratus
678 4508 869 4576 aliquis
893 4521 922 4560 a
951 4522 1077 4576 rege
1098 4508 1389 4573 institutus,
1415 4508 1504 4576 qui
1525 4509 1613 4576 jus
1634 4508 1853 4572 diceret,
1875 4525 1967 4564 ve-

403 4580 495 4631 luti
546 4578 732 4632 umbra
780 4577 1018 4646 quoniam
1071 4576 1429 4631 Romanorum
1481 4580 1857 4644 proconsulum
1911 4583 1967 4636 in

400 4647 602 4702 Africa.
636 4648 996 4703 Victorianum
1026 4648 1183 4702 simul
1212 4662 1333 4701 cum
1361 4647 1565 4701 duobus
1590 4650 1859 4706 germanis
1886 4652 1965 4706 iu-

401 4719 479 4772 fra
527 4719 754 4772 laudatis
791 4717 1062 4788 celebrant
1100 4718 1309 4786 vulgata
1348 4717 1729 4788 martyrologia
1773 4720 1859 4775 die
1895 4720 1964 4776 25

401 4788 593 4843 Martii.
627 4788 992 4859 Iisinterserit
1020 4787 1318 4859 Galesinius
1347 4786 1589 4859 Verulana
1617 4786 1670 4843 et
1697 4789 1858 4859 alios,
1896 4792 1965 4847 de

2079 3312 2434 3382 bjuraverunt
2465 3321 2521 3366 ut
2551 3320 2801 3381 rogarent
2832 3321 3060 3367 tortores
3093 3321 3153 3367 ut
3184 3329 3284 3368 una
3318 3329 3471 3383 poena
3503 3318 3642 3385 pari-

2085 3418 2187 3472 que
2203 3402 2458 3475 supplicio
2480 3412 2880 3473 torquerentur.
2902 3403 2967 3458 Et
2987 3403 3113 3458 dum
3139 3405 3311 3472 primo
3330 3406 3637 3475 suspendio,

2087 3496 2311 3549 molibus
2361 3496 2590 3565 lapidum
2628 3495 2850 3565 pedibus
2892 3498 3141 3566 alligatis,
3176 3507 3285 3553 tota
3330 3500 3417 3555 die
3449 3502 3645 3571 pende-

2085 3597 2222 3641 runt.
2255 3601 2389 3641 unus
2415 3585 2625 3643 illorum
2655 3584 2840 3646 petivit
2865 3602 2922 3643 se
2950 3584 3170 3658 deponi,
3200 3600 3253 3643 et
3282 3589 3381 3645 sibi
3414 3591 3645 3647 inducias

2081 3745 2639 3821 troversias,_quonun
2662 3746 2827 3821 gratia
2855 3755 3069 3821 sanctus
3091 3747 3278 3821 doctor
3300 3749 3499 3819 aliquot
3518 3767 3644 3821 opu-

2078 3815 2223 3893 scula
2270 3816 2455 3893 edidit.
2491 3815 2901 3893 Deniqne_b_ane
2942 3818 3125 3893 urbem
3145 3858 3160 3883 ,
3190 3815 3401 3893 “Sinam-
3429 3815 3642 3893 Nigrum

2077 3885 2704 3962 aliquandoappellatam
2731 3886 3162 3962 fuisseobservat
3182 3885 3640 3962 Oxouicusis'Ope-

2079 3972 2195 4008 rum
2219 3970 2245 4009 s
2264 3958 2385 4010 ιιιοιί
2413 3956 2662 4024 Cypriani
2685 3955 2936 4011 editionis
2958 3967 3163 4024 auctor,
3192 3960 3243 4014 in
3267 3963 3409 4016 uotis
3432 3963 3497 4015 ad
3519 3955 3641 4018 con-

2078 4027 2253 4079 cilium
2283 4026 2553 4094 Cartltag.,
2589 4042 2736 4079 num.
2766 4027 2818 4080 5.

2151 4107 2173 4133 ε
2217 4096 2338 4150 Ηλιπο
2368 4112 2467 4151 vos
2491 4099 2644 4167 deest
2670 4097 2720 4151 in
2748 4097 2899 4167 Colb.
2920 4098 2976 4161 2,
3005 4097 3183 4163 ηδτιη
3208 4099 3444 4165 Lorich.,
3465 4104 3639 4167 0rtb.,

2080 4164 2250 4242 Rhea.
2273 4207 2286 4230 ,
2319 4176 2424 4242 etc.
2456 4168 2524 4223 At
2550 4164 2702 4242 Golb.
2800 4166 2960 4222 habet
2998 4168 3135 4237 quod
3177 4187 3291 4224 eam
3328 4188 3502 4226 eorum
3539 4164 3645 4242 prce

2077 4238 2312 4321 omnibus
2333 4235 2553 4321 haberet.
2591 4237 2652 4288 Et
2682 4235 3210 4321 inl'ra,nsecurus"ego,
3241 4250 3343 4296 etc.
3377 4244 3472 4321 Sic
3490 4235 3645 4299 Lori-

2075 4307 2245 4383 chius.
2274 4305 2490 4383 Caleteri,
2521 4307 2812 4383 securitatis
2829 4307 3036 4383 Pam...
3066 4305 3201 4364 Dico»
3223 4325 3338 4380 qua:
3364 4316 3506 4383 regi,
3534 4324 3643 4371 etc.

2074 4372 2237 4448 MartL
2257 4387 2312 4448 et
2336 4372 2544 4448 comi»,
2581 4374 2711 4448 Haec
2732 4378 2861 4448 regi,
2882 4388 2990 4433 etc.

2150 4442 2168 4480 ί
2201 4443 2353 4498 Colb.
2393 4446 2428 4498 2
2459 4442 2580 4500 cum
2623 4442 3051 4518 editis'aliquot,
3102 4451 3330 4522 fecissem
3362 4454 3429 4507 ad
3470 4456 3642 4509 modi-

2150 4530 2256 4566 at...
2277 4513 2509 4566 alort'an'.

2072 4528 2256 4567 cum...
2277 4528 2509 4585 gtortan.

2075 4651 2116 4666 Μ
2145 4592 2169 4628 κ
2202 4584 2380 4666 μέλη..
2409 4584 2637 4666 Colbz‘et
2660 4588 2841 4666 Orthl,
2863 4588 3285 4666 Tambgdenseut.
3304 4591 3455 4649 Colb.
3478 4594 3639 4660 alter,

2075 4651 2510 4735 Tambianenseut.
2545 4655 2660 4711 Ful.
2688 4668 2741 4712 et
2780 4651 2989 4735 Gem},
3019 4658 3436 4735 Tambudenwttt.
3460 4651 3640 4735 Apud

2070 4724 2423 4802 Augustian
2454 4726 2593 4802 libro
2614 4744 2685 4782 vn
2706 4738 2888 4802 contra
2921 4724 3240 4802 Donatistas,
3265 4747 3386 4802 cap.
3409 4733 3503 4800 44,
3533 4724 3641 4792 ine-

2072 4803 2311 4867 nioratur
2338 4796 2661 4867 Secundinus
2680 4800 2945 4867 episcopus
2971 4817 3003 4853 a
3024 4797 3278 4867 Tambais,
3310 4796 3399 4867 qui
3428 4796 3640 4859 incon—

401 4858 593 4942 q‘uibu‘s
634 4858 1018 4942 infranagemus
1046 4859 1096 4939 iu
1127 4856 1526 4942 Commentario
1554 4857 1811 4942 historico
1989 4881 2043 4942 Β
2068 4864 2189 4917 cilio
2220 4863 2593 4942 Carthag._sub
2622 4856 2806 4942 sasi_cto
2834 4856 3123 4942 Cypri-auo,
3152 4856 3297 4926 num.
3323 4856 3637 4936 80,7diciiur

400 4927 487 4980 lt).
535 4929 609 4983 De
647 4930 728 4985 his
768 4927 1093 4982 Bollaudiani
1134 4929 1199 4982 21
1253 4928 1529 4987 Februarii
1567 4939 1621 4983 et
1655 4930 1729 4983 25
1759 4927 1961 4998 Martii;

397 5012 511 5071 quo
548 5000 679 5071 item
721 4999 807 5053 die
836 5000 887 5051 in
927 5006 1141 5071 vetusto
1164 4998 1483 5071 calendario
1506 4999 1791 5067 Capuano,
1821 5006 1961 5071 quod

397 5067 617 5137 Michael
655 5070 942 5122 monachus
986 5067 1175 5135 publici
1214 5069 1349 5137 juris
1390 5068 1515 5123 fecit
1558 5071 1613 5123 in
1659 5067 1961 5126 sanctuario

398 5136 680 5203 Capuauo,
713 5137 965 5193 festivitas
995 5140 1255 5193 indicatur
1284 5141 1444 5192 sancti
1479 5138 1760 5194 νέοιονὶΜὶ
1801 5152 1848 5194 et
1875 5159 1959 5197 so-

396 5207 737 5281 ciorumejus
764 5213 1063 5281 martytfum.
1095 5208 1258 5281 Porro
1292 5207 1581 5281 Victoriani
1610 5210 1725 5281 ejus
1760 5210 1829 5266 de
1853 5228 1959 5281 quo

398 5275 481 5348 hic
524 5275 732 5348 agimus
772 5275 1021 5345 reliquias
1067 5280 1266 5348 aliquot
1308 5294 1369 5333 se
1419 5278 1614 5335 habere
1640 5275 1959 5348 'glorian'tur

394 5344 749 5421 l:e9_t_lienses_,
793 5344 1111 5421 attestatur
1148 5344 1445 5421 Saussayus
1475 5352 1527 5403 iu
1577 5344 1955 5421 martyrologio

393 5414 785 5487 Callicanodie
820 5417 890 5470 25
920 5416 1108 5472 Martii.
1155 5414 1502 5474 Adrumetqu
1548 5414 1959 5487 porro'celebris

392 5494 507 5560 erat.
533 5487 657 5560 urbs
679 5486 730 5539 in
747 5487 922 5541 Africa
941 5527 955 5550 ,
986 5490 1267 5560 ttyzacenae
1290 5486 1572 5558 provincia:
1591 5499 1775 5557 caput,
1802 5492 1954 5560 cujus

394 5554 541 5609 Felix
568 5557 849 5626 episcopus
884 5554 1040 5624 supra
1073 5558 1163 5612 lib.
1194 5574 1243 5623 ι,
1270 5554 1413 5611 rium.
1449 5561 1507 5626 7,
1533 5576 1565 5614 a
1598 5554 1810 5615 Victore
1838 5554 1951 5615 uie-

391 5636 648 5697 t_noratur.
681 5623 835 5681 Plura
874 5623 1064 5681 debac
1102 5628 1230 5682 urbe
1255 5623 1543 5697 congerere
1575 5631 1758 5685 inutile
1784 5642 1951 5687 esset.

335 5706 357 5767 1‘
390 5692 603 5749 Famosi
623 5697 770 5767 luere
784 5699 949 5751 sancti
973 5698 1249 5767 Augustini
1268 5692 1594 5766 temporibus
1617 5701 1959 5758 Adrumetiu't

389 5766 654 5829 monachi,
682 5767 750 5819 ob
775 5778 941 5821 motas
966 5769 1031 5822 ile
1053 5760 1227 5822 Cratia
1249 5777 1301 5822 et
1329 5760 1800 5826 Prmtlestinatione
1819 5787 1949 5827 con-

2067 4945 2260 5003 martyr
2282 4935 2637 4991 Secundiamts
2654 4956 2686 4991 α
2699 4935 3061 4995 ΤΙιωηῦέίιιη
3083 4935 3480 4999 NotitiaAfrica
3493 4946 3636 5000 inter

2065 5004 2368 5081 Byzaceaos
2388 5007 2592 5081 APatres‘
2617 5018 2923 5064 recensetur
2954 5011 3065 5081 86
3098 5012 3369 5071 Servusdci
3398 5012 3633 5070 Tambsi-

2065 5083 2235 5129 tauus.
2265 5075 2343 5155 De
2388 5076 2486 5155 hac
2516 5078 2647 5133 urbe
2687 5088 2738 5155 et
2767 5075 3221 5155 Aquis_thgiettsi
3241 5125 3257 5149 ,
3302 5083 3390 5137 hic
3422 5099 3637 5155 quoque

2063 5153 2375 5210 inemorata,
2402 5146 2521 5202 vide
2547 5156 2701 5201 nouis
2722 5151 2777 5203 iu
2806 5146 3294 5207 Notitiam'Africas.

2134 5213 2160 5251 ιλ
2192 5214 2334 5277 Fu|.,
2364 5218 2703 5273 intraverunt.
2736 5220 2977 5292 Rheno.
2999 5262 3014 5286 ,
3046 5222 3225 5276 Cbifﬂ.
3256 5231 3309 5277 et
3338 5223 3427 5278 alii
3470 5224 3637 5292 editi,

2051 5285 2354 5364 iuraverunt
2382 5297 2428 5339 et
2458 5298 2781 5364 rogaverunt.
2814 5291 2979 5344 Paulo
3004 5285 3136 5345 infra
3166 5294 3449 5361 exponitur
3474 5285 3634 5364 quale

2061 5354 2231 5409 fuerat
2258 5371 2441 5410 eorum
2469 5354 2830 5425 inminentem
2853 5403 2865 5423 ,
2898 5376 3016 5416 cum
3042 5354 3389 5418 eorum'alter
3418 5354 3503 5418 ad'
3525 5366 3632 5421 [ηε

2062 5436 2199 5505 trem
2234 5425 2549 5505 titubantem
2598 5428 2730 5505 dixit
2763 5445 2782 5483 :
2815 5431 2989 5505 Super
3018 5448 3213 5505 corpus
3247 5444 3294 5487 et
3330 5436 3631 5505 sattgttéasm

2059 5493 2245 5548 Christi
2264 5499 2580 5565 juraoimus.
2604 5498 2721 5553 Jam
2747 5501 2846 5555 sub
2872 5493 3055 5555 saeculi
3084 5493 3220 5556 téstii
3254 5493 3493 5559 mediiis
3524 5507 3629 5560 No-

2056 5566 2297 5619 vatianus
2328 5565 2853 5643 schismaticussuos
2871 5573 3051 5639 jurat-e
3081 5577 3305 5641 cogebat
3330 5591 3483 5643 super
3513 5592 3631 5629 cos-

2056 5651 2150 5705 pus
2189 5646 2235 5713 et
2264 5637 2567 5713 sanguinem
2603 5637 2793 5713 arma
2819 5637 2960 5710 quod
2992 5637 3257 5713 nunquam
3288 5646 3361 5698 ad
3391 5637 3625 5702 Caunii

2058 5706 2323 5774 pontiﬁcis
2349 5716 2525 5774 partes
2549 5706 2855 5764 tramireut'.
