  <div class='ocr_page' id='page_1' title='image "/cluster/home/n/w/nwhite01/storage/ocr_20150623/58/hvd.32044073505240/132.png"; bbox 0 0 3988 6344; ppageno 0'>
   <div class='ocr_carea' id='block_1_1' title="bbox 280 375 386 433">
    <p class='ocr_par' dir='ltr' id='par_1_1' title="bbox 280 375 386 433">
     <span class='ocr_line' id='line_1_1' title="bbox 280 375 386 433; baseline 0.009 -2"><span class='ocrx_word' id='word_1_1' title='bbox 280 375 386 433; x_wconf 69' lang='grc'><strong>215</strong></span> 
     </span>
    </p>
   </div>
   <div class='ocr_carea' id='block_1_2' title="bbox 1242 363 2610 439">
    <p class='ocr_par' dir='ltr' id='par_1_2' title="bbox 1242 363 2610 439">
     <span class='ocr_line' id='line_1_2' title="bbox 1242 363 2610 439; baseline 0 -10"><span class='ocrx_word' id='word_1_2' title='bbox 1242 371 1332 429; x_wconf 85' lang='lat' dir='ltr'><strong>DE</strong></span> <span class='ocrx_word' id='word_1_3' title='bbox 1370 363 1886 428; x_wconf 74' lang='lat' dir='ltr'><strong>PERSECUTIONE</strong></span> <span class='ocrx_word' id='word_1_4' title='bbox 1924 363 2315 425; x_wconf 72' lang='grc' dir='ltr'><strong>γΑΝῡΑιιθΑ</strong></span> <span class='ocrx_word' id='word_1_5' title='bbox 2353 368 2483 431; x_wconf 83' lang='lat' dir='ltr'><strong>LIB.</strong></span> <span class='ocrx_word' id='word_1_6' title='bbox 2523 368 2610 439; x_wconf 77' lang='lat' dir='ltr'><strong>v.,</strong></span> 
     </span>
    </p>
   </div>
   <div class='ocr_carea' id='block_1_3' title="bbox 2920 312 3176 327">
    <p class='ocr_par' dir='ltr' id='par_1_3' title="bbox 2920 312 3176 327">
     <span class='ocr_line' id='line_1_3' title="bbox 2920 312 3176 327; baseline -0.004 -9"><span class='ocrx_word' id='word_1_7' title='bbox 2920 312 2989 321; x_wconf 43' lang='grc' dir='ltr'><strong>..ν-...γ</strong></span> <span class='ocrx_word' id='word_1_8' title='bbox 3046 312 3051 317; x_wconf 71' lang='grc' dir='ltr'>ι</span> <span class='ocrx_word' id='word_1_9' title='bbox 3082 314 3085 315; x_wconf 50' lang='grc' dir='ltr'><em>ν</em></span> <span class='ocrx_word' id='word_1_10' title='bbox 3143 319 3176 327; x_wconf 46' lang='grc' dir='ltr'><strong>,η</strong></span> 
     </span>
    </p>
   </div>
   <div class='ocr_carea' id='block_1_4' title="bbox 3314 323 3541 433">
    <p class='ocr_par' dir='ltr' id='par_1_4' title="bbox 3314 323 3541 433">
     <span class='ocr_line' id='line_1_4' title="bbox 3314 323 3541 433; baseline 0.009 -2"><span class='ocrx_word' id='word_1_11' title='bbox 3434 371 3541 433; x_wconf 78' lang='lat' dir='ltr'><strong>sta</strong></span> 
     </span>
    </p>
   </div>
   <div class='ocr_carea' id='block_1_5' title="bbox 287 478 3536 555">
    <p class='ocr_par' dir='ltr' id='par_1_5' title="bbox 287 478 3536 555">
     <span class='ocr_line' id='line_1_5' title="bbox 287 478 3536 555; baseline 0 -13"><span class='ocrx_word' id='word_1_12' title='bbox 287 479 415 543; x_wconf 86' lang='lat' dir='ltr'><strong>dari.</strong></span> <span class='ocrx_word' id='word_1_13' title='bbox 446 483 541 542; x_wconf 81' lang='lat' dir='ltr'><strong>Cui</strong></span> <span class='ocrx_word' id='word_1_14' title='bbox 566 486 733 543; x_wconf 86' lang='lat' dir='ltr'><strong>frater</strong></span> <span class='ocrx_word' id='word_1_15' title='bbox 762 488 927 555; x_wconf 88' lang='lat' dir='ltr'><strong>alius,</strong></span> <span class='ocrx_word' id='word_1_16' title='bbox 962 495 1204 542; x_wconf 89' lang='lat' dir='ltr'><strong>metuens</strong></span> <span class='ocrx_word' id='word_1_17' title='bbox 1234 501 1302 541; x_wconf 89' lang='lat' dir='ltr'><strong>ne</strong></span> <span class='ocrx_word' id='word_1_18' title='bbox 1333 485 1489 541; x_wconf 85' lang='lat' dir='ltr'><strong>fidem</strong></span> <span class='ocrx_word' id='word_1_19' title='bbox 1520 490 1765 555; x_wconf 86' lang='lat' dir='ltr'><strong>negaret,</strong></span> <span class='ocrx_word' id='word_1_20' title='bbox 1791 480 1861 536; x_wconf 89' lang='lat' dir='ltr'><strong>de</strong></span> <span class='ocrx_word' id='word_1_21' title='bbox 1883 478 1940 542; x_wconf 80' lang='grc' dir='ltr'><strong>Δ</strong></span> <span class='ocrx_word' id='word_1_22' title='bbox 1965 480 2106 535; x_wconf 88' lang='lat' dir='ltr'><strong>mina</strong></span> <span class='ocrx_word' id='word_1_23' title='bbox 2140 489 2524 538; x_wconf 91' lang='lat' dir='ltr'><strong>tormentorum</strong></span> <span class='ocrx_word' id='word_1_24' title='bbox 2553 483 2749 553; x_wconf 88' lang='lat' dir='ltr'><strong>poterit</strong></span> <span class='ocrx_word' id='word_1_25' title='bbox 2783 481 3019 543; x_wconf 79' lang='lat' dir='ltr'><strong>edicere.</strong></span> <span class='ocrx_word' id='word_1_26' title='bbox 3039 480 3328 554; x_wconf 54' lang='lat' dir='ltr'><strong>Quaeres“</strong></span> <span class='ocrx_word' id='word_1_27' title='bbox 3348 482 3536 544; x_wconf 82' lang='lat' dir='ltr'><strong>hodie-</strong></span> 
     </span>
    </p>
   </div>
   <div class='ocr_carea' id='block_1_6' title="bbox 212 573 1859 646">
    <p class='ocr_par' dir='ltr' id='par_1_6' title="bbox 212 573 1859 646">
     <span class='ocr_line' id='line_1_6' title="bbox 212 573 1859 646; baseline -0.004 -13"><span class='ocrx_word' id='word_1_28' title='bbox 212 620 217 625; x_wconf 75' lang='lat'><strong>.</strong></span> <span class='ocrx_word' id='word_1_29' title='bbox 288 576 571 646; x_wconf 84' lang='lat' dir='ltr'><strong>suspendio</strong></span> <span class='ocrx_word' id='word_1_30' title='bbox 592 578 891 633; x_wconf 87' lang='lat' dir='ltr'><strong>clamabat:</strong></span> <span class='ocrx_word' id='word_1_31' title='bbox 909 577 1053 643; x_wconf 83' lang='lat' dir='ltr'><strong>Noli,</strong></span> <span class='ocrx_word' id='word_1_32' title='bbox 1073 578 1204 641; x_wconf 91' lang='lat' dir='ltr'><strong>noli,</strong></span> <span class='ocrx_word' id='word_1_33' title='bbox 1224 576 1416 642; x_wconf 86' lang='lat' dir='ltr'><strong>frater;</strong></span> <span class='ocrx_word' id='word_1_34' title='bbox 1444 590 1550 630; x_wconf 86' lang='lat' dir='ltr'><strong>non</strong></span> <span class='ocrx_word' id='word_1_35' title='bbox 1570 573 1859 644; x_wconf 86' lang='lat' dir='ltr'><strong>itajuravi-</strong></span> 
     </span>
    </p>
   </div>
   <div class='ocr_carea' id='block_1_7' title="bbox 287 667 1856 735">
    <p class='ocr_par' dir='ltr' id='par_1_7' title="bbox 287 667 1856 735">
     <span class='ocr_line' id='line_1_7' title="bbox 287 667 1856 735; baseline -0.004 -9"><span class='ocrx_word' id='word_1_36' title='bbox 287 686 401 726; x_wconf 88' lang='lat' dir='ltr'><strong>mus</strong></span> <span class='ocrx_word' id='word_1_37' title='bbox 426 668 662 725; x_wconf 77' lang='lat' dir='ltr'><strong>Christo.</strong></span> <span class='ocrx_word' id='word_1_38' title='bbox 691 670 969 727; x_wconf 80' lang='lat' dir='ltr'><strong>Accusabo</strong></span> <span class='ocrx_word' id='word_1_39' title='bbox 991 679 1043 724; x_wconf 91' lang='lat' dir='ltr'><strong>te</strong></span> <span class='ocrx_word' id='word_1_40' title='bbox 1056 684 1175 723; x_wconf 91' lang='lat' dir='ltr'><strong>cum</strong></span> <span class='ocrx_word' id='word_1_41' title='bbox 1200 677 1324 723; x_wconf 87' lang='lat' dir='ltr'><strong>ante</strong></span> <span class='ocrx_word' id='word_1_42' title='bbox 1342 668 1587 723; x_wconf 90' lang='lat' dir='ltr'><strong>thronum</strong></span> <span class='ocrx_word' id='word_1_43' title='bbox 1602 667 1721 735; x_wconf 86' lang='lat' dir='ltr'><strong>ejus</strong></span> <span class='ocrx_word' id='word_1_44' title='bbox 1743 674 1856 720; x_wconf 90' lang='lat' dir='ltr'><strong>ter-</strong></span> 
     </span>
    </p>
   </div>
   <div class='ocr_carea' id='block_1_8' title="bbox 286 757 1856 829">
    <p class='ocr_par' dir='ltr' id='par_1_8' title="bbox 286 757 1856 829">
     <span class='ocr_line' id='line_1_8' title="bbox 286 757 1856 829; baseline -0.003 -14"><span class='ocrx_word' id='word_1_45' title='bbox 286 761 496 815; x_wconf 84' lang='lat' dir='ltr'><strong>ribilem</strong></span> <span class='ocrx_word' id='word_1_46' title='bbox 526 761 832 815; x_wconf 79' lang='lat' dir='ltr'><strong>venerimus</strong></span> <span class='ocrx_word' id='word_1_47' title='bbox 859 778 871 813; x_wconf 85' lang='lat'><strong>:</strong></span> <span class='ocrx_word' id='word_1_48' title='bbox 897 759 1018 829; x_wconf 86' lang='lat' dir='ltr'><strong>quia</strong></span> <span class='ocrx_word' id='word_1_49' title='bbox 1063 773 1224 826; x_wconf 85' lang='lat' dir='ltr'><strong>super</strong></span> <span class='ocrx_word' id='word_1_50' title='bbox 1252 772 1446 827; x_wconf 89' lang='lat' dir='ltr'><strong>corpus</strong></span> <span class='ocrx_word' id='word_1_51' title='bbox 1487 757 1607 826; x_wconf 84' lang='lat' dir='ltr'><strong>ejus</strong></span> <span class='ocrx_word' id='word_1_52' title='bbox 1642 764 1697 811; x_wconf 87' lang='lat' dir='ltr'><strong>et</strong></span> <span class='ocrx_word' id='word_1_53' title='bbox 1729 770 1856 811; x_wconf 89' lang='lat' dir='ltr'><strong>san-</strong></span> 
     </span>
    </p>
   </div>
   <div class='ocr_carea' id='block_1_9' title="bbox 286 847 1852 921">
    <p class='ocr_par' dir='ltr' id='par_1_9' title="bbox 286 847 1852 921">
     <span class='ocr_line' id='line_1_9' title="bbox 286 847 1852 921; baseline -0.001 -19"><span class='ocrx_word' id='word_1_54' title='bbox 286 852 499 920; x_wconf 86' lang='lat' dir='ltr'><strong>guinem</strong></span> <span class='ocrx_word' id='word_1_55' title='bbox 530 850 831 920; x_wconf 87' lang='lat' dir='ltr'><strong>juravimus</strong></span> <span class='ocrx_word' id='word_1_56' title='bbox 874 860 933 906; x_wconf 90' lang='lat' dir='ltr'><strong>ut</strong></span> <span class='ocrx_word' id='word_1_57' title='bbox 968 866 1062 920; x_wconf 89' lang='lat' dir='ltr'><strong>pro</strong></span> <span class='ocrx_word' id='word_1_58' title='bbox 1100 866 1164 906; x_wconf 92' lang='lat' dir='ltr'><strong>eo</strong></span> <span class='ocrx_word' id='word_1_59' title='bbox 1191 849 1365 921; x_wconf 88' lang='lat' dir='ltr'><strong>[Lor.,</strong></span> <span class='ocrx_word' id='word_1_60' title='bbox 1398 847 1581 920; x_wconf 87' lang='lat' dir='ltr'><strong>simul]</strong></span> <span class='ocrx_word' id='word_1_61' title='bbox 1622 848 1852 902; x_wconf 84' lang='lat' dir='ltr'><strong>invicem</strong></span> 
     </span>
    </p>
   </div>
   <div class='ocr_carea' id='block_1_10' title="bbox 284 940 1858 1014">
    <p class='ocr_par' dir='ltr' id='par_1_10' title="bbox 284 940 1858 1014">
     <span class='ocr_line' id='line_1_10' title="bbox 284 940 1858 1014; baseline -0.004 -16"><span class='ocrx_word' id='word_1_62' title='bbox 284 944 566 1014; x_wconf 81' lang='lat' dir='ltr'><strong>patiamur.</strong></span> <span class='ocrx_word' id='word_1_63' title='bbox 601 944 705 998; x_wconf 90' lang='lat' dir='ltr'><strong>lsta</strong></span> <span class='ocrx_word' id='word_1_64' title='bbox 739 945 925 999; x_wconf 87' lang='lat' dir='ltr'><strong>dicens</strong></span> <span class='ocrx_word' id='word_1_65' title='bbox 946 952 1005 998; x_wconf 91' lang='lat' dir='ltr'><strong>et</strong></span> <span class='ocrx_word' id='word_1_66' title='bbox 1023 943 1128 996; x_wconf 67' lang='lat' dir='ltr'><strong>alia</strong></span> <span class='ocrx_word' id='word_1_67' title='bbox 1168 942 1352 1006; x_wconf 90' lang='lat' dir='ltr'><strong>multa,</strong></span> <span class='ocrx_word' id='word_1_68' title='bbox 1377 940 1698 995; x_wconf 89' lang='lat' dir='ltr'><strong>confortavit</strong></span> <span class='ocrx_word' id='word_1_69' title='bbox 1734 953 1858 1010; x_wconf 89' lang='lat' dir='ltr'><strong>ger-</strong></span> 
     </span>
    </p>
   </div>
   <div class='ocr_carea' id='block_1_11' title="bbox 284 1028 1854 1104">
    <p class='ocr_par' dir='ltr' id='par_1_11' title="bbox 284 1028 1854 1104">
     <span class='ocr_line' id='line_1_11' title="bbox 284 1028 1854 1104; baseline -0.004 -14"><span class='ocrx_word' id='word_1_70' title='bbox 284 1050 500 1090; x_wconf 86' lang='lat' dir='ltr'><strong>manum</strong></span> <span class='ocrx_word' id='word_1_71' title='bbox 544 1033 610 1088; x_wconf 89' lang='lat' dir='ltr'><strong>ad</strong></span> <span class='ocrx_word' id='word_1_72' title='bbox 644 1034 881 1103; x_wconf 76' lang='lat' dir='ltr'><strong>przelium</strong></span> <span class='ocrx_word' id='word_1_73' title='bbox 923 1032 1211 1104; x_wconf 83' lang='lat' dir='ltr'><strong>passionis,</strong></span> <span class='ocrx_word' id='word_1_74' title='bbox 1259 1033 1347 1101; x_wconf 91' lang='lat' dir='ltr'><strong>qui</strong></span> <span class='ocrx_word' id='word_1_75' title='bbox 1375 1031 1613 1085; x_wconf 87' lang='lat' dir='ltr'><strong>clamans</strong></span> <span class='ocrx_word' id='word_1_76' title='bbox 1652 1028 1854 1100; x_wconf 87' lang='lat' dir='ltr'><strong>ingenti</strong></span> 
     </span>
    </p>
   </div>
   <div class='ocr_carea' id='block_1_12' title="bbox 283 1120 1860 1197">
    <p class='ocr_par' dir='ltr' id='par_1_12' title="bbox 283 1120 1860 1197">
     <span class='ocr_line' id='line_1_12' title="bbox 283 1120 1860 1197; baseline -0.003 -18"><span class='ocrx_word' id='word_1_77' title='bbox 283 1140 413 1184; x_wconf 81' lang='lat' dir='ltr'><strong>voce</strong></span> <span class='ocrx_word' id='word_1_78' title='bbox 438 1124 652 1180; x_wconf 89' lang='lat' dir='ltr'><strong>dicebat</strong></span> <span class='ocrx_word' id='word_1_79' title='bbox 677 1140 692 1180; x_wconf 90' lang='lat'><strong>:</strong></span> <span class='ocrx_word' id='word_1_80' title='bbox 718 1125 810 1197; x_wconf 83' lang='grc' dir='ltr'><strong>[αι.</strong></span> <span class='ocrx_word' id='word_1_81' title='bbox 840 1122 1069 1196; x_wconf 81' lang='lat' dir='ltr'><strong>Adicite]</strong></span> <span class='ocrx_word' id='word_1_82' title='bbox 1105 1122 1327 1193; x_wconf 80' lang='lat' dir='ltr'><strong>Adigete</strong></span> <span class='ocrx_word' id='word_1_83' title='bbox 1360 1121 1637 1192; x_wconf 82' lang='lat' dir='ltr'><strong>suppliciis</strong></span> <span class='ocrx_word' id='word_1_84' title='bbox 1666 1120 1860 1191; x_wconf 82' lang='lat' dir='ltr'><strong>quibus</strong></span> 
     </span>
    </p>
   </div>
   <div class='ocr_carea' id='block_1_13' title="bbox 284 1213 1855 1290">
    <p class='ocr_par' dir='ltr' id='par_1_13' title="bbox 284 1213 1855 1290">
     <span class='ocr_line' id='line_1_13' title="bbox 284 1213 1855 1290; baseline -0.004 -18"><span class='ocrx_word' id='word_1_85' title='bbox 284 1220 484 1285; x_wconf 89' lang='lat' dir='ltr'><strong>vultis,</strong></span> <span class='ocrx_word' id='word_1_86' title='bbox 544 1229 599 1274; x_wconf 89' lang='lat' dir='ltr'><strong>et</strong></span> <span class='ocrx_word' id='word_1_87' title='bbox 651 1219 824 1290; x_wconf 88' lang='lat' dir='ltr'><strong>poenis</strong></span> <span class='ocrx_word' id='word_1_88' title='bbox 876 1216 1210 1271; x_wconf 89' lang='lat' dir='ltr'><strong>Christianos</strong></span> <span class='ocrx_word' id='word_1_89' title='bbox 1259 1222 1465 1270; x_wconf 87' lang='lat' dir='ltr'><strong>arctate</strong></span> <span class='ocrx_word' id='word_1_90' title='bbox 1503 1213 1855 1269; x_wconf 82' lang='lat' dir='ltr'><strong>crudelibus:</strong></span> 
     </span>
    </p>
   </div>
   <div class='ocr_carea' id='block_1_14' title="bbox 282 1304 1854 1380">
    <p class='ocr_par' dir='ltr' id='par_1_14' title="bbox 282 1304 1854 1380">
     <span class='ocr_line' id='line_1_14' title="bbox 282 1304 1854 1380; baseline -0.004 -16"><span class='ocrx_word' id='word_1_91' title='bbox 282 1311 425 1380; x_wconf 89' lang='lat' dir='ltr'><strong>quod</strong></span> <span class='ocrx_word' id='word_1_92' title='bbox 466 1311 632 1365; x_wconf 79' lang='lat' dir='ltr'><strong>frater</strong></span> <span class='ocrx_word' id='word_1_93' title='bbox 662 1323 811 1365; x_wconf 89' lang='lat' dir='ltr'><strong>meus</strong></span> <span class='ocrx_word' id='word_1_94' title='bbox 840 1308 1081 1363; x_wconf 87' lang='lat' dir='ltr'><strong>facturus</strong></span> <span class='ocrx_word' id='word_1_95' title='bbox 1118 1316 1223 1374; x_wconf 89' lang='lat' dir='ltr'><strong>est,</strong></span> <span class='ocrx_word' id='word_1_96' title='bbox 1267 1305 1375 1361; x_wconf 86' lang='lat' dir='ltr'><strong>hoc</strong></span> <span class='ocrx_word' id='word_1_97' title='bbox 1398 1319 1498 1375; x_wconf 92' lang='lat' dir='ltr'><strong>ego</strong></span> <span class='ocrx_word' id='word_1_98' title='bbox 1532 1304 1693 1359; x_wconf 88' lang='lat' dir='ltr'><strong>etiam</strong></span> <span class='ocrx_word' id='word_1_99' title='bbox 1736 1317 1854 1373; x_wconf 88' lang='lat' dir='ltr'><strong>ago.</strong></span> 
     </span>
    </p>
   </div>
   <div class='ocr_carea' id='block_1_15' title="bbox 282 1395 1861 1469">
    <p class='ocr_par' dir='ltr' id='par_1_15' title="bbox 282 1395 1861 1469">
     <span class='ocr_line' id='line_1_15' title="bbox 282 1395 1861 1469; baseline -0.002 -16"><span class='ocrx_word' id='word_1_100' title='bbox 282 1401 511 1467; x_wconf 81' lang='lat' dir='ltr'><strong>Quantis</strong></span> <span class='ocrx_word' id='word_1_101' title='bbox 536 1401 651 1469; x_wconf 89' lang='lat' dir='ltr'><strong>jam</strong></span> <span class='ocrx_word' id='word_1_102' title='bbox 702 1399 915 1453; x_wconf 86' lang='lat' dir='ltr'><strong>laminis</strong></span> <span class='ocrx_word' id='word_1_103' title='bbox 959 1398 1140 1467; x_wconf 75' lang='lat' dir='ltr'><strong>ignitis</strong></span> <span class='ocrx_word' id='word_1_104' title='bbox 1182 1396 1362 1452; x_wconf 85' lang='lat' dir='ltr'><strong>adusti</strong></span> <span class='ocrx_word' id='word_1_105' title='bbox 1415 1404 1565 1463; x_wconf 89' lang='lat' dir='ltr'><strong>sunt,</strong></span> <span class='ocrx_word' id='word_1_106' title='bbox 1609 1395 1861 1467; x_wconf 79' lang='lat' dir='ltr'><strong>qualibus</strong></span> 
     </span>
    </p>
   </div>
   <div class='ocr_carea' id='block_1_16' title="bbox 284 1484 1858 1562">
    <p class='ocr_par' dir='ltr' id='par_1_16' title="bbox 284 1484 1858 1562">
     <span class='ocr_line' id='line_1_16' title="bbox 284 1484 1858 1562; baseline -0.004 -17"><span class='ocrx_word' id='word_1_107' title='bbox 284 1492 497 1562; x_wconf 84' lang='lat' dir='ltr'><strong>ungulis</strong></span> <span class='ocrx_word' id='word_1_108' title='bbox 518 1490 744 1549; x_wconf 81' lang='lat' dir='ltr'><strong>exarati.</strong></span> <span class='ocrx_word' id='word_1_109' title='bbox 768 1489 963 1559; x_wconf 88' lang='lat' dir='ltr'><strong>quibus</strong></span> <span class='ocrx_word' id='word_1_110' title='bbox 984 1487 1306 1545; x_wconf 84' lang='lat' dir='ltr'><strong>cruciatibus</strong></span> <span class='ocrx_word' id='word_1_111' title='bbox 1329 1487 1482 1553; x_wconf 90' lang='lat' dir='ltr'><strong>torti,</strong></span> <span class='ocrx_word' id='word_1_112' title='bbox 1514 1500 1600 1541; x_wconf 88' lang='lat' dir='ltr'><strong>res</strong></span> <span class='ocrx_word' id='word_1_113' title='bbox 1629 1487 1739 1555; x_wconf 87' lang='lat' dir='ltr'><strong>ipsa</strong></span> <span class='ocrx_word' id='word_1_114' title='bbox 1764 1484 1858 1539; x_wconf 88' lang='lat' dir='ltr'><strong>do-</strong></span> 
     </span>
    </p>
   </div>
   <div class='ocr_carea' id='block_1_17' title="bbox 282 1577 1858 1653">
    <p class='ocr_par' dir='ltr' id='par_1_17' title="bbox 282 1577 1858 1653">
     <span class='ocr_line' id='line_1_17' title="bbox 282 1577 1858 1653; baseline -0.001 -16"><span class='ocrx_word' id='word_1_115' title='bbox 282 1593 388 1649; x_wconf 78' lang='lat' dir='ltr'><strong>cet,</strong></span> <span class='ocrx_word' id='word_1_116' title='bbox 423 1584 564 1653; x_wconf 84' lang='lat' dir='ltr'><strong>quod</strong></span> <span class='ocrx_word' id='word_1_117' title='bbox 594 1598 691 1639; x_wconf 88' lang='lat' dir='ltr'><strong>eos</strong></span> <span class='ocrx_word' id='word_1_118' title='bbox 721 1583 823 1652; x_wconf 89' lang='lat' dir='ltr'><strong>ipsi</strong></span> <span class='ocrx_word' id='word_1_119' title='bbox 858 1577 1093 1636; x_wconf 74' lang='lat' dir='ltr'><strong>tortores</strong></span> <span class='ocrx_word' id='word_1_120' title='bbox 1116 1595 1148 1634; x_wconf 91' lang='lat' dir='ltr'><strong>a</strong></span> <span class='ocrx_word' id='word_1_121' title='bbox 1189 1594 1286 1635; x_wconf 91' lang='lat' dir='ltr'><strong>sua</strong></span> <span class='ocrx_word' id='word_1_122' title='bbox 1317 1578 1454 1637; x_wconf 91' lang='lat' dir='ltr'><strong>facie</strong></span> <span class='ocrx_word' id='word_1_123' title='bbox 1493 1580 1858 1651; x_wconf 89' lang='lat' dir='ltr'><strong>projecerunt,</strong></span> 
     </span>
    </p>
   </div>
   <div class='ocr_carea' id='block_1_18' title="bbox 283 1673 1860 1743">
    <p class='ocr_par' dir='ltr' id='par_1_18' title="bbox 283 1673 1860 1743">
     <span class='ocr_line' id='line_1_18' title="bbox 283 1673 1860 1743; baseline 0 -14"><span class='ocrx_word' id='word_1_124' title='bbox 283 1676 525 1732; x_wconf 85' lang='lat' dir='ltr'><strong>dicentes</strong></span> <span class='ocrx_word' id='word_1_125' title='bbox 557 1694 571 1729; x_wconf 87' lang='lat'>:</span> <span class='ocrx_word' id='word_1_126' title='bbox 598 1676 733 1731; x_wconf 89' lang='lat' dir='ltr'><strong>lstos</strong></span> <span class='ocrx_word' id='word_1_127' title='bbox 758 1675 995 1729; x_wconf 83' lang='lat' dir='ltr'><strong>imitatur</strong></span> <span class='ocrx_word' id='word_1_128' title='bbox 1017 1674 1298 1729; x_wconf 88' lang='lat' dir='ltr'><strong>universus</strong></span> <span class='ocrx_word' id='word_1_129' title='bbox 1321 1673 1567 1743; x_wconf 88' lang='lat' dir='ltr'><strong>populus,</strong></span> <span class='ocrx_word' id='word_1_130' title='bbox 1603 1682 1660 1728; x_wconf 92' lang='lat' dir='ltr'><strong>ut</strong></span> <span class='ocrx_word' id='word_1_131' title='bbox 1680 1674 1860 1729; x_wconf 90' lang='lat' dir='ltr'><strong>nullus</strong></span> 
     </span>
    </p>
   </div>
   <div class='ocr_carea' id='block_1_19' title="bbox 282 1764 1861 1837">
    <p class='ocr_par' dir='ltr' id='par_1_19' title="bbox 282 1764 1861 1837">
     <span class='ocr_line' id='line_1_19' title="bbox 282 1764 1861 1837; baseline -0.003 -15"><span class='ocrx_word' id='word_1_132' title='bbox 282 1768 349 1822; x_wconf 88' lang='lat' dir='ltr'><strong>ad</strong></span> <span class='ocrx_word' id='word_1_133' title='bbox 392 1776 630 1823; x_wconf 85' lang='lat' dir='ltr'><strong>nostram</strong></span> <span class='ocrx_word' id='word_1_134' title='bbox 660 1766 977 1837; x_wconf 78' lang='lat' dir='ltr'><strong>religionem</strong></span> <span class='ocrx_word' id='word_1_135' title='bbox 1007 1764 1221 1835; x_wconf 78' lang='lat' dir='ltr'><strong>penitus</strong></span> <span class='ocrx_word' id='word_1_136' title='bbox 1246 1772 1615 1829; x_wconf 82' lang='lat' dir='ltr'><strong>convertatur;</strong></span> <span class='ocrx_word' id='word_1_137' title='bbox 1645 1772 1695 1820; x_wconf 90' lang='lat' dir='ltr'><strong>et</strong></span> <span class='ocrx_word' id='word_1_138' title='bbox 1723 1779 1861 1834; x_wconf 69' lang='lat' dir='ltr'><strong>prae-</strong></span> 
     </span>
    </p>
   </div>
   <div class='ocr_carea' id='block_1_20' title="bbox 1962 574 3531 655">
    <p class='ocr_par' dir='ltr' id='par_1_20' title="bbox 1962 574 3531 655">
     <span class='ocr_line' id='line_1_20' title="bbox 1962 574 3531 655; baseline 0.005 -28"><span class='ocrx_word' id='word_1_139' title='bbox 1962 587 2067 640; x_wconf 88' lang='lat' dir='ltr'><strong>que</strong></span> <span class='ocrx_word' id='word_1_140' title='bbox 2094 574 2266 642; x_wconf 84' lang='lat' dir='ltr'><strong>posita</strong></span> <span class='ocrx_word' id='word_1_141' title='bbox 2293 576 2345 630; x_wconf 86' lang='lat' dir='ltr'><strong>in</strong></span> <span class='ocrx_word' id='word_1_142' title='bbox 2376 585 2624 655; x_wconf 81' lang='lat' dir='ltr'><strong>promptu</strong></span> <span class='ocrx_word' id='word_1_143' title='bbox 2649 576 3007 635; x_wconf 82' lang='lat' dir='ltr'><strong>demonstrat.</strong></span> <span class='ocrx_word' id='word_1_144' title='bbox 3035 578 3188 637; x_wconf 78' lang='lat' dir='ltr'><strong>Alios</strong></span> <span class='ocrx_word' id='word_1_145' title='bbox 3209 577 3331 637; x_wconf 80' lang='lat' dir='ltr'><strong>sine</strong></span> <span class='ocrx_word' id='word_1_146' title='bbox 3355 579 3531 635; x_wconf 86' lang='lat' dir='ltr'><strong>mani-</strong></span> 
     </span>
    </p>
   </div>
   <div class='ocr_carea' id='block_1_21' title="bbox 1962 659 3532 739">
    <p class='ocr_par' dir='ltr' id='par_1_21' title="bbox 1962 659 3532 739">
     <span class='ocr_line' id='line_1_21' title="bbox 1962 659 3532 739; baseline 0.007 -24"><span class='ocrx_word' id='word_1_147' title='bbox 1962 659 2087 726; x_wconf 91' lang='lat' dir='ltr'><strong>bus,</strong></span> <span class='ocrx_word' id='word_1_148' title='bbox 2114 662 2249 717; x_wconf 90' lang='lat' dir='ltr'><strong>alios</strong></span> <span class='ocrx_word' id='word_1_149' title='bbox 2277 664 2393 719; x_wconf 87' lang='lat' dir='ltr'><strong>sine</strong></span> <span class='ocrx_word' id='word_1_150' title='bbox 2438 665 2632 730; x_wconf 87' lang='lat' dir='ltr'><strong>oculis,</strong></span> <span class='ocrx_word' id='word_1_151' title='bbox 2682 666 2819 723; x_wconf 87' lang='lat' dir='ltr'><strong>alios</strong></span> <span class='ocrx_word' id='word_1_152' title='bbox 2857 666 3061 739; x_wconf 82' lang='lat' dir='ltr'><strong>absque</strong></span> <span class='ocrx_word' id='word_1_153' title='bbox 3106 667 3357 739; x_wconf 85' lang='lat' dir='ltr'><strong>pedibus,</strong></span> <span class='ocrx_word' id='word_1_154' title='bbox 3394 667 3532 727; x_wconf 84' lang='lat' dir='ltr'><strong>alios</strong></span> 
     </span>
    </p>
   </div>
   <div class='ocr_carea' id='block_1_22' title="bbox 1962 756 3534 833">
    <p class='ocr_par' dir='ltr' id='par_1_22' title="bbox 1962 756 3534 833">
     <span class='ocr_line' id='line_1_22' title="bbox 1962 756 3534 833; baseline 0.008 -26"><span class='ocrx_word' id='word_1_155' title='bbox 1962 762 2185 809; x_wconf 86' lang='lat' dir='ltr'><strong>truncos</strong></span> <span class='ocrx_word' id='word_1_156' title='bbox 2230 756 2447 811; x_wconf 86' lang='lat' dir='ltr'><strong>naribus</strong></span> <span class='ocrx_word' id='word_1_157' title='bbox 2485 758 2806 828; x_wconf 82' lang='lat' dir='ltr'><strong>auribusque</strong></span> <span class='ocrx_word' id='word_1_158' title='bbox 2853 759 3120 831; x_wconf 85' lang='lat' dir='ltr'><strong>intendas,</strong></span> <span class='ocrx_word' id='word_1_159' title='bbox 3153 761 3260 833; x_wconf 64' lang='grc' dir='ltr'><strong>ιι</strong></span> <span class='ocrx_word' id='word_1_160' title='bbox 3290 762 3534 833; x_wconf 81' lang='lat' dir='ltr'><strong>aliosque</strong></span> 
     </span>
    </p>
   </div>
   <div class='ocr_carea' id='block_1_23' title="bbox 1960 846 3536 925">
    <p class='ocr_par' dir='ltr' id='par_1_23' title="bbox 1960 846 3536 925">
     <span class='ocr_line' id='line_1_23' title="bbox 1960 846 3536 925; baseline 0.006 -25"><span class='ocrx_word' id='word_1_161' title='bbox 1960 846 2144 903; x_wconf 88' lang='lat' dir='ltr'><strong>videas</strong></span> <span class='ocrx_word' id='word_1_162' title='bbox 2173 847 2337 904; x_wconf 87' lang='lat' dir='ltr'><strong>nimio</strong></span> <span class='ocrx_word' id='word_1_163' title='bbox 2356 849 2649 919; x_wconf 84' lang='lat' dir='ltr'><strong>suspendio</strong></span> <span class='ocrx_word' id='word_1_164' title='bbox 2664 851 2885 919; x_wconf 85' lang='lat' dir='ltr'><strong>spatulis</strong></span> <span class='ocrx_word' id='word_1_165' title='bbox 2914 853 3010 924; x_wconf 78' lang='lat' dir='ltr'><strong>lat.</strong></span> <span class='ocrx_word' id='word_1_166' title='bbox 3037 852 3295 925; x_wconf 86' lang='lat' dir='ltr'><strong>scapulis]</strong></span> <span class='ocrx_word' id='word_1_167' title='bbox 3310 854 3536 923; x_wconf 84' lang='lat' dir='ltr'><strong>evulsis,</strong></span> 
     </span>
    </p>
   </div>
   <div class='ocr_carea' id='block_1_24' title="bbox 1962 940 3537 1014">
    <p class='ocr_par' dir='ltr' id='par_1_24' title="bbox 1962 940 3537 1014">
     <span class='ocr_line' id='line_1_24' title="bbox 1962 940 3537 1014; baseline 0.003 -20"><span class='ocrx_word' id='word_1_168' title='bbox 1962 947 2145 1009; x_wconf 86' lang='lat' dir='ltr'><strong>caput,</strong></span> <span class='ocrx_word' id='word_1_169' title='bbox 2185 940 2327 1009; x_wconf 91' lang='lat' dir='ltr'><strong>quod</strong></span> <span class='ocrx_word' id='word_1_170' title='bbox 2374 940 2613 998; x_wconf 88' lang='lat' dir='ltr'><strong>eminere</strong></span> <span class='ocrx_word' id='word_1_171' title='bbox 2641 942 2867 1008; x_wconf 87' lang='lat' dir='ltr'><strong>solebat,</strong></span> <span class='ocrx_word' id='word_1_172' title='bbox 2914 943 2971 999; x_wconf 85' lang='lat' dir='ltr'><strong>in</strong></span> <span class='ocrx_word' id='word_1_173' title='bbox 2998 944 3175 1000; x_wconf 90' lang='lat' dir='ltr'><strong>medio</strong></span> <span class='ocrx_word' id='word_1_174' title='bbox 3201 945 3537 1014; x_wconf 84' lang='lat' dir='ltr'><strong>scapularqu</strong></span> 
     </span>
    </p>
   </div>
   <div class='ocr_carea' id='block_1_25' title="bbox 1962 1030 3534 1109">
    <p class='ocr_par' dir='ltr' id='par_1_25' title="bbox 1962 1030 3534 1109">
     <span class='ocr_line' id='line_1_25' title="bbox 1962 1030 3534 1109; baseline 0.004 -24"><span class='ocrx_word' id='word_1_175' title='bbox 1962 1030 2129 1089; x_wconf 88' lang='lat' dir='ltr'><strong>fuisse</strong></span> <span class='ocrx_word' id='word_1_176' title='bbox 2165 1031 2493 1101; x_wconf 89' lang='lat' dir='ltr'><strong>demersum,</strong></span> <span class='ocrx_word' id='word_1_177' title='bbox 2537 1032 2667 1090; x_wconf 82' lang='lat' dir='ltr'><strong>dum</strong></span> <span class='ocrx_word' id='word_1_178' title='bbox 2700 1034 2899 1105; x_wconf 89' lang='lat' dir='ltr'><strong>jugiter</strong></span> <span class='ocrx_word' id='word_1_179' title='bbox 2935 1034 2990 1093; x_wconf 92' lang='lat' dir='ltr'><strong>in</strong></span> <span class='ocrx_word' id='word_1_180' title='bbox 3017 1036 3141 1093; x_wconf 86' lang='lat' dir='ltr'><strong>altis</strong></span> <span class='ocrx_word' id='word_1_181' title='bbox 3160 1034 3256 1108; x_wconf 86' lang='lat' dir='ltr'><strong>[at.</strong></span> <span class='ocrx_word' id='word_1_182' title='bbox 3297 1037 3534 1109; x_wconf 83' lang='lat' dir='ltr'><strong>sedibus]</strong></span> 
     </span>
    </p>
   </div>
   <div class='ocr_carea' id='block_1_26' title="bbox 1964 1114 3536 1195">
    <p class='ocr_par' dir='ltr' id='par_1_26' title="bbox 1964 1114 3536 1195">
     <span class='ocr_line' id='line_1_26' title="bbox 1964 1114 3536 1195; baseline 0.003 -16"><span class='ocrx_word' id='word_1_183' title='bbox 1964 1122 2168 1179; x_wconf 72' lang='lat' dir='ltr'><strong>aedibus</strong></span> <span class='ocrx_word' id='word_1_184' title='bbox 2216 1124 2511 1193; x_wconf 92' lang='lat' dir='ltr'><strong>suspendio</strong></span> <span class='ocrx_word' id='word_1_185' title='bbox 2551 1126 2880 1195; x_wconf 85' lang='lat' dir='ltr'><strong>cruciantes,</strong></span> <span class='ocrx_word' id='word_1_186' title='bbox 2924 1126 3243 1195; x_wconf 81' lang='lat' dir='ltr'><strong>impulsione</strong></span> <span class='ocrx_word' id='word_1_187' title='bbox 3283 1114 3536 1187; x_wconf 84' lang='lat' dir='ltr'><strong>manuum</strong></span> 
     </span>
    </p>
   </div>
   <div class='ocr_carea' id='block_1_27' title="bbox 1964 1213 3533 1290">
    <p class='ocr_par' dir='ltr' id='par_1_27' title="bbox 1964 1213 3533 1290">
     <span class='ocr_line' id='line_1_27' title="bbox 1964 1213 3533 1290; baseline 0.005 -23"><span class='ocrx_word' id='word_1_188' title='bbox 1964 1213 2179 1269; x_wconf 83' lang='lat' dir='ltr'><strong>funibus</strong></span> <span class='ocrx_word' id='word_1_189' title='bbox 2208 1215 2440 1284; x_wconf 82' lang='lat' dir='ltr'><strong>agitatis,</strong></span> <span class='ocrx_word' id='word_1_190' title='bbox 2480 1229 2575 1286; x_wconf 88' lang='lat' dir='ltr'><strong>per</strong></span> <span class='ocrx_word' id='word_1_191' title='bbox 2608 1230 2831 1273; x_wconf 88' lang='lat' dir='ltr'><strong>vacuum</strong></span> <span class='ocrx_word' id='word_1_192' title='bbox 2874 1231 3052 1274; x_wconf 88' lang='lat' dir='ltr'><strong>aerem</strong></span> <span class='ocrx_word' id='word_1_193' title='bbox 3083 1217 3185 1277; x_wconf 86' lang='lat' dir='ltr'><strong>huc</strong></span> <span class='ocrx_word' id='word_1_194' title='bbox 3214 1228 3377 1290; x_wconf 90' lang='lat' dir='ltr'><strong>atque</strong></span> <span class='ocrx_word' id='word_1_195' title='bbox 3403 1219 3533 1275; x_wconf 92' lang='lat' dir='ltr'><strong>illuc</strong></span> 
     </span>
    </p>
   </div>
   <div class='ocr_carea' id='block_1_28' title="bbox 1964 1304 3535 1379">
    <p class='ocr_par' dir='ltr' id='par_1_28' title="bbox 1964 1304 3535 1379">
     <span class='ocr_line' id='line_1_28' title="bbox 1964 1304 3535 1379; baseline 0.004 -19"><span class='ocrx_word' id='word_1_196' title='bbox 1964 1304 2230 1361; x_wconf 77' lang='lat' dir='ltr'><strong>iaciebant</strong></span> <span class='ocrx_word' id='word_1_197' title='bbox 2259 1306 2439 1377; x_wconf 84' lang='lat' dir='ltr'><strong>vagari</strong></span> <span class='ocrx_word' id='word_1_198' title='bbox 2469 1307 2788 1377; x_wconf 86' lang='lat' dir='ltr'><strong>pendentes.</strong></span> <span class='ocrx_word' id='word_1_199' title='bbox 2819 1308 2919 1376; x_wconf 85' lang='lat' dir='ltr'><strong>Qui</strong></span> <span class='ocrx_word' id='word_1_200' title='bbox 2954 1323 3331 1379; x_wconf 82' lang='lat' dir='ltr'><strong>nonnunquam</strong></span> <span class='ocrx_word' id='word_1_201' title='bbox 3357 1310 3535 1367; x_wconf 90' lang='lat' dir='ltr'><strong>disru-</strong></span> 
     </span>
    </p>
   </div>
   <div class='ocr_carea' id='block_1_29' title="bbox 1965 1398 3537 1472">
    <p class='ocr_par' dir='ltr' id='par_1_29' title="bbox 1965 1398 3537 1472">
     <span class='ocr_line' id='line_1_29' title="bbox 1965 1398 3537 1472; baseline 0.003 -19"><span class='ocrx_word' id='word_1_202' title='bbox 1965 1399 2073 1469; x_wconf 89' lang='lat' dir='ltr'><strong>ptis</strong></span> <span class='ocrx_word' id='word_1_203' title='bbox 2100 1398 2321 1455; x_wconf 89' lang='lat' dir='ltr'><strong>funibus</strong></span> <span class='ocrx_word' id='word_1_204' title='bbox 2345 1401 2414 1456; x_wconf 85' lang='lat' dir='ltr'><strong>de</strong></span> <span class='ocrx_word' id='word_1_205' title='bbox 2446 1400 2535 1457; x_wconf 90' lang='lat' dir='ltr'><strong>illa</strong></span> <span class='ocrx_word' id='word_1_206' title='bbox 2563 1401 2848 1459; x_wconf 86' lang='lat' dir='ltr'><strong>altitudine</strong></span> <span class='ocrx_word' id='word_1_207' title='bbox 2885 1403 3277 1472; x_wconf 89' lang='lat' dir='ltr'><strong>suspensionis,</strong></span> <span class='ocrx_word' id='word_1_208' title='bbox 3312 1403 3421 1458; x_wconf 91' lang='lat' dir='ltr'><strong>ictu</strong></span> <span class='ocrx_word' id='word_1_209' title='bbox 3447 1417 3537 1457; x_wconf 91' lang='lat' dir='ltr'><strong>va-</strong></span> 
     </span>
    </p>
   </div>
   <div class='ocr_carea' id='block_1_30' title="bbox 1966 1492 3534 1565">
    <p class='ocr_par' dir='ltr' id='par_1_30' title="bbox 1966 1492 3534 1565">
     <span class='ocr_line' id='line_1_30' title="bbox 1966 1492 3534 1565; baseline 0.002 -19"><span class='ocrx_word' id='word_1_210' title='bbox 1966 1492 2075 1549; x_wconf 90' lang='lat' dir='ltr'><strong>lido</strong></span> <span class='ocrx_word' id='word_1_211' title='bbox 2120 1503 2455 1559; x_wconf 85' lang='lat' dir='ltr'><strong>eorruentes,</strong></span> <span class='ocrx_word' id='word_1_212' title='bbox 2494 1494 2711 1565; x_wconf 88' lang='lat' dir='ltr'><strong>plurimi</strong></span> <span class='ocrx_word' id='word_1_213' title='bbox 2746 1509 2925 1553; x_wconf 90' lang='lat' dir='ltr'><strong>arcem</strong></span> <span class='ocrx_word' id='word_1_214' title='bbox 2965 1495 3170 1553; x_wconf 89' lang='lat' dir='ltr'><strong>cerebri</strong></span> <span class='ocrx_word' id='word_1_215' title='bbox 3202 1510 3322 1551; x_wconf 89' lang='lat' dir='ltr'><strong>cum</strong></span> <span class='ocrx_word' id='word_1_216' title='bbox 3363 1494 3534 1549; x_wconf 89' lang='lat' dir='ltr'><strong>oculis</strong></span> 
     </span>
    </p>
   </div>
   <div class='ocr_carea' id='block_1_31' title="bbox 1964 1583 3534 1656">
    <p class='ocr_par' dir='ltr' id='par_1_31' title="bbox 1964 1583 3534 1656">
     <span class='ocr_line' id='line_1_31' title="bbox 1964 1583 3534 1656; baseline 0.002 -22"><span class='ocrx_word' id='word_1_217' title='bbox 1964 1583 2295 1639; x_wconf 89' lang='lat' dir='ltr'><strong>amiserunt:</strong></span> <span class='ocrx_word' id='word_1_218' title='bbox 2320 1584 2410 1639; x_wconf 89' lang='lat' dir='ltr'><strong>alii</strong></span> <span class='ocrx_word' id='word_1_219' title='bbox 2440 1584 2724 1643; x_wconf 74' lang='lat' dir='ltr'><strong>contractis</strong></span> <span class='ocrx_word' id='word_1_220' title='bbox 2749 1587 2961 1642; x_wconf 91' lang='lat' dir='ltr'><strong>ossibus</strong></span> <span class='ocrx_word' id='word_1_221' title='bbox 3002 1585 3248 1656; x_wconf 88' lang='lat' dir='ltr'><strong>spiritum</strong></span> <span class='ocrx_word' id='word_1_222' title='bbox 3280 1584 3534 1641; x_wconf 92' lang='lat' dir='ltr'><strong>continuo</strong></span> 
     </span>
    </p>
   </div>
   <div class='ocr_carea' id='block_1_32' title="bbox 1969 1673 3537 1745">
    <p class='ocr_par' dir='ltr' id='par_1_32' title="bbox 1969 1673 3537 1745">
     <span class='ocr_line' id='line_1_32' title="bbox 1969 1673 3537 1745; baseline -0.001 -16"><span class='ocrx_word' id='word_1_223' title='bbox 1969 1673 2339 1743; x_wconf 84' lang='lat' dir='ltr'><strong>reddiderunt,</strong></span> <span class='ocrx_word' id='word_1_224' title='bbox 2369 1675 2460 1730; x_wconf 89' lang='lat' dir='ltr'><strong>alii</strong></span> <span class='ocrx_word' id='word_1_225' title='bbox 2490 1684 2607 1744; x_wconf 91' lang='lat' dir='ltr'><strong>post</strong></span> <span class='ocrx_word' id='word_1_226' title='bbox 2633 1676 2847 1745; x_wconf 90' lang='lat' dir='ltr'><strong>paulum</strong></span> <span class='ocrx_word' id='word_1_227' title='bbox 2878 1676 3282 1733; x_wconf 81' lang='lat' dir='ltr'><strong>exhalaverunt.</strong></span> <span class='ocrx_word' id='word_1_228' title='bbox 3317 1675 3421 1731; x_wconf 90' lang='lat' dir='ltr'><strong>Sed</strong></span> <span class='ocrx_word' id='word_1_229' title='bbox 3446 1674 3537 1745; x_wconf 91' lang='lat' dir='ltr'><strong>qui</strong></span> 
     </span>
    </p>
   </div>
   <div class='ocr_carea' id='block_1_33' title="bbox 1968 1764 3536 1839">
    <p class='ocr_par' dir='ltr' id='par_1_33' title="bbox 1968 1764 3536 1839">
     <span class='ocr_line' id='line_1_33' title="bbox 1968 1764 3536 1839; baseline 0.003 -22"><span class='ocrx_word' id='word_1_230' title='bbox 1968 1764 2071 1820; x_wconf 90' lang='lat' dir='ltr'><strong>hoc</strong></span> <span class='ocrx_word' id='word_1_231' title='bbox 2121 1764 2423 1824; x_wconf 91' lang='lat' dir='ltr'><strong>fabulosum</strong></span> <span class='ocrx_word' id='word_1_232' title='bbox 2471 1777 2645 1839; x_wconf 89' lang='lat' dir='ltr'><strong>putat,</strong></span> <span class='ocrx_word' id='word_1_233' title='bbox 2677 1777 2699 1805; x_wconf 72' lang='grc' dir='ltr'>ε</span> <span class='ocrx_word' id='word_1_234' title='bbox 2732 1768 2986 1825; x_wconf 90' lang='lat' dir='ltr'><strong>Uranium</strong></span> <span class='ocrx_word' id='word_1_235' title='bbox 3026 1769 3256 1826; x_wconf 82' lang='lat' dir='ltr'><strong>Zenonis</strong></span> <span class='ocrx_word' id='word_1_236' title='bbox 3305 1768 3536 1838; x_wconf 87' lang='lat' dir='ltr'><strong>legatum</strong></span> 
     </span>
    </p>
   </div>
   <div class='ocr_carea' id='block_1_34' title="bbox 284 1849 3535 1931">
    <p class='ocr_par' dir='ltr' id='par_1_34' title="bbox 284 1849 3535 1931">
     <span class='ocr_line' id='line_1_34' title="bbox 284 1849 3535 1931; baseline 0 -17"><span class='ocrx_word' id='word_1_237' title='bbox 284 1861 441 1928; x_wconf 73' lang='lat' dir='ltr'><strong>cipue</strong></span> <span class='ocrx_word' id='word_1_238' title='bbox 469 1860 591 1927; x_wconf 86' lang='lat' dir='ltr'><strong>quia</strong></span> <span class='ocrx_word' id='word_1_239' title='bbox 633 1858 766 1913; x_wconf 90' lang='lat' dir='ltr'><strong>nulli</strong></span> <span class='ocrx_word' id='word_1_240' title='bbox 802 1857 1025 1923; x_wconf 86' lang='lat' dir='ltr'><strong>livores,</strong></span> <span class='ocrx_word' id='word_1_241' title='bbox 1062 1855 1209 1911; x_wconf 91' lang='lat' dir='ltr'><strong>nulla</strong></span> <span class='ocrx_word' id='word_1_242' title='bbox 1250 1870 1528 1925; x_wconf 61' lang='lat' dir='ltr'><strong>poenarum</strong></span> <span class='ocrx_word' id='word_1_243' title='bbox 1555 1855 1776 1926; x_wconf 87' lang='lat' dir='ltr'><strong>vestigia</strong></span> <span class='ocrx_word' id='word_1_244' title='bbox 1806 1855 1862 1909; x_wconf 87' lang='lat' dir='ltr'><strong>in</strong></span> <span class='ocrx_word' id='word_1_245' title='bbox 1890 1849 1941 1911; x_wconf 77' lang='grc' dir='ltr'><strong><em>Β</em></strong></span> <span class='ocrx_word' id='word_1_246' title='bbox 1966 1855 2277 1927; x_wconf 85' lang='lat' dir='ltr'><strong>interroget.</strong></span> <span class='ocrx_word' id='word_1_247' title='bbox 2310 1861 2363 1912; x_wconf 93' lang='lat' dir='ltr'><strong>in</strong></span> <span class='ocrx_word' id='word_1_248' title='bbox 2404 1858 2558 1929; x_wconf 88' lang='lat' dir='ltr'><strong>cujus</strong></span> <span class='ocrx_word' id='word_1_249' title='bbox 2586 1861 2871 1931; x_wconf 63' lang='lat' dir='ltr'><strong>prasentia</strong></span> <span class='ocrx_word' id='word_1_250' title='bbox 2904 1862 3170 1931; x_wconf 68' lang='lat' dir='ltr'><strong>praecipue</strong></span> <span class='ocrx_word' id='word_1_251' title='bbox 3206 1870 3355 1931; x_wconf 88' lang='lat' dir='ltr'><strong>gesta</strong></span> <span class='ocrx_word' id='word_1_252' title='bbox 3381 1870 3535 1925; x_wconf 87' lang='lat' dir='ltr'><strong>sunt;</strong></span> 
     </span>
    </p>
   </div>
   <div class='ocr_carea' id='block_1_35' title="bbox 284 1947 969 2017">
    <p class='ocr_par' dir='ltr' id='par_1_35' title="bbox 284 1947 969 2017">
     <span class='ocr_line' id='line_1_35' title="bbox 284 1947 969 2017; baseline -0.001 -14"><span class='ocrx_word' id='word_1_253' title='bbox 284 1950 362 2004; x_wconf 87' lang='lat' dir='ltr'><strong>eis</strong></span> <span class='ocrx_word' id='word_1_254' title='bbox 394 1951 609 2017; x_wconf 89' lang='lat' dir='ltr'><strong>penitus</strong></span> <span class='ocrx_word' id='word_1_255' title='bbox 631 1947 969 2003; x_wconf 80' lang='lat' dir='ltr'><strong>videbantur.</strong></span> 
     </span>
    </p>
   </div>
   <div class='ocr_carea' id='block_1_36' title="bbox 305 2036 1854 2109">
    <p class='ocr_par' dir='ltr' id='par_1_36' title="bbox 305 2036 1854 2109">
     <span class='ocr_line' id='line_1_36' title="bbox 305 2036 1854 2109; baseline -0.001 -16"><span class='ocrx_word' id='word_1_256' title='bbox 305 2089 318 2103; x_wconf 82' lang='lat'><strong>_</strong></span> <span class='ocrx_word' id='word_1_257' title='bbox 352 2039 439 2093; x_wconf 76' lang='lat' dir='ltr'><strong>Vl.</strong></span> <span class='ocrx_word' id='word_1_258' title='bbox 476 2038 530 2093; x_wconf 78' lang='grc' dir='ltr'><em>Μ</em></span> <span class='ocrx_word' id='word_1_259' title='bbox 538 2041 613 2092; x_wconf 85' lang='lat' dir='ltr'><strong>ira</strong></span> <span class='ocrx_word' id='word_1_260' title='bbox 640 2038 767 2106; x_wconf 83' lang='lat' dir='ltr'><strong>ﬁdes</strong></span> <span class='ocrx_word' id='word_1_261' title='bbox 796 2037 1184 2108; x_wconf 81' lang='lat' dir='ltr'><strong>Typasensium.</strong></span> <span class='ocrx_word' id='word_1_262' title='bbox 1208 2036 1403 2109; x_wconf 78' lang='lat' dir='ltr'><strong>Ingens</strong></span> <span class='ocrx_word' id='word_1_263' title='bbox 1432 2037 1759 2091; x_wconf 78' lang='lat' dir='ltr'><strong>miraculum.</strong></span> <span class='ocrx_word' id='word_1_264' title='bbox 1782 2067 1854 2079; x_wconf 77' lang='lat'><strong>~—</strong></span> 
     </span>
    </p>
   </div>
   <div class='ocr_carea' id='block_1_37' title="bbox 284 2130 1852 2202">
    <p class='ocr_par' dir='ltr' id='par_1_37' title="bbox 284 2130 1852 2202">
     <span class='ocr_line' id='line_1_37' title="bbox 284 2130 1852 2202; baseline -0.002 -15"><span class='ocrx_word' id='word_1_265' title='bbox 284 2134 334 2188; x_wconf 89' lang='lat' dir='ltr'><strong>lu</strong></span> <span class='ocrx_word' id='word_1_266' title='bbox 374 2143 399 2170; x_wconf 80' lang='grc' dir='ltr'>ι</span> <span class='ocrx_word' id='word_1_267' title='bbox 435 2131 729 2202; x_wconf 80' lang='lat' dir='ltr'><strong>Typasensi</strong></span> <span class='ocrx_word' id='word_1_268' title='bbox 770 2145 899 2186; x_wconf 90' lang='lat' dir='ltr'><strong>vero</strong></span> <span class='ocrx_word' id='word_1_269' title='bbox 947 2130 1088 2200; x_wconf 91' lang='lat' dir='ltr'><strong>quod</strong></span> <span class='ocrx_word' id='word_1_270' title='bbox 1135 2139 1345 2199; x_wconf 88' lang='lat' dir='ltr'><strong>gestum</strong></span> <span class='ocrx_word' id='word_1_271' title='bbox 1390 2136 1474 2184; x_wconf 90' lang='lat' dir='ltr'><strong>est</strong></span> <span class='ocrx_word' id='word_1_272' title='bbox 1520 2130 1852 2185; x_wconf 70' lang='lat' dir='ltr'><strong>Mauritania:</strong></span> 
     </span>
    </p>
   </div>
   <div class='ocr_carea' id='block_1_38' title="bbox 285 2220 1853 2297">
    <p class='ocr_par' dir='ltr' id='par_1_38' title="bbox 285 2220 1853 2297">
     <span class='ocr_line' id='line_1_38' title="bbox 285 2220 1853 2297; baseline -0.002 -16"><span class='ocrx_word' id='word_1_273' title='bbox 285 2228 497 2297; x_wconf 81' lang='lat' dir='ltr'><strong>majoris</strong></span> <span class='ocrx_word' id='word_1_274' title='bbox 531 2227 749 2282; x_wconf 89' lang='lat' dir='ltr'><strong>civitate</strong></span> <span class='ocrx_word' id='word_1_275' title='bbox 770 2224 837 2279; x_wconf 90' lang='lat' dir='ltr'><strong>ad</strong></span> <span class='ocrx_word' id='word_1_276' title='bbox 858 2222 1069 2279; x_wconf 91' lang='lat' dir='ltr'><strong>laudem</strong></span> <span class='ocrx_word' id='word_1_277' title='bbox 1092 2221 1186 2276; x_wconf 88' lang='lat' dir='ltr'><strong>Dei</strong></span> <span class='ocrx_word' id='word_1_278' title='bbox 1212 2222 1485 2277; x_wconf 88' lang='lat' dir='ltr'><strong>insinuare</strong></span> <span class='ocrx_word' id='word_1_279' title='bbox 1512 2220 1853 2278; x_wconf 80' lang='lat' dir='ltr'><strong>festinemus.</strong></span> 
     </span>
    </p>
   </div>
   <div class='ocr_carea' id='block_1_39' title="bbox 286 2315 1858 2385">
    <p class='ocr_par' dir='ltr' id='par_1_39' title="bbox 286 2315 1858 2385">
     <span class='ocr_line' id='line_1_39' title="bbox 286 2315 1858 2385; baseline -0.004 -10"><span class='ocrx_word' id='word_1_280' title='bbox 286 2322 415 2375; x_wconf 86' lang='lat' dir='ltr'><strong>Dum</strong></span> <span class='ocrx_word' id='word_1_281' title='bbox 462 2334 575 2373; x_wconf 76' lang='lat' dir='ltr'><strong>sua:</strong></span> <span class='ocrx_word' id='word_1_282' title='bbox 620 2318 821 2375; x_wconf 82' lang='lat' dir='ltr'><strong>civitati</strong></span> <span class='ocrx_word' id='word_1_283' title='bbox 868 2316 1125 2372; x_wconf 74' lang='lat' dir='ltr'><strong>Arianu‘m</strong></span> <span class='ocrx_word' id='word_1_284' title='bbox 1173 2315 1482 2385; x_wconf 91' lang='lat' dir='ltr'><strong>episcopum</strong></span> <span class='ocrx_word' id='word_1_285' title='bbox 1532 2330 1597 2369; x_wconf 81' lang='lat' dir='ltr'><strong>ex</strong></span> <span class='ocrx_word' id='word_1_286' title='bbox 1649 2315 1858 2369; x_wconf 89' lang='lat' dir='ltr'><strong>notario</strong></span> 
     </span>
    </p>
   </div>
   <div class='ocr_carea' id='block_1_40' title="bbox 286 2405 1855 2482">
    <p class='ocr_par' dir='ltr' id='par_1_40' title="bbox 286 2405 1855 2482">
     <span class='ocr_line' id='line_1_40' title="bbox 286 2405 1855 2482; baseline -0.006 -14"><span class='ocrx_word' id='word_1_287' title='bbox 286 2412 311 2450; x_wconf 68' lang='grc' dir='ltr'>δ</span> <span class='ocrx_word' id='word_1_288' title='bbox 336 2412 531 2482; x_wconf 69' lang='lat' dir='ltr'><strong>Cyrilae</strong></span> <span class='ocrx_word' id='word_1_289' title='bbox 570 2410 636 2465; x_wconf 92' lang='lat' dir='ltr'><strong>ad</strong></span> <span class='ocrx_word' id='word_1_290' title='bbox 662 2408 961 2480; x_wconf 88' lang='lat' dir='ltr'><strong>perdendas</strong></span> <span class='ocrx_word' id='word_1_291' title='bbox 1004 2409 1208 2462; x_wconf 90' lang='lat' dir='ltr'><strong>animas</strong></span> <span class='ocrx_word' id='word_1_292' title='bbox 1245 2406 1547 2462; x_wconf 79' lang='lat' dir='ltr'><strong>ordinatum</strong></span> <span class='ocrx_word' id='word_1_293' title='bbox 1579 2405 1855 2472; x_wconf 86' lang='lat' dir='ltr'><strong>vidissent,</strong></span> 
     </span>
    </p>
   </div>
   <div class='ocr_carea' id='block_1_41' title="bbox 289 2497 1856 2577">
    <p class='ocr_par' dir='ltr' id='par_1_41' title="bbox 289 2497 1856 2577">
     <span class='ocr_line' id='line_1_41' title="bbox 289 2497 1856 2577; baseline -0.003 -22"><span class='ocrx_word' id='word_1_294' title='bbox 289 2503 455 2556; x_wconf 87' lang='lat' dir='ltr'><strong>omnis</strong></span> <span class='ocrx_word' id='word_1_295' title='bbox 481 2501 642 2557; x_wconf 89' lang='lat' dir='ltr'><strong>simul</strong></span> <span class='ocrx_word' id='word_1_296' title='bbox 670 2500 862 2555; x_wconf 88' lang='lat' dir='ltr'><strong>civitas</strong></span> <span class='ocrx_word' id='word_1_297' title='bbox 894 2497 1172 2577; x_wconf 86' lang='lat' dir='ltr'><strong>evectione</strong></span> <span class='ocrx_word' id='word_1_298' title='bbox 1208 2498 1382 2553; x_wconf 89' lang='lat' dir='ltr'><strong>navali</strong></span> <span class='ocrx_word' id='word_1_299' title='bbox 1411 2498 1477 2553; x_wconf 89' lang='lat' dir='ltr'><strong>de</strong></span> <span class='ocrx_word' id='word_1_300' title='bbox 1523 2498 1764 2567; x_wconf 78' lang='lat' dir='ltr'><strong>proximo</strong></span> <span class='ocrx_word' id='word_1_301' title='bbox 1790 2497 1856 2551; x_wconf 91' lang='lat' dir='ltr'><strong>ad</strong></span> 
     </span>
    </p>
   </div>
   <div class='ocr_carea' id='block_1_42' title="bbox 291 2588 1857 2663">
    <p class='ocr_par' dir='ltr' id='par_1_42' title="bbox 291 2588 1857 2663">
     <span class='ocr_line' id='line_1_42' title="bbox 291 2588 1857 2663; baseline -0.004 -14"><span class='ocrx_word' id='word_1_302' title='bbox 291 2596 599 2663; x_wconf 81' lang='lat' dir='ltr'><strong>llispaniam</strong></span> <span class='ocrx_word' id='word_1_303' title='bbox 626 2592 887 2662; x_wconf 90' lang='lat' dir='ltr'><strong>confugit,</strong></span> <span class='ocrx_word' id='word_1_304' title='bbox 935 2590 1135 2646; x_wconf 86' lang='lat' dir='ltr'><strong>relictis</strong></span> <span class='ocrx_word' id='word_1_305' title='bbox 1166 2590 1502 2660; x_wconf 87' lang='lat' dir='ltr'><strong>paucissimis</strong></span> <span class='ocrx_word' id='word_1_306' title='bbox 1530 2588 1619 2659; x_wconf 91' lang='lat' dir='ltr'><strong>qui</strong></span> <span class='ocrx_word' id='word_1_307' title='bbox 1656 2589 1857 2644; x_wconf 84' lang='lat' dir='ltr'><strong>aditum</strong></span> 
     </span>
    </p>
   </div>
   <div class='ocr_carea' id='block_1_43' title="bbox 289 2681 1857 2752">
    <p class='ocr_par' dir='ltr' id='par_1_43' title="bbox 289 2681 1857 2752">
     <span class='ocr_line' id='line_1_43' title="bbox 289 2681 1857 2752; baseline -0.003 -13"><span class='ocrx_word' id='word_1_308' title='bbox 289 2704 385 2739; x_wconf 84' lang='lat' dir='ltr'><strong>non</strong></span> <span class='ocrx_word' id='word_1_309' title='bbox 420 2687 736 2739; x_wconf 83' lang='lat' dir='ltr'><strong>invenerant</strong></span> <span class='ocrx_word' id='word_1_310' title='bbox 759 2683 1061 2752; x_wconf 84' lang='lat' dir='ltr'><strong>navigandi.</strong></span> <span class='ocrx_word' id='word_1_311' title='bbox 1103 2682 1247 2749; x_wconf 90' lang='lat' dir='ltr'><strong>Quos</strong></span> <span class='ocrx_word' id='word_1_312' title='bbox 1283 2681 1605 2736; x_wconf 86' lang='lat' dir='ltr'><strong>Arianorum</strong></span> <span class='ocrx_word' id='word_1_313' title='bbox 1646 2682 1857 2751; x_wconf 80' lang='lat' dir='ltr'><strong>episco-</strong></span> 
     </span>
    </p>
   </div>
   <div class='ocr_carea' id='block_1_44' title="bbox 293 2771 1860 2845">
    <p class='ocr_par' dir='ltr' id='par_1_44' title="bbox 293 2771 1860 2845">
     <span class='ocr_line' id='line_1_44' title="bbox 293 2771 1860 2845; baseline 0 -19"><span class='ocrx_word' id='word_1_314' title='bbox 293 2792 385 2845; x_wconf 83' lang='lat' dir='ltr'><strong>pus</strong></span> <span class='ocrx_word' id='word_1_315' title='bbox 429 2778 600 2843; x_wconf 88' lang='lat' dir='ltr'><strong>primo</strong></span> <span class='ocrx_word' id='word_1_316' title='bbox 648 2772 1061 2839; x_wconf 86' lang='lat' dir='ltr'><strong>blandimentis,</strong></span> <span class='ocrx_word' id='word_1_317' title='bbox 1110 2780 1292 2842; x_wconf 90' lang='lat' dir='ltr'><strong>postea</strong></span> <span class='ocrx_word' id='word_1_318' title='bbox 1339 2772 1495 2825; x_wconf 90' lang='lat' dir='ltr'><strong>minis</strong></span> <span class='ocrx_word' id='word_1_319' title='bbox 1534 2771 1860 2841; x_wconf 90' lang='lat' dir='ltr'><strong>compellere</strong></span> 
     </span>
    </p>
   </div>
   <div class='ocr_carea' id='block_1_45' title="bbox 296 2862 1861 2933">
    <p class='ocr_par' dir='ltr' id='par_1_45' title="bbox 296 2862 1861 2933">
     <span class='ocr_line' id='line_1_45' title="bbox 296 2862 1861 2933; baseline -0.001 -16"><span class='ocrx_word' id='word_1_320' title='bbox 296 2865 476 2933; x_wconf 68' lang='lat' dir='ltr'><strong>erepit,</strong></span> <span class='ocrx_word' id='word_1_321' title='bbox 506 2873 565 2918; x_wconf 91' lang='lat' dir='ltr'><strong>ut</strong></span> <span class='ocrx_word' id='word_1_322' title='bbox 591 2878 683 2919; x_wconf 90' lang='lat' dir='ltr'><strong>eos</strong></span> <span class='ocrx_word' id='word_1_323' title='bbox 716 2863 917 2918; x_wconf 87' lang='lat' dir='ltr'><strong>faceret</strong></span> <span class='ocrx_word' id='word_1_324' title='bbox 940 2863 1186 2917; x_wconf 80' lang='lat' dir='ltr'><strong>Arianos.</strong></span> <span class='ocrx_word' id='word_1_325' title='bbox 1224 2862 1328 2917; x_wconf 89' lang='lat' dir='ltr'><strong>Sed</strong></span> <span class='ocrx_word' id='word_1_326' title='bbox 1360 2862 1524 2917; x_wconf 90' lang='lat' dir='ltr'><strong>fortes</strong></span> <span class='ocrx_word' id='word_1_327' title='bbox 1556 2864 1607 2917; x_wconf 92' lang='lat' dir='ltr'><strong>in</strong></span> <span class='ocrx_word' id='word_1_328' title='bbox 1634 2862 1861 2917; x_wconf 91' lang='lat' dir='ltr'><strong>Domino</strong></span> 
     </span>
    </p>
   </div>
   <div class='ocr_carea' id='block_1_46' title="bbox 302 2955 1861 3026">
    <p class='ocr_par' dir='ltr' id='par_1_46' title="bbox 302 2955 1861 3026">
     <span class='ocr_line' id='line_1_46' title="bbox 302 2955 1861 3026; baseline 0.001 -16"><span class='ocrx_word' id='word_1_329' title='bbox 302 2968 690 3026; x_wconf 82' lang='lat' dir='ltr'><strong>permanentes,</strong></span> <span class='ocrx_word' id='word_1_330' title='bbox 730 2971 833 3010; x_wconf 91' lang='lat' dir='ltr'><strong>non</strong></span> <span class='ocrx_word' id='word_1_331' title='bbox 878 2956 1054 3009; x_wconf 92' lang='lat' dir='ltr'><strong>solum</strong></span> <span class='ocrx_word' id='word_1_332' title='bbox 1084 2955 1362 3010; x_wconf 87' lang='lat' dir='ltr'><strong>suadentis</strong></span> <span class='ocrx_word' id='word_1_333' title='bbox 1390 2956 1649 3011; x_wconf 85' lang='lat' dir='ltr'><strong>insaniam</strong></span> <span class='ocrx_word' id='word_1_334' title='bbox 1678 2956 1861 3011; x_wconf 89' lang='lat' dir='ltr'><strong>irrise-</strong></span> 
     </span>
    </p>
   </div>
   <div class='ocr_carea' id='block_1_47' title="bbox 298 3046 1861 3116">
    <p class='ocr_par' dir='ltr' id='par_1_47' title="bbox 298 3046 1861 3116">
     <span class='ocr_line' id='line_1_47' title="bbox 298 3046 1861 3116; baseline 0.002 -17"><span class='ocrx_word' id='word_1_335' title='bbox 298 3055 439 3115; x_wconf 86' lang='lat' dir='ltr'><strong>runt,</strong></span> <span class='ocrx_word' id='word_1_336' title='bbox 464 3062 648 3102; x_wconf 89' lang='lat' dir='ltr'><strong>verum</strong></span> <span class='ocrx_word' id='word_1_337' title='bbox 666 3048 825 3101; x_wconf 90' lang='lat' dir='ltr'><strong>etiam</strong></span> <span class='ocrx_word' id='word_1_338' title='bbox 871 3046 1085 3116; x_wconf 87' lang='lat' dir='ltr'><strong>publice</strong></span> <span class='ocrx_word' id='word_1_339' title='bbox 1118 3048 1374 3116; x_wconf 84' lang='lat' dir='ltr'><strong>mysteria</strong></span> <span class='ocrx_word' id='word_1_340' title='bbox 1400 3046 1576 3101; x_wconf 90' lang='lat' dir='ltr'><strong>divina</strong></span> <span class='ocrx_word' id='word_1_341' title='bbox 1618 3047 1669 3101; x_wconf 91' lang='lat' dir='ltr'><strong>in</strong></span> <span class='ocrx_word' id='word_1_342' title='bbox 1700 3048 1861 3102; x_wconf 87' lang='lat' dir='ltr'><strong>domo</strong></span> 
     </span>
    </p>
   </div>
   <div class='ocr_carea' id='block_1_48' title="bbox 294 3138 1862 3208">
    <p class='ocr_par' dir='ltr' id='par_1_48' title="bbox 294 3138 1862 3208">
     <span class='ocr_line' id='line_1_48' title="bbox 294 3138 1862 3208; baseline 0 -16"><span class='ocrx_word' id='word_1_343' title='bbox 294 3156 385 3193; x_wconf 89' lang='lat' dir='ltr'><strong>una</strong></span> <span class='ocrx_word' id='word_1_344' title='bbox 426 3138 738 3208; x_wconf 78' lang='lat' dir='ltr'><strong>congregati</strong></span> <span class='ocrx_word' id='word_1_345' title='bbox 783 3138 1058 3192; x_wconf 84' lang='lat' dir='ltr'><strong>celebrare</strong></span> <span class='ocrx_word' id='word_1_346' title='bbox 1102 3146 1395 3204; x_wconf 70' lang='lat' dir='ltr'><strong>creperum.</strong></span> <span class='ocrx_word' id='word_1_347' title='bbox 1441 3138 1591 3206; x_wconf 85' lang='lat' dir='ltr'><strong>Quod</strong></span> <span class='ocrx_word' id='word_1_348' title='bbox 1642 3139 1731 3194; x_wconf 91' lang='lat' dir='ltr'><strong>ille</strong></span> <span class='ocrx_word' id='word_1_349' title='bbox 1771 3154 1862 3193; x_wconf 88' lang='lat' dir='ltr'><strong>co-</strong></span> 
     </span>
    </p>
   </div>
   <div class='ocr_carea' id='block_1_49' title="bbox 1962 1949 3535 2023">
    <p class='ocr_par' dir='ltr' id='par_1_49' title="bbox 1962 1949 3535 2023">
     <span class='ocr_line' id='line_1_49' title="bbox 1962 1949 3535 2023; baseline 0.004 -20"><span class='ocrx_word' id='word_1_350' title='bbox 1962 1949 2052 2004; x_wconf 90' lang='lat' dir='ltr'><strong>illa</strong></span> <span class='ocrx_word' id='word_1_351' title='bbox 2098 1951 2302 2006; x_wconf 80' lang='lat' dir='ltr'><strong>scilicet</strong></span> <span class='ocrx_word' id='word_1_352' title='bbox 2332 1964 2514 2017; x_wconf 87' lang='lat' dir='ltr'><strong>causa,</strong></span> <span class='ocrx_word' id='word_1_353' title='bbox 2561 1953 2684 2022; x_wconf 92' lang='lat' dir='ltr'><strong>quia</strong></span> <span class='ocrx_word' id='word_1_354' title='bbox 2722 1955 2945 2009; x_wconf 88' lang='lat' dir='ltr'><strong>veniens</strong></span> <span class='ocrx_word' id='word_1_355' title='bbox 2990 1953 3364 2023; x_wconf 83' lang='lat' dir='ltr'><strong>Carthaginem</strong></span> <span class='ocrx_word' id='word_1_356' title='bbox 3414 1969 3535 2009; x_wconf 88' lang='lat' dir='ltr'><strong>sese</strong></span> 
     </span>
    </p>
   </div>
   <div class='ocr_carea' id='block_1_50' title="bbox 1963 2043 3535 2114">
    <p class='ocr_par' dir='ltr' id='par_1_50' title="bbox 1963 2043 3535 2114">
     <span class='ocr_line' id='line_1_50' title="bbox 1963 2043 3535 2114; baseline 0.002 -17"><span class='ocrx_word' id='word_1_357' title='bbox 1963 2043 2059 2114; x_wconf 75' lang='lat' dir='ltr'><strong>pro</strong></span> <span class='ocrx_word' id='word_1_358' title='bbox 2087 2043 2396 2099; x_wconf 84' lang='lat' dir='ltr'><strong>defensione</strong></span> <span class='ocrx_word' id='word_1_359' title='bbox 2421 2044 2766 2100; x_wconf 88' lang='lat' dir='ltr'><strong>ecclesiarum</strong></span> <span class='ocrx_word' id='word_1_360' title='bbox 2802 2046 3187 2102; x_wconf 89' lang='lat' dir='ltr'><strong>catholicarum</strong></span> <span class='ocrx_word' id='word_1_361' title='bbox 3215 2047 3425 2103; x_wconf 88' lang='lat' dir='ltr'><strong>venisse</strong></span> <span class='ocrx_word' id='word_1_362' title='bbox 3451 2048 3535 2114; x_wconf 86' lang='lat' dir='ltr'><strong>ja-</strong></span> 
     </span>
    </p>
   </div>
   <div class='ocr_carea' id='block_1_51' title="bbox 1961 2133 3528 2208">
    <p class='ocr_par' dir='ltr' id='par_1_51' title="bbox 1961 2133 3528 2208">
     <span class='ocr_line' id='line_1_51' title="bbox 1961 2133 3528 2208; baseline 0.001 -19"><span class='ocrx_word' id='word_1_363' title='bbox 1961 2134 2159 2189; x_wconf 91' lang='lat' dir='ltr'><strong>ctabat.</strong></span> <span class='ocrx_word' id='word_1_364' title='bbox 2207 2136 2273 2190; x_wconf 87' lang='lat' dir='ltr'><strong>Et</strong></span> <span class='ocrx_word' id='word_1_365' title='bbox 2314 2144 2373 2189; x_wconf 94' lang='lat' dir='ltr'><strong>ut</strong></span> <span class='ocrx_word' id='word_1_366' title='bbox 2397 2133 2473 2189; x_wconf 92' lang='lat' dir='ltr'><strong>illi</strong></span> <span class='ocrx_word' id='word_1_367' title='bbox 2514 2137 2821 2192; x_wconf 86' lang='lat' dir='ltr'><strong>ostenderet</strong></span> <span class='ocrx_word' id='word_1_368' title='bbox 2866 2145 3121 2208; x_wconf 90' lang='lat' dir='ltr'><strong>tyrannus</strong></span> <span class='ocrx_word' id='word_1_369' title='bbox 3156 2153 3215 2193; x_wconf 90' lang='lat' dir='ltr'><strong>se</strong></span> <span class='ocrx_word' id='word_1_370' title='bbox 3263 2139 3528 2193; x_wconf 89' lang='lat' dir='ltr'><strong>neminem</strong></span> 
     </span>
    </p>
   </div>
   <div class='ocr_carea' id='block_1_52' title="bbox 1964 2226 3531 2298">
    <p class='ocr_par' dir='ltr' id='par_1_52' title="bbox 1964 2226 3531 2298">
     <span class='ocr_line' id='line_1_52' title="bbox 1964 2226 3531 2298; baseline 0.002 -18"><span class='ocrx_word' id='word_1_371' title='bbox 1964 2226 2272 2293; x_wconf 86' lang='lat' dir='ltr'><strong>formidare,</strong></span> <span class='ocrx_word' id='word_1_372' title='bbox 2306 2228 2357 2281; x_wconf 91' lang='lat' dir='ltr'><strong>in</strong></span> <span class='ocrx_word' id='word_1_373' title='bbox 2392 2228 2494 2282; x_wconf 91' lang='lat' dir='ltr'><strong>illis</strong></span> <span class='ocrx_word' id='word_1_374' title='bbox 2521 2227 2709 2297; x_wconf 91' lang='lat' dir='ltr'><strong>plateis</strong></span> <span class='ocrx_word' id='word_1_375' title='bbox 2736 2228 2817 2283; x_wconf 88' lang='lat' dir='ltr'><strong>vel</strong></span> <span class='ocrx_word' id='word_1_376' title='bbox 2848 2228 2978 2283; x_wconf 86' lang='lat' dir='ltr'><strong>vicis</strong></span> <span class='ocrx_word' id='word_1_377' title='bbox 3008 2230 3185 2298; x_wconf 88' lang='lat' dir='ltr'><strong>plures</strong></span> <span class='ocrx_word' id='word_1_378' title='bbox 3218 2237 3446 2283; x_wconf 85' lang='lat' dir='ltr'><strong>tortores</strong></span> <span class='ocrx_word' id='word_1_379' title='bbox 3475 2238 3531 2283; x_wconf 87' lang='lat' dir='ltr'><strong>et</strong></span> 
     </span>
    </p>
   </div>
   <div class='ocr_carea' id='block_1_53' title="bbox 1962 2317 3531 2387">
    <p class='ocr_par' dir='ltr' id='par_1_53' title="bbox 1962 2317 3531 2387">
     <span class='ocr_line' id='line_1_53' title="bbox 1962 2317 3531 2387; baseline 0 -14"><span class='ocrx_word' id='word_1_380' title='bbox 1962 2318 2290 2374; x_wconf 87' lang='lat' dir='ltr'><strong>crudeliores</strong></span> <span class='ocrx_word' id='word_1_381' title='bbox 2310 2317 2515 2385; x_wconf 88' lang='lat' dir='ltr'><strong>statuit,</strong></span> <span class='ocrx_word' id='word_1_382' title='bbox 2543 2319 2595 2373; x_wconf 89' lang='lat' dir='ltr'><strong>in</strong></span> <span class='ocrx_word' id='word_1_383' title='bbox 2621 2319 2811 2387; x_wconf 79' lang='lat' dir='ltr'><strong>quibus</strong></span> <span class='ocrx_word' id='word_1_384' title='bbox 2840 2319 3027 2387; x_wconf 84' lang='lat' dir='ltr'><strong>legatis</strong></span> <span class='ocrx_word' id='word_1_385' title='bbox 3055 2320 3217 2373; x_wconf 91' lang='lat' dir='ltr'><strong>moris</strong></span> <span class='ocrx_word' id='word_1_386' title='bbox 3239 2329 3320 2374; x_wconf 88' lang='lat' dir='ltr'><strong>est</strong></span> <span class='ocrx_word' id='word_1_387' title='bbox 3345 2332 3531 2373; x_wconf 88' lang='lat' dir='ltr'><strong>ascen-</strong></span> 
     </span>
    </p>
   </div>
   <div class='ocr_carea' id='block_1_54' title="bbox 1962 2407 3530 2479">
    <p class='ocr_par' dir='ltr' id='par_1_54' title="bbox 1962 2407 3530 2479">
     <span class='ocr_line' id='line_1_54' title="bbox 1962 2407 3530 2479; baseline -0.002 -16"><span class='ocrx_word' id='word_1_388' title='bbox 1962 2409 2138 2464; x_wconf 89' lang='lat' dir='ltr'><strong>dendo</strong></span> <span class='ocrx_word' id='word_1_389' title='bbox 2165 2409 2231 2464; x_wconf 91' lang='lat' dir='ltr'><strong>ad</strong></span> <span class='ocrx_word' id='word_1_390' title='bbox 2264 2410 2516 2479; x_wconf 88' lang='lat' dir='ltr'><strong>palatium</strong></span> <span class='ocrx_word' id='word_1_391' title='bbox 2546 2417 2597 2464; x_wconf 90' lang='lat' dir='ltr'><strong>et</strong></span> <span class='ocrx_word' id='word_1_392' title='bbox 2625 2408 2999 2467; x_wconf 84' lang='lat' dir='ltr'><strong>descendendo</strong></span> <span class='ocrx_word' id='word_1_393' title='bbox 3039 2408 3266 2465; x_wconf 90' lang='lat' dir='ltr'><strong>transire</strong></span> <span class='ocrx_word' id='word_1_394' title='bbox 3298 2425 3311 2460; x_wconf 90' lang='lat'><strong>:</strong></span> <span class='ocrx_word' id='word_1_395' title='bbox 3341 2407 3405 2461; x_wconf 90' lang='lat' dir='ltr'><strong>ad</strong></span> <span class='ocrx_word' id='word_1_396' title='bbox 3440 2422 3530 2479; x_wconf 89' lang='lat' dir='ltr'><strong>op-</strong></span> 
     </span>
    </p>
   </div>
   <div class='ocr_carea' id='block_1_55' title="bbox 1964 2498 3531 2573">
    <p class='ocr_par' dir='ltr' id='par_1_55' title="bbox 1964 2498 3531 2573">
     <span class='ocr_line' id='line_1_55' title="bbox 1964 2498 3531 2573; baseline -0.003 -18"><span class='ocrx_word' id='word_1_397' title='bbox 1964 2501 2237 2573; x_wconf 89' lang='lat' dir='ltr'><strong>probrium</strong></span> <span class='ocrx_word' id='word_1_398' title='bbox 2268 2501 2516 2556; x_wconf 89' lang='lat' dir='ltr'><strong>videlicet</strong></span> <span class='ocrx_word' id='word_1_399' title='bbox 2547 2501 2713 2569; x_wconf 90' lang='lat' dir='ltr'><strong>ipsius</strong></span> <span class='ocrx_word' id='word_1_400' title='bbox 2754 2501 3079 2570; x_wconf 66' lang='lat' dir='ltr'><strong>reipublicm,</strong></span> <span class='ocrx_word' id='word_1_401' title='bbox 3130 2509 3185 2555; x_wconf 90' lang='lat' dir='ltr'><strong>et</strong></span> <span class='ocrx_word' id='word_1_402' title='bbox 3215 2501 3381 2555; x_wconf 88' lang='lat' dir='ltr'><strong>nostri</strong></span> <span class='ocrx_word' id='word_1_403' title='bbox 3424 2498 3531 2567; x_wconf 89' lang='lat' dir='ltr'><strong>jam</strong></span> 
     </span>
    </p>
   </div>
   <div class='ocr_carea' id='block_1_56' title="bbox 1962 2593 2787 2661">
    <p class='ocr_par' dir='ltr' id='par_1_56' title="bbox 1962 2593 2787 2661">
     <span class='ocr_line' id='line_1_56' title="bbox 1962 2593 2787 2661; baseline -0.006 -11"><span class='ocrx_word' id='word_1_404' title='bbox 1962 2595 2257 2650; x_wconf 83' lang='lat' dir='ltr'><strong>deﬁcientis</strong></span> <span class='ocrx_word' id='word_1_405' title='bbox 2289 2593 2544 2661; x_wconf 90' lang='lat' dir='ltr'><strong>temporis</strong></span> <span class='ocrx_word' id='word_1_406' title='bbox 2577 2594 2787 2647; x_wconf 69' lang='lat' dir='ltr'><strong>faecem.</strong></span> 
     </span>
    </p>
   </div>
   <div class='ocr_carea' id='block_1_57' title="bbox 2036 2683 3531 2754">
    <p class='ocr_par' dir='ltr' id='par_1_57' title="bbox 2036 2683 3531 2754">
     <span class='ocr_line' id='line_1_57' title="bbox 2036 2683 3531 2754; baseline -0.001 -16"><span class='ocrx_word' id='word_1_407' title='bbox 2036 2685 2167 2739; x_wconf 75' lang='lat' dir='ltr'><strong>Vlll.</strong></span> <span class='ocrx_word' id='word_1_408' title='bbox 2202 2684 2451 2738; x_wconf 80' lang='lat' dir='ltr'><strong>Matrona:</strong></span> <span class='ocrx_word' id='word_1_409' title='bbox 2475 2684 2752 2737; x_wconf 72' lang='lat' dir='ltr'><strong>exsulantis</strong></span> <span class='ocrx_word' id='word_1_410' title='bbox 2777 2685 3081 2740; x_wconf 73' lang='lat' dir='ltr'><strong>constantia.</strong></span> <span class='ocrx_word' id='word_1_411' title='bbox 3113 2714 3180 2723; x_wconf 94' lang='lat'><strong>—</strong></span> <span class='ocrx_word' id='word_1_412' title='bbox 3200 2683 3349 2738; x_wconf 87' lang='lat' dir='ltr'><strong>Tunc</strong></span> <span class='ocrx_word' id='word_1_413' title='bbox 3373 2684 3531 2754; x_wconf 87' lang='lat' dir='ltr'><strong>igitur</strong></span> 
     </span>
    </p>
   </div>
   <div class='ocr_carea' id='block_1_58' title="bbox 1964 2775 3533 2846">
    <p class='ocr_par' dir='ltr' id='par_1_58' title="bbox 1964 2775 3533 2846">
     <span class='ocr_line' id='line_1_58' title="bbox 1964 2775 3533 2846; baseline -0.001 -14"><span class='ocrx_word' id='word_1_414' title='bbox 1964 2786 2016 2832; x_wconf 90' lang='lat' dir='ltr'><strong>ct</strong></span> <span class='ocrx_word' id='word_1_415' title='bbox 2044 2776 2285 2846; x_wconf 61' lang='lat' dir='ltr'><strong>quasdam</strong></span> <span class='ocrx_word' id='word_1_416' title='bbox 2322 2790 2455 2830; x_wconf 79' lang='lat' dir='ltr'><strong>uxor</strong></span> <span class='ocrx_word' id='word_1_417' title='bbox 2502 2775 2776 2844; x_wconf 83' lang='lat' dir='ltr'><strong>cujusdam</strong></span> <span class='ocrx_word' id='word_1_418' title='bbox 2822 2776 3076 2831; x_wconf 74' lang='lat' dir='ltr'><strong>cellarita:</strong></span> <span class='ocrx_word' id='word_1_419' title='bbox 3133 2776 3273 2846; x_wconf 88' lang='lat' dir='ltr'><strong>regis</strong></span> <span class='ocrx_word' id='word_1_420' title='bbox 3319 2776 3533 2830; x_wconf 84' lang='lat' dir='ltr'><strong>nomine</strong></span> 
     </span>
    </p>
   </div>
   <div class='ocr_carea' id='block_1_59' title="bbox 1968 2865 3533 2937">
    <p class='ocr_par' dir='ltr' id='par_1_59' title="bbox 1968 2865 3533 2937">
     <span class='ocr_line' id='line_1_59' title="bbox 1968 2865 3533 2937; baseline -0.001 -16"><span class='ocrx_word' id='word_1_421' title='bbox 1968 2865 1987 2902; x_wconf 69' lang='grc' dir='ltr'>ί</span> <span class='ocrx_word' id='word_1_422' title='bbox 2027 2867 2229 2936; x_wconf 89' lang='lat' dir='ltr'><strong>Dagila,</strong></span> <span class='ocrx_word' id='word_1_423' title='bbox 2283 2883 2401 2937; x_wconf 72' lang='lat' dir='ltr'><strong>quae</strong></span> <span class='ocrx_word' id='word_1_424' title='bbox 2443 2867 2771 2935; x_wconf 85' lang='lat' dir='ltr'><strong>temporibus</strong></span> <span class='ocrx_word' id='word_1_425' title='bbox 2824 2866 3078 2923; x_wconf 84' lang='lat' dir='ltr'><strong>Geiserici</strong></span> <span class='ocrx_word' id='word_1_426' title='bbox 3109 2867 3376 2923; x_wconf 88' lang='lat' dir='ltr'><strong>multoties</strong></span> <span class='ocrx_word' id='word_1_427' title='bbox 3424 2867 3533 2935; x_wconf 90' lang='lat' dir='ltr'><strong>jam</strong></span> 
     </span>
    </p>
   </div>
   <div class='ocr_carea' id='block_1_60' title="bbox 1964 2957 3533 3024">
    <p class='ocr_par' dir='ltr' id='par_1_60' title="bbox 1964 2957 3533 3024">
     <span class='ocr_line' id='line_1_60' title="bbox 1964 2957 3533 3024; baseline -0.002 -12"><span class='ocrx_word' id='word_1_428' title='bbox 1964 2958 2243 3013; x_wconf 78' lang='lat' dir='ltr'><strong>confessor</strong></span> <span class='ocrx_word' id='word_1_429' title='bbox 2266 2959 2564 3022; x_wconf 86' lang='lat' dir='ltr'><strong>exstiterat,</strong></span> <span class='ocrx_word' id='word_1_430' title='bbox 2598 2967 2837 3017; x_wconf 88' lang='lat' dir='ltr'><strong>matrona</strong></span> <span class='ocrx_word' id='word_1_431' title='bbox 2869 2958 3063 3012; x_wconf 90' lang='lat' dir='ltr'><strong>nobilis</strong></span> <span class='ocrx_word' id='word_1_432' title='bbox 3091 2971 3152 3013; x_wconf 89' lang='lat' dir='ltr'><strong>ac</strong></span> <span class='ocrx_word' id='word_1_433' title='bbox 3174 2957 3422 3024; x_wconf 85' lang='lat' dir='ltr'><strong>delicata,</strong></span> <span class='ocrx_word' id='word_1_434' title='bbox 3445 2957 3533 3011; x_wconf 84' lang='lat' dir='ltr'><strong>lla-</strong></span> 
     </span>
    </p>
   </div>
   <div class='ocr_carea' id='block_1_61' title="bbox 1962 3047 3533 3118">
    <p class='ocr_par' dir='ltr' id='par_1_61' title="bbox 1962 3047 3533 3118">
     <span class='ocr_line' id='line_1_61' title="bbox 1962 3047 3533 3118; baseline -0.001 -15"><span class='ocrx_word' id='word_1_435' title='bbox 1962 3050 2116 3118; x_wconf 89' lang='lat' dir='ltr'><strong>gellis</strong></span> <span class='ocrx_word' id='word_1_436' title='bbox 2144 3058 2196 3104; x_wconf 91' lang='lat' dir='ltr'><strong>et</strong></span> <span class='ocrx_word' id='word_1_437' title='bbox 2224 3048 2449 3103; x_wconf 87' lang='lat' dir='ltr'><strong>fustibus</strong></span> <span class='ocrx_word' id='word_1_438' title='bbox 2480 3049 2700 3103; x_wconf 91' lang='lat' dir='ltr'><strong>omnino</strong></span> <span class='ocrx_word' id='word_1_439' title='bbox 2721 3047 3020 3114; x_wconf 85' lang='lat' dir='ltr'><strong>debilitata,</strong></span> <span class='ocrx_word' id='word_1_440' title='bbox 3067 3048 3257 3102; x_wconf 78' lang='lat' dir='ltr'><strong>exsilio</strong></span> <span class='ocrx_word' id='word_1_441' title='bbox 3301 3047 3453 3101; x_wconf 88' lang='lat' dir='ltr'><strong>arido</strong></span> <span class='ocrx_word' id='word_1_442' title='bbox 3482 3056 3533 3102; x_wconf 91' lang='lat' dir='ltr'><strong>et</strong></span> 
     </span>
    </p>
   </div>
   <div class='ocr_carea' id='block_1_62' title="bbox 1968 3138 3534 3209">
    <p class='ocr_par' dir='ltr' id='par_1_62' title="bbox 1968 3138 3534 3209">
     <span class='ocr_line' id='line_1_62' title="bbox 1968 3138 3534 3209; baseline -0.001 -17"><span class='ocrx_word' id='word_1_443' title='bbox 1968 3140 2109 3194; x_wconf 92' lang='lat' dir='ltr'><strong>invio</strong></span> <span class='ocrx_word' id='word_1_444' title='bbox 2132 3141 2422 3209; x_wconf 83' lang='lat' dir='ltr'><strong>relegatur,</strong></span> <span class='ocrx_word' id='word_1_445' title='bbox 2459 3139 2547 3192; x_wconf 91' lang='lat' dir='ltr'><strong>ubi</strong></span> <span class='ocrx_word' id='word_1_446' title='bbox 2575 3138 2752 3193; x_wconf 91' lang='lat' dir='ltr'><strong>nullus</strong></span> <span class='ocrx_word' id='word_1_447' title='bbox 2781 3138 3053 3193; x_wconf 84' lang='lat' dir='ltr'><strong>hominum</strong></span> <span class='ocrx_word' id='word_1_448' title='bbox 3108 3138 3245 3195; x_wconf 85' lang='lat' dir='ltr'><strong>forte</strong></span> <span class='ocrx_word' id='word_1_449' title='bbox 3294 3138 3534 3192; x_wconf 85' lang='lat' dir='ltr'><strong>consola-</strong></span> 
     </span>
    </p>
   </div>
   <div class='ocr_carea' id='block_1_63' title="bbox 295 3210 3536 3301">
    <p class='ocr_par' dir='ltr' id='par_1_63' title="bbox 295 3210 3536 3301">
     <span class='ocr_line' id='line_1_63' title="bbox 295 3210 3536 3301; baseline 0.001 -21"><span class='ocrx_word' id='word_1_450' title='bbox 295 3243 572 3300; x_wconf 79' lang='lat' dir='ltr'><strong>guosccns,</strong></span> <span class='ocrx_word' id='word_1_451' title='bbox 606 3229 919 3284; x_wconf 79' lang='lat' dir='ltr'><strong>relationem</strong></span> <span class='ocrx_word' id='word_1_452' title='bbox 963 3222 1172 3283; x_wconf 84' lang='lat' dir='ltr'><strong>occulte</strong></span> <span class='ocrx_word' id='word_1_453' title='bbox 1194 3226 1570 3301; x_wconf 83' lang='lat' dir='ltr'><strong>Carthaginem</strong></span> <span class='ocrx_word' id='word_1_454' title='bbox 1600 3230 1858 3286; x_wconf 86' lang='lat' dir='ltr'><strong>adversus</strong></span> <span class='ocrx_word' id='word_1_455' title='bbox 1886 3210 1933 3274; x_wconf 68' lang='grc' dir='ltr'><strong>(ἶ</strong></span> <span class='ocrx_word' id='word_1_456' title='bbox 1968 3232 2128 3287; x_wconf 90' lang='lat' dir='ltr'><strong>tionis</strong></span> <span class='ocrx_word' id='word_1_457' title='bbox 2158 3232 2331 3301; x_wconf 89' lang='lat' dir='ltr'><strong>gratia</strong></span> <span class='ocrx_word' id='word_1_458' title='bbox 2356 3231 2605 3285; x_wconf 87' lang='lat' dir='ltr'><strong>veniendi</strong></span> <span class='ocrx_word' id='word_1_459' title='bbox 2629 3229 2851 3284; x_wconf 87' lang='lat' dir='ltr'><strong>haberet</strong></span> <span class='ocrx_word' id='word_1_460' title='bbox 2880 3243 3179 3297; x_wconf 88' lang='lat' dir='ltr'><strong>accessum,</strong></span> <span class='ocrx_word' id='word_1_461' title='bbox 3231 3228 3536 3298; x_wconf 89' lang='lat' dir='ltr'><strong>relinquens</strong></span> 
     </span>
    </p>
   </div>
   <div class='ocr_carea' id='block_1_64' title="bbox 296 3319 1855 3390">
    <p class='ocr_par' dir='ltr' id='par_1_64' title="bbox 296 3319 1855 3390">
     <span class='ocr_line' id='line_1_64' title="bbox 296 3319 1855 3390; baseline 0 -15"><span class='ocrx_word' id='word_1_462' title='bbox 296 3336 378 3375; x_wconf 87' lang='lat' dir='ltr'><strong>eos</strong></span> <span class='ocrx_word' id='word_1_463' title='bbox 442 3322 656 3375; x_wconf 83' lang='lat' dir='ltr'><strong>direxit.</strong></span> <span class='ocrx_word' id='word_1_464' title='bbox 704 3320 830 3388; x_wconf 75' lang='lat' dir='ltr'><strong>Qua:</strong></span> <span class='ocrx_word' id='word_1_465' title='bbox 877 3335 999 3375; x_wconf 91' lang='lat' dir='ltr'><strong>cum</strong></span> <span class='ocrx_word' id='word_1_466' title='bbox 1050 3321 1159 3390; x_wconf 91' lang='lat' dir='ltr'><strong>regi</strong></span> <span class='ocrx_word' id='word_1_467' title='bbox 1213 3319 1550 3383; x_wconf 90' lang='lat' dir='ltr'><strong>innotuisset,</strong></span> <span class='ocrx_word' id='word_1_468' title='bbox 1609 3323 1855 3375; x_wconf 79' lang='lat' dir='ltr'><strong>comitem</strong></span> 
     </span>
    </p>
   </div>
   <div class='ocr_carea' id='block_1_65' title="bbox 290 3410 1856 3482">
    <p class='ocr_par' dir='ltr' id='par_1_65' title="bbox 290 3410 1856 3482">
     <span class='ocr_line' id='line_1_65' title="bbox 290 3410 1856 3482; baseline 0.003 -21"><span class='ocrx_word' id='word_1_469' title='bbox 290 3411 568 3482; x_wconf 83' lang='lat' dir='ltr'><strong>quemdam</strong></span> <span class='ocrx_word' id='word_1_470' title='bbox 614 3426 736 3465; x_wconf 91' lang='lat' dir='ltr'><strong>cum</strong></span> <span class='ocrx_word' id='word_1_471' title='bbox 786 3410 1056 3465; x_wconf 89' lang='lat' dir='ltr'><strong>iracundia</strong></span> <span class='ocrx_word' id='word_1_472' title='bbox 1107 3410 1364 3481; x_wconf 83' lang='lat' dir='ltr'><strong>dirigens,</strong></span> <span class='ocrx_word' id='word_1_473' title='bbox 1410 3412 1661 3481; x_wconf 57' lang='lat' dir='ltr'><strong>praecepit</strong></span> <span class='ocrx_word' id='word_1_474' title='bbox 1701 3422 1757 3467; x_wconf 85' lang='lat' dir='ltr'><strong>ut</strong></span> <span class='ocrx_word' id='word_1_475' title='bbox 1806 3413 1856 3465; x_wconf 92' lang='lat' dir='ltr'><strong>in</strong></span> 
     </span>
    </p>
   </div>
   <div class='ocr_carea' id='block_1_66' title="bbox 290 3503 1861 3574">
    <p class='ocr_par' dir='ltr' id='par_1_66' title="bbox 290 3503 1861 3574">
     <span class='ocr_line' id='line_1_66' title="bbox 290 3503 1861 3574; baseline 0.001 -17"><span class='ocrx_word' id='word_1_476' title='bbox 290 3505 465 3559; x_wconf 90' lang='lat' dir='ltr'><strong>medio</strong></span> <span class='ocrx_word' id='word_1_477' title='bbox 490 3504 629 3570; x_wconf 80' lang='lat' dir='ltr'><strong>loro,</strong></span> <span class='ocrx_word' id='word_1_478' title='bbox 659 3514 978 3574; x_wconf 85' lang='lat' dir='ltr'><strong>congregata</strong></span> <span class='ocrx_word' id='word_1_479' title='bbox 1003 3503 1127 3558; x_wconf 91' lang='lat' dir='ltr'><strong>illuc</strong></span> <span class='ocrx_word' id='word_1_480' title='bbox 1153 3505 1295 3557; x_wconf 90' lang='lat' dir='ltr'><strong>omni</strong></span> <span class='ocrx_word' id='word_1_481' title='bbox 1327 3504 1620 3573; x_wconf 87' lang='lat' dir='ltr'><strong>provincia,</strong></span> <span class='ocrx_word' id='word_1_482' title='bbox 1654 3504 1861 3573; x_wconf 80' lang='lat' dir='ltr'><strong>linguas</strong></span> 
     </span>
    </p>
   </div>
   <div class='ocr_carea' id='block_1_67' title="bbox 290 3594 1859 3663">
    <p class='ocr_par' dir='ltr' id='par_1_67' title="bbox 290 3594 1859 3663">
     <span class='ocr_line' id='line_1_67' title="bbox 290 3594 1859 3663; baseline -0.002 -10"><span class='ocrx_word' id='word_1_483' title='bbox 290 3599 361 3653; x_wconf 87' lang='lat' dir='ltr'><strong>eis</strong></span> <span class='ocrx_word' id='word_1_484' title='bbox 401 3605 465 3653; x_wconf 90' lang='lat' dir='ltr'><strong>et</strong></span> <span class='ocrx_word' id='word_1_485' title='bbox 511 3608 702 3651; x_wconf 83' lang='lat' dir='ltr'><strong>manus</strong></span> <span class='ocrx_word' id='word_1_486' title='bbox 742 3598 986 3652; x_wconf 76' lang='lat' dir='ltr'><strong>dexteras</strong></span> <span class='ocrx_word' id='word_1_487' title='bbox 1032 3596 1286 3651; x_wconf 90' lang='lat' dir='ltr'><strong>radicitus</strong></span> <span class='ocrx_word' id='word_1_488' title='bbox 1320 3594 1656 3650; x_wconf 89' lang='lat' dir='ltr'><strong>abscidisset.</strong></span> <span class='ocrx_word' id='word_1_489' title='bbox 1707 3595 1859 3663; x_wconf 86' lang='lat' dir='ltr'><strong>Quod</strong></span> 
     </span>
    </p>
   </div>
   <div class='ocr_carea' id='block_1_68' title="bbox 287 3688 1862 3760">
    <p class='ocr_par' dir='ltr' id='par_1_68' title="bbox 287 3688 1862 3760">
     <span class='ocr_line' id='line_1_68' title="bbox 287 3688 1862 3760; baseline -0.002 -14"><span class='ocrx_word' id='word_1_490' title='bbox 287 3707 396 3746; x_wconf 89' lang='lat' dir='ltr'><strong>cum</strong></span> <span class='ocrx_word' id='word_1_491' title='bbox 425 3690 635 3747; x_wconf 74' lang='lat' dir='ltr'><strong>factum</strong></span> <span class='ocrx_word' id='word_1_492' title='bbox 657 3688 863 3753; x_wconf 82' lang='lat' dir='ltr'><strong>fuisset,</strong></span> <span class='ocrx_word' id='word_1_493' title='bbox 891 3689 1089 3760; x_wconf 88' lang='lat' dir='ltr'><strong>Spiritu</strong></span> <span class='ocrx_word' id='word_1_494' title='bbox 1119 3698 1304 3742; x_wconf 90' lang='lat' dir='ltr'><strong>sancto</strong></span> <span class='ocrx_word' id='word_1_495' title='bbox 1336 3695 1641 3758; x_wconf 52' lang='lat' dir='ltr'><strong>praestante,</strong></span> <span class='ocrx_word' id='word_1_496' title='bbox 1674 3689 1745 3743; x_wconf 90' lang='lat' dir='ltr'><strong>ita</strong></span> <span class='ocrx_word' id='word_1_497' title='bbox 1783 3689 1862 3743; x_wconf 83' lang='lat' dir='ltr'><strong>lo-</strong></span> 
     </span>
    </p>
   </div>
   <div class='ocr_carea' id='block_1_69' title="bbox 292 3779 1856 3851">
    <p class='ocr_par' dir='ltr' id='par_1_69' title="bbox 292 3779 1856 3851">
     <span class='ocr_line' id='line_1_69' title="bbox 292 3779 1856 3851; baseline -0.003 -14"><span class='ocrx_word' id='word_1_498' title='bbox 292 3788 384 3838; x_wconf 75' lang='lat' dir='ltr'><strong>cuti</strong></span> <span class='ocrx_word' id='word_1_499' title='bbox 415 3793 547 3838; x_wconf 88' lang='lat' dir='ltr'><strong>sunt</strong></span> <span class='ocrx_word' id='word_1_500' title='bbox 574 3792 628 3837; x_wconf 90' lang='lat' dir='ltr'><strong>et</strong></span> <span class='ocrx_word' id='word_1_501' title='bbox 658 3782 968 3851; x_wconf 89' lang='lat' dir='ltr'><strong>loquuntur,</strong></span> <span class='ocrx_word' id='word_1_502' title='bbox 1008 3779 1276 3850; x_wconf 91' lang='lat' dir='ltr'><strong>quomodo</strong></span> <span class='ocrx_word' id='word_1_503' title='bbox 1303 3788 1457 3834; x_wconf 90' lang='lat' dir='ltr'><strong>antea</strong></span> <span class='ocrx_word' id='word_1_504' title='bbox 1488 3779 1856 3850; x_wconf 87' lang='lat' dir='ltr'><strong>loquebantur.</strong></span> 
     </span>
    </p>
   </div>
   <div class='ocr_carea' id='block_1_70' title="bbox 292 3868 1861 3945">
    <p class='ocr_par' dir='ltr' id='par_1_70' title="bbox 292 3868 1861 3945">
     <span class='ocr_line' id='line_1_70' title="bbox 292 3868 1861 3945; baseline -0.003 -16"><span class='ocrx_word' id='word_1_505' title='bbox 292 3877 386 3929; x_wconf 85' lang='lat' dir='ltr'><strong>Sed</strong></span> <span class='ocrx_word' id='word_1_506' title='bbox 425 3875 471 3929; x_wconf 89' lang='lat' dir='ltr'><strong>si</strong></span> <span class='ocrx_word' id='word_1_507' title='bbox 528 3874 648 3945; x_wconf 87' lang='lat' dir='ltr'><strong>quis</strong></span> <span class='ocrx_word' id='word_1_508' title='bbox 686 3871 990 3927; x_wconf 91' lang='lat' dir='ltr'><strong>incredulus</strong></span> <span class='ocrx_word' id='word_1_509' title='bbox 1033 3884 1151 3925; x_wconf 89' lang='lat' dir='ltr'><strong>esse</strong></span> <span class='ocrx_word' id='word_1_510' title='bbox 1190 3868 1440 3938; x_wconf 90' lang='lat' dir='ltr'><strong>voluerit,</strong></span> <span class='ocrx_word' id='word_1_511' title='bbox 1483 3878 1667 3940; x_wconf 85' lang='lat' dir='ltr'><strong>pergat</strong></span> <span class='ocrx_word' id='word_1_512' title='bbox 1720 3885 1861 3924; x_wconf 92' lang='lat' dir='ltr'><strong>nunc</strong></span> 
     </span>
    </p>
   </div>
   <div class='ocr_carea' id='block_1_71' title="bbox 290 3960 1860 4033">
    <p class='ocr_par' dir='ltr' id='par_1_71' title="bbox 290 3960 1860 4033">
     <span class='ocr_line' id='line_1_71' title="bbox 290 3960 1860 4033; baseline -0.003 -14"><span class='ocrx_word' id='word_1_513' title='bbox 290 3964 829 4033; x_wconf 85' lang='lat' dir='ltr'><strong>Constantinopolim,</strong></span> <span class='ocrx_word' id='word_1_514' title='bbox 859 3972 912 4019; x_wconf 89' lang='lat' dir='ltr'><strong>et</strong></span> <span class='ocrx_word' id='word_1_515' title='bbox 937 3962 1008 4017; x_wconf 89' lang='lat' dir='ltr'><strong>ibi</strong></span> <span class='ocrx_word' id='word_1_516' title='bbox 1038 3962 1272 4031; x_wconf 88' lang='lat' dir='ltr'><strong>reperiet</strong></span> <span class='ocrx_word' id='word_1_517' title='bbox 1300 3976 1462 4014; x_wconf 90' lang='lat' dir='ltr'><strong>unum</strong></span> <span class='ocrx_word' id='word_1_518' title='bbox 1488 3960 1553 4015; x_wconf 87' lang='lat' dir='ltr'><strong>de</strong></span> <span class='ocrx_word' id='word_1_519' title='bbox 1585 3961 1711 4026; x_wconf 89' lang='lat' dir='ltr'><strong>illis,</strong></span> <span class='ocrx_word' id='word_1_520' title='bbox 1737 3961 1860 4015; x_wconf 45' lang='lat' dir='ltr'><strong>sub.</strong></span> 
     </span>
    </p>
   </div>
   <div class='ocr_carea' id='block_1_72' title="bbox 289 4049 1861 4124">
    <p class='ocr_par' dir='ltr' id='par_1_72' title="bbox 289 4049 1861 4124">
     <span class='ocr_line' id='line_1_72' title="bbox 289 4049 1861 4124; baseline -0.003 -16"><span class='ocrx_word' id='word_1_521' title='bbox 289 4058 565 4110; x_wconf 85' lang='lat' dir='ltr'><strong>diaconem</strong></span> <span class='ocrx_word' id='word_1_522' title='bbox 597 4054 943 4124; x_wconf 80' lang='lat' dir='ltr'><strong>Reparatum,</strong></span> <span class='ocrx_word' id='word_1_523' title='bbox 975 4065 1252 4106; x_wconf 77' lang='lat' dir='ltr'><strong>sermones</strong></span> <span class='ocrx_word' id='word_1_524' title='bbox 1281 4050 1477 4121; x_wconf 91' lang='lat' dir='ltr'><strong>politos</strong></span> <span class='ocrx_word' id='word_1_525' title='bbox 1507 4051 1623 4104; x_wconf 91' lang='lat' dir='ltr'><strong>sine</strong></span> <span class='ocrx_word' id='word_1_526' title='bbox 1648 4049 1752 4104; x_wconf 85' lang='lat' dir='ltr'><strong>ulla</strong></span> <span class='ocrx_word' id='word_1_527' title='bbox 1781 4050 1861 4104; x_wconf 90' lang='lat' dir='ltr'><strong>of-</strong></span> 
     </span>
    </p>
   </div>
   <div class='ocr_carea' id='block_1_73' title="bbox 290 4141 1861 4217">
    <p class='ocr_par' dir='ltr' id='par_1_73' title="bbox 290 4141 1861 4217">
     <span class='ocr_line' id='line_1_73' title="bbox 290 4141 1861 4217; baseline -0.003 -18"><span class='ocrx_word' id='word_1_528' title='bbox 290 4146 527 4201; x_wconf 87' lang='lat' dir='ltr'><strong>fensione</strong></span> <span class='ocrx_word' id='word_1_529' title='bbox 560 4155 579 4183; x_wconf 77' lang='lat'>°</span> <span class='ocrx_word' id='word_1_530' title='bbox 610 4146 938 4217; x_wconf 88' lang='lat' dir='ltr'><strong>loquentem.</strong></span> <span class='ocrx_word' id='word_1_531' title='bbox 977 4143 1056 4198; x_wconf 92' lang='lat' dir='ltr'><strong>0b</strong></span> <span class='ocrx_word' id='word_1_532' title='bbox 1096 4158 1255 4211; x_wconf 72' lang='lat' dir='ltr'><strong>quam</strong></span> <span class='ocrx_word' id='word_1_533' title='bbox 1288 4156 1501 4196; x_wconf 89' lang='lat' dir='ltr'><strong>causam</strong></span> <span class='ocrx_word' id='word_1_534' title='bbox 1541 4141 1861 4196; x_wconf 80' lang='lat' dir='ltr'><strong>venerabilis</strong></span> 
     </span>
    </p>
   </div>
   <div class='ocr_carea' id='block_1_74' title="bbox 289 4232 1863 4307">
    <p class='ocr_par' dir='ltr' id='par_1_74' title="bbox 289 4232 1863 4307">
     <span class='ocr_line' id='line_1_74' title="bbox 289 4232 1863 4307; baseline -0.001 -17"><span class='ocrx_word' id='word_1_535' title='bbox 289 4238 505 4292; x_wconf 84' lang='lat' dir='ltr'><strong>nimium</strong></span> <span class='ocrx_word' id='word_1_536' title='bbox 556 4237 609 4289; x_wconf 92' lang='lat' dir='ltr'><strong>in</strong></span> <span class='ocrx_word' id='word_1_537' title='bbox 640 4235 836 4307; x_wconf 90' lang='lat' dir='ltr'><strong>palatio</strong></span> <span class='ocrx_word' id='word_1_538' title='bbox 868 4233 1098 4289; x_wconf 84' lang='lat' dir='ltr'><strong>Zenonis</strong></span> <span class='ocrx_word' id='word_1_539' title='bbox 1127 4234 1467 4302; x_wconf 85' lang='lat' dir='ltr'><strong>imperatoris</strong></span> <span class='ocrx_word' id='word_1_540' title='bbox 1510 4232 1757 4300; x_wconf 76' lang='lat' dir='ltr'><strong>habetur,</strong></span> <span class='ocrx_word' id='word_1_541' title='bbox 1806 4243 1863 4290; x_wconf 90' lang='lat' dir='ltr'><strong>et</strong></span> 
     </span>
    </p>
   </div>
   <div class='ocr_carea' id='block_1_75' title="bbox 292 4324 1752 4396">
    <p class='ocr_par' dir='ltr' id='par_1_75' title="bbox 292 4324 1752 4396">
     <span class='ocr_line' id='line_1_75' title="bbox 292 4324 1752 4396; baseline -0.004 -14"><span class='ocrx_word' id='word_1_542' title='bbox 292 4330 555 4396; x_wconf 58' lang='lat' dir='ltr'><strong>praecipue</strong></span> <span class='ocrx_word' id='word_1_543' title='bbox 583 4326 762 4395; x_wconf 84' lang='lat' dir='ltr'><strong>regina</strong></span> <span class='ocrx_word' id='word_1_544' title='bbox 792 4324 927 4378; x_wconf 90' lang='lat' dir='ltr'><strong>mira</strong></span> <span class='ocrx_word' id='word_1_545' title='bbox 960 4339 1080 4378; x_wconf 87' lang='lat' dir='ltr'><strong>eum</strong></span> <span class='ocrx_word' id='word_1_546' title='bbox 1114 4325 1411 4379; x_wconf 87' lang='lat' dir='ltr'><strong>reverentia</strong></span> <span class='ocrx_word' id='word_1_547' title='bbox 1445 4332 1752 4379; x_wconf 87' lang='lat' dir='ltr'><strong>veneratur.</strong></span> 
     </span>
    </p>
   </div>
   <div class='ocr_carea' id='block_1_76' title="bbox 355 4414 1861 4487">
    <p class='ocr_par' dir='ltr' id='par_1_76' title="bbox 355 4414 1861 4487">
     <span class='ocr_line' id='line_1_76' title="bbox 355 4414 1861 4487; baseline 0 -15"><span class='ocrx_word' id='word_1_548' title='bbox 355 4418 457 4472; x_wconf 83' lang='lat' dir='ltr'><strong>Vll.</strong></span> <span class='ocrx_word' id='word_1_549' title='bbox 508 4416 733 4470; x_wconf 83' lang='lat' dir='ltr'><strong>Vandali</strong></span> <span class='ocrx_word' id='word_1_550' title='bbox 760 4418 814 4469; x_wconf 79' lang='lat' dir='ltr'><strong>in</strong></span> <span class='ocrx_word' id='word_1_551' title='bbox 839 4431 960 4468; x_wconf 83' lang='lat' dir='ltr'><strong>suos</strong></span> <span class='ocrx_word' id='word_1_552' title='bbox 992 4415 1226 4469; x_wconf 74' lang='lat' dir='ltr'><strong>saviunt.</strong></span> <span class='ocrx_word' id='word_1_553' title='bbox 1252 4444 1322 4454; x_wconf 94' lang='lat'><strong><em>—</em></strong></span> <span class='ocrx_word' id='word_1_554' title='bbox 1348 4414 1452 4471; x_wconf 88' lang='lat' dir='ltr'><strong>Sed</strong></span> <span class='ocrx_word' id='word_1_555' title='bbox 1478 4416 1597 4486; x_wconf 91' lang='lat' dir='ltr'><strong>quis</strong></span> <span class='ocrx_word' id='word_1_556' title='bbox 1624 4430 1861 4487; x_wconf 89' lang='lat' dir='ltr'><strong>congruo</strong></span> 
     </span>
    </p>
   </div>
   <div class='ocr_carea' id='block_1_77' title="bbox 286 4507 1860 4579">
    <p class='ocr_par' dir='ltr' id='par_1_77' title="bbox 286 4507 1860 4579">
     <span class='ocr_line' id='line_1_77' title="bbox 286 4507 1860 4579; baseline 0.001 -17"><span class='ocrx_word' id='word_1_557' title='bbox 286 4526 535 4565; x_wconf 88' lang='lat' dir='ltr'><strong>sermone</strong></span> <span class='ocrx_word' id='word_1_558' title='bbox 568 4510 737 4579; x_wconf 88' lang='lat' dir='ltr'><strong>possit</strong></span> <span class='ocrx_word' id='word_1_559' title='bbox 784 4507 1003 4579; x_wconf 83' lang='lat' dir='ltr'><strong>exsequi</strong></span> <span class='ocrx_word' id='word_1_560' title='bbox 1044 4515 1135 4559; x_wconf 92' lang='lat' dir='ltr'><strong>aut</strong></span> <span class='ocrx_word' id='word_1_561' title='bbox 1173 4520 1493 4562; x_wconf 88' lang='lat' dir='ltr'><strong>coacervare</strong></span> <span class='ocrx_word' id='word_1_562' title='bbox 1523 4507 1860 4563; x_wconf 83' lang='lat' dir='ltr'><strong>diversitates</strong></span> 
     </span>
    </p>
   </div>
   <div class='ocr_carea' id='block_1_78' title="bbox 287 4597 1860 4671">
    <p class='ocr_par' dir='ltr' id='par_1_78' title="bbox 287 4597 1860 4671">
     <span class='ocr_line' id='line_1_78' title="bbox 287 4597 1860 4671; baseline 0.001 -15"><span class='ocrx_word' id='word_1_563' title='bbox 287 4618 564 4671; x_wconf 76' lang='lat' dir='ltr'><strong>pmnarum</strong></span> <span class='ocrx_word' id='word_1_564' title='bbox 595 4615 726 4670; x_wconf 85' lang='lat' dir='ltr'><strong>quas</strong></span> <span class='ocrx_word' id='word_1_565' title='bbox 746 4600 980 4669; x_wconf 79' lang='lat' dir='ltr'><strong>exjussu</strong></span> <span class='ocrx_word' id='word_1_566' title='bbox 1008 4597 1150 4668; x_wconf 89' lang='lat' dir='ltr'><strong>regis</strong></span> <span class='ocrx_word' id='word_1_567' title='bbox 1184 4600 1289 4666; x_wconf 91' lang='lat' dir='ltr'><strong>sui,</strong></span> <span class='ocrx_word' id='word_1_568' title='bbox 1321 4601 1479 4653; x_wconf 91' lang='lat' dir='ltr'><strong>etiam</strong></span> <span class='ocrx_word' id='word_1_569' title='bbox 1514 4601 1610 4670; x_wconf 86' lang='lat' dir='ltr'><strong>ipsi</strong></span> <span class='ocrx_word' id='word_1_570' title='bbox 1639 4601 1860 4657; x_wconf 87' lang='lat' dir='ltr'><strong>Vandali</strong></span> 
     </span>
    </p>
   </div>
   <div class='ocr_carea' id='block_1_79' title="bbox 286 4691 1861 4765">
    <p class='ocr_par' dir='ltr' id='par_1_79' title="bbox 286 4691 1861 4765">
     <span class='ocr_line' id='line_1_79' title="bbox 286 4691 1861 4765; baseline 0.001 -18"><span class='ocrx_word' id='word_1_571' title='bbox 286 4696 334 4747; x_wconf 91' lang='lat' dir='ltr'><strong>in</strong></span> <span class='ocrx_word' id='word_1_572' title='bbox 376 4710 507 4750; x_wconf 86' lang='lat' dir='ltr'><strong>suos</strong></span> <span class='ocrx_word' id='word_1_573' title='bbox 558 4692 803 4749; x_wconf 86' lang='lat' dir='ltr'><strong>homines</strong></span> <span class='ocrx_word' id='word_1_574' title='bbox 830 4692 1222 4749; x_wconf 79' lang='lat' dir='ltr'><strong>exercuerunt?</strong></span> <span class='ocrx_word' id='word_1_575' title='bbox 1262 4691 1317 4746; x_wconf 92' lang='lat' dir='ltr'><strong>ln</strong></span> <span class='ocrx_word' id='word_1_576' title='bbox 1361 4694 1470 4763; x_wconf 87' lang='lat' dir='ltr'><strong>ipsa</strong></span> <span class='ocrx_word' id='word_1_577' title='bbox 1499 4708 1712 4763; x_wconf 89' lang='lat' dir='ltr'><strong>quoque</strong></span> <span class='ocrx_word' id='word_1_578' title='bbox 1742 4711 1861 4765; x_wconf 73' lang='lat' dir='ltr'><strong>qua:</strong></span> 
     </span>
    </p>
   </div>
   <div class='ocr_carea' id='block_1_80' title="bbox 285 4784 1858 4858">
    <p class='ocr_par' dir='ltr' id='par_1_80' title="bbox 285 4784 1858 4858">
     <span class='ocr_line' id='line_1_80' title="bbox 285 4784 1858 4858; baseline 0.002 -17"><span class='ocrx_word' id='word_1_579' title='bbox 285 4799 423 4855; x_wconf 78' lang='lat' dir='ltr'><strong>gesta</strong></span> <span class='ocrx_word' id='word_1_580' title='bbox 453 4796 587 4843; x_wconf 83' lang='lat' dir='ltr'><strong>sunt</strong></span> <span class='ocrx_word' id='word_1_581' title='bbox 607 4784 952 4855; x_wconf 87' lang='lat' dir='ltr'><strong>Carthagine,</strong></span> <span class='ocrx_word' id='word_1_582' title='bbox 982 4785 1027 4839; x_wconf 84' lang='lat' dir='ltr'><strong>si</strong></span> <span class='ocrx_word' id='word_1_583' title='bbox 1058 4786 1258 4839; x_wconf 82' lang='lat' dir='ltr'><strong>nitatur</strong></span> <span class='ocrx_word' id='word_1_584' title='bbox 1291 4788 1523 4854; x_wconf 86' lang='lat' dir='ltr'><strong>scriptor</strong></span> <span class='ocrx_word' id='word_1_585' title='bbox 1550 4787 1858 4858; x_wconf 88' lang='lat' dir='ltr'><strong>singillatim</strong></span> 
     </span>
    </p>
   </div>
   <div class='ocr_carea' id='block_1_81' title="bbox 285 4875 1859 4949">
    <p class='ocr_par' dir='ltr' id='par_1_81' title="bbox 285 4875 1859 4949">
     <span class='ocr_line' id='line_1_81' title="bbox 285 4875 1859 4949; baseline 0.004 -20"><span class='ocrx_word' id='word_1_586' title='bbox 285 4886 550 4944; x_wconf 88' lang='lat' dir='ltr'><strong>astruere,</strong></span> <span class='ocrx_word' id='word_1_587' title='bbox 592 4878 753 4931; x_wconf 87' lang='lat' dir='ltr'><strong>etiam</strong></span> <span class='ocrx_word' id='word_1_588' title='bbox 795 4875 910 4929; x_wconf 90' lang='lat' dir='ltr'><strong>sine</strong></span> <span class='ocrx_word' id='word_1_589' title='bbox 939 4883 1131 4929; x_wconf 90' lang='lat' dir='ltr'><strong>ornatu</strong></span> <span class='ocrx_word' id='word_1_590' title='bbox 1155 4876 1437 4943; x_wconf 87' lang='lat' dir='ltr'><strong>sermonis,</strong></span> <span class='ocrx_word' id='word_1_591' title='bbox 1479 4892 1578 4932; x_wconf 89' lang='lat' dir='ltr'><strong>nec</strong></span> <span class='ocrx_word' id='word_1_592' title='bbox 1610 4878 1721 4949; x_wconf 89' lang='lat' dir='ltr'><strong>ipsa</strong></span> <span class='ocrx_word' id='word_1_593' title='bbox 1763 4896 1859 4937; x_wconf 85' lang='lat' dir='ltr'><strong>no-</strong></span> 
     </span>
    </p>
   </div>
   <div class='ocr_carea' id='block_1_82' title="bbox 352 5030 1862 5103">
    <p class='ocr_par' dir='ltr' id='par_1_82' title="bbox 352 5030 1862 5103">
     <span class='ocr_line' id='line_1_82' title="bbox 352 5030 1862 5103; baseline -0.003 -11"><span class='ocrx_word' id='word_1_594' title='bbox 352 5048 377 5076; x_wconf 78' lang='grc' dir='ltr'><strong>ιι</strong></span> <span class='ocrx_word' id='word_1_595' title='bbox 420 5039 476 5093; x_wconf 90' lang='lat' dir='ltr'><strong>ln</strong></span> <span class='ocrx_word' id='word_1_596' title='bbox 532 5034 728 5090; x_wconf 72' lang='lat' dir='ltr'><strong>Africa:</strong></span> <span class='ocrx_word' id='word_1_597' title='bbox 775 5032 971 5088; x_wconf 84' lang='lat' dir='ltr'><strong>Notitia</strong></span> <span class='ocrx_word' id='word_1_598' title='bbox 1024 5038 1347 5103; x_wconf 82' lang='lat' dir='ltr'><strong>memoratur</strong></span> <span class='ocrx_word' id='word_1_599' title='bbox 1373 5030 1542 5103; x_wconf 10' lang='lat' dir='ltr'><strong>_inter~</strong></span> <span class='ocrx_word' id='word_1_600' title='bbox 1582 5031 1862 5103; x_wconf 73' lang='lat' dir='ltr'><strong>episcopos</strong></span> 
     </span>
    </p>
   </div>
   <div class='ocr_carea' id='block_1_83' title="bbox 289 5099 1864 5173">
    <p class='ocr_par' dir='ltr' id='par_1_83' title="bbox 289 5099 1864 5173">
     <span class='ocr_line' id='line_1_83' title="bbox 289 5099 1864 5173; baseline -0.003 -10"><span class='ocrx_word' id='word_1_601' title='bbox 289 5108 619 5163; x_wconf 69' lang='lat' dir='ltr'><strong>Mauritania:</strong></span> <span class='ocrx_word' id='word_1_602' title='bbox 661 5105 1005 5159; x_wconf 67' lang='lat' dir='ltr'><strong>Caesariensis</strong></span> <span class='ocrx_word' id='word_1_603' title='bbox 1053 5102 1337 5173; x_wconf 76' lang='lat' dir='ltr'><strong>Reparatus</strong></span> <span class='ocrx_word' id='word_1_604' title='bbox 1370 5099 1715 5173; x_wconf 66' lang='lat' dir='ltr'><strong>Tipasitautts.</strong></span> <span class='ocrx_word' id='word_1_605' title='bbox 1766 5099 1864 5158; x_wconf 80' lang='lat' dir='ltr'><strong>Est</strong></span> 
     </span>
    </p>
   </div>
   <div class='ocr_carea' id='block_1_84' title="bbox 289 5170 1863 5248">
    <p class='ocr_par' dir='ltr' id='par_1_84' title="bbox 289 5170 1863 5248">
     <span class='ocr_line' id='line_1_84' title="bbox 289 5170 1863 5248; baseline -0.004 -15"><span class='ocrx_word' id='word_1_606' title='bbox 289 5192 338 5233; x_wconf 85' lang='lat' dir='ltr'><strong>cl</strong></span> <span class='ocrx_word' id='word_1_607' title='bbox 360 5180 462 5233; x_wconf 87' lang='lat' dir='ltr'><strong>alia</strong></span> <span class='ocrx_word' id='word_1_608' title='bbox 490 5175 779 5248; x_wconf 10' lang='lat' dir='ltr'><strong>Typa‘saiin</strong></span> <span class='ocrx_word' id='word_1_609' title='bbox 810 5173 1053 5229; x_wconf 82' lang='lat' dir='ltr'><strong>Numidia</strong></span> <span class='ocrx_word' id='word_1_610' title='bbox 1074 5216 1088 5239; x_wconf 92' lang='lat'><strong>,</strong></span> <span class='ocrx_word' id='word_1_611' title='bbox 1132 5170 1285 5248; x_wconf 52' lang='lat' dir='ltr'><strong>eujlts</strong></span> <span class='ocrx_word' id='word_1_612' title='bbox 1313 5172 1595 5240; x_wconf 89' lang='lat' dir='ltr'><strong>episcopus</strong></span> <span class='ocrx_word' id='word_1_613' title='bbox 1624 5171 1863 5248; x_wconf 63' lang='lat' dir='ltr'><strong>Rusticus</strong></span> 
     </span>
    </p>
   </div>
   <div class='ocr_carea' id='block_1_85' title="bbox 288 5240 1861 5311">
    <p class='ocr_par' dir='ltr' id='par_1_85' title="bbox 288 5240 1861 5311">
     <span class='ocr_line' id='line_1_85' title="bbox 288 5240 1861 5311; baseline -0.003 -9"><span class='ocrx_word' id='word_1_614' title='bbox 288 5251 334 5302; x_wconf 91' lang='lat' dir='ltr'><strong>in</strong></span> <span class='ocrx_word' id='word_1_615' title='bbox 366 5240 803 5302; x_wconf 49' lang='lat' dir='ltr'><strong>eadem&#39;Notitia</strong></span> <span class='ocrx_word' id='word_1_616' title='bbox 852 5251 1176 5298; x_wconf 88' lang='lat' dir='ltr'><strong>recensetur.</strong></span> <span class='ocrx_word' id='word_1_617' title='bbox 1212 5240 1286 5296; x_wconf 87' lang='lat' dir='ltr'><strong>De</strong></span> <span class='ocrx_word' id='word_1_618' title='bbox 1314 5250 1534 5310; x_wconf 86' lang='lat' dir='ltr'><strong>utraque</strong></span> <span class='ocrx_word' id='word_1_619' title='bbox 1576 5242 1778 5311; x_wconf 85' lang='lat' dir='ltr'><strong>agimus</strong></span> <span class='ocrx_word' id='word_1_620' title='bbox 1808 5244 1861 5298; x_wconf 88' lang='lat' dir='ltr'><strong>in</strong></span> 
     </span>
    </p>
   </div>
   <div class='ocr_carea' id='block_1_86' title="bbox 289 5313 1050 5373">
    <p class='ocr_par' dir='ltr' id='par_1_86' title="bbox 289 5313 1050 5373">
     <span class='ocr_line' id='line_1_86' title="bbox 289 5313 1050 5373; baseline -0.008 -2"><span class='ocrx_word' id='word_1_621' title='bbox 289 5320 423 5373; x_wconf 89' lang='lat' dir='ltr'><strong>notis</strong></span> <span class='ocrx_word' id='word_1_622' title='bbox 454 5318 525 5371; x_wconf 89' lang='lat' dir='ltr'><strong>ad</strong></span> <span class='ocrx_word' id='word_1_623' title='bbox 556 5316 807 5372; x_wconf 81' lang='lat' dir='ltr'><strong>Notitiam</strong></span> <span class='ocrx_word' id='word_1_624' title='bbox 838 5313 1050 5367; x_wconf 63' lang='lat' dir='ltr'><strong>Africae.</strong></span> 
     </span>
    </p>
   </div>
   <div class='ocr_carea' id='block_1_87' title="bbox 353 5380 1858 5450">
    <p class='ocr_par' dir='ltr' id='par_1_87' title="bbox 353 5380 1858 5450">
     <span class='ocr_line' id='line_1_87' title="bbox 353 5380 1858 5450; baseline -0.005 -8"><span class='ocrx_word' id='word_1_625' title='bbox 353 5388 380 5426; x_wconf 68' lang='grc' dir='ltr'>δ</span> <span class='ocrx_word' id='word_1_626' title='bbox 412 5388 663 5442; x_wconf 79' lang='lat' dir='ltr'><strong>Rbenan.</strong></span> <span class='ocrx_word' id='word_1_627' title='bbox 708 5394 761 5439; x_wconf 89' lang='lat' dir='ltr'><strong>et</strong></span> <span class='ocrx_word' id='word_1_628' title='bbox 802 5384 976 5439; x_wconf 74' lang='lat' dir='ltr'><strong>enim.</strong></span> <span class='ocrx_word' id='word_1_629' title='bbox 1009 5398 1127 5437; x_wconf 91' lang='lat' dir='ltr'><strong>cum</strong></span> <span class='ocrx_word' id='word_1_630' title='bbox 1170 5381 1373 5450; x_wconf 87' lang='lat' dir='ltr'><strong>aliquot</strong></span> <span class='ocrx_word' id='word_1_631' title='bbox 1414 5394 1543 5434; x_wconf 88' lang='lat' dir='ltr'><strong>mss.</strong></span> <span class='ocrx_word' id='word_1_632' title='bbox 1577 5389 1631 5436; x_wconf 88' lang='lat' dir='ltr'><strong>et</strong></span> <span class='ocrx_word' id='word_1_633' title='bbox 1671 5380 1858 5450; x_wconf 88' lang='lat' dir='ltr'><strong>editis,</strong></span> 
     </span>
    </p>
   </div>
   <div class='ocr_carea' id='block_1_88' title="bbox 289 5450 1717 5527">
    <p class='ocr_par' dir='ltr' id='par_1_88' title="bbox 289 5450 1717 5527">
     <span class='ocr_line' id='line_1_88' title="bbox 289 5450 1717 5527; baseline -0.006 -16"><span class='ocrx_word' id='word_1_634' title='bbox 289 5456 537 5527; x_wconf 79' lang='lat' dir='ltr'><strong>Cyrilam.</strong></span> <span class='ocrx_word' id='word_1_635' title='bbox 567 5456 718 5527; x_wconf 86' lang='lat' dir='ltr'><strong>Orth.</strong></span> <span class='ocrx_word' id='word_1_636' title='bbox 749 5464 803 5511; x_wconf 89' lang='lat' dir='ltr'><strong>et</strong></span> <span class='ocrx_word' id='word_1_637' title='bbox 816 5454 1130 5527; x_wconf 81' lang='lat' dir='ltr'><strong>Loriehius,</strong></span> <span class='ocrx_word' id='word_1_638' title='bbox 1154 5468 1220 5527; x_wconf 72' lang='lat' dir='ltr'><strong>ea:</strong></span> <span class='ocrx_word' id='word_1_639' title='bbox 1246 5453 1443 5527; x_wconf 79' lang='lat' dir='ltr'><strong>notario</strong></span> <span class='ocrx_word' id='word_1_640' title='bbox 1469 5450 1605 5527; x_wconf 56' lang='lat' dir='ltr'><strong>aulis</strong></span> <span class='ocrx_word' id='word_1_641' title='bbox 1629 5451 1717 5503; x_wconf 86' lang='lat' dir='ltr'><strong>ad.</strong></span> 
     </span>
    </p>
   </div>
   <div class='ocr_carea' id='block_1_89' title="bbox 359 5521 1861 5594">
    <p class='ocr_par' dir='ltr' id='par_1_89' title="bbox 359 5521 1861 5594">
     <span class='ocr_line' id='line_1_89' title="bbox 359 5521 1861 5594; baseline -0.005 -10"><span class='ocrx_word' id='word_1_642' title='bbox 359 5539 382 5567; x_wconf 75' lang='grc' dir='ltr'><strong>ε</strong></span> <span class='ocrx_word' id='word_1_643' title='bbox 411 5528 494 5583; x_wconf 84' lang='lat' dir='ltr'><strong>De</strong></span> <span class='ocrx_word' id='word_1_644' title='bbox 513 5526 909 5582; x_wconf 88' lang='lat' dir='ltr'><strong>confessoribus</strong></span> <span class='ocrx_word' id='word_1_645' title='bbox 931 5525 1129 5594; x_wconf 84' lang='lat' dir='ltr'><strong>absque</strong></span> <span class='ocrx_word' id='word_1_646' title='bbox 1154 5523 1326 5594; x_wconf 85' lang='lat' dir='ltr'><strong>lingua</strong></span> <span class='ocrx_word' id='word_1_647' title='bbox 1356 5521 1689 5594; x_wconf 84' lang='lat' dir='ltr'><strong>loquentibus</strong></span> <span class='ocrx_word' id='word_1_648' title='bbox 1712 5521 1861 5591; x_wconf 87' lang='lat' dir='ltr'><strong>plura</strong></span> 
     </span>
    </p>
   </div>
   <div class='ocr_carea' id='block_1_90' title="bbox 290 5591 1540 5661">
    <p class='ocr_par' dir='ltr' id='par_1_90' title="bbox 290 5591 1540 5661">
     <span class='ocr_line' id='line_1_90' title="bbox 290 5591 1540 5661; baseline -0.006 -8"><span class='ocrx_word' id='word_1_649' title='bbox 290 5597 531 5655; x_wconf 85' lang='lat' dir='ltr'><strong>dicemus</strong></span> <span class='ocrx_word' id='word_1_650' title='bbox 558 5598 609 5651; x_wconf 91' lang='lat' dir='ltr'><strong>in</strong></span> <span class='ocrx_word' id='word_1_651' title='bbox 635 5591 1318 5652; x_wconf 60' lang='lat' dir='ltr'><strong>Commentario&#39;historico</strong></span> <span class='ocrx_word' id='word_1_652' title='bbox 1340 5606 1457 5661; x_wconf 89' lang='lat' dir='ltr'><strong>cap.</strong></span> <span class='ocrx_word' id='word_1_653' title='bbox 1489 5592 1540 5646; x_wconf 93' lang='lat'><strong>7.</strong></span> 
     </span>
    </p>
   </div>
   <div class='ocr_carea' id='block_1_91' title="bbox 359 5663 1861 5735">
    <p class='ocr_par' dir='ltr' id='par_1_91' title="bbox 359 5663 1861 5735">
     <span class='ocr_line' id='line_1_91' title="bbox 359 5663 1861 5735; baseline -0.005 -11"><span class='ocrx_word' id='word_1_654' title='bbox 359 5668 386 5706; x_wconf 73' lang='grc' dir='ltr'><strong>ἀ</strong></span> <span class='ocrx_word' id='word_1_655' title='bbox 415 5668 733 5735; x_wconf 86' lang='lat' dir='ltr'><strong>Lorichius,</strong></span> <span class='ocrx_word' id='word_1_656' title='bbox 779 5666 927 5720; x_wconf 81' lang='lat' dir='ltr'><strong>hodie</strong></span> <span class='ocrx_word' id='word_1_657' title='bbox 978 5667 1154 5735; x_wconf 83' lang='lat' dir='ltr'><strong>cuique</strong></span> <span class='ocrx_word' id='word_1_658' title='bbox 1200 5664 1459 5733; x_wconf 80' lang='lat' dir='ltr'><strong>preposim</strong></span> <span class='ocrx_word' id='word_1_659' title='bbox 1515 5663 1568 5715; x_wconf 85' lang='lat' dir='ltr'><strong>in</strong></span> <span class='ocrx_word' id='word_1_660' title='bbox 1624 5673 1861 5731; x_wconf 82' lang='lat' dir='ltr'><strong>promptu</strong></span> 
     </span>
    </p>
   </div>
   <div class='ocr_carea' id='block_1_92' title="bbox 294 5740 690 5794">
    <p class='ocr_par' dir='ltr' id='par_1_92' title="bbox 294 5740 690 5794">
     <span class='ocr_line' id='line_1_92' title="bbox 294 5740 690 5794; baseline -0.003 -1"><span class='ocrx_word' id='word_1_661' title='bbox 294 5740 690 5794; x_wconf 79' lang='lat' dir='ltr'><strong>deutunstratur.</strong></span> 
     </span>
    </p>
   </div>
   <div class='ocr_carea' id='block_1_93' title="bbox 418 5801 1829 5876">
    <p class='ocr_par' dir='ltr' id='par_1_93' title="bbox 418 5801 1829 5876">
     <span class='ocr_line' id='line_1_93' title="bbox 418 5801 1829 5876; baseline -0.007 -12"><span class='ocrx_word' id='word_1_662' title='bbox 418 5811 629 5876; x_wconf 82' lang='lat' dir='ltr'><strong>Germ.,</strong></span> <span class='ocrx_word' id='word_1_663' title='bbox 662 5807 805 5872; x_wconf 83' lang='lat' dir='ltr'><strong>Ful.,</strong></span> <span class='ocrx_word' id='word_1_664' title='bbox 839 5807 1016 5870; x_wconf 50' lang='grc' dir='ltr'><strong>ΜΛΝ,</strong></span> <span class='ocrx_word' id='word_1_665' title='bbox 1054 5804 1267 5870; x_wconf 76' lang='lat' dir='ltr'><strong>Comp.,</strong></span> <span class='ocrx_word' id='word_1_666' title='bbox 1300 5812 1354 5857; x_wconf 84' lang='lat' dir='ltr'><strong>et</strong></span> <span class='ocrx_word' id='word_1_667' title='bbox 1376 5803 1525 5856; x_wconf 85' lang='lat' dir='ltr'><strong>Colb.</strong></span> <span class='ocrx_word' id='word_1_668' title='bbox 1565 5804 1615 5862; x_wconf 82' lang='lat' dir='ltr'><strong>l,</strong></span> <span class='ocrx_word' id='word_1_669' title='bbox 1648 5801 1829 5855; x_wconf 78' lang='lat' dir='ltr'><strong>Anium</strong></span> 
     </span>
    </p>
   </div>
   <div class='ocr_carea' id='block_1_94' title="bbox 1964 3320 3533 3395">
    <p class='ocr_par' dir='ltr' id='par_1_94' title="bbox 1964 3320 3533 3395">
     <span class='ocr_line' id='line_1_94' title="bbox 1964 3320 3533 3395; baseline -0.003 -16"><span class='ocrx_word' id='word_1_670' title='bbox 1964 3341 2087 3379; x_wconf 91' lang='lat' dir='ltr'><strong>cum</strong></span> <span class='ocrx_word' id='word_1_671' title='bbox 2116 3324 2307 3395; x_wconf 89' lang='lat' dir='ltr'><strong>gaudio</strong></span> <span class='ocrx_word' id='word_1_672' title='bbox 2328 3324 2575 3389; x_wconf 79' lang='lat' dir='ltr'><strong>domum,</strong></span> <span class='ocrx_word' id='word_1_673' title='bbox 2605 3322 2853 3379; x_wconf 86' lang='lat' dir='ltr'><strong>maritum</strong></span> <span class='ocrx_word' id='word_1_674' title='bbox 2882 3321 3039 3377; x_wconf 89' lang='lat' dir='ltr'><strong>simul</strong></span> <span class='ocrx_word' id='word_1_675' title='bbox 3087 3330 3142 3377; x_wconf 87' lang='lat' dir='ltr'><strong>et</strong></span> <span class='ocrx_word' id='word_1_676' title='bbox 3185 3320 3298 3393; x_wconf 89' lang='lat' dir='ltr'><strong>[al.</strong></span> <span class='ocrx_word' id='word_1_677' title='bbox 3327 3320 3489 3377; x_wconf 87' lang='lat' dir='ltr'><strong>filium</strong></span> <span class='ocrx_word' id='word_1_678' title='bbox 3517 3320 3533 3392; x_wconf 92' lang='lat'><strong>]</strong></span> 
     </span>
    </p>
   </div>
   <div class='ocr_carea' id='block_1_95' title="bbox 1966 3412 3534 3487">
    <p class='ocr_par' dir='ltr' id='par_1_95' title="bbox 1966 3412 3534 3487">
     <span class='ocr_line' id='line_1_95' title="bbox 1966 3412 3534 3487; baseline -0.001 -18"><span class='ocrx_word' id='word_1_679' title='bbox 1966 3417 2122 3470; x_wconf 84' lang='lat' dir='ltr'><strong>ﬁlios.</strong></span> <span class='ocrx_word' id='word_1_680' title='bbox 2146 3416 2239 3471; x_wconf 76' lang='lat' dir='ltr'><strong>Cui</strong></span> <span class='ocrx_word' id='word_1_681' title='bbox 2269 3425 2448 3487; x_wconf 84' lang='lat' dir='ltr'><strong>postea</strong></span> <span class='ocrx_word' id='word_1_682' title='bbox 2475 3415 2710 3471; x_wconf 82' lang='lat' dir='ltr'><strong>oblatum</strong></span> <span class='ocrx_word' id='word_1_683' title='bbox 2736 3428 2854 3470; x_wconf 92' lang='lat' dir='ltr'><strong>esse</strong></span> <span class='ocrx_word' id='word_1_684' title='bbox 2884 3414 3095 3478; x_wconf 89' lang='lat' dir='ltr'><strong>dicitur,</strong></span> <span class='ocrx_word' id='word_1_685' title='bbox 3115 3422 3169 3469; x_wconf 91' lang='lat' dir='ltr'><strong>ut</strong></span> <span class='ocrx_word' id='word_1_686' title='bbox 3190 3415 3240 3471; x_wconf 75' lang='lat' dir='ltr'><strong>in</strong></span> <span class='ocrx_word' id='word_1_687' title='bbox 3269 3412 3534 3467; x_wconf 90' lang='lat' dir='ltr'><strong>mitiorem</strong></span> 
     </span>
    </p>
   </div>
   <div class='ocr_carea' id='block_1_96' title="bbox 1964 3505 3535 3573">
    <p class='ocr_par' dir='ltr' id='par_1_96' title="bbox 1964 3505 3535 3573">
     <span class='ocr_line' id='line_1_96' title="bbox 1964 3505 3535 3573; baseline -0.004 -10"><span class='ocrx_word' id='word_1_688' title='bbox 1964 3524 2206 3563; x_wconf 90' lang='lat' dir='ltr'><strong>eremum</strong></span> <span class='ocrx_word' id='word_1_689' title='bbox 2239 3508 2515 3573; x_wconf 86' lang='lat' dir='ltr'><strong>translata,</strong></span> <span class='ocrx_word' id='word_1_690' title='bbox 2548 3506 2833 3571; x_wconf 83' lang='lat' dir='ltr'><strong>frueretur,</strong></span> <span class='ocrx_word' id='word_1_691' title='bbox 2861 3507 2904 3561; x_wconf 88' lang='lat' dir='ltr'><strong>si</strong></span> <span class='ocrx_word' id='word_1_692' title='bbox 2936 3505 3117 3572; x_wconf 88' lang='lat' dir='ltr'><strong>vellet,</strong></span> <span class='ocrx_word' id='word_1_693' title='bbox 3146 3506 3336 3561; x_wconf 80' lang='lat' dir='ltr'><strong>solatio</strong></span> <span class='ocrx_word' id='word_1_694' title='bbox 3362 3506 3535 3559; x_wconf 90' lang='lat' dir='ltr'><strong>socio-</strong></span> 
     </span>
    </p>
   </div>
   <div class='ocr_carea' id='block_1_97' title="bbox 1965 3595 3533 3668">
    <p class='ocr_par' dir='ltr' id='par_1_97' title="bbox 1965 3595 3533 3668">
     <span class='ocr_line' id='line_1_97' title="bbox 1965 3595 3533 3668; baseline -0.005 -12"><span class='ocrx_word' id='word_1_695' title='bbox 1965 3617 2104 3656; x_wconf 89' lang='lat' dir='ltr'><strong>rum.</strong></span> <span class='ocrx_word' id='word_1_696' title='bbox 2136 3600 2231 3653; x_wconf 91' lang='lat' dir='ltr'><strong>llla</strong></span> <span class='ocrx_word' id='word_1_697' title='bbox 2254 3614 2379 3654; x_wconf 83' lang='lat' dir='ltr'><strong>vero</strong></span> <span class='ocrx_word' id='word_1_698' title='bbox 2402 3600 2586 3668; x_wconf 86' lang='lat' dir='ltr'><strong>ingens</strong></span> <span class='ocrx_word' id='word_1_699' title='bbox 2629 3598 2729 3653; x_wconf 90' lang='lat' dir='ltr'><strong>sibi</strong></span> <span class='ocrx_word' id='word_1_700' title='bbox 2769 3596 2955 3653; x_wconf 89' lang='lat' dir='ltr'><strong>adesse</strong></span> <span class='ocrx_word' id='word_1_701' title='bbox 3001 3595 3223 3651; x_wconf 89' lang='lat' dir='ltr'><strong>credens</strong></span> <span class='ocrx_word' id='word_1_702' title='bbox 3254 3596 3533 3665; x_wconf 89' lang='lat' dir='ltr'><strong>gaudium,</strong></span> 
     </span>
    </p>
   </div>
   <div class='ocr_carea' id='block_1_98' title="bbox 1964 3685 3536 3751">
    <p class='ocr_par' dir='ltr' id='par_1_98' title="bbox 1964 3685 3536 3751">
     <span class='ocr_line' id='line_1_98' title="bbox 1964 3685 3536 3751; baseline -0.003 -6"><span class='ocrx_word' id='word_1_703' title='bbox 1964 3692 2052 3745; x_wconf 92' lang='lat' dir='ltr'><strong>ubi</strong></span> <span class='ocrx_word' id='word_1_704' title='bbox 2085 3691 2261 3744; x_wconf 91' lang='lat' dir='ltr'><strong>nullus</strong></span> <span class='ocrx_word' id='word_1_705' title='bbox 2288 3691 2548 3743; x_wconf 89' lang='lat' dir='ltr'><strong>humanus</strong></span> <span class='ocrx_word' id='word_1_706' title='bbox 2571 3698 2713 3743; x_wconf 87' lang='lat' dir='ltr'><strong>esset</strong></span> <span class='ocrx_word' id='word_1_707' title='bbox 2741 3688 3066 3742; x_wconf 88' lang='lat' dir='ltr'><strong>consolantis</strong></span> <span class='ocrx_word' id='word_1_708' title='bbox 3095 3685 3332 3751; x_wconf 73' lang='lat' dir='ltr'><strong>allectus,</strong></span> <span class='ocrx_word' id='word_1_709' title='bbox 3352 3702 3421 3741; x_wconf 91' lang='lat' dir='ltr'><strong>ne</strong></span> <span class='ocrx_word' id='word_1_710' title='bbox 3445 3686 3536 3741; x_wconf 80' lang='lat' dir='ltr'><strong>fte-</strong></span> 
     </span>
    </p>
   </div>
   <div class='ocr_carea' id='block_1_99' title="bbox 1963 3779 2406 3847">
    <p class='ocr_par' dir='ltr' id='par_1_99' title="bbox 1963 3779 2406 3847">
     <span class='ocr_line' id='line_1_99' title="bbox 1963 3779 2406 3847; baseline -0.007 -13"><span class='ocrx_word' id='word_1_711' title='bbox 1963 3794 2041 3835; x_wconf 87' lang='lat' dir='ltr'><strong>ret</strong></span> <span class='ocrx_word' id='word_1_712' title='bbox 2067 3779 2406 3847; x_wconf 85' lang='lat' dir='ltr'><strong>supplicavit.</strong></span> 
     </span>
    </p>
   </div>
   <div class='ocr_carea' id='block_1_100' title="bbox 2035 3865 3537 3938">
    <p class='ocr_par' dir='ltr' id='par_1_100' title="bbox 2035 3865 3537 3938">
     <span class='ocr_line' id='line_1_100' title="bbox 2035 3865 3537 3938; baseline -0.002 -16"><span class='ocrx_word' id='word_1_713' title='bbox 2035 3868 2123 3923; x_wconf 81' lang='lat' dir='ltr'><strong>IX.</strong></span> <span class='ocrx_word' id='word_1_714' title='bbox 2156 3868 2293 3923; x_wconf 83' lang='lat' dir='ltr'><strong>Cleri</strong></span> <span class='ocrx_word' id='word_1_715' title='bbox 2338 3868 2753 3938; x_wconf 81' lang='lat' dir='ltr'><strong>Carthaginensis</strong></span> <span class='ocrx_word' id='word_1_716' title='bbox 2798 3868 3096 3920; x_wconf 84' lang='lat' dir='ltr'><strong>certamina.</strong></span> <span class='ocrx_word' id='word_1_717' title='bbox 3140 3865 3370 3920; x_wconf 74' lang='lat' dir='ltr'><strong>Muritta:</strong></span> <span class='ocrx_word' id='word_1_718' title='bbox 3396 3883 3537 3938; x_wconf 76' lang='lat' dir='ltr'><strong>egre-</strong></span> 
     </span>
    </p>
   </div>
   <div class='ocr_carea' id='block_1_101' title="bbox 1964 3957 3535 4032">
    <p class='ocr_par' dir='ltr' id='par_1_101' title="bbox 1964 3957 3535 4032">
     <span class='ocr_line' id='line_1_101' title="bbox 1964 3957 3535 4032; baseline -0.001 -18"><span class='ocrx_word' id='word_1_719' title='bbox 1964 3962 2103 4032; x_wconf 86' lang='lat' dir='ltr'><strong>gium</strong></span> <span class='ocrx_word' id='word_1_720' title='bbox 2134 3961 2353 4029; x_wconf 77' lang='lat' dir='ltr'><strong>facinus.</strong></span> <span class='ocrx_word' id='word_1_721' title='bbox 2380 3988 2449 3999; x_wconf 77' lang='grc' dir='ltr'><strong>ο-</strong></span> <span class='ocrx_word' id='word_1_722' title='bbox 2476 3960 2625 4014; x_wconf 86' lang='lat' dir='ltr'><strong>Tunc</strong></span> <span class='ocrx_word' id='word_1_723' title='bbox 2655 3959 2814 4012; x_wconf 88' lang='lat' dir='ltr'><strong>etiam</strong></span> <span class='ocrx_word' id='word_1_724' title='bbox 2849 3958 3089 4027; x_wconf 82' lang='lat' dir='ltr'><strong>Eugenio</strong></span> <span class='ocrx_word' id='word_1_725' title='bbox 3109 3966 3321 4027; x_wconf 88' lang='lat' dir='ltr'><strong>pastore</strong></span> <span class='ocrx_word' id='word_1_726' title='bbox 3339 3957 3449 4026; x_wconf 89' lang='lat' dir='ltr'><strong>jam</strong></span> <span class='ocrx_word' id='word_1_727' title='bbox 3482 3959 3535 4012; x_wconf 88' lang='lat' dir='ltr'><strong>in</strong></span> 
     </span>
    </p>
   </div>
   <div class='ocr_carea' id='block_1_102' title="bbox 1964 4045 3535 4118">
    <p class='ocr_par' dir='ltr' id='par_1_102' title="bbox 1964 4045 3535 4118">
     <span class='ocr_line' id='line_1_102' title="bbox 1964 4045 3535 4118; baseline -0.003 -11"><span class='ocrx_word' id='word_1_728' title='bbox 1964 4052 2154 4107; x_wconf 83' lang='lat' dir='ltr'><strong>exsilio</strong></span> <span class='ocrx_word' id='word_1_729' title='bbox 2178 4051 2487 4118; x_wconf 88' lang='lat' dir='ltr'><strong>constituto,</strong></span> <span class='ocrx_word' id='word_1_730' title='bbox 2520 4054 2802 4103; x_wconf 83' lang='lat' dir='ltr'><strong>universus</strong></span> <span class='ocrx_word' id='word_1_731' title='bbox 2822 4049 2997 4103; x_wconf 90' lang='lat' dir='ltr'><strong>clerus</strong></span> <span class='ocrx_word' id='word_1_732' title='bbox 3024 4048 3277 4102; x_wconf 61' lang='lat' dir='ltr'><strong>Ecclesia</strong></span> <span class='ocrx_word' id='word_1_733' title='bbox 3304 4045 3535 4102; x_wconf 88' lang='lat' dir='ltr'><strong>Cartha-</strong></span> 
     </span>
    </p>
   </div>
   <div class='ocr_carea' id='block_1_103' title="bbox 1963 4139 3533 4215">
    <p class='ocr_par' dir='ltr' id='par_1_103' title="bbox 1963 4139 3533 4215">
     <span class='ocr_line' id='line_1_103' title="bbox 1963 4139 3533 4215; baseline -0.002 -17"><span class='ocrx_word' id='word_1_734' title='bbox 1963 4144 2104 4215; x_wconf 89' lang='lat' dir='ltr'><strong>ginis</strong></span> <span class='ocrx_word' id='word_1_735' title='bbox 2132 4144 2278 4201; x_wconf 65' lang='lat' dir='ltr'><strong>caade</strong></span> <span class='ocrx_word' id='word_1_736' title='bbox 2299 4143 2582 4213; x_wconf 89' lang='lat' dir='ltr'><strong>inediaque</strong></span> <span class='ocrx_word' id='word_1_737' title='bbox 2609 4149 2930 4207; x_wconf 88' lang='lat' dir='ltr'><strong>maceratur,</strong></span> <span class='ocrx_word' id='word_1_738' title='bbox 2959 4149 2984 4191; x_wconf 69' lang='grc' dir='ltr'>ι</span> <span class='ocrx_word' id='word_1_739' title='bbox 3027 4139 3138 4195; x_wconf 89' lang='lat' dir='ltr'><strong>fere</strong></span> <span class='ocrx_word' id='word_1_740' title='bbox 3159 4140 3428 4210; x_wconf 86' lang='lat' dir='ltr'><strong>quingenti</strong></span> <span class='ocrx_word' id='word_1_741' title='bbox 3450 4140 3533 4195; x_wconf 90' lang='lat' dir='ltr'><strong>vel</strong></span> 
     </span>
    </p>
   </div>
   <div class='ocr_carea' id='block_1_104' title="bbox 1964 4232 3535 4304">
    <p class='ocr_par' dir='ltr' id='par_1_104' title="bbox 1964 4232 3535 4304">
     <span class='ocr_line' id='line_1_104' title="bbox 1964 4232 3535 4304; baseline -0.001 -15"><span class='ocrx_word' id='word_1_742' title='bbox 1964 4236 2211 4304; x_wconf 89' lang='lat' dir='ltr'><strong>amplius.</strong></span> <span class='ocrx_word' id='word_1_743' title='bbox 2232 4234 2373 4289; x_wconf 87' lang='lat' dir='ltr'><strong>Inter</strong></span> <span class='ocrx_word' id='word_1_744' title='bbox 2393 4248 2527 4303; x_wconf 88' lang='lat' dir='ltr'><strong>quos</strong></span> <span class='ocrx_word' id='word_1_745' title='bbox 2550 4232 2926 4302; x_wconf 87' lang='lat' dir='ltr'><strong>quamplurimi</strong></span> <span class='ocrx_word' id='word_1_746' title='bbox 2940 4241 3092 4288; x_wconf 86' lang='lat' dir='ltr'><strong>erant</strong></span> <span class='ocrx_word' id='word_1_747' title='bbox 3111 4233 3341 4289; x_wconf 87' lang='lat' dir='ltr'><strong>lectores</strong></span> <span class='ocrx_word' id='word_1_748' title='bbox 3363 4232 3535 4287; x_wconf 86' lang='lat' dir='ltr'><strong>infan-</strong></span> 
     </span>
    </p>
   </div>
   <div class='ocr_carea' id='block_1_105' title="bbox 1967 4321 3536 4397">
    <p class='ocr_par' dir='ltr' id='par_1_105' title="bbox 1967 4321 3536 4397">
     <span class='ocr_line' id='line_1_105' title="bbox 1967 4321 3536 4397; baseline -0.003 -16"><span class='ocrx_word' id='word_1_749' title='bbox 1967 4328 2084 4396; x_wconf 87' lang='lat' dir='ltr'><strong>tnli,</strong></span> <span class='ocrx_word' id='word_1_750' title='bbox 2116 4329 2205 4397; x_wconf 90' lang='lat' dir='ltr'><strong>qui</strong></span> <span class='ocrx_word' id='word_1_751' title='bbox 2233 4324 2524 4396; x_wconf 87' lang='lat' dir='ltr'><strong>gaudentes</strong></span> <span class='ocrx_word' id='word_1_752' title='bbox 2548 4324 2601 4379; x_wconf 90' lang='lat' dir='ltr'><strong>in</strong></span> <span class='ocrx_word' id='word_1_753' title='bbox 2633 4323 2881 4389; x_wconf 86' lang='lat' dir='ltr'><strong>Domino,</strong></span> <span class='ocrx_word' id='word_1_754' title='bbox 2914 4323 3095 4392; x_wconf 88' lang='lat' dir='ltr'><strong>procul</strong></span> <span class='ocrx_word' id='word_1_755' title='bbox 3125 4322 3316 4377; x_wconf 81' lang='lat' dir='ltr'><strong>exsilio</strong></span> <span class='ocrx_word' id='word_1_756' title='bbox 3331 4321 3536 4378; x_wconf 89' lang='lat' dir='ltr'><strong>crudeli</strong></span> 
     </span>
    </p>
   </div>
   <div class='ocr_carea' id='block_1_106' title="bbox 1966 4412 3537 4481">
    <p class='ocr_par' dir='ltr' id='par_1_106' title="bbox 1966 4412 3537 4481">
     <span class='ocr_line' id='line_1_106' title="bbox 1966 4412 3537 4481; baseline -0.003 -9"><span class='ocrx_word' id='word_1_757' title='bbox 1966 4417 2272 4473; x_wconf 89' lang='lat' dir='ltr'><strong>truduntur.</strong></span> <span class='ocrx_word' id='word_1_758' title='bbox 2307 4414 2413 4471; x_wconf 91' lang='lat' dir='ltr'><strong>Sed</strong></span> <span class='ocrx_word' id='word_1_759' title='bbox 2442 4415 2741 4473; x_wconf 86' lang='lat' dir='ltr'><strong>libertatem</strong></span> <span class='ocrx_word' id='word_1_760' title='bbox 2767 4422 2913 4481; x_wconf 90' lang='lat' dir='ltr'><strong>tunc,</strong></span> <span class='ocrx_word' id='word_1_761' title='bbox 2937 4428 3057 4468; x_wconf 90' lang='lat' dir='ltr'><strong>cum</strong></span> <span class='ocrx_word' id='word_1_762' title='bbox 3082 4413 3255 4468; x_wconf 90' lang='lat' dir='ltr'><strong>media</strong></span> <span class='ocrx_word' id='word_1_763' title='bbox 3277 4412 3408 4468; x_wconf 91' lang='lat' dir='ltr'><strong>urbe</strong></span> <span class='ocrx_word' id='word_1_764' title='bbox 3434 4427 3537 4468; x_wconf 70' lang='lat' dir='ltr'><strong>cte-</strong></span> 
     </span>
    </p>
   </div>
   <div class='ocr_carea' id='block_1_107' title="bbox 1969 4502 3537 4580">
    <p class='ocr_par' dir='ltr' id='par_1_107' title="bbox 1969 4502 3537 4580">
     <span class='ocr_line' id='line_1_107' title="bbox 1969 4502 3537 4580; baseline -0.004 -16"><span class='ocrx_word' id='word_1_765' title='bbox 1969 4510 2225 4564; x_wconf 90' lang='lat' dir='ltr'><strong>dcrentur</strong></span> <span class='ocrx_word' id='word_1_766' title='bbox 2258 4507 2351 4580; x_wconf 83' lang='grc' dir='ltr'><strong>[αι.</strong></span> <span class='ocrx_word' id='word_1_767' title='bbox 2383 4503 2593 4575; x_wconf 67' lang='lat' dir='ltr'><strong>Mil-itm]</strong></span> <span class='ocrx_word' id='word_1_768' title='bbox 2621 4504 2844 4559; x_wconf 68' lang='lat' dir='ltr'><strong>Murittaa</strong></span> <span class='ocrx_word' id='word_1_769' title='bbox 2892 4504 3098 4559; x_wconf 87' lang='lat' dir='ltr'><strong>diaconi</strong></span> <span class='ocrx_word' id='word_1_770' title='bbox 3146 4502 3357 4559; x_wconf 72' lang='lat' dir='ltr'><strong>czeteris</strong></span> <span class='ocrx_word' id='word_1_771' title='bbox 3406 4502 3537 4558; x_wconf 90' lang='lat' dir='ltr'><strong>libe-</strong></span> 
     </span>
    </p>
   </div>
   <div class='ocr_carea' id='block_1_108' title="bbox 1890 4580 3528 4666">
    <p class='ocr_par' dir='ltr' id='par_1_108' title="bbox 1890 4580 3528 4666">
     <span class='ocr_line' id='line_1_108' title="bbox 1890 4580 3528 4666; baseline -0.007 -7"><span class='ocrx_word' id='word_1_772' title='bbox 1890 4580 1944 4641; x_wconf 74' lang='lat' dir='ltr'><strong>D</strong></span> <span class='ocrx_word' id='word_1_773' title='bbox 1970 4603 2164 4659; x_wconf 90' lang='lat' dir='ltr'><strong>riorem</strong></span> <span class='ocrx_word' id='word_1_774' title='bbox 2192 4610 2369 4655; x_wconf 90' lang='lat' dir='ltr'><strong>tacere</strong></span> <span class='ocrx_word' id='word_1_775' title='bbox 2400 4614 2503 4653; x_wconf 93' lang='lat' dir='ltr'><strong>non</strong></span> <span class='ocrx_word' id='word_1_776' title='bbox 2534 4598 2723 4652; x_wconf 90' lang='lat' dir='ltr'><strong>debeo.</strong></span> <span class='ocrx_word' id='word_1_777' title='bbox 2750 4597 2869 4651; x_wconf 90' lang='lat' dir='ltr'><strong>Fuit</strong></span> <span class='ocrx_word' id='word_1_778' title='bbox 2889 4596 3098 4666; x_wconf 79' lang='lat' dir='ltr'><strong>quidam</strong></span> <span class='ocrx_word' id='word_1_779' title='bbox 3132 4594 3156 4630; x_wconf 69' lang='grc' dir='ltr'><strong>ιι</strong></span> <span class='ocrx_word' id='word_1_780' title='bbox 3191 4593 3528 4664; x_wconf 84' lang='lat' dir='ltr'><strong>Elpidoforus</strong></span> 
     </span>
    </p>
   </div>
   <div class='ocr_carea' id='block_1_109' title="bbox 1965 4687 3537 4762">
    <p class='ocr_par' dir='ltr' id='par_1_109' title="bbox 1965 4687 3537 4762">
     <span class='ocr_line' id='line_1_109' title="bbox 1965 4687 3537 4762; baseline -0.008 -8"><span class='ocrx_word' id='word_1_781' title='bbox 1965 4698 2203 4762; x_wconf 88' lang='lat' dir='ltr'><strong>nomine,</strong></span> <span class='ocrx_word' id='word_1_782' title='bbox 2235 4694 2457 4751; x_wconf 89' lang='lat' dir='ltr'><strong>nimium</strong></span> <span class='ocrx_word' id='word_1_783' title='bbox 2485 4691 2719 4748; x_wconf 91' lang='lat' dir='ltr'><strong>crudelis</strong></span> <span class='ocrx_word' id='word_1_784' title='bbox 2749 4702 2797 4747; x_wconf 85' lang='lat' dir='ltr'><strong>et</strong></span> <span class='ocrx_word' id='word_1_785' title='bbox 2827 4689 2992 4756; x_wconf 89' lang='lat' dir='ltr'><strong>ferus,</strong></span> <span class='ocrx_word' id='word_1_786' title='bbox 3019 4689 3103 4743; x_wconf 90' lang='lat' dir='ltr'><strong>cui</strong></span> <span class='ocrx_word' id='word_1_787' title='bbox 3133 4687 3306 4744; x_wconf 88' lang='lat' dir='ltr'><strong>fuerat</strong></span> <span class='ocrx_word' id='word_1_788' title='bbox 3326 4688 3537 4756; x_wconf 88' lang='lat' dir='ltr'><strong>delega-</strong></span> 
     </span>
    </p>
   </div>
   <div class='ocr_carea' id='block_1_110' title="bbox 1965 4780 3533 4849">
    <p class='ocr_par' dir='ltr' id='par_1_110' title="bbox 1965 4780 3533 4849">
     <span class='ocr_line' id='line_1_110' title="bbox 1965 4780 3533 4849; baseline -0.008 -5"><span class='ocrx_word' id='word_1_789' title='bbox 1965 4799 2074 4844; x_wconf 91' lang='lat' dir='ltr'><strong>tum</strong></span> <span class='ocrx_word' id='word_1_790' title='bbox 2110 4787 2346 4843; x_wconf 88' lang='lat' dir='ltr'><strong>membra</strong></span> <span class='ocrx_word' id='word_1_791' title='bbox 2371 4784 2738 4839; x_wconf 87' lang='lat' dir='ltr'><strong>confessorum</strong></span> <span class='ocrx_word' id='word_1_792' title='bbox 2769 4780 2968 4836; x_wconf 87' lang='lat' dir='ltr'><strong>Christi</strong></span> <span class='ocrx_word' id='word_1_793' title='bbox 2988 4780 3261 4849; x_wconf 84' lang='lat' dir='ltr'><strong>suppliciis</strong></span> <span class='ocrx_word' id='word_1_794' title='bbox 3283 4792 3533 4848; x_wconf 88' lang='lat' dir='ltr'><strong>grassan-</strong></span> 
     </span>
    </p>
   </div>
   <div class='ocr_carea' id='block_1_111' title="bbox 1964 4867 3525 4940">
    <p class='ocr_par' dir='ltr' id='par_1_111' title="bbox 1964 4867 3525 4940">
     <span class='ocr_line' id='line_1_111' title="bbox 1964 4867 3525 4940; baseline -0.01 -4"><span class='ocrx_word' id='word_1_795' title='bbox 1964 4881 2114 4937; x_wconf 87' lang='lat' dir='ltr'><strong>tibus</strong></span> <span class='ocrx_word' id='word_1_796' title='bbox 2146 4879 2368 4933; x_wconf 90' lang='lat' dir='ltr'><strong>Ianiare.</strong></span> <span class='ocrx_word' id='word_1_797' title='bbox 2402 4874 2500 4929; x_wconf 83' lang='lat' dir='ltr'><strong>llic</strong></span> <span class='ocrx_word' id='word_1_798' title='bbox 2528 4872 2729 4928; x_wconf 91' lang='lat' dir='ltr'><strong>dudum</strong></span> <span class='ocrx_word' id='word_1_799' title='bbox 2759 4870 2932 4930; x_wconf 89' lang='lat' dir='ltr'><strong>fuerat</strong></span> <span class='ocrx_word' id='word_1_800' title='bbox 2952 4869 3089 4940; x_wconf 90' lang='lat' dir='ltr'><strong>apud</strong></span> <span class='ocrx_word' id='word_1_801' title='bbox 3108 4881 3203 4925; x_wconf 89' lang='lat' dir='ltr'><strong>nos</strong></span> <span class='ocrx_word' id='word_1_802' title='bbox 3226 4869 3275 4923; x_wconf 91' lang='lat' dir='ltr'><strong>in</strong></span> <span class='ocrx_word' id='word_1_803' title='bbox 3308 4867 3525 4923; x_wconf 76' lang='lat' dir='ltr'><strong>eeclesi:</strong></span> 
     </span>
    </p>
   </div>
   <div class='ocr_carea' id='block_1_112' title="bbox 1966 5023 2763 5089">
    <p class='ocr_par' dir='ltr' id='par_1_112' title="bbox 1966 5023 2763 5089">
     <span class='ocr_line' id='line_1_112' title="bbox 1966 5023 2763 5089; baseline -0.018 2"><span class='ocrx_word' id='word_1_804' title='bbox 1966 5032 2120 5089; x_wconf 90' lang='lat' dir='ltr'><strong>Orth.</strong></span> <span class='ocrx_word' id='word_1_805' title='bbox 2154 5037 2207 5083; x_wconf 90' lang='lat' dir='ltr'><strong>et</strong></span> <span class='ocrx_word' id='word_1_806' title='bbox 2233 5024 2530 5089; x_wconf 86' lang='lat' dir='ltr'><strong>Lorichius,</strong></span> <span class='ocrx_word' id='word_1_807' title='bbox 2561 5023 2763 5077; x_wconf 80' lang='lat' dir='ltr'><strong>Avium.</strong></span> 
     </span>
    </p>
   </div>
   <div class='ocr_carea' id='block_1_113' title="bbox 2045 5090 3537 5163">
    <p class='ocr_par' dir='ltr' id='par_1_113' title="bbox 2045 5090 3537 5163">
     <span class='ocr_line' id='line_1_113' title="bbox 2045 5090 3537 5163; baseline -0.009 -7"><span class='ocrx_word' id='word_1_808' title='bbox 2045 5102 2061 5139; x_wconf 73' lang='grc' dir='ltr'><strong>ί</strong></span> <span class='ocrx_word' id='word_1_809' title='bbox 2096 5100 2244 5155; x_wconf 91' lang='lat' dir='ltr'><strong>Colb.</strong></span> <span class='ocrx_word' id='word_1_810' title='bbox 2292 5098 2346 5162; x_wconf 91' lang='grc'><strong>1,</strong></span> <span class='ocrx_word' id='word_1_811' title='bbox 2376 5096 2563 5163; x_wconf 88' lang='lat' dir='ltr'><strong>Comp.</strong></span> <span class='ocrx_word' id='word_1_812' title='bbox 2609 5102 2663 5148; x_wconf 91' lang='lat' dir='ltr'><strong>et</strong></span> <span class='ocrx_word' id='word_1_813' title='bbox 2706 5093 2884 5156; x_wconf 88' lang='lat' dir='ltr'><strong>Port.,</strong></span> <span class='ocrx_word' id='word_1_814' title='bbox 2912 5092 3121 5163; x_wconf 63' lang='grc' dir='ltr'><strong>⁸εεειίιινὶἰ</strong></span> <span class='ocrx_word' id='word_1_815' title='bbox 3156 5090 3296 5163; x_wconf 58' lang='lat' dir='ltr'><strong>regis</strong></span> <span class='ocrx_word' id='word_1_816' title='bbox 3336 5091 3537 5163; x_wconf 62' lang='lat' dir='ltr'><strong>nontine</strong></span> 
     </span>
    </p>
   </div>
   <div class='ocr_carea' id='block_1_114' title="bbox 1970 5156 3533 5244">
    <p class='ocr_par' dir='ltr' id='par_1_114' title="bbox 1970 5156 3533 5244">
     <span class='ocr_line' id='line_1_114' title="bbox 1970 5156 3533 5244; baseline -0.009 -18"><span class='ocrx_word' id='word_1_817' title='bbox 1970 5156 2343 5244; x_wconf 33' lang='lat' dir='ltr'><strong>Dagillikqui.’</strong></span> <span class='ocrx_word' id='word_1_818' title='bbox 2364 5156 2528 5244; x_wconf 46' lang='lat' dir='ltr'><strong>orth.‘</strong></span> <span class='ocrx_word' id='word_1_819' title='bbox 2549 5173 2600 5218; x_wconf 85' lang='lat' dir='ltr'><strong>et</strong></span> <span class='ocrx_word' id='word_1_820' title='bbox 2631 5163 2868 5244; x_wconf 43' lang='lat' dir='ltr'><strong>Corioli”</strong></span> <span class='ocrx_word' id='word_1_821' title='bbox 3108 5202 3123 5227; x_wconf 94' lang='lat'><strong>,</strong></span> <span class='ocrx_word' id='word_1_822' title='bbox 3155 5156 3533 5244; x_wconf 39' lang='lat' dir='ltr'><strong>Fu&#39;l.,.Ger_m.,</strong></span> 
     </span>
    </p>
   </div>
   <div class='ocr_carea' id='block_1_115' title="bbox 1967 5231 3530 5307">
    <p class='ocr_par' dir='ltr' id='par_1_115' title="bbox 1967 5231 3530 5307">
     <span class='ocr_line' id='line_1_115' title="bbox 1967 5231 3530 5307; baseline -0.008 -10"><span class='ocrx_word' id='word_1_823' title='bbox 1967 5231 2119 5297; x_wconf 62' lang='lat' dir='ltr'><strong>Mait.</strong></span> <span class='ocrx_word' id='word_1_824' title='bbox 2141 5284 2155 5307; x_wconf 91' lang='lat'><strong>,</strong></span> <span class='ocrx_word' id='word_1_825' title='bbox 2188 5231 2341 5294; x_wconf 75' lang='lat' dir='ltr'><strong>Cblb.</strong></span> <span class='ocrx_word' id='word_1_826' title='bbox 2375 5236 2527 5307; x_wconf 85' lang='lat' dir='ltr'><strong>alter,</strong></span> <span class='ocrx_word' id='word_1_827' title='bbox 2561 5233 2863 5307; x_wconf 72' lang='lat' dir='ltr'><strong>et_l5elfor.,</strong></span> <span class='ocrx_word' id='word_1_828' title='bbox 2913 5231 3172 5304; x_wconf 80' lang='lat' dir='ltr'><strong>Dagilium</strong></span> <span class='ocrx_word' id='word_1_829' title='bbox 3193 5273 3217 5307; x_wconf 84' lang='lat'><strong>,_</strong></span> <span class='ocrx_word' id='word_1_830' title='bbox 3238 5231 3352 5307; x_wconf 74' lang='lat' dir='ltr'><strong>qui,</strong></span> <span class='ocrx_word' id='word_1_831' title='bbox 3396 5237 3530 5296; x_wconf 88' lang='lat' dir='ltr'><strong>etc.;</strong></span> 
     </span>
    </p>
   </div>
   <div class='ocr_carea' id='block_1_116' title="bbox 1966 5300 3565 5375">
    <p class='ocr_par' dir='ltr' id='par_1_116' title="bbox 1966 5300 3565 5375">
     <span class='ocr_line' id='line_1_116' title="bbox 1966 5300 3565 5375; baseline -0.009 -7"><span class='ocrx_word' id='word_1_832' title='bbox 1966 5314 2038 5369; x_wconf 81' lang='lat' dir='ltr'><strong>ita</strong></span> <span class='ocrx_word' id='word_1_833' title='bbox 2071 5300 2376 5366; x_wconf 53' lang='lat' dir='ltr'><strong>ut&#39;maritus</strong></span> <span class='ocrx_word' id='word_1_834' title='bbox 2403 5305 2562 5361; x_wconf 90' lang='lat' dir='ltr'><strong>etiam</strong></span> <span class='ocrx_word' id='word_1_835' title='bbox 2589 5305 2875 5375; x_wconf 90' lang='lat' dir='ltr'><strong>aliquando</strong></span> <span class='ocrx_word' id='word_1_836' title='bbox 2894 5300 3170 5375; x_wconf 71' lang='lat' dir='ltr'><strong>confessor</strong></span> <span class='ocrx_word' id='word_1_837' title='bbox 3195 5300 3379 5375; x_wconf 67' lang='lat' dir='ltr'><strong>fuerit.</strong></span> <span class='ocrx_word' id='word_1_838' title='bbox 3562 5348 3565 5353; x_wconf 89' lang='lat'><strong>.</strong></span> 
     </span>
    </p>
   </div>
   <div class='ocr_carea' id='block_1_117' title="bbox 2039 5369 3564 5443">
    <p class='ocr_par' dir='ltr' id='par_1_117' title="bbox 2039 5369 3564 5443">
     <span class='ocr_line' id='line_1_117' title="bbox 2039 5369 3564 5443; baseline -0.01 -7"><span class='ocrx_word' id='word_1_839' title='bbox 2039 5392 2062 5428; x_wconf 65' lang='grc' dir='ltr'>ε</span> <span class='ocrx_word' id='word_1_840' title='bbox 2097 5382 2292 5436; x_wconf 87' lang='lat' dir='ltr'><strong>Horum</strong></span> <span class='ocrx_word' id='word_1_841' title='bbox 2321 5377 2557 5431; x_wconf 88' lang='lat' dir='ltr'><strong>omnium</strong></span> <span class='ocrx_word' id='word_1_842' title='bbox 2598 5369 2749 5429; x_wconf 81' lang='lat' dir='ltr'><strong>simul</strong></span> <span class='ocrx_word' id='word_1_843' title='bbox 2796 5387 2915 5429; x_wconf 85' lang='lat' dir='ltr'><strong>Cum</strong></span> <span class='ocrx_word' id='word_1_844' title='bbox 2948 5372 3174 5443; x_wconf 86' lang='lat' dir='ltr'><strong>Eugenio</strong></span> <span class='ocrx_word' id='word_1_845' title='bbox 3195 5417 3209 5442; x_wconf 80' lang='lat'><strong>,</strong></span> <span class='ocrx_word' id='word_1_846' title='bbox 3240 5369 3454 5443; x_wconf 73' lang='lat' dir='ltr'><strong>Muritta</strong></span> <span class='ocrx_word' id='word_1_847' title='bbox 3481 5384 3511 5424; x_wconf 86' lang='lat' dir='ltr'><strong>e</strong></span> <span class='ocrx_word' id='word_1_848' title='bbox 3558 5376 3564 5421; x_wconf 61' lang='grc' dir='ltr'><em>ἐ</em></span> 
     </span>
    </p>
   </div>
   <div class='ocr_carea' id='block_1_118' title="bbox 1971 5442 3567 5515">
    <p class='ocr_par' dir='ltr' id='par_1_118' title="bbox 1971 5442 3567 5515">
     <span class='ocr_line' id='line_1_118' title="bbox 1971 5442 3567 5515; baseline -0.011 -9"><span class='ocrx_word' id='word_1_849' title='bbox 1971 5453 2201 5506; x_wconf 78' lang='lat' dir='ltr'><strong>Salutari</strong></span> <span class='ocrx_word' id='word_1_850' title='bbox 2221 5490 2234 5513; x_wconf 91' lang='lat'><strong>,</strong></span> <span class='ocrx_word' id='word_1_851' title='bbox 2262 5446 2571 5501; x_wconf 87' lang='lat' dir='ltr'><strong>memoriam</strong></span> <span class='ocrx_word' id='word_1_852' title='bbox 2604 5444 2872 5498; x_wconf 89' lang='lat' dir='ltr'><strong>celebrant</strong></span> <span class='ocrx_word' id='word_1_853' title='bbox 2915 5442 3286 5515; x_wconf 85' lang='lat' dir='ltr'><strong>mariyrologia</strong></span> <span class='ocrx_word' id='word_1_854' title='bbox 3325 5442 3529 5515; x_wconf 79' lang='lat' dir='ltr'><strong>vulgata</strong></span> <span class='ocrx_word' id='word_1_855' title='bbox 3562 5494 3567 5506; x_wconf 27' lang='grc' dir='ltr'><strong>η.</strong></span> 
     </span>
    </p>
   </div>
   <div class='ocr_carea' id='block_1_119' title="bbox 1967 5508 3571 5584">
    <p class='ocr_par' dir='ltr' id='par_1_119' title="bbox 1967 5508 3571 5584">
     <span class='ocr_line' id='line_1_119' title="bbox 1967 5508 3571 5584; baseline -0.009 -7"><span class='ocrx_word' id='word_1_856' title='bbox 1967 5524 2057 5577; x_wconf 91' lang='lat' dir='ltr'><strong>die</strong></span> <span class='ocrx_word' id='word_1_857' title='bbox 2089 5522 2154 5575; x_wconf 75' lang='grc'><strong>15</strong></span> <span class='ocrx_word' id='word_1_858' title='bbox 2178 5508 2321 5575; x_wconf 85' lang='lat' dir='ltr'><strong>Julii.</strong></span> <span class='ocrx_word' id='word_1_859' title='bbox 2351 5516 2614 5572; x_wconf 81' lang='lat' dir='ltr'><strong>Murittam</strong></span> <span class='ocrx_word' id='word_1_860' title='bbox 2640 5515 2838 5584; x_wconf 85' lang='lat' dir='ltr'><strong>aliquot</strong></span> <span class='ocrx_word' id='word_1_861' title='bbox 2864 5516 2988 5569; x_wconf 90' lang='lat' dir='ltr'><strong>item</strong></span> <span class='ocrx_word' id='word_1_862' title='bbox 3017 5508 3391 5583; x_wconf 64' lang='lat' dir='ltr'><strong>uiartyfologia</strong></span> <span class='ocrx_word' id='word_1_863' title='bbox 3419 5510 3533 5563; x_wconf 90' lang='lat' dir='ltr'><strong>sin-</strong></span> <span class='ocrx_word' id='word_1_864' title='bbox 3566 5516 3571 5539; x_wconf 69' lang='grc'>²</span> 
     </span>
    </p>
   </div>
   <div class='ocr_carea' id='block_1_120' title="bbox 1967 5586 3589 5662">
    <p class='ocr_par' dir='ltr' id='par_1_120' title="bbox 1967 5586 3589 5662">
     <span class='ocr_line' id='line_1_120' title="bbox 1967 5586 3589 5662; baseline -0.02 -15"><span class='ocrx_word' id='word_1_865' title='bbox 1967 5593 2193 5662; x_wconf 90' lang='lat' dir='ltr'><strong>gillatim</strong></span> <span class='ocrx_word' id='word_1_866' title='bbox 2228 5586 2635 5662; x_wconf 72' lang='lat' dir='ltr'><strong>memorantdje</strong></span> <span class='ocrx_word' id='word_1_867' title='bbox 2662 5586 2951 5662; x_wconf 52' lang='lat' dir='ltr'><strong>illidat-lii.</strong></span> <span class='ocrx_word' id='word_1_868' title='bbox 2991 5655 3022 5662; x_wconf 43' lang='grc' dir='ltr'>η</span> <span class='ocrx_word' id='word_1_869' title='bbox 3086 5654 3095 5662; x_wconf 33' lang='grc' dir='ltr'>ι</span> <span class='ocrx_word' id='word_1_870' title='bbox 3170 5653 3182 5662; x_wconf 79' lang='lat'>_</span> <span class='ocrx_word' id='word_1_871' title='bbox 3230 5652 3249 5662; x_wconf 47' lang='lat'><strong>-</strong></span> <span class='ocrx_word' id='word_1_872' title='bbox 3341 5652 3353 5662; x_wconf 43' lang='lat'>.</span> <span class='ocrx_word' id='word_1_873' title='bbox 3393 5652 3442 5662; x_wconf 47' lang='grc' dir='ltr'>Η</span> <span class='ocrx_word' id='word_1_874' title='bbox 3580 5587 3589 5615; x_wconf 55' lang='grc' dir='ltr'><strong>η.</strong></span> 
     </span>
    </p>
   </div>
   <div class='ocr_carea' id='block_1_121' title="bbox 2036 5652 3530 5725">
    <p class='ocr_par' dir='ltr' id='par_1_121' title="bbox 2036 5652 3530 5725">
     <span class='ocr_line' id='line_1_121' title="bbox 2036 5652 3530 5725; baseline -0.005 -10"><span class='ocrx_word' id='word_1_875' title='bbox 2036 5662 2059 5698; x_wconf 75' lang='grc'><em>³³</em></span> <span class='ocrx_word' id='word_1_876' title='bbox 2079 5662 2229 5715; x_wconf 81' lang='lat' dir='ltr'><strong>Colb.</strong></span> <span class='ocrx_word' id='word_1_877' title='bbox 2254 5663 2277 5713; x_wconf 88' lang='grc'><strong>1</strong></span> <span class='ocrx_word' id='word_1_878' title='bbox 2302 5668 2355 5714; x_wconf 87' lang='lat' dir='ltr'><strong>ct</strong></span> <span class='ocrx_word' id='word_1_879' title='bbox 2379 5658 2553 5723; x_wconf 83' lang='lat' dir='ltr'><strong>P0rt.,&#39;</strong></span> <span class='ocrx_word' id='word_1_880' title='bbox 2572 5655 2959 5725; x_wconf 82' lang='lat' dir='ltr'><strong>llelpidoforus.</strong></span> <span class='ocrx_word' id='word_1_881' title='bbox 2985 5653 3205 5711; x_wconf 79' lang='lat' dir='ltr'><strong>Ortltod.</strong></span> <span class='ocrx_word' id='word_1_882' title='bbox 3230 5652 3323 5706; x_wconf 73' lang='lat' dir='ltr'><strong>L01</strong></span> <span class='ocrx_word' id='word_1_883' title='bbox 3341 5652 3530 5712; x_wconf 82' lang='lat' dir='ltr'><strong>icltitts.</strong></span> 
     </span>
    </p>
   </div>
   <div class='ocr_carea' id='block_1_122' title="bbox 1967 5732 2297 5802">
    <p class='ocr_par' dir='ltr' id='par_1_122' title="bbox 1967 5732 2297 5802">
     <span class='ocr_line' id='line_1_122' title="bbox 1967 5732 2297 5802; baseline -0.015 -16"><span class='ocrx_word' id='word_1_884' title='bbox 1967 5732 2297 5802; x_wconf 78' lang='lat' dir='ltr'><strong>Epidoforus.</strong></span> 
     </span>
    </p>
   </div>
  </div>
