3988 6344
486 370 589 425 247

1770 362 2073 419 VICTORIS
2115 364 2422 420 VITENSIS

3580 352 3583 353 ί
3620 367 3719 424 ets

486 485 666 541 Fausti
694 484 1009 553 baptizatus,
1039 494 1201 550 quem
1223 478 1544 534 venerabilis
1574 478 1782 534 Muritta
1798 466 2059 535 diaconus
2081 488 2133 544 Α
2159 482 2260 537 alia
2290 482 2497 538 Muritta
2525 482 2755 551 dicente,
2786 500 2907 553 igne
2933 485 3278 542 conscientia:
3300 493 3425 539 ante
3448 483 3617 553 ignem
3648 497 3719 537 te-

485 578 554 633 de
581 578 732 632 alveo
760 576 919 629 fontis
946 580 1255 641 susceperat
1274 580 1605 641 generatum.
1633 570 1758 626 Post
1779 587 1906 627 vero
1927 572 2055 627 dum

486 675 829 738 apostataret,
855 674 1011 718 tanta:
1047 648 1250 718 exstitit
1289 662 1514 718 feritatis
1566 663 1821 718 adversus
1872 664 2057 720 Eccle-

487 760 620 814 siam
651 756 763 821 Dei,
791 763 846 808 ut
869 755 1114 823 superior
1135 753 1383 807 omnibus
1409 762 1701 809 exsecutor
1728 755 2056 823 persecutio-

486 850 569 903 nis
593 850 774 902 fuisset
796 847 1059 900 inventus.
1090 844 1227 913 Quid
1253 847 1454 899 multa?
1481 846 1614 900 Dum
1641 846 1811 914 primo
1828 847 2055 919 presby-

485 928 884 1007 teri'suppliciis
907 935 1213 991 macerandi
1239 935 1429 991 ordine
1470 937 1781 1002 citarentur,
1817 950 1935 1006 post
1971 952 2056 991 ar-

486 1030 858 1087 chidiaconum
884 1028 1183 1083 Salutarem
1210 1068 1225 1093 ,
1262 1036 1476 1096 aptatur
1518 1028 1689 1096 ptenis
1728 1038 2054 1085 memoratus

485 1129 717 1184 Muritta.
746 1128 867 1182 Fuit
894 1126 1035 1181 enim
1057 1126 1324 1182 secundus
1365 1127 1417 1181 in
1451 1125 1628 1181 ofﬁcio
1666 1124 2052 1179 ministrorum.

486 1224 616 1291 Quia
641 1236 760 1277 cum
792 1220 1108 1290 Elpidoforo
1131 1220 1353 1275 sedente
1382 1229 1435 1275 et
1456 1219 1742 1285 fremente,
1768 1216 2057 1273 honorabi-

442 1324 443 1327 ‘
488 1316 554 1370 lis
579 1316 761 1370 senior
785 1312 1039 1382 coepisset
1058 1311 1291 1379 extendi,
1325 1313 1630 1383 priusquam
1660 1310 1829 1384 [Lor.,
1853 1308 2059 1364 crucia-

483 1406 651 1477 retur]
680 1413 986 1469 exueretur,
1015 1405 1154 1458 clam
1185 1403 1323 1459 forte
1350 1404 1717 1459 nescientibus
1742 1402 1968 1465 cunctis,
1994 1401 2056 1456 il-

485 1503 557 1565 la,
587 1498 779 1568 quibus
807 1514 929 1553 eum
955 1497 1257 1566 suscipiens
1283 1496 1349 1552 de
1378 1496 1523 1552 fonte
1568 1496 1768 1552 dudum
1814 1503 2053 1561 texerat,

486 1602 513 1627 ι
543 1591 740 1644 sabana
778 1589 1073 1658 bajulabat.
1103 1589 1305 1655 Quibus
1335 1588 1607 1644 ventilatis
1632 1632 1647 1657 ,
1701 1588 1969 1657 simulque
2004 1588 2058 1642 in

487 1682 786 1736 ostentione
815 1680 1023 1735 cunctis
1054 1684 1305 1748 extentis,
1341 1682 1393 1735 in
1422 1681 1503 1736 bis
1534 1680 1712 1736 verbis
1735 1680 1880 1750 loqui
1904 1695 2059 1735 exor-

486 1788 596 1837 sus,
630 1781 791 1826 totam
823 1772 888 1824 ad
931 1772 1114 1826 ﬂetum
1143 1781 1197 1826 et
1236 1773 1499 1842 lacrymas
1542 1773 1898 1827 commovisse
1928 1770 2061 1826 dici-

2158 583 2367 629 ternum
2397 574 2769 629 obmutescens
2799 574 3140 645 Elpidoforus
3162 575 3463 631 torrebatur

2228 664 2295 720 Χ.
2319 664 2501 719 Clerici
2527 666 2576 718 in
2602 666 2834 719 exsilium
2862 668 3111 720 trusi.—°
3130 666 3385 723 Parantes
3407 666 3583 735 itaque
3609 667 3723 721 uni-

2156 758 2297 812 versi
2320 756 2478 813 dorsa
2506 772 2599 811 sua
2632 758 2962 825 verberibus,
2992 759 3195 814 alacres
3226 758 3291 814 ad
3317 758 3562 814 exsilium
3598 772 3722 827 per-

2155 858 2305 916 gunt.
2339 848 2537 916 Quibus
2558 848 2731 903 adhuc
2756 850 2807 903 iu
2840 849 3028 905 itinere
3057 850 3312 920 longioris
3337 850 3436 904 vias
3461 851 3720 904 constitu-

2158 939 2246 1004 tis,
2269 939 2623 1005 destinantur,
2652 941 2917 1009 episcopis
2938 940 3259 996 Arianorum
3292 940 3719 1011 suggerentibus,

2158 1030 2401 1086 homines
2428 1030 2884 1087 immisericordes
2913 1046 2975 1087 ac
3005 1032 3315 1099 violenti,ut
3340 1032 3469 1087 illud
3489 1030 3632 1102 quod
3652 1031 3725 1086 eis

2158 1114 2295 1178 forte
2318 1122 2590 1178 miseratio
2616 1121 2919 1179 Christiana
2951 1123 3112 1180 victui
3154 1125 3453 1179 contulerat
3492 1122 3725 1194 profutu-

2118 1206 2121 1209 λ
2158 1229 2299 1279 rum,
2327 1212 2615 1269 crudeliter
2640 1212 2941 1269 auferretur
2968 1227 2983 1268 :
3018 1214 3232 1285 quando
3256 1215 3619 1283 unusquisque
3641 1228 3726 1268 eo-

2162 1323 2278 1361 rum
2308 1306 2559 1361 libentius
2590 1304 2728 1360 forte
2757 1304 3007 1360 cantabat
3052 1322 3063 1358 :
3112 1304 3301 1359 Nudus
3326 1305 3456 1360 eativi
3489 1305 3554 1358 de
3592 1313 3727 1357 utero

2116 1402 2119 1405 ’
2161 1401 2336 1454 matris
2366 1415 2490 1453 mea:
2519 1396 2642 1467 (Job
2668 1414 2707 1465 ι,
2738 1397 2857 1469 2i),
2889 1397 3089 1453 nudum
3120 1399 3279 1454 etiam
3315 1414 3400 1453 me
3427 1406 3643 1467 oportet
3666 1397 3727 1452 ad

2122 1492 2127 1497 ’
2161 1492 2409 1548 exsilium
2436 1506 2677 1562 pergere,
2716 1492 2843 1561 quia
2895 1492 3148 1545 Dominus
3188 1490 3334 1544 novit
3376 1490 3727 1545 esurientibus

2162 1585 2337 1640 cibum
2370 1585 2664 1653 porrigere,
2688 1591 2744 1637 et
2774 1583 2825 1637 in
2855 1583 3070 1638 deserto
3097 1581 3554 1636 vestire.Vandali
3589 1596 3727 1634 nam-

2116 1683 2120 1687 ‘
2163 1692 2266 1746 que
2294 1675 2397 1729 duo
2422 1675 2523 1729 sub
2554 1672 2824 1730 Geiserico
2853 1674 3049 1743 saepius
3076 1671 3198 1728 facti
3228 1672 3599 1740 confessores,
3648 1686 3727 1725 co-

2165 1768 2384 1821 mitante
2409 1775 2602 1833 matre,
2633 1766 2954 1833 contemptis
2976 1765 3225 1819 omnibus
3251 1762 3448 1819 divitiis
3466 1765 3729 1829 suis,cunt

490 1874 575 1918 tur
596 1865 887 1919 civitatem.
919 1864 1043 1919 llaae
1069 1874 1196 1920 sunt
1235 1865 1545 1920 linteamina
1567 1910 1580 1933 ,
1620 1865 1924 1934 Elpidofore
1967 1864 2060 1919 nti-

2164 1858 2364 1914 eisdem
2388 1858 2600 1913 clericis
2629 1857 2696 1911 ad
2725 1856 2971 1913 exsilium
2997 1866 3373 1926 perrexerunt.
3394 1856 3472 1912 De
3501 1856 3733 1910 multitu»

491 1956 659 2009 nister
687 1955 912 2020 erroris,
931 1970 1050 2024 quae
1085 1966 1135 2009 te
1166 1955 1516 2023 accusabunt,
1542 1970 1662 2009 cum
1693 1956 1943 2023 majestas
1973 1972 2066 2011 ve-

491 2044 628 2097 nerit
656 2044 969 2113 judicantis.
1002 2042 1381 2100 Custodientur
1410 2045 1685 2115 diligentia
1723 2061 1839 2100 mea
1879 2047 1946 2101 ad
1989 2057 2065 2102 te-

490 2135 797 2189 stimonium
827 2146 930 2189 tuae
952 2136 1301 2204 perditionis,
1344 2137 1410 2192 ad
1459 2138 1874 2209 demergendum
1921 2148 1973 2193 te
2011 2138 2066 2194 in

493 2226 744 2296 abyssum
771 2227 916 2294 putei
937 2227 1321 2296 sulphurantis.
1355 2228 1478 2282 Haac
1510 2239 1581 2293 te,
1626 2229 1807 2283 infelix
1829 2269 1843 2295 ,
1878 2230 2067 2286 imma-

488 2319 721 2373 culatum
751 2317 1032 2373 cinxerunt
1059 2318 1125 2373 de
1160 2320 1307 2373 fonte
1336 2330 1640 2390 surgentem
1672 2339 1684 2373 :
1720 2320 1834 2376 haec
1858 2328 1938 2389 te,
1969 2322 2069 2377 mi-

488 2412 733 2476 serrime,
759 2413 935 2466 acrius
958 2422 1363 2481 persequentur,
1389 2413 1748 2469 ﬂammantem
1766 2416 2068 2485 gehennam

489 2517 611 2557 cum
642 2503 871 2570 coeperis
900 2503 1171 2571 possidere
1205 2520 1217 2556 :
1243 2504 1367 2573 quia
1390 2504 1608 2559 induisti
1655 2514 1708 2560 te
1738 2507 2069 2562 maledictio-

493 2610 612 2648 ncm
632 2596 769 2648 sicut
791 2594 1190 2659 vestimentum,
1223 2595 1473 2650 scindens
1502 2606 1661 2666 atque
1684 2598 1937 2653 amittens
1955 2598 2071 2654 veri

492 2685 598 2755 42
626 2686 958 2755 baptismatis
984 2696 1038 2741 et
1059 2686 1179 2742 ﬁdei
1206 2697 1621 2744 sacramentum.
1654 2689 1794 2758 Quid
1837 2692 2071 2747 facturus

494 2792 572 2840 es,
604 2778 788 2842 miser,
820 2791 939 2831 cum
967 2778 1105 2833 servi
1136 2778 1538 2835 Patrisfamilias
1554 2780 1618 2834 ad
1639 2795 1851 2837 coenam
1871 2784 2070 2853 regiam

492 2882 816 2936 congregare
842 2869 1104 2936 coeperint
1134 2869 1422 2925 invitatos?
1468 2870 1620 2925 Tunc
1673 2881 1725 2927 te
1778 2872 2068 2943 aliquando

492 2970 757 3024 vocatum,
812 2961 1125 3016 terribiliter
1178 2960 1486 3031 indignatus
1537 2972 1755 3018 exutum
1803 2965 1941 3019 stola
1976 2982 2071 3022 rex

491 3050 826 3118 conspiciens
855 3052 1095 3121 nuptiali,
1127 3052 1268 3108 dicet
1300 3054 1394 3109 tibi
1424 3055 1655 3123 :Amice,
1689 3058 1943 3127 quomodo
1973 3060 2072 3112 huc

490 3144 664 3196 venisti
689 3152 871 3197 vestem
893 3159 994 3196 non
1023 3143 1212 3198 habens
1238 3146 1515 3215 nuptialem
1548 3145 1761 3218 (Matth.
1814 3164 1921 3203 xxu
1946 3193 1959 3216 ,
1998 3149 2067 3204 12

2167 1951 2291 2005 diue
2319 1960 2495 2006 autem
2520 1949 2849 2020 pergentium
2878 1948 3264 2019 confessornm,
3285 1950 3335 2006 id
3367 1959 3451 2006 est
3484 1950 3731 2005 Ecclesia:

2167 2042 2505 2111 Carthaginis
2535 2042 2872 2107 clericorum,
2901 2052 3220 2112 suggerente
3264 2042 3493 2113 quodam
3530 2041 3560 2079 ει
3595 2042 3731 2097 ειιες

2169 2143 2318 2191 ctore
2347 2134 2646 2190 Theucario
2674 2135 2913 2205 perdito,
2960 2149 3092 2204 quos
3139 2136 3231 2190 ille
3269 2145 3488 2191 noverat
3533 2138 3735 2193 vocale:

2169 2240 2413 2284 strenuos
2440 2238 2598 2298 atque
2620 2236 2771 2297 aptos
2795 2227 3025 2282 modulis
3045 2227 3349 2295 cantilena,
3374 2227 3733 2297 designatione

2171 2319 2491 2374 sua.debcre
2516 2319 2645 2373 dicit
2668 2318 2947 2374 duodecim
2992 2318 3278 2374 infantulos
3308 2322 3585 2389 separari,
3613 2337 3737 2391 quos

2171 2412 2284 2479 ipse
2313 2426 2433 2465 cum
2461 2409 2755 2464 catholicus
2802 2418 2982 2473 esset,
3026 2421 3152 2465 tunc
3200 2409 3489 2480 discipulos
3539 2412 3736 2467 habuit.

2171 2501 2363 2556 Statim
2395 2500 2486 2555 illo
2513 2503 2854 2569 suggerente,
2884 2499 2984 2554 sub
3023 2498 3363 2555 festinatione
3394 2500 3513 2555 viro
3568 2501 3736 2557 dimit-

2173 2602 2373 2658 tuntur,
2398 2602 2451 2647 et
2475 2593 2524 2645 vi
2554 2592 2815 2646 barbarici
2844 2591 3041 2648 furoris
3068 2592 3311 2647 bissenus
3340 2607 3600 2649 numerus
3624 2609 3734 2664 pue-

2173 2699 2359 2738 rorum
2407 2682 2475 2737 de
2524 2683 2714 2737 itinere
2738 2693 3035 2738 revocatur.
3071 2683 3430 2753 Segregantur
3476 2699 3735 2755 corpore,

2176 2789 2281 2829 non
2310 2772 2497 2842 spiritu
2529 2788 2557 2827 a
2580 2789 2740 2843 grege
2771 2784 3099 2841 sanctorum,
3135 2777 3225 2845 qui
3268 2776 3517 2831 timentes
3561 2778 3736 2847 praeci-

2174 2867 2383 2938 pitium,
2423 2882 2542 2921 cum
2573 2868 2817 2936 suspiriis
2849 2867 3204 2938 lacrymarum
3228 2909 3243 2935 ,
3272 2885 3339 2924 ne
3366 2869 3737 2927 divellerentur

2174 2962 2612 3030 constringebant
2636 2960 2879 3015 manibus
2904 2976 3077 3031 genua
3102 2962 3400 3027 sociorum,
3445 2978 3588 3033 quos
3632 2965 3738 3018 vio-

2175 3053 2335 3109 lentia
2368 3064 2545 3106 tamen
2578 3051 2847 3114 haeretica,
2879 3052 3179 3107 minacibus
3218 3067 3474 3122 separans
3513 3054 3740 3123 gladiis,

2174 3142 2548 3213 Carthaginem
2574 3144 2866 3199 revocavit.
2893 3143 2999 3199 Sed
3026 3143 3151 3198 dum
3178 3158 3296 3198 cum
3325 3144 3424 3210 eis,
3456 3146 3614 3215 quasi
3635 3161 3740 3202 cum

490 3238 618 3305 seq.)
643 3237 665 3286 ?
696 3236 809 3290 Non
837 3236 991 3291 video
1013 3236 1153 3306 quod
1176 3209 1398 3304 contuli,
1426 3254 1533 3293 non
1554 3209 1785 3309 agnosco
1807 3209 2065 3311 quod’de-
2093 3209 2140 3274 Ο
2175 3236 2265 3291 tali
2296 3209 2452 3289 aetate
2485 3234 2580 3308 [aL
2610 3236 2838 3304 plerique
2867 3235 2997 3306 non]
3024 3236 3132 3304 jam
3175 3236 3446 3317 blanditiis
3474 3209 3740 3308 ageretur,

489 3328 562 3381 di.
599 3328 879 3382 Perdidisti
912 3329 1113 3383 militia:
1145 3329 1478 3401 chlamydem
1518 3346 1675 3400 quam
1723 3331 1748 3370 ι)
1798 3333 1849 3387 in
1901 3336 2063 3392 tutela

492 3420 846 3488 virgineorum
878 3420 1241 3475 membrorum
1265 3420 1449 3476 decem
1486 3423 1756 3480 mensibus
1804 3425 1980 3492 texui,
2011 3436 2065 3482 et

490 3514 754 3569 tendicula
785 3516 957 3571 crucis
982 3515 1274 3572 extendens
1297 3532 1434 3587 aqua
1462 3518 1709 3572 mundavi
1732 3561 1747 3585 ,
1782 3529 1835 3574 et
1865 3535 2064 3589 purpu-

490 3631 550 3670 ra
578 3616 681 3670 mei
710 3616 982 3686 sanguinis
1008 3615 1279 3671 decoravi.
1310 3616 1425 3672 Non
1455 3619 1728 3687 cormpicio
1758 3620 1961 3675 cultum
1991 3622 2063 3675 si-

487 3718 698 3789 gnaculi
730 3718 855 3785 mei,
882 3716 1249 3773 characterem
1279 3733 1385 3774 non
1412 3718 1569 3775 video
1593 3719 1886 3777 Trinitatis.
1920 3722 2067 3777 Talis

487 3819 751 3875 interesse
770 3832 876 3874 non
897 3818 1093 3888 poterit
1122 3820 1291 3887 epulis
1330 3819 1484 3875 meis.
1514 3819 1699 3891 Ligate
1745 3836 1867 3877 eum
1898 3824 2069 3878 mani-

486 3923 609 3988 bus,
640 3932 694 3977 et
722 3920 945 3991 pedibus
972 3921 1106 3987 suis,
1140 3919 1412 3988 funiculis,
1441 3922 1563 3991 quia
1587 3936 1647 3977 se
1680 3923 1794 3991 ipse
1818 3923 2063 3978 volunta-

488 4024 568 4080 rie
592 4038 843 4094 separare
866 4023 1035 4079 voluit
1061 4037 1090 4077 a
1118 4022 1393 4078 catholicis
1418 4023 1616 4079 dudum
1639 4024 1889 4080 fratribus
1929 4028 2060 4081 suis.
2132 4058 2135 4061 λ

488 4127 606 4194 ipse
636 4124 791 4180 funes
820 4124 1066 4181 extendit
1086 4125 1423 4179 continuatos
1467 4124 1520 4179 in
1562 4124 1841 4194 laqueum,
1873 4127 2065 4194 quibus

486 4225 910 4302 etsemetipsum
942 4224 1153 4287 vinxit;
1181 4232 1237 4278 et
1264 4224 1432 4289 alios,
1467 4238 1535 4279 ne
1561 4225 1625 4277 ad
1656 4226 1795 4280 istud
1820 4227 2067 4281 venirent

487 4322 814 4387 convivium,
848 4311 1141 4390 impedivit.
1166 4321 1321 4376 Juxta
1351 4323 1597 4377 semitam
1627 4324 1806 4379 multis
1834 4326 2063 4379 scanda-

488 4422 598 4476 ιυω
625 4422 821 4490 posuit,
846 4432 1004 4490 quem
1029 4436 1171 4476 nunc
1198 4436 1317 4475 cum
1342 4423 1535 4476 rubore
1564 4434 1823 4492 perpetuo
1868 4434 1922 4479 et
1963 4426 2053 4480 de-

486 4517 682 4572 deCore
704 4516 1027 4584 sempiterno
1054 4514 1121 4569 de
1149 4516 1394 4571 convivio
1420 4528 1540 4570 meo
1578 4518 1797 4586 projeci.
1839 4518 1963 4575 Haec
2008 4532 2061 4578 et

2172 3325 2476 3395 superiores
2505 3324 2617 3379 suis
2648 3325 2845 3379 inventi
2873 3326 3187 3392 suntannis,
3212 3335 3267 3382 et.
3287 3342 3354 3383 ne
3381 3327 3741 3383 obdormireut

2173 3420 2224 3473 in
2257 3427 2449 3485 morte,
2480 3419 2750 3473 lucernam
2781 3419 2881 3474 sibi
2912 3420 3207 3489 evangelici
3237 3421 3453 3478 luminis
3479 3426 3742 3480 accende-

2124 3514 2127 3517 ’
2169 3521 2312 3567 runt.
2345 3512 2688 3581 lndignantur
2714 3511 2783 3567 ob
2813 3512 2915 3567 hoc
2943 3512 3176 3581 graviter
3204 3514 3408 3583 Ariani,
3452 3525 3506 3570 et
3552 3530 3616 3571 se
3664 3532 3743 3572 su:

2172 3614 2386 3674 peratos
2406 3620 2434 3657 a
2461 3606 2643 3673 pueris
2665 3605 3007 3661 erubescunt.
3038 3605 3189 3663 Unde
3213 3607 3425 3662 accensi
3462 3609 3625 3665 subdi
3653 3611 3743 3665 ite-

2128 3694 2131 3695 ⁷
2174 3712 2291 3752 rum
2318 3698 2542 3752 fustibus
2564 3698 2785 3766 jubent;
2817 3712 2949 3769 quos
2969 3698 3078 3768 jam
3107 3711 3232 3755 ante
3260 3700 3614 3771 paucissimos
3638 3704 3744 3759 dies

2130 3794 2133 3797 λ
2176 3790 2337 3843 variis
2369 3789 2680 3844 verberibus
2700 3787 3111 3858 dissipaveraiit.
3145 3792 3529 3862 lmprimuntur
3556 3796 3744 3852 vulne-

2175 3883 2325 3939 ribus
2348 3884 2591 3949 vulnera,
2625 3892 2675 3938 et
2704 3873 2914 3937 rursum
2960 3881 3115 3953 poena
3151 3887 3444 3940 restaurata
3488 3878 3743 3944 recrude-

2174 3976 2295 4031 scit.
2326 3974 2547 4030 Factum
2576 3983 2678 4039 est,
2711 3973 2937 4028 Domino
2981 3973 3315 4032 cenfortante
3339 4021 3353 4047 ,
3386 3987 3442 4032 ut
3486 3993 3595 4034 nec
3622 3989 3743 4034 tetas

2175 4070 2351 4124 minor
2372 4069 2626 4125 deficeret
2655 4071 2708 4124 in
2738 4069 2925 4125 dolore
2954 4070 3047 4143 [αι.
3079 4071 3195 4143 sed]
3217 4114 3231 4138 ,
3260 4083 3312 4129 et
3342 4078 3511 4145 magis
3536 4079 3743 4135 animus

2174 4172 2443 4216 cresceret
2469 4162 2750 4217 roboratus
2784 4163 2836 4217 in
2868 4162 2972 4218 fide
2992 4179 3125 4233 quos
3147 4178 3287 4219 nunc
3312 4163 3585 4236 Carthago
3613 4170 3741 4223 miro

2172 4254 2299 4307 colit
2322 4252 2534 4319 affectu,
2565 4264 2617 4307 et
2642 4255 2791 4323 quasi
2820 4254 3102 4311 duodecim
3132 4258 3496 4326 apostolorum
3518 4261 3739 4318 chorum

2171 4345 2434 4411 conspicit
2460 4359 2768 4413 puerorum.
2795 4344 2909 4400 Una
2952 4346 3184 4417 degunt,
3218 4349 3373 4404 simul
3418 4361 3738 4412 vescuntur.

2172 4432 2372 4501 pariter
2401 4432 2664 4501 psallunt,
2697 4435 2854 4490 simul
2894 4436 2945 4490 in
2992 4437 3217 4492 Domino
3260 4439 3579 4509 gloriantur.
3636 4444 3737 4497 Illis

2170 4522 2356 4579 diebus
2385 4535 2440 4581 et
2468 4525 2574 4580 duo
2594 4527 2953 4595 negotiatores
2978 4565 2993 4592 ,
3037 4528 3411 4598 Frumentius,
3453 4542 3474 4569 ε
3511 4542 3568 4587 et
3605 4537 3737 4590 alius

555 4684 589 4761 ﬂ‘
614 4674 884 4761 llac‘lvoce
930 4674 1090 4761 lintea
1113 4673 1551 4761 “designarit?!
1587 4690 1650 4730 ex
1698 4673 1802 4731 hoc
1830 4675 2061 4761 Victoris
2088 4681 2141 4743 D
2165 4682 2597 4761 cum-Lorichio,
2630 4683 2826 4761 habent
2864 4687 3078 4761 vultum.
3106 4687 3254 4755 Sur.,
3286 4690 3460 4761 Bign.,
3492 4690 3651 4746 Colb.
3687 4692 3733 4756 l,

482 4746 623 4811 loco,
650 4744 902 4813 colligere
932 4744 1075 4799 licet.
1111 4744 1461 4799 Consentiunt
1490 4744 1601 4799 fere
1640 4760 1827 4801 omnes
1856 4749 2058 4812 glossa-

479 4818 679 4871 riorum
711 4816 997 4881 scriptores
1020 4815 1157 4883 apud
1186 4816 1452 4868 eruditum
1484 4813 1741 4884 Cangium
1767 4817 1817 4871 in
1844 4817 2059 4872 Glossa-

481 4887 580 4950 rio,
615 4886 704 4939 ubi
734 4900 761 4937 a
794 4886 995 4939 Graecis
1025 4892 1257 4938 mutuata
1290 4885 1508 4939 dicitur.
1543 4886 1740 4940 Eadem
1776 4903 1902 4942 voce
1930 4905 2056 4945 usus

481 4964 566 5010 est
594 4971 697 5009 non
729 4955 895 5010 semel
921 4952 1206 5024 Gregorius
1236 4956 1475 5023 Magnus,
1511 4956 1846 5025 potissimum
1877 4958 2053 5013 Dialo-

480 5041 667 5093 gorum
693 5026 830 5080 libro
858 5042 932 5090 tv,
957 5040 1075 5093 cap.
1106 5025 1193 5089 55,
1222 5026 1310 5078 ubi
1343 5024 1544 5079 homini
1572 5041 1602 5080 e
1630 5028 1815 5082 balneo
1839 5032 2055 5084 exeunti

478 5098 670 5148 sabana
712 5105 1008 5167 praaparata
1054 5095 1216 5167 fuisse
1258 5095 1435 5167 refert.
1468 5096 1533 5149 Et
1574 5097 1666 5150 lib.
1700 5113 1783 5160 III,
1814 5113 1928 5167 cap.
1964 5102 2051 5164 l7,

480 5167 641 5218 homo
689 5166 877 5218 sabano
924 5165 1241 5220 constrictus
1287 5166 1525 5234 sepultus
1596 5168 1710 5221 fuit.
1763 5169 1819 5222 ln
1868 5165 2047 5223 collat.

478 5234 883 5306 Carthaginensi
926 5234 1229 5305 cognitione
1267 5234 1301 5285 Ξ
1326 5276 1340 5299 ,
1381 5251 1497 5304 cap.
1533 5236 1620 5300 55,
1666 5254 1876 5306 cumque
1920 5240 2055 5294 intra

478 5307 720 5377 sabanum
746 5305 995 5377 volumen,
1031 5306 1323 5377 etcaplura
1356 5316 1640 5361 occurrunt
1669 5310 1862 5373 passim
1899 5311 2053 5377 hujus

478 5376 558 5447 rei
588 5374 852 5447 exempla.
885 5374 1013 5447 Vide
1054 5375 1292 5430 Bolland.
1336 5377 1387 5430 in
1420 5378 1579 5430 vitam
1608 5380 1777 5433 sancti
1818 5374 2051 5447 Zozimi,

480 5446 564 5499 die
591 5444 662 5498 24
690 5445 948 5499 Januarii.

552 5516 576 5553 ιι
606 5516 696 5569 Sic
722 5515 1016 5570 Lorichius.
1049 5515 1174 5581 Alii,
1194 5516 1252 5586 iu
1282 5516 1381 5569 tela
1410 5518 1771 5586 virgineorum,
1802 5530 1906 5575 etc.
1936 5521 2048 5575 Ali-

480 5586 567 5660 qui
601 5595 718 5660 post
739 5586 1076 5660 membrorum
1102 5585 1303 5660 addunt
1338 5588 1702 5660 gestatus.rSic
1729 5599 1783 5644 et
1808 5607 1904 5660 pro
1934 5600 2047 5645 ten-

479 5657 685 5718 dicula.
733 5656 855 5730 Sur_.
888 5666 943 5730 et
975 5657 1122 5730 Bign.
1156 5656 1353 5711 habent
1380 5658 1656 5712 tendicula:
1686 5656 1877 5723 crucis,
1919 5679 2046 5730 quas

482 5734 773 5780 ex'emlctts.
820 5727 968 5780 Colb.
1002 5727 1050 5787 i.
1096 5738 1213 5797 post
1237 5729 1433 5792 crucis,
1461 5729 1605 5780 addit
1631 5745 1831 5783 manus.
1867 5727 2041 5785 Fit—in-

482 5801 579 5859 tra,
616 5813 707 5864 pro
735 5799 952 5863 cultum,
986 5795 1123 5863 Ful.,
1176 5795 1385 5863 Germ.,
1432 5797 1619 5867 Comp.
1643 5838 1657 5863 ,
1702 5810 1756 5855 et
1792 5801 2039 5869 0rthod.,

2163 4760 2217 4806 et
2249 4752 2443 4825 Rhein,
2474 4770 2575 4825 non
2602 4756 2919 4825 conspiciunt
2945 4759 3081 4810 oculi
3109 4761 3203 4812 mei
3230 4752 3595 4815 char'acterem.

2238 4833 2261 4897 ς
2291 4822 2439 4897 Colb.
2469 4825 2494 4897 ᾦ
2528 4824 2707 4889 habet,
2725 4822 2986 4881 Parentes
3011 4832 3180 4895 itaque
3199 4831 3440 4897 universi,
3468 4832 3621 4886 dorsa
3647 4849 3737 4886 sua

2160 4893 2441 4964 verberibus
2461 4893 2700 4949 habentes
2723 4898 2936 4964 repleta,
2969 4893 3185 4962 alacres,
3212 4910 3316 4954 etc.

2231 4960 2257 4997 ά
2289 4960 2344 5016 In
2376 4964 2747 5041 editis_legitur
2776 4960 2838 5019 ea:
2865 4968 3084 5041 lectore;
3115 4960 3325 5024 videtur
3347 4982 3526 5026 tamen
3557 4973 3733 5041 leget].

2158 5031 2282 5104 dum
2312 5048 2428 5088 esse
2460 5031 2709 5088 exlectore
2735 5052 2838 5089 uno
2868 5037 3144 5104 vocabulo,
3179 5049 3235 5093 ut
3263 5043 3576 5097 ostendatur
3598 5031 3738 5097 hunc

2159 5102 2284 5156 olim
2318 5103 2879 5181 Ecclesizelectlirem,
2916 5119 3098 5181 postea
3129 5102 3423 5179 apostatam
3456 5112 3737 5181 spurcissi-

2156 5187 2301 5242 mnm
2332 5174 2519 5228 fuisse.
2557 5176 2657 5230 Pro
2688 5175 2995 5242 Theucario,
3031 5174 3242 5234 Lorich.
3275 5193 3326 5235 et
3357 5174 3509 5237 Orth'.
3539 5182 3736 5236 habent

2158 5241 2649 5317 TlteucorioLBign.
2693 5241 3005 5301 Theucariaé.
3054 5250 3203 5317 Apud
3244 5251 3623 5307 Bollandianos
3651 5252 3736 5305 die

2154 5310 2223 5365 24
2252 5314 2422 5391 Martii
2452 5310 2779 5391 Tlteutorico.
2808 5317 2964 5391 Mart.
2999 5310 3284 5391 Tite-arario
3314 5325 3539 5391 pcrdico.

2226 5392 2250 5419 ⁸
2281 5384 2433 5462 Colb.
2462 5387 2512 5451 1,
2542 5388 2697 5462 paulo
2722 5388 2889 5462 fusius
2920 5405 2931 5439 :
2960 5399 3006 5441 et
3019 5389 3167 5462 _ali_us
3189 5384 3421 5447 similiter
3447 5399 3558 5462 ejus
3578 5392 3733 5457 tequi-

2153 5467 2306 5531 vocus
2336 5453 2667 5531 rumentius
2698 5457 2982 5531 dicebatur,
3002 5459 3171 5531 ipsius
3193 5463 3417 5531 ejusdem
3442 5453 3574 5517 u'rbis
3606 5453 3730 5517 Caro

2151 5522 2553 5603 tltagirﬁsuuno
2581 5526 2855 5603 vocabulo,
2896 5522 3182 5603 pariterque
3203 5522 3367 5603 pratia
3402 5536 3554 5587 sintut
3587 5550 3729 5602 egre-

2149 5594 2256 5676 gio,
2285 5602 2397 5676 etc;
2417 5595 2559 5676 Port.
2586 5595 2747 5676 habet
2781 5594 3000 5676 quoque
3022 5594 3135 5653 haec
3165 5594 3322 5655 vérha
3353 5622 3365 5655 :
3398 5604 3562 5673 Ipsius
3590 5594 3728 5676 crius-

2149 5664 2261 5715 dent
2291 5665 2403 5743 87‘
2422 5666 2559 5743 urbis
2580 5663 2928 5743 carthaginis.
2964 5669 3157 5743 gorum
3186 5663 3494 5743 memoriam
3521 5663 3723 5743 vulgata

2149 5736 2528 5804 martvrologia
2554 5735 2827 5792 celebrant
2852 5736 2940 5794 die
2962 5736 3031 5793 25
3051 5739 3244 5795 Martii.
