3988 6344
256 415 351 473 249

1205 412 1289 467 DE
1327 407 1841 467 PERSECUTIONE
1883 408 2263 467 VANDAIJCA
2300 412 2429 469 ΗΒ.
2472 414 2534 470 \'.

3380 417 3483 471 250

256 525 592 582 Frumentius
626 525 864 594 ejusdem
896 524 1040 580 urbis
1060 525 1275 595 egregio
1297 522 1557 594 martyrio
1578 521 1823 579 coronati
1849 524 1901 586 Α
1927 522 2229 578 nolentibus
2259 523 2497 582 faucibus
2517 527 2811 598 ingerebat.
2842 529 2973 585 Nam
2995 529 3040 586 si
3061 547 3356 588 couunums
3382 532 3485 587 Do-

256 631 389 674 sunt.
423 620 576 674 Tunc
603 628 658 674 et
683 629 888 689 septem
912 619 1126 684 iratres,
1155 633 1261 672 non
1289 625 1477 671 natura
1508 616 1602 671 sed
1630 616 1823 685 gratia,

255 712 406 766 simul
436 713 485 764 iu
529 711 857 766 monasterio
884 710 989 781 43
1020 716 1438 774 commanentes,
1471 706 1826 763 confessionis

255 804 544 857 certamine
572 802 808 870 expleto,
840 799 1338 856 immarcescibilem
1383 808 1736 869 pervenerunt
1758 799 1826 855 ad

257 909 527 959 enronam,
547 894 597 948 id
620 904 699 948 est
722 893 1002 949 Liberatus
1024 892 1208 957 abbas,
1228 890 1531 945 Bonifacius
1548 891 1824 957 diaconus,

257 984 489 1041 °Scrvus
517 985 889 1051 subdiaconus,
921 983 1169 1040 Rusticus
1195 983 1569 1047 subdiaconus,
1592 983 1826 1054 Rogatus

228 1078 231 1079 ⁷
256 1078 568 1144 monachus,
581 1078 855 1149 Septimus
867 1077 1156 1135 monachus
1172 1088 1224 1133 et
1240 1076 1494 1132 Maximus
1510 1076 1822 1132 monachus.

330 1170 420 1225 XI.
451 1171 655 1224 Antonii
678 1171 873 1225 saevitia
919 1171 972 1223 in
995 1176 1227 1223 sanctum
1255 1168 1566 1239 Eugenium.
1595 1198 1665 1208 —
1692 1167 1825 1223 Nam

257 1265 354 1319 illo
386 1274 629 1333 tempore
656 1262 924 1319 crudelius
966 1263 1283 1318 Arianorum
1316 1261 1569 1333 episc0pi,
1600 1262 1823 1332 presby-

259 1357 357 1410 teri
390 1364 445 1411 et
475 1355 676 1419 clerici,
705 1370 864 1425 quam
892 1368 985 1410 rex
1006 1363 1062 1409 et
1092 1352 1335 1419 Vandali,
1355 1352 1663 1408 sreviebant.
1695 1353 1825 1408 Nam

257 1449 323 1504 ad
346 1449 773 1519 persequendum
820 1448 918 1518 ipsi
948 1462 1070 1502 cum
1116 1446 1229 1501 suis
1252 1446 1457 1502 clericis
1487 1447 1684 1516 ubique
1708 1448 1825 1516 gla-

258 1542 357 1595 diis
374 1540 600 1595 accincti
630 1540 946 1603 currebant;
969 1538 1108 1594 sicut
1132 1536 1344 1607 quidam
1368 1539 1667 1608 episcopus,
1687 1539 1826 1594 inter

259 1633 374 1687 illos
400 1632 612 1687 caneris
663 1629 962 1698 crudelior,
995 1628 1258 1684 Antonius
1304 1630 1548 1695 nomine;
1580 1630 1669 1699 qui
1718 1638 1825 1686 tam

261 1724 455 1779 nefaria
488 1732 543 1779 et
571 1723 901 1778 incredibilia
926 1722 979 1777 in
1012 1731 1223 1777 nostros
1252 1722 1510 1788 exercuit,
1541 1731 1599 1777 ut
1619 1724 1825 1779 narrari

260 1834 358 1871 non
388 1825 605 1886 queant.
658 1814 781 1870 Fuit
822 1815 922 1869 iste
962 1814 1015 1869 in
1054 1813 1283 1884 quadam
1328 1814 1542 1870 civitate
1586 1815 1825 1884 proxima

1927 614 2121 681 minus,
2154 617 2243 686 qui
2273 616 2339 672 ad
2366 618 2469 673 hoc
2496 633 2714 678 venerat
2736 631 2795 678 ut
2824 630 3048 692 potaret,
3078 639 3197 680 cum
3222 634 3488 696 gustasset

1926 706 2095 762 noluit
2124 706 2330 776 bibere,
2361 718 2560 779 quanto
2582 713 2752 783 magis
2777 714 2877 769 iste
2913 730 3100 771 servus
3125 727 3180 772 et
3214 715 3488 773 confessor

1898 818 1899 821 η
1926 799 2097 856 ﬁdelis
2126 801 2346 856 omnino
2368 802 2572 871 nollet,
2603 804 2704 859 nisi
2734 805 2981 862 hmretica
3021 806 3204 863 feritas
3229 808 3485 879 ingessis-

1891 897 1895 901 '
1924 892 2051 947 set?
2070 892 2147 946 Ex
2170 908 2276 964 quo
2297 903 2451 949 aceto
2473 897 2767 964 praesertim
2792 897 2867 951 illi
2897 899 3128 967 passioni
3158 900 3318 956 noxio
3346 914 3490 957 moro

1925 978 2023 1039 bus
2058 986 2265 1055 accepit
2304 995 2666 1056 augmentum.
2714 987 2813 1043 Cui
2843 987 3011 1056 pietas
3036 988 3232 1046 Christi
3280 990 3489 1048 miseri-

1894 1084 1897 1085 ⁷
1925 1077 2158 1133 corditer
2178 1077 2502 1134 subveniens
2531 1088 2715 1150 postea
2744 1093 2929 1135 sanum
2960 1091 2983 1120 ο
3009 1082 3266 1159 exhibuit.

1996 1168 2109 1223 XII.
2128 1167 2194 1222 In
2224 1178 2457 1223 sanctum
2480 1169 2818 1225 Habetdeum.
2848 1168 2957 1212 -ἀ
2983 1172 3159 1227 Alium
3185 1182 3362 1230 autem
3392 1189 3491 1230 no-

1924 1272 2093 1318 strum
2115 1262 2419 1333 episcopum
2453 1263 2779 1319 Habetdeum
2800 1264 3048 1320 similiter
3067 1265 3356 1337 relegatum
3384 1266 3489 1323 Ta-

1927 1355 2263 1411 mallumeusi
2291 1356 2523 1422 civitate,
2575 1355 2629 1411 itt
2660 1372 2763 1428 qua
2792 1357 3057 1413 Antonius
3096 1356 3289 1426 fuerat,
3319 1373 3490 1428 quau-

1928 1457 2038 1501 tum
2066 1446 2237 1517 potuit
2264 1447 2518 1504 infestare
2546 1463 2636 1504 res
2679 1448 2794 1518 ipsa
2823 1448 3172 1507 demonstrat.
3191 1448 3323 1505 Nam
3368 1464 3490 1509 cum

1926 1538 2150 1594 diversis
2161 1554 2283 1595 eum
2298 1540 2753 1610 persecutionibus
2770 1540 3051 1612 afﬂigeret,
3070 1556 3166 1597 nec
3179 1550 3357 1610 posset
3369 1558 3490 1599 eum

1928 1631 2103 1686 facere
2118 1631 2395 1696 Arianum,
2411 1632 2722 1702 videretque
2743 1631 2940 1688 Christi
2957 1630 3181 1688 militem
3198 1646 3411 1702 semper
3434 1632 3491 1688 in

1892 1736 1893 1739 ‘
1927 1721 2260 1777 confessione
2279 1731 2631 1790 constantem,
2649 1723 2967 1791 promiserat
2988 1724 3121 1788 suis,
3142 1723 3354 1779 dicens:
3381 1722 3493 1779 Nisi

1894 1818 1897 1819 ⁷
1927 1828 2048 1869 eum
2079 1823 2275 1869 nostra:
2318 1816 2493 1871 fecero
2526 1815 2818 1885 religionis,
2847 1829 2954 1871 non
2984 1813 3077 1888 [aL
3109 1814 3255 1887 sum]
3283 1816 3353 1870 sit
3380 1817 3493 1871 An-

260 1924 459 1975 eremo,
489 1922 609 1978 quae
637 1906 981 1975 Tripolitanae
1008 1905 1297 1976 provincia:
1327 1905 1605 1971 vicinatur,
1634 1906 1746 1976 qui,
1774 1914 1830 1962 ut
1858 1896 1905 1957 B
1934 1904 2132 1960 tonius.
2157 1906 2226 1960 At
2250 1906 2341 1962 ubi
2363 1908 2414 1962 in
2439 1921 2535 1961 sua
2560 1907 2907 1977 promissione
2928 1908 3104 1963 minor
3127 1906 3374 1964 inventus
3389 1918 3493 1975 est,

260 2004 426 2058 bestia
474 2000 812 2065 insatiabilis,
847 1998 1231 2054 catholicorum
1276 1998 1459 2052 sitiens
1491 1998 1824 2069 sanguinem,

261 2094 357 2147 huc
382 2092 615 2160 illucque
636 2090 703 2145 ad
731 2089 1045 2159 rapiendum
1068 2088 1281 2161 [Rhen.,
1300 2086 1582 2158 fugientes]
1615 2087 1828 2157 rugiens

261 2181 598 2237 excurrebat.
650 2180 780 2235 Nam
827 2180 1021 2249 impius
1048 2178 1344 2233 Hunericus
1393 2177 1568 2233 sciens
1611 2179 1826 2234 Antonii

262 2275 613 2335 ferocitatem,
642 2272 697 2326 in
727 2270 819 2343 [aL
859 2269 1047 2343 ipsius]
1080 2270 1209 2340 ipsis
1249 2270 1414 2326 eremi
1457 2269 1694 2339 partibus
1732 2286 1829 2325 vo-

263 2366 353 2421 luit
378 2373 629 2420 sanctum
661 2362 953 2434 Eugenium
973 2360 1001 2400 δ
1030 2362 1277 2432 relegari.
1308 2362 1474 2427 Quem
1501 2377 1621 2417 cum
1648 2369 1828 2418 custo-

265 2457 511 2513 diendum
534 2456 798 2511 Antonius
824 2455 1136 2524 accepisset,
1167 2453 1236 2508 ita
1266 2466 1387 2508 eum
1409 2454 1622 2508 arctiori
1649 2464 1827 2509 custo-

264 2551 340 2605 dia
362 2549 560 2613 cinxit,
609 2555 665 2600 ut
701 2545 904 2601 nullum
947 2546 1013 2600 ad
1047 2560 1169 2600 eum
1214 2543 1435 2599 introire
1464 2546 1825 2614 permitteret;

267 2642 482 2709 insuper
511 2638 675 2693 variis
704 2636 1016 2692 insidiarum
1040 2646 1199 2706 atque
1240 2650 1517 2704 poenarum
1555 2636 1827 2705 suppliciis

265 2734 527 2804 cogitabat
565 2746 687 2786 eum
734 2730 1096 2799 exstinguere.
1147 2728 1250 2783 Sed
1273 2728 1543 2796 Eugenius
1572 2738 1785 2783 sanctus
1811 2770 1826 2795 ,

268 2827 385 2880 dum
410 2832 609 2879 nostra:
633 2822 1019 2892 persecutionis
1039 2819 1260 2876 defieret
1276 2820 1629 2887 incommoda,
1655 2831 1708 2876 et
1737 2836 1826 2877 as-

270 2920 491 2987 peritate
535 2915 692 2970 cilicii
740 2913 910 2970 senile
954 2921 1213 2968 attereret
1266 2927 1481 2983 corpus,
1528 2917 1829 2984 nudamque

269 3025 423 3080 super
447 3008 665 3064 humum
692 3008 935 3062 cubitans
974 3013 1200 3061 stratum
1230 3002 1323 3075 [αι.
1355 3003 1541 3075 sacris]
1575 3006 1712 3060 sacci
1746 3007 1828 3061 sui

267 3101 452 3169 rigaret
481 3099 741 3155 imbribus
770 3097 1151 3168 lacrymarum,
1194 3095 1479 3165 aliquando
1501 3097 1670 3151 sensit
1697 3096 1832 3152 infe-

267 3204 393 3249 stum
438 3192 702 3263 paralysis
740 3189 1006 3245 morbum.
1033 3188 1148 3255 Quo
1180 3186 1269 3259 [aL
1306 3187 1515 3259 nuntio]
1559 3190 1828 3258 nuntiato,

1930 2006 2247 2067 suggerente
2274 1998 2373 2053 sibi
2399 1997 2613 2053 diabolo
2641 1999 2838 2069 cogitat
2867 1997 3030 2053 aliud.
3059 1998 3289 2054 Pedibus
3325 2000 3493 2055 mani-

1892 2094 1893 2097 ‘
1929 2089 2133 2157 busque
2162 2088 2359 2158 ligatis,
2388 2090 2611 2144 vinculis
2641 2089 2943 2159 ingentibus
2968 2096 3140 2144 arctat
3162 2090 3493 2160 episcopum,

1928 2193 2129 2249 oreque
2153 2180 2401 2234 obturato
2432 2195 2498 2235 ne
2524 2180 2700 2250 lingua
2732 2180 3010 2246 clamaret,
3039 2193 3229 2249 aquam
3259 2182 3492 2251 corpori,

1930 2277 1989 2324 ut
2035 2271 2288 2339 putabat,
2335 2269 2766 2341 rebaptizationis
2806 2276 3039 2342 spargit:
3092 2277 3245 2345 quasi
3293 2273 3494 2329 valeret

1928 2364 2307 2419 conscientiam
2339 2364 2502 2434 ligare
2518 2379 2639 2420 cum
2660 2380 2903 2435 corpore,
2936 2377 3030 2424 aut
3051 2383 3156 2425 non
3183 2367 3258 2424 ibi
3281 2366 3495 2422 adesset

1930 2458 2018 2525 qui
2048 2456 2198 2511 audit
2224 2452 2457 2527 gemitus
2493 2458 2937 2528 compeditorum,
2967 2470 3023 2515 et
3069 2460 3243 2516 cordis
3289 2468 3494 2515 secreta

1930 2548 2184 2601 rimatur:
2217 2548 2301 2602 vel
2327 2563 2580 2618 superare
2603 2560 2784 2619 posset
2803 2566 2937 2619 aqua
2965 2551 3192 2606 mendax
3219 2559 3379 2606 tantae
3402 2563 3497 2603 vo-

1931 2638 2147 2694 luntatis
2179 2638 2528 2708 propositum,
2552 2639 2692 2710 quod
2718 2639 2828 2709 jam
2862 2640 3022 2696 homo
3070 2641 3164 2696 Dei
3191 2649 3216 2678 °
3247 2638 3496 2695 metanti-

1931 2732 2030 2787 bus
2056 2732 2307 2800 lacrymis
2334 2731 2553 2786 miserat
2577 2731 2803 2802 legatum
2820 2732 2871 2786 in
2895 2732 3111 2788 coelum.
3136 2730 3302 2788 Exuit
3318 2729 3496 2787 statim

1933 2822 2157 2876 vinculis
2184 2820 2383 2888 virum,
2432 2830 2487 2877 et
2516 2821 2630 2890 tali,
2662 2822 2813 2893 quasi
2851 2824 3117 2893 gaudens,
3164 2821 3497 2892 prosequitur

1932 2930 2091 2972 voce:
2127 2914 2267 2970 Ecce
2289 2915 2422 2985 jam,
2455 2914 2619 2970 frater
2646 2915 2995 2982 ﬂabetdeum,
3039 2924 3219 2971 noster
3244 2914 3497 2970 Christia-

1932 3022 2032 3061 nus
2061 3006 2283 3062 eti‘ectus
2311 3021 2403 3072 es;
2436 3006 2560 3077 quid
2591 3006 2727 3061 ultra
2762 3006 2939 3063 facere
2967 3009 3163 3077 poteris
3192 3007 3293 3062 nisi
3316 3016 3374 3061 ut
3403 3022 3497 3061 νο·

1932 3100 2119 3153 luntati
2148 3097 2453 3154 consentias
2498 3098 2674 3168 regis?
2714 3097 2810 3152 Cui
2855 3098 3222 3154 Habetdeum:
3266 3098 3373 3153 Itta
3401 3108 3495 3161 est,

1933 3191 2094 3261 impie
2116 3190 2344 3255 Antoni,
2377 3191 2551 3244 mortis
2589 3189 2873 3258 damnatio,
2895 3190 2979 3245 ubi
3011 3191 3279 3245 voluntatis
3307 3199 3499 3245 tenetur

269 3287 315 3341 in
342 3287 529 3355 gaudia
573 3298 863 3340 conversus
900 3281 1130 3337 Arianus
1152 3324 1168 3351 ,
1200 3281 1618 3353 pergitfestinus
1644 3283 1712 3339 ad
1734 3300 1829 3340 cu-
1855 3272 1902 3336 C
1935 3285 2177 3340 assensio.
2210 3284 2324 3354 Ego
2369 3282 2491 3338 fidei
2541 3297 2675 3338 mete
2727 3290 2920 3350 tenax,
2970 3282 3191 3338 vocibus
3240 3283 3500 3338 confitens

269 3378 365 3432 bile
390 3378 537 3450 [mss.
580 3376 674 3440 44,
720 3370 915 3443 exsilii]
948 3372 1134 3428 eximii
1180 3372 1409 3428 hominis
1447 3372 1574 3439 Dei;
1621 3384 1673 3428 et
1701 3389 1823 3431 cum

265 3468 480 3533 videret,
528 3474 751 3536 urgente
778 3463 1059 3534 passione,
1091 3478 1277 3519 verum
1306 3464 1609 3532 pontificem
1642 3465 1827 3521 balbu-

264 3560 437 3615 tientia
470 3557 641 3613 verba
664 3555 982 3627 producere,
1009 3556 1262 3625 cogitavit
1287 3554 1446 3611 simul
1485 3560 1827 3629 exstinguere
1886 3558 1887 3561 “

263 3666 407 3720 quem
442 3664 737 3718 superesse
774 3646 1008 3703 nolebat.
1043 3647 1302 3717 Przcepit
1341 3655 1400 3703 ut
1424 3656 1632 3705 acetum
1675 3666 1828 3719 aspe—

263 3759 367 3796 rum
416 3742 695 3812 nimisque
731 3740 1048 3797 acerrimum
1100 3746 1465 3809 quaereretur;
1523 3741 1662 3810 quod
1705 3756 1827 3797 cum

261 3833 441 3892 fuisset
487 3835 713 3890 allatum
801 3830 1120 3889 venerabilis
1166 3832 1313 3887 senis
1364 3832 1735 3889 recusantibus
1773 3844 1825 3891 et

322 4023 346 4051 ι
375 4014 565 4071 Codex
587 4012 760 4079 Port.,
788 4010 1061 4066 Servius...
1088 4012 1423 4081 Septiminus.
1449 4013 1647 4069 Horum
1669 4031 1828 4082 porro

259 4096 575 4155 sanctorum,
593 4092 883 4155 martyrum
914 4084 1213 4155 passionem
1247 4084 1523 4155 retulimus
1546 4099 1704 4154 supra
1728 4104 1823 4155 pa-

260 4157 368 4236 gina
396 4156 500 4236 99,
510 4154 801 4236 gd‘ealcem
824 4151 1065 4236 Historia:
1080 4152 1312 4236 Yictoris
1324 4152 1598 4236 _Vitensi§1
1614 4151 1741 4210 Vide
1753 4158 1827 4213 in-

258 4222 332 4295 fra
352 4228 448 4279 col.
466 4222 606 4295 263)
621 4264 636 4288 ,
657 4238 760 4295 quo
780 4223 898 4277 loco
913 4222 1060 4295 plura
1085 4222 1152 4277 de
1174 4224 1276 4295 illis
1286 4222 1717 4295 observavimus;
1735 4243 1828 4295 po-

258 4292 520 4351 tissimum
548 4294 617 4348 de
633 4292 901 4348 additione
916 4307 1034 4359 quae
1052 4294 1104 4347 in
1126 4294 1398 4349 codicibus
1415 4294 1623 4349 duobus
1642 4292 1827 4351 manu-

258 4367 460 4435 spticris
475 4364 735 4428 habetur,
750 4362 1355 4435 unoscilicetcarthusite
1373 4365 1671 4431 Portarum,
1687 4370 1827 4422 etal-

257 4433 364 4490 tero
388 4437 740 4491 bibliOtheca:
765 4433 1099 4499 Colbertinat,
1125 4450 1268 4487 num.
1298 4434 1455 4490 1746.
1486 4435 1829 4493 Colbertintts

256 4507 443 4575 itaque,
462 4504 907 4576 quem_vit_limus._
915 4514 1032 4576 post
1053 4507 1238 4576 horum
1258 4514 1544 4576 martyrum
1567 4512 1827 4563 recensita

258 4572 496 4640 nomina;
524 4574 613 4629 sic
639 4574 797 4628 habet
824 4592 835 4624 :
870 4572 974 4627 Sed
997 4575 1108 4627 licet
1142 4575 1322 4628 horum
1351 4572 1831 4645 gforiosissimorum

200 4660 203 4661 ⁷
256 4658 548 4716 martyrum
573 4648 626 4698 in
640 4645 875 4717 praesenti
899 4658 1000 4717 non
1024 4645 1323 4717 quiverimus
1344 4647 1538 4713 plenius
1558 4649 1831 4717 explanare

257 4713 502 4771 imitanda
554 4717 631 4769 vel
644 4713 971 4767 admiranda
1014 4716 1323 4786 certamina,
1362 4725 1567 4786 propter
1612 4713 1830 4772 aliorum

260 4790 479 4841 videlicet
525 4785 975 4856 innutrierabtlittm
1016 4785 1386 4838 multitudinem
1424 4797 1740 4856 martyrum;
1778 4790 1830 4842 in

1892 3370 1893 3373 “
1931 3376 2135 3433 crebris
2156 3417 2171 3443 ,
2196 3374 2337 3445 quod
2360 3373 2522 3429 credo
2571 3382 2626 3428 et
2670 3372 2911 3439 credidi,
2955 3371 3235 3428 clamando
3266 3371 3498 3427 defendi.

1931 3470 2039 3528 Sed
2065 3468 2239 3541 et“
2254 3477 2433 3537 postea
2453 3481 2611 3538 quam
2632 3466 2836 3522 catenis
2850 3464 3081 3531 vinxisti,
3101 3465 3273 3520 eloris
3284 3464 3500 3534 januam

1933 3561 2201 3632 oppilasti,
2232 3562 2284 3615 in
2308 3560 2561 3631 praetorio
2586 3558 2762 3615 cordis
2787 3557 3056 3613 violentia:
3089 3570 3242 3634 mete,
3267 3555 3501 3611 subscri-

1933 3652 2178 3708 bentibus
2210 3652 2603 3721 angelis,gesta
2628 3649 2854 3715 confeci,
2886 3657 2941 3705 et
2968 3646 3254 3703 lectitanda
3282 3646 3501 3718 impera-

1938 3747 2037 3800 tori
2066 3758 2187 3800 meo
2212 3743 2498 3798 transmisi.

2009 3838 2148 3893 Xlll.
2181 3837 2491 3892 Arianorum
2518 3835 2789 3892 violentia.
2819 3862 2890 3875 -—
2914 3834 3044 3890 Erat
3087 3834 3301 3905 quidem
3342 3846 3501 3904 gene-

1930 4020 2090 4074 ctoris
2116 4029 2366 4075 contextu
2400 4027 2542 4089 patet
2560 4020 2843 4074 Antonium
2870 4017 3238 4089 Tamallnmte,
3271 4018 3359 4071 uni
3389 4032 3500 4089 sct-

1931 4091 2055 4145 licet
2081 4106 2147 4144 cx
2184 4090 2264 4143 his
2304 4087 2551 4154 urbibus,
2588 4089 2895 4155 praefeCtum
2928 4088 3108 4143 fuisse.
3141 4087 3282 4142 Pene
3309 4088 3498 4142 omise-

1930 4175 2042 4241 ram
2073 4175 2291 4241 monere
2322 4162 2376 4214 in
2402 4159 2553 4216 Colb.
2589 4160 2612 4214 1
2646 4158 2735 4214 hic
2778 4159 2993 4223 haberi,
3033 4174 3197 4213 eremo
3236 4157 3500 4213 Tamalbi-

1931 4245 2114 4284 ητεηδι.

2005 4311 2027 4338 ο
2063 4302 2157 4354 Hic
2185 4300 2235 4354 in
2262 4300 2413 4355 Colb.
2447 4300 2498 4365 1,
2527 4315 2581 4355 n.
2607 4300 2769 4366 5119,
2799 4299 3038 4369 margine
3068 4300 3166 4353 ista
3194 4297 3457 4353 habentur
3485 4315 3499 4352 :

1936 4372 2034 4437 Qui
2061 4371 2354 4424 venerabilis
2381 4373 2456 4427 vir
2482 4386 2570 4439 per
2604 4371 2787 4423 multas
2814 4368 3163 4439 tribulationes
3181 4409 3205 4439 ,ν
3224 4369 3505 4438 multasque

1938 4443 2191 4506 patientia:
2227 4438 2578 4505 coronas,ad
2617 4440 2853 4493 ultimum
2879 4451 2939 4495 ιιῐ
2963 4440 3081 4494 idus
3115 4438 3249 4493 Julii
3286 4441 3340 4494 in
3381 4456 3505 4507 pace

1936 4513 2138 4578 quierit.
2182 4510 2507 4565 Pra’dicandi
2548 4526 2663 4563 vero
2703 4509 2963 4566 Salutaris
3004 4511 3425 4573 archidiaconus.
3457 4520 3504 4564 et

1940 4580 2156 4634 Muritta
2201 4584 2450 4634 secundus
2494 4581 2546 4634 in
2590 4581 2755 4652 cilicio
2801 4583 3177 4646 ministrorum,
3209 4583 3356 4635 tertio
3389 4583 3506 4652 jam

1937 4654 2250 4721 confessores
2272 4652 2441 4713 erecti,
2467 4651 2702 4721 gloriosis
2728 4652 2779 4703 in
2810 4652 3010 4705 Christo
3033 4651 3415 4717 perseuerantiw
3441 4652 3506 4704 ti-

1940 4720 2045 4773 tulo
2067 4722 2308 4792 illustrati
2330 4720 2480 4774 sunt.
2500 4721 2839 4792 DegEugenio
2866 4730 2919 4777 et
2953 4720 3111 4777 sociis
3142 4722 3362 4776 seorsim
3382 4736 3506 4792 age-

1939 4806 2056 4861 mus
2084 4794 2134 4845 in
2160 4791 2555 4846 Commentario
2583 4790 2855 4861 historico,
2884 4806 2999 4861 cap.
3025 4793 3077 4844 8.

261 4860 353 4917 ﬁne
386 4870 563 4911 tamen
592 4855 749 4924 hujus
782 4856 960 4930 operis
992 4856 1152 4908 nostri
1169 4852 1578 4930 ζριόηιὶιιὶηῃωξ
1613 4856 1831 4930 Domino
1858 4852 1911 4912 Ι)
2006 4859 2032 4897 ά
2064 4861 2280 4930 Aliquot
2304 4875 2433 4914 mss.
2461 4869 2515 4915 et
2543 4860 2671 4914 editi
2697 4879 2708 4910 :
2742 4852 2855 4913 Alio
2880 4852 3048 4914 auiem
3076 4868 3249 4914 nostra
3269 4860 3506 4930 episcopo

260 4929 564 4997 adjurante,
600 4922 693 4978 nos
718 4929 790 4985 ea!
812 4922 1131 4998 narraturos.
1166 4922 1320 4998 unc
1346 4942 1464 4998 ergo
1488 4925 1639 4998 hujus
1679 4928 1834 4983 libelli

261 4992 417 5064 quinti
440 4998 761 5049 narrationis
789 5004 974 5048 nostrte
993 4992 1075 5047 hic
1096 4994 1213 5061 finis
1233 5004 1326 5064 est.
1357 4992 1744 5064 lticipit'autem
1773 5000 1836 5051 li-
1879 5013 1882 5016 ’

262 5062 349 5121 her
392 5076 589 5121 sextus
622 5066 675 5118 in
719 5066 821 5121 isto
859 5066 1040 5120 codice
1081 5066 1198 5119 sic:
1234 5062 1315 5118 Ea:
1355 5064 1447 5118 illo
1469 5062 1585 5134 jam
1616 5079 1835 5135 tempore

261 5139 538 5202 crudelius,
565 5144 672 5189 etc.

328 5207 353 5245 δ
402 5208 680 5273 Eugenius
728 5205 1076 5258 Tamallenum
1122 5205 1388 5274 relegatus
1433 5204 1595 5260 fuisse
1644 5206 1838 5262 dicitur

262 5277 310 5329 in
341 5277 543 5332 Notitia
598 5275 869 5330 Africana.
912 5275 1119 5328 Nullum
1159 5286 1335 5329 autem
1368 5275 1511 5329 urbis
1557 5290 1749 5330 nomen
1784 5280 1837 5331 in

265 5354 364 5400 tota
410 5346 619 5401 Notitia
651 5348 881 5400 occurrit
911 5346 1051 5413 qttod
1086 5346 1301 5414 propius
1343 5346 1407 5398 ad
1451 5346 1591 5399 istud
1620 5350 1841 5402 accedat

262 5433 413 5485 quam
440 5416 804 5478 Tamalluma,
826 5428 933 5484 quo
963 5415 1120 5468 etiam
1147 5414 1437 5485 llabetdeus
1459 5417 1735 5471 exsulasse
1760 5418 1841 5471 in-

262 5484 334 5539 fra
378 5490 609 5542 dicitur.
642 5486 843 5554 Duplex
875 5494 1050 5539 autent
1095 5496 1208 5537 erat
1238 5484 1566 5539 Tamalluma
1587 5527 1602 5551 ,
1651 5502 1755 5539 una
1787 5489 1841 5543 in

263 5554 581 5627 Eyucetta,
634 5553 799 5627 altera
856 5555 908 5609 in
957 5555 1262 5627 Mauritania
1307 5553 1566 5610 Sitifensi.
1617 5556 1741 5610 Erat
1784 5568 1839 5613 et

260 5624 442 5681 Turris
478 5626 852 5687 Tamatlunue.
898 5624 1047 5692 cujus
1082 5625 1362 5693 episcopus
1403 5627 1668 5680 collationi
1709 5629 1840 5682 (iar-

263 5698 403 5768 thag.
436 5695 615 5751 iuterf
613 5695 705 5748 uit.
739 5694 882 5748 Hanc
912 5710 1038 5748 vero
1067 5695 1305 5768 eamdem
1331 5710 1450 5768 esse
1479 5711 1540 5768 a_c
1564 5696 1832 5768 Tatttallu-

262 5765 399 5821 mam
431 5768 731 5837 Byzacena:
752 5773 933 5837 censet
948 5766 1192 5837 eruditus
1212 5765 1481 5837 Baluzius.
1502 5766 1574 5821 De
1594 5766 1677 5821 his
1704 5769 1833 5823 locis

264 5834 558 5905 agimus'in
590 5835 731 5891 notis
752 5835 818 5890 ad
842 5834 1085 5891 Notitiam
1111 5834 1431 5894 Africanam.
1460 5836 1623 5892 Porro
1650 5853 1715 5891 ex
1744 5838 1830 5893 Vi,

1944 4929 2256 4984 Habetdeum
2283 4930 2596 5000 relegata...
2626 4930 2853 4998 infestari
2874 4972 2886 4992 ,
2916 4942 3019 4985 etc.
3053 4932 3238 5000 Comp.
3268 4944 3364 5000 pro
3389 4929 3507 4984 Ha-

1939 5001 2173 5055 betdeum
2208 5001 2369 5054 habet
2388 4998 2540 5066 'apud
2570 5015 2716 5063 eum;
2748 5000 2896 5055 illum
2928 5010 3102 5055 tamen
3134 4998 3268 5054 infra
3308 4998 3507 5055 Habet-

1941 5072 2090 5125 deum
2130 5072 2381 5138 appellat.
2413 5080 2463 5124 ct
2499 5084 2593 5137 pro
2622 5068 3017 5124 Tamallumensi
3048 5070 3204 5125 habet
3230 5071 3511 5125 Adlumen-

1936 5142 2024 5195 sis.
2078 5140 2377 5195 llabetdeus
2415 5142 2465 5193 in
2508 5139 2702 5194 Africa:
2741 5140 2932 5195 Notitia
2963 5139 3405 5196 Tamallumensis
3446 5142 3503 5197 in

1942 5211 2214 5282 Byzaccna
2240 5214 2520 5282 episcopus
2544 5210 2759 5282 dicitur,
2790 5212 2879 5279 qui
2910 5210 3129 5282 proinde
3157 5226 3221 5265 ex
3250 5211 3381 5267 urbe
3409 5210 3510 5267 Ta-

1946 5279 2196 5405 {uallum}
2224 5279 2283 5362 in
2307 5279 2579 5352 Byzacena
2606 5279 3045 5337 Tammallumam
3070 5280 3398 5338 Mauritania:
3423 5297 3510 5339 re-

1964 5362 2151 5405 eaatus
2196 5360 2291 5405 uit.

1964 5362 2151 5406 enatus
2174 5352 2291 5406 fuit.

1999 5368 2059 5457 gen
2069 5368 2291 5477 3:131]?
2308 5430 2359 5477 et
2387 5421 2559 5486 Port.,
2597 5421 2916 5475 micantibus.
2948 5421 3097 5477 Mart.
3116 5462 3133 5488 ,
3171 5420 3383 5491 Comp.,
3412 5422 3511 5477 Lo-

1944 5490 2171 5557 richius,
2222 5504 2273 5547 et
2302 5491 2490 5558 0rth.,
2528 5491 2853 5546 mittentibus.
2883 5492 2948 5546 Et
2986 5492 3120 5546 infra
3152 5511 3165 5545 :
3199 5490 3362 5554 Ecce,
3402 5502 3507 5547 etc.

1941 5560 2093 5634 Colb.
2133 5564 2179 5629 1,
2204 5563 2400 5634 Camp:
2415 5561 2672 5634 et_Mart.,
2702 5561 2944 5634 Ecclesiae
2962 5565 3105 5634 jam,
3138 5570 3296 5629 frater
3323 5561 3511 5634 llabet-

1940 5632 2111 5693 deum,
2143 5642 2330 5703 nostra
2360 5631 2681 5703 Christianus
2704 5675 2718 5697 ,
2750 5641 2855 5687 etc.
2886 5633 2942 5686 In
2962 5631 3088 5687 cod.
3118 5641 3293 5686 autem
3321 5632 3505 5703 Camp.

1916 5709 1990 5765 ,et
2018 5702 2147 5756 edit.
2173 5702 2405 5773 Lorichii
2436 5702 2629 5759 desunt
2653 5702 2767 5759 haec
2794 5704 2955 5760 verba
2984 5721 2996 5759 :
3032 5702 3167 5769 Quid
3197 5703 3354 5772 ultra,
3383 5715 3510 5773 εις..

1936 5785 2103 5842 usque
2134 5774 2196 5828 ad
2229 5770 2341 5840 Cui,
2384 5782 2486 5827 etc.
