3988 6344
171 400 265 457 253

1102 389 1193 444 DE
1235 381 1752 443 PERSECUTIONE
1797 381 2183 439 VANDALICA
2221 383 2348 438 LIB.
2394 383 2457 437 V.

3313 381 3414 436 2‘51.

169 515 329 584 sbyter
381 507 681 565 Mizentinm
743 503 979 560 civitatis
1032 502 1084 557 in
1142 500 1394 573 spelunca
1446 497 1805 570 ZiquensisA
1836 511 2099 567 nusquam
2146 495 2358 565 penitus
2397 494 2820 554 visebantur.’Et
2847 500 2933 553 ubi
2968 500 3103 553 forte
3144 500 3415 568 graminu-

170 605 343 663 montis
383 607 630 673 repertus
668 605 787 665 est,
820 594 1297 668 putrescentejam
1321 592 1533 648 solutus
1563 589 1727 644 cada-

169 713 296 754 vere.

228 785 353 843 XVl.
392 782 460 839 Et
496 783 620 853 quia
662 781 729 835 de
759 791 947 836 sancto
990 776 1321 833 Habetdeum
1366 773 1572 845 prazfati
1618 772 1727 842 jam

168 894 365 947 sumus,
413 876 586 944 pergit
625 882 751 927 tunc
790 872 856 925 ad
897 860 1314 939 Carthaginem,
1345 867 1496 922 adite
1524 866 1732 920 censuit

168 964 409 1024 nefarium
433 979 634 1035 regem,
668 971 723 1017 ut
744 959 1124 1016 conscientiam
1149 974 1299 1012 suam
1328 972 1485 1029 quam
1518 970 1735 1026 semper

169 1058 466 1115 familiarem
490 1064 516 1093 ἰ
548 1048 824 1110 Trinitatis
855 1050 874 1122 [ἢ
888 1049 963 1106 al.
986 1048 1200 1121 habuit]
1233 1049 1494 1103 habuerat
1515 1057 1569 1102 et
1594 1048 1731 1101 ami-

167 1172 287 1220 cam,
317 1156 483 1209 etiam
512 1146 818 1207 hominibus
847 1149 1043 1203 faceret
1079 1145 1440 1201 manifestam.
1478 1142 1585 1197 Nec
1610 1155 1731 1196 cum

170 1249 381 1304 retinere
413 1244 584 1316 potuit
608 1242 875 1298 Antonius
905 1248 1126 1311 propter
1156 1236 1533 1294 verecundiam
1558 1249 1732 1289 suam.

168 1338 314 1397 Offert
356 1335 681 1408 impiissimo
713 1335 821 1405 regi
858 1332 1097 1389 libellum
1140 1331 1192 1385 in
1245 1330 1343 1384 hac
1384 1326 1735 1382 similitudine

171 1433 463 1490 verborum.
513 1420 650 1498 Quid
680 1441 862 1498 quaaso
887 1425 997 1497 jam
1037 1440 1158 1481 cum
1193 1421 1446 1493 proiectis
1488 1417 1737 1475 habetis?

169 1523 277 1596 quid
310 1537 435 1579 cum
468 1522 546 1576 eis
585 1534 719 1591 quos
749 1518 937 1573 exsilio
979 1516 1285 1586 relegastis,
1321 1511 1555 1583 quotidie
1581 1509 1737 1565 dimi-

170 1614 317 1672 catis?
346 1610 664 1670 Abstulistis
700 1607 1064 1673 substantias;
1096 1605 1372 1671 ecclesiis,
1405 1604 1571 1674 pata-ia
1591 1641 1607 1669 ,
1638 1603 1737 1655 do-

170 1709 435 1777 mibusque
466 1704 740 1775 privastis.
765 1701 892 1757 Sola
922 1700 1100 1755 anima
1130 1699 1406 1762 remansit,
1432 1714 1589 1768 quam
1614 1711 1735 1766 cap-

176 1802 322 1854 tivare
366 1794 721 1853 contenditis.
752 1792 797 1849 0
829 1793 1102 1863 tempora!
1140 1806 1173 1846 ο
1215 1791 1422 1846 mores!
1456 1791 1737 1844 universus

1837 602 1931 644 sus
1960 603 2150 658 cespes
2195 588 2409 642 humida
2445 600 2571 644 tunc
2597 590 2649 644 in
2679 591 2817 645 valle
2859 593 3094 659 locatus,
3128 592 3414 662 pallentem

1837 681 2014 750 potius
2059 697 2218 750 quam
2264 682 2526 736 virentem
2578 683 2846 737 nascentis
2886 682 2993 737 feni
3022 694 3259 753 ceperat
3289 700 3415 754 pro-

1838 777 1975 831 terre
2003 778 2237 832 colorem
2257 812 2272 841 ,
2325 775 2465 831 illico
2510 790 2671 831 urens
2704 787 2758 831 et
2795 776 2980 846 igneus
3009 778 3167 832 flatus
3198 779 3413 844 aderat,

1839 877 2005 923 totum
2039 868 2293 924 terrendo
2321 869 2637 936 desicoans,
2683 870 2808 939 quia
2840 870 2943 942 iul.
2972 870 3254 944 pulverea]
3302 874 3417 939 pul-

1839 962 2119 1019 verulenta
2172 972 2465 1033 tempestas
2489 962 2643 1019 arido
2670 963 2773 1019 sub
2802 978 2931 1019 aere
2957 964 3260 1036 decoquens
3289 983 3418 1021 cun-

1838 1062 1945 1121 cta,
1974 1069 2189 1109 omnem
2231 1054 2579 1110 nebulaverat
2606 1054 2806 1110 locum.
2848 1055 3060 1110 Nullum
3088 1067 3295 1127 gestum
3335 1069 3418 1114 est

1839 1154 2079 1216 tempore
2102 1147 2192 1201 illo
2233 1148 2659 1202 commercium:
2692 1146 2898 1202 nullum
2929 1150 3183 1217 cespitem
3231 1160 3416 1217 teme,

1833 1237 2077 1307 iuvencis
2109 1238 2475 1303 trahentibus,
2510 1238 2765 1295 scindens
2792 1240 2952 1294 vertit
2993 1249 3261 1305 aratrum;
3293 1243 3417 1311 quia

1840 1346 1939 1387 nec
1967 1331 2135 1387 boves
2176 1332 2469 1399 suberant,
2516 1347 2616 1389 nec
2644 1331 2671 1371 δ
2702 1342 2873 1389 rastra
2902 1335 3120 1387 omnino
3148 1347 3418 1389 remanse-

1840 1434 1981 1480 rant.
2022 1426 2167 1481 inter
2208 1426 2323 1480 haec
2352 1427 2531 1482 omnia
2576 1436 2755 1481 autem
2785 1426 2959 1494 mala,
3012 1436 3066 1481 et
3095 1428 3418 1481 rusticorum

1842 1534 2032 1572 manus
2074 1518 2175 1571 alia
2224 1518 2531 1583 interierat,
2562 1527 2615 1574 et
2644 1518 2870 1573 subinde
2897 1532 3015 1588 quae
3045 1520 3181 1573 forte
3228 1532 3421 1588 super-

1840 1620 1988 1676 erat,
2027 1611 2136 1679 jam
2184 1611 2514 1679 sepulturam
2555 1612 2846 1681 quaerebat.
2890 1611 2957 1665 Et
2986 1612 3145 1681 quia,
3197 1621 3422 1679 urgente

1841 1702 1994 1756 lamis
2018 1701 2380 1767 incommodo,
2414 1716 2587 1771 neque
2614 1702 2973 1769 commercia,
3007 1713 3062 1756 ut
3093 1702 3186 1756 fati
3212 1716 3417 1770 sumus,

1845 1810 1941 1865 pro
1972 1793 2394 1858 consuetudine,
2439 1809 2613 1862 neque
2635 1795 2845 1848 cultura
2880 1794 3205 1849 reddebatur
3243 1794 3420 1848 debita

173 1892 271 1945 hzec
293 1889 527 1945 mundus
561 1888 837 1957 intelligit,
866 1895 923 1940 et
950 1886 1064 1955 ipse
1093 1883 1183 1954 qui
1214 1882 1550 1953 persequitur
1571 1880 1735 1936 videt.
1768 1871 1814 1930 Β
1846 1886 2032 1952 terris;
2062 1886 2316 1955 juvennm
2340 1926 2354 1949 ,
2384 1901 2595 1951 senum,
2622 1887 3077 1953 adolescentium,
3108 1895 3265 1956 atque
3294 1887 3424 1942 ado-

172 1982 219 2036 Si
245 1981 369 2035 fides
408 1979 607 2034 dicitur
638 1993 796 2047 quam
845 1976 1058 2042 tenetis,
1093 1973 1217 2045 quid
1248 1988 1392 2029 verte
1423 1972 1543 2027 lidci
1576 1989 1738 2027 lltClli-

173 2074 254 2129 bra
296 2074 462 2129 tantis
492 2064 959 2143 persecutionibus
1003 2066 1250 2139 agitatis?
1278 2066 1406 2137 quid
1438 2065 1589 2120 vobis
1616 2080 1735 2119 cum

171 2163 341 2221 exsilio
362 2174 577 2229 nostro,
602 2160 729 2232 quid
760 2161 909 2215 vobis
936 2175 1058 2214 cum
1090 2160 1273 2228 egenis
1302 2160 1353 2213 in
1385 2158 1485 2213 hoc
1516 2158 1733 2223 StL'CUlU,

172 2273 375 2326 quorum
429 2263 513 2310 est
554 2247 662 2308 vita
692 2267 904 2321 semper
933 2252 986 2306 in
1031 2250 1285 2305 Christo?
1324 2250 1505 2304 Liceat
1549 2251 1736 2303 saltem

170 2346 384 2419 gaudere
428 2348 705 2402 consmtio
748 2342 1038 2400 bestiarum
1089 2343 1167 2399 eis
1210 2358 1344 2414 quos
1390 2343 1661 2410 abjccistis
1709 2359 1739 2396 a

173 2443 291 2497 facie
318 2444 560 2497 omnium
610 2439 947 2511 populorum.
983 2437 1115 2491 Dum
1167 2437 1280 2490 lucc
1318 2445 1371 2489 ct
1412 2436 1494 2489 his
1544 2435 1736 2490 similia

170 2535 389 2605 pontifex
451 2534 545 2590 Dei
590 2533 844 2598 dixisset,
892 2530 1187 2587 sceleratus
1243 2538 1497 2600 tyrannus
1544 2531 1644 2583 hoc
1691 2529 1739 2583 ci

172 2627 441 2682 mandasse
497 2626 807 2697 perhibetur
838 2642 850 2678 :
888 2622 1032 2679 Vade
1075 2623 1140 2677 ad
1171 2622 1454 2693 episcopos
1487 2631 1699 2676 nostros
1721 2661 1735 2687 ,

170 2719 374 2790 etquod
409 2719 503 2774 tibi
534 2718 769 2773 dixerint
790 2732 1036 2787 sequere,
1070 2716 1191 2786 quia
1222 2716 1319 2786 ipsi
1351 2715 1510 2783 hujus
1540 2716 1614 2768 rei
1648 2714 1738 2765 lia-

170 2808 288 2867 bcre
342 2822 634 2866 noscuntur
684 2826 779 2880 per
830 2809 1008 2864 omnia
1056 2817 1394 2879 potestatem.
1428 2808 1532 2863 Sed
1567 2823 1738 2876 neque

164 2904 453 2958 Antonium
482 2902 592 2957 haec
618 2918 705 2957 res
735 2902 803 2955 ab
834 2902 1041 2956 insania
1072 2902 1243 2971 potuit
1265 2915 1539 2968 revocare,
1564 2900 1740 2953 scien-

166 3007 267 3051 tem
313 2998 482 3067 magis
521 2998 743 3066 imperio
785 2997 925 3066 regis
951 2995 1021 3049 ob
1048 2994 1149 3050 boe
1178 2994 1399 3049 multum
1435 3007 1592 3063 posse
1623 2993 1737 3061 pla-

164 3104 301 3145 cere.
335 3090 669 3147 Habetdeum
698 3104 827 3144 vero
854 3090 1135 3158 episcopus
1176 3088 1414 3159 gaudens
1441 3088 1581 3141 b0;itl
1612 3102 1738 3141 cou-

166 3184 393 3238 scientia:
417 3199 531 3240 sua:
562 3184 630 3237 ad
663 3184 839 3237 locum
863 3181 1039 3235 exsilii
1070 3182 1257 3235 maluit
1287 3194 1545 3235 remeare.

231 3275 389 3333 XVII.
422 3274 613 3330 Fames
655 3275 846 3329 valida.
892 3300 963 3314 -ε-
1000 3275 1072 3329 Ea
1118 3281 1433 3342 tempestate
1472 3272 1609 3325 facta
1659 3284 1739 3326 cst

165 3368 483 3423 incredibilis
509 3368 706 3435 fames,
732 3376 788 3422 et
811 3367 976 3435 cmpit
999 3366 1235 3420 Africam
1265 3374 1426 3419 totam
1454 3380 1553 3417 una
1578 3362 1737 3433 dcpo-

164 3463 429 3532 pulatione
459 3472 698 3517 vastare.
741 3460 926 3515 Nullus
954 3470 1081 3513 tunc
1121 3457 1289 3513 adfuit
1337 3456 1541 3523 imber,
1597 3458 1739 3510 nulla

167 3567 371 3621 prorsus
419 3562 573 3624 gutta
603 3552 672 3607 de
701 3551 842 3606 ccelo
883 3549 1161 3621 profluxit.
1213 3550 1319 3603 Nec
1368 3550 1597 3612 frustra,
1646 3550 1739 3601 sed

167 3660 285 3701 vero
320 3658 375 3702 et
418 3648 572 3718 justo
612 3644 818 3716 judicio
861 3643 990 3713 Dei,
1040 3653 1095 3698 ut
1134 3643 1262 3708 ubi,
1296 3643 1740 3711 persequentibus

166 3738 394 3807 Aristus,
425 3739 638 3795 caenosi
668 3736 892 3826 gurgitis
921 3751 1059 3806 aqua
1103 3734 1208 3806 iul.
1242 3746 1296 3789 et
1321 3734 1494 3805 ignis]
1526 3734 1661 3802 ignis
1690 3748 1742 3787 et

162 3831 429 3901 sulphuris
465 3830 753 3895 bulliebat,
787 3826 1131 3898 indulgentia:
1154 3827 1391 3881 cwlestis
1410 3864 1427 3891 ,
1458 3840 1575 3895 quae
1596 3840 1737 3878 seni-

163 3937 248 3991 per
272 3924 563 3980 afﬂuenter
596 3922 821 3988 aderat,
864 3920 1039 3990 pluvia
1087 3930 1394 3988 negaretur.
1426 3918 1621 3970 Lurida
1655 3933 1711 3970 re

160 4028 423 4071 manserat
480 4027 636 4071 terra:
685 4014 853 4070 facies
897 4012 1092 4068 omnis.
1134 4011 1252 4066 Non
1294 4010 1416 4065 vitis
1473 4010 1744 4078 tegebatur

160 4116 335 4162 astate
362 4107 677 4178 pampineis
698 4116 925 4176 opacam
950 4104 1215 4174 virgultis,
1246 4117 1353 4158 non
1384 4110 1499 4157 sata
1528 4114 1742 4170 reSper-

162 4213 212 4252 sa
253 4200 436 4255 vultus
479 4202 749 4267 cespitum
798 4197 1101 4253 viridabant
1147 4213 1160 4249 :
1209 4210 1319 4250 non
1368 4193 1485 4248 olea
1532 4208 1745 4260 semper

163 4294 330 4348 viridis
354 4334 375 4361 ,
403 4293 667 4362 foliisque
708 4297 910 4361 repleta
942 4289 1048 4361 [οι.
1096 4286 1348 4359 iucundi]
1372 4287 1624 4358 iucundis
1651 4287 1746 4340 tle-

162 4388 292 4441 coris
310 4388 392 4442 sui
414 4396 745 4443 consuetum
776 4393 987 4453 tegnten
1016 4382 1244 4438 babebat
1278 4396 1297 4435 ι
1324 4394 1434 4435 non
1466 4393 1747 4449 pomorum

162 4479 409 4546 virgulta,
465 4478 767 4532 maritante
816 4474 1039 4539 tellure,
1084 4486 1324 4542 gemmas
1383 4470 1748 4541 produxerant

160 4566 369 4636 ﬂorum,
424 4576 623 4640 postea
674 4567 913 4633 fructus,
940 4573 1000 4620 ut
1038 4566 1304 4629 assolent,
1339 4563 1447 4637 al.
1479 4564 1703 4619 editum:
1725 4561 1743 4631 ᾖ
1767 4606 1821 4666 D

158 4659 482 4714 redditura.
512 4656 717 4714 Tristia
737 4658 891 4713 fuere
913 4665 1155 4724 tetraque
1179 4656 1378 4721 Olltllll,
1406 4663 1465 4709 et
1493 4669 1586 4723 par
1617 4669 1737 4723 pes-

160 4752 368 4807 tiieniia:
398 4752 596 4809 clades
624 4752 861 4806 Africam
886 4748 1205 4805 confuderat
1227 4763 1464 4801 (nonem.
1495 4747 1611 4801 Non
1644 4748 1740 4801 ho~

160 4846 417 4913 nauibus,
464 4861 580 4902 non
628 4845 885 4914 inruentis
917 4841 1268 4913 germinaan
1297 4841 1475 4896 herba:
1503 4842 1747 4895 ediderat

161 4938 305 4992 tellus
334 4940 575 4994 omnino
602 4940 859 4991 virorem.
889 4940 1156 4991 Aruerant
1175 4934 1374 4988 dudum
1398 4934 1507 5005 46
1521 4950 1745 4989 curren-

158 5034 279 5089 tium
317 5036 536 5104 impetu
583 5031 844 5103 μνπεὶρίιί
873 5030 1008 5085 alvei
1057 5028 1339 5082 ﬂuminum
1361 5064 1375 5091 ,
1408 5028 1751 5098 fontiumque

156 5127 451 5197 Crispantes
468 5123 815 5195 perennitate
829 5118 1101 5177 subtracta
1127 5121 1326 5189 pariter
1355 5118 1569 5174 siccaue
1590 5134 1747 5177 erant

154 5236 313 5276 vena.
362 5224 523 5277 Oves
567 5228 623 5273 et
674 5219 836 5272 boves
891 5210 1160 5282 universi,
1209 5215 1427 5286 insuper
1468 5227 1521 5271 et
1552 5232 1747 5287 pecora

155 5319 340 5391 campi,
361 5316 649 5385 simulque
661 5314 849 5369 bestize
866 5313 1147 5375 silvarum,
1170 5312 1347 5367 inedia
1370 5328 1741 5385 consumente,

153 5538 267 5578 cunt
281 5522 419 5580 edit.
437 5518 606 5577 01th.
629 5525 685 5574 et
700 5516 859 5581 Belf.,
874 5514 1071 5569 habent
1094 5512 1411 5579 Quaehanc:
1426 5528 1547 5586 qua
1568 5518 1753 5582 lecti»,

154 5599 192 5648 si
210 5603 464 5657 venest,
478 5592 575 5645 hic
590 5589 867 5656 Quizaaut
881 5586 1053 5651 Quida
1064 5588 1393 5657 Mauritania}
1404 5589 1755 5643 Caesarimmis

153 5669 337 5721 civitas
359 5656 674 5723 iudicatur,
700 5661 859 5728 cuius
886 5658 991 5710 loci
1020 5657 1325 5725 cpiscopus,
1350 5656 1653 5712 Tiberianus
1669 5661 1755 5713 die

149 5750 290 5799 ctus,
318 5732 583 5791 secunda
614 5735 737 5785 loco
760 5727 901 5783 itaet
944 5727 1099 5782 istius
1129 5729 1737 5799 previucice,episcopos,

152 5810 197 5862 in
218 5809 433 5863 Nomia
452 5812 809 5858 muneratur.
841 5799 919 5854 De
940 5813 1041 5867 qua
1068 5801 1202 5853 urbe
1234 5799 1381 5868 plura
1413 5800 1635 5855 inferius
1658 5802 1747 5855 ob-

147 5879 496 5934 mabimu
532 5875 583 5927 in
610 5873 752 5926 notis
780 5872 849 5925 ad
872 5869 1147 5924 Notitiam.

1843 1979 2278 2048 lescentuiarum,
2307 1994 2592 2049 puerorum
2609 1981 2691 2035 vel
2714 1983 2873 2036 etiam
2898 1981 3190 2050 puellarum
3212 1980 3420 2050 agmina

1844 2070 2004 2124 simul
2052 2079 2106 2125 et
2146 2070 2335 2125 funera
2361 2110 2377 2139 ,
2407 2071 2497 2125 ubi
2529 2082 2808 2141 poterant,
2838 2073 3107 2143 quomodo
3135 2082 3420 2143 poterant,

1843 2163 2043 2231 passim
2084 2150 2541 2231 diffundebantur,
2589 2166 2982 2220 circumeuntes
3025 2168 3247 2236 oppida,
3278 2168 3422 2221 vicos

1846 2256 1925 2309 vel
1952 2255 2190 2325 singulas
2231 2258 2413 2310 urbes.
2446 2255 2704 2310 Conversi
2736 2256 2877 2312 enim
2904 2258 2954 2311 in
2987 2273 3168 2311 arcum
3198 2274 3418 2327 pravum

1843 2357 1898 2401 et
1928 2361 2239 2417 perversum
2270 2347 2457 2418 (Psal.
2509 2364 2718 2413 Lxxvn,
2766 2350 2903 2417 57),
2947 2360 3103 2419 atque
3148 2350 3422 2404 irritautcs

1845 2441 2011 2494 Deum
2042 2439 2107 2493 ad
2132 2454 2295 2509 aquas
2319 2440 2757 2495 contradictionis
2780 2440 2959 2511 (Psal.
2986 2456 3069 2505 ον,
3098 2442 3197 2511 59.)
3229 2442 3418 2494 famem

1844 2532 2184 2603 patiebantur
2211 2541 2269 2587 ut
2295 2544 2458 2589 canes
2503 2533 2685 2601 (Psat.
2721 2548 2879 2598 tvm,
2924 2536 2978 2605 7,
3018 2533 3153 2605 15),
3210 2550 3313 2589 non
3366 2544 3422 2589 ut

1844 2627 2190 2682 comedercnt
2215 2638 2429 2697 panem,
2455 2626 2550 2680 sed
2575 2636 2628 2680 ut
2658 2628 2924 2682 infensam
2956 2627 3241 2693 Sentirent,
3262 2643 3422 2697 quam

1844 2726 2194 2788 negaverant,
2219 2718 2559 2772 Trinitatem.
2589 2719 2693 2772 Alii
2725 2718 2900 2773 diffusi
2935 2732 3027 2788 per
3052 2733 3301 2790 campos,
3334 2720 3423 2775 alii

1816 2820 2052 2895 .secreta
2102 2812 2358 2866 silvarum
2409 2811 2688 2881 petebant;
2721 2811 2965 2882 antiquas
2996 2811 3201 2867 radices
3229 2812 3422 2866 herba-

1843 2922 1961 2960 rum
1983 2942 1998 2971 ,
2043 2907 2126 2960 vel
2164 2906 2479 2976 quisquilias
2517 2905 2721 2974 aliquas
2746 2908 3103 2977 requirentes.
3136 2904 3409 2970 Nonnulli,

1842 3014 1965 3053 cum
1988 2999 2150 3054 domo
2182 3000 2481 3053 niterentur
2502 2999 2704 3067 egredi,
2736 2998 2789 3052 in
2814 3001 2928 3065 ipso
2957 2998 3140 3052 limine
3167 3012 3424 3051 corruen-

1844 3102 1958 3158 tes,
1997 3093 2305 3147 catervatim
2358 3092 2498 3146 fame
2545 3091 2847 3145 debellanle
2896 3089 3190 3153 cadebant:
3247 3101 3425 3143 stratae
3516 3160 3523 3167 ι

1851 3200 1977 3239 vero
2018 3184 2103 3238 vel
2151 3185 2355 3238 semita:
2386 3183 2735 3237 cadaveribus
2764 3184 3011 3251 repleta),
3061 3182 3425 3237 exhalantium
3489 3175 3493 3179 λ

1848 3278 2019 3333 fetore
2048 3286 2379 3332 mortuorum
2403 3319 2415 3340 ,
2457 3276 2762 3346 gradientes
2795 3277 2945 3329 vivos
2975 3276 3118 3329 omni
3166 3288 3229 3329 ex
3278 3284 3428 3343 parte

1846 3369 2129 3424 necabant.
2161 3368 2268 3421 Nec
2298 3367 2520 3421 deerant
2550 3366 2788 3436 quotidie
2818 3366 3016 3436 tibique
3044 3365 3428 3435 exspirantium

1847 3464 2056 3530 funera,
2089 3472 2141 3517 et
2172 3478 2275 3516 non
2301 3471 2417 3515 erat
2438 3461 2606 3515 virttis
2629 3502 2643 3527 ,
2676 3468 2797 3530 qua:
2830 3460 3192 3514 miserationis
3220 3462 3430 3529 impen-

1846 3557 1995 3610 deret
2040 3556 2391 3625 sepulturam.
2420 3552 2603 3622 Neque
2630 3554 2771 3606 enim
2813 3552 3152 3606 sufficiebant
3176 3551 3239 3603 ad
3273 3565 3431 3620 scpc-
3476 3610 3479 3613 _

1847 3648 2082 3704 liendmn
2105 3650 2207 3702 vivi
2235 3688 2247 3711 ,
2277 3649 2415 3701 fame
2438 3646 2779 3707 dominante,
2807 3645 2858 3700 cl
2888 3646 2987 3715 ipsi
3016 3648 3133 3715 pest
3158 3643 3429 3712 paululum

1847 3740 2113 3795 morituri.
2160 3738 2459 3807 Cupiebant
2511 3738 2703 3806 singuli
2746 3736 3047 3790 libertatem
3097 3750 3248 3789 suam
3299 3737 3432 3789 tilio-

1847 3840 2075 3901 rumque
2106 3842 2327 3884 suorum
2358 3840 2634 3898 perpetua:
2664 3825 2907 3881 servituti
2936 3826 3177 3893 redigere
3199 3869 3213 3892 ,
3247 3835 3297 3879 ct
3328 3842 3431 3879 non

1846 3933 2096 3997 poterant
2145 3924 2408 3977 invenire.
2462 3924 2668 3973 Montes
2696 3928 2746 3972 et
2779 3918 2945 3971 colles
2967 3959 2982 3984 ,
3015 3914 3203 3986 platea:
3249 3916 3432 3969 civita-

1849 4027 1961 4070 tutn
1983 4055 1998 4082 ,
2038 4017 2136 4068 vite
2163 4014 2245 4067 vel
2276 4014 2483 4065 semitm
2508 4016 2670 4063 untim
2696 4008 2947 4063 omnibus
2969 4008 3207 4063 fecerant
3237 4008 3431 4076 ubique

1846 4111 2173 4179 sepulcrum,
2207 4106 2399 4175 quibus
2419 4102 2607 4157 inedia
2639 4100 2935 4171 depasccns
2979 4100 3334 4169 denegaverat
3358 4098 3433 4152 vi-

1846 4210 2013 4257 ctum.
2051 4199 2275 4253 Vandali
2321 4204 2499 4251 autem
2533 4196 2664 4265 ipsi,
2708 4204 2841 4264 quos
2873 4200 2925 4249 et
2957 4196 3105 4264 prius
3137 4193 3433 4263 frequentia

1847 4293 2132 4348 multum...
2165 4289 2563 4359 provinciarum
2587 4288 2781 4357 Spolia,
2806 4296 2859 4340 et
2886 4282 3060 4357 [Colb.
3094 4286 3145 4350 l,
3177 4283 3435 4356 recentia]

1846 4387 2077 4444 retentio
2109 4384 2301 4439 Africa:
2326 4383 2500 4452 primo
2522 4382 2759 4436 fecerant
2782 4381 2995 4447 divites,
3029 4379 3229 4448 majore
3256 4378 3433 4447 inepia

1850 4478 2254 4549 torquebantur.
2289 4475 2351 4529 Et
2402 4485 2602 4544 quanto
2648 4471 2747 4528 sibi
2789 4473 3108 4526 videbantur
3148 4486 3426 4525 servorum

1848 4573 2157 4642 aggestione
2188 4568 2438 4637 superbi,
2488 4576 2636 4620 tanto
2676 4565 2903 4634 amplius
2939 4564 3260 4617 deficiebant
3296 4561 3434 4615 fame

1850 4672 2134 4735 torquente
2173 4662 2389 4717 defecti.
2436 4660 2622 4714 Nullus
2666 4659 2861 4726 filium,
2897 4650 3075 4712 nullus
3113 4659 3430 4726 coniugem,

1850 4758 2028 4811 nullus
2072 4755 2343 4825 proprium
2396 4751 2568 4806 tenuit
2608 4762 2823 4805 servum
2858 4769 2871 4805 :
2902 4748 2997 4804 sed
3040 4750 3223 4803 exiens
3269 4762 3433 4802 unus-

1851 4852 2107 4920 quisque,
2154 4858 2258 4901 non
2291 4846 2377 4899 ubi
2408 4842 2575 4897 voluit
2602 4843 2697 4897 sed
2743 4843 2832 4897 ubi
2874 4843 3066 4907 valuit,
3116 4846 3206 4896 aut
3254 4842 3432 4895 statim

1850 4944 2070 5010 defecit,
2088 4950 2463 5009 autnunquam
2484 4937 2702 4990 omnino
2725 4935 2936 4990 redivit.
2960 4936 3257 5006 Urgebatur
3271 4935 3434 4989 etiam

1855 5048 1979 5091 tunc
2005 5032 2185 5087 infelix
2216 5028 2499 5084 multitud.i
2531 5028 2595 5081 ad
2628 5029 2800 5096 ipsam
2832 5016 3017 5081 urbem
3056 5026 3436 5097 Carthaginem
3485 5082 3495 5105 ἐ

1856 5125 2189 5199 congregari.
2235 5123 2301 5177 Et
2340 5122 2467 5176 dum
2495 5120 2623 5175 illuc
2645 5119 2960 5174 catervatim
2992 5117 3164 5172 adhuc
3205 5118 3436 5174 animata

1858 5224 2117 5279 cadavera
2146 5216 2499 5279 confluerent,
2524 5213 2615 5267 ubi
2639 5225 2732 5266 rex
2761 5209 3158 5265 inferendarum
3185 5209 3441 5265 mortium

1858 5315 1990 5370 vidit
2021 5322 2245 5381 strages,
2268 5307 2392 5378 pelli
2419 5306 2549 5361 urbe
2570 5317 2758 5359 omnes
2789 5302 2931 5359 illico
2950 5302 3124 5372 jubet,
3154 5317 3220 5357 ne
3249 5312 3437 5358 conta-

1930 5524 1953 5553 ⁸
1983 5514 2170 5581 Comp.
2202 5520 2255 5566 et
2280 5510 2477 5567 liberm.
2511 5506 2754 5581 Trinitas.
2788 5502 3099 5581 Loricbius,
3134 5506 3463 5581 divinitatis.

1856 5587 1921 5643 Et
1951 5588 2082 5639 infra
2111 5572 2209 5653 pro
2233 5581 2621 5653 verecundiam,
2650 5576 2805 5634 Colb.
2837 5572 2861 5632 f
2896 5578 3053 5653 habet
3084 5572 3431 5653 iracundiam.

1925 5658 1959 5695 ν
2098 5647 2301 5724 optime
2332 5652 2447 5707 Fui.
2481 5653 2550 5707 At
2580 5653 2731 5706 (Jolb.
2773 5653 2794 5704 1
2829 5659 2887 5724 et
2920 5652 3073 5702 Ul'lll.
3118 5662 3236 5701 cum
3284 5647 3436 5724 Lori-

1852 5730 2017 5793 clrio,
2069 5720 2264 5781 aratra.
2314 5725 2466 5783 Coib.
2514 5726 2680 5793 alter,
2726 5720 3024 5783 mendose,
3072 5727 3249 5784 aura;
3301 5720 3390 5772 alii
3420 5756 3443 5788 ,

1851 5809 2044 5854 castra.
