3988 6344
609 437 713 493 255

1895 430 2200 489 VICTORIS
2241 433 2543 491 VITENSIS
3744 447 3831 501 256

608 552 695 621 gio
723 549 1098 613 deficientium,
1122 561 1404 602 commune
1433 556 1648 617 pararet
1671 547 1831 603 etiam
1857 555 1884 583 ³
1913 548 2175 603 exercitui
2201 548 2259 610 Λ
2285 550 2407 604 talia
2458 560 2841 607 tormentorum
2884 554 3120 620 invenit,
3159 556 3337 626 qualia
3386 571 3484 612 nec
3527 557 3635 626 ipse
3679 569 3698 596 ο
3739 560 3830 615 Me-

610 646 724 715 ejus
753 643 1076 713 sepulcrum.
1104 640 1229 697 Suis
1256 656 1388 712 ergo
1411 640 1699 711 provinciis
1725 648 1779 696 et
1800 639 2046 696 domibus
2072 641 2175 696 sin-

611 738 762 808 gulos
806 737 1030 805 imperat
1069 733 1333 790 revocari.
1362 732 1469 789 Sed
1499 747 1600 789 nec
1628 741 1782 788 erant
1807 732 1897 802 qui
1937 741 2178 789 reverte-

610 835 811 894 rentur,
833 826 957 880 dum
980 826 1206 897 quisque
1226 824 1407 895 utique
1431 808 1759 895 sepulturam
1781 839 1931 880 suam
1955 825 2009 880 in
2033 827 2179 883 vultu

610 926 870 989 portaret.
902 917 970 972 Et
994 915 1194 971 idcirco
1222 915 1361 971 forte
1388 914 1563 985 major
1590 916 2038 986 rebaptizatorum
2059 932 2181 984 per-

608 1009 739 1066 ditio
768 1009 935 1080 potuit
964 1008 1266 1078 provenire,
1290 1007 1412 1077 quia
1432 1006 1557 1062 dum
1587 1006 1913 1076 promittitur
1933 1007 2002 1062 ab
2025 1008 2179 1063 Aria-

607 1103 690 1158 nis
717 1101 997 1172 praesentis
1026 1101 1317 1155 transactio
1343 1100 1495 1164 vitae,
1540 1114 1641 1155 nec
1671 1100 1800 1154 illud
1830 1100 2079 1167 obvenit,
2125 1110 2181 1156 et

607 1207 753 1249 mors
796 1207 1024 1262 sequens
1048 1191 1220 1261 prima
1258 1190 1547 1247 secundam
1580 1191 1854 1260 praevenit.
1885 1191 1943 1246 In
1976 1201 2178 1247 tantum

608 1283 767 1352 igitur
794 1282 894 1336 sibi
925 1282 1210 1338 devastans
1241 1280 1535 1336 vindicavit
1576 1281 1745 1337 fames
1767 1282 2092 1349 dominium,
2124 1292 2181 1339 ut

608 1374 723 1428 loca
755 1373 1009 1428 nonnulla
1051 1383 1106 1428 et
1146 1371 1432 1428 admodum
1461 1372 1751 1442 populosa,
1785 1373 2178 1430 habitatoribus

606 1466 924 1533 exstinctis,
953 1466 1061 1523 alto
1086 1472 1247 1520 ‘nunc
1285 1465 1532 1535 silentio,
1564 1465 1671 1538 47
1717 1465 2009 1537 parietibus
2049 1467 2179 1523 solis

606 1558 959 1624 exstantibus,
990 1557 1389 1628 conquiescant.

677 1649 862 1705 XVlll.
897 1649 1248 1723 Barbarorum
1290 1666 1476 1705 mores.
1504 1680 1574 1691 —
1604 1648 1711 1705 Sed
1758 1650 1885 1721 quid
1929 1665 2029 1721 ego
2067 1650 2178 1720 jam

605 1743 861 1798 immoror
896 1744 950 1797 in
991 1742 1095 1798 hoc
1135 1742 1277 1812 quod
1313 1742 1589 1811 explicare
1636 1758 1740 1797 non
1768 1743 1939 1812 queo?
1965 1742 2095 1796 Nam
2125 1750 2181 1798 et

603 1832 647 1887 si
673 1848 812 1887 nunc
838 1840 1209 1902 superessent,
1243 1831 1325 1887 vel
1356 1831 1433 1887 eis
1463 1830 1563 1887 fari
1591 1832 1660 1887 de
1688 1831 1885 1886 talibus
1914 1831 2173 1900 licuisset,

2285 643 2491 699 zentius
2538 644 2860 714 exquisivit?
2916 646 3198 703 Dimicavit
3250 658 3433 704 contra
3497 649 3828 709 innocentiam

2282 737 2546 807 cupiditas
2575 739 2791 805 furoris,
2824 748 2880 795 et
2905 737 2932 777 τί
2962 742 3200 798 avaritia:
3230 742 3537 807 crudelitas,
3564 753 3621 798 ut
3660 754 3713 800 et
3734 748 3830 802 ani-

2284 845 2399 884 mas
2430 831 2707 900 perderet,
2730 839 2785 887 et
2809 831 3158 888 substantiam
3190 833 3530 903 barpagaret.
3557 833 3613 889 Si
3641 836 3831 891 collatio

2240 912 2241 915 “
2282 921 2705 990 desiderabatur,
2747 940 2911 993 quare
2950 926 3152 995 rapinae
3177 940 3356 980 rerum
3393 925 3703 993 alienarum,
3741 943 3830 983 non

2234 1006 2240 1013 ’
2285 1014 2871 1081 tantumsacerdotum,
2898 1030 3087 1071 verum
3119 1018 3278 1072 etiam
3307 1016 3546 1071 omnium
3568 1017 3831 1075 laicorutn?

2239 1107 2242 1110 ’
2286 1104 2388 1160 Sed
2439 1106 2513 1160 illi
2558 1108 2837 1176 exspoliati
2887 1110 3045 1163 laetati
3096 1120 3251 1178 sunt,
3295 1117 3351 1166 et
3396 1108 3633 1181 rapinam
3672 1126 3827 1170 rerum

2240 1200 2241 1203 “
2283 1210 2497 1251 suarum
2521 1213 2641 1251 cum
2669 1200 2862 1268 gaudio
2887 1211 3257 1272 susceperunt.

2353 1285 2497 1342 XIX.
2542 1290 2697 1344 Adsit
2719 1290 2829 1359 jam
2862 1306 3044 1361 quaeso
3070 1294 3245 1348 omnis
3273 1302 3423 1359 aetas,
3470 1310 3643 1350 omms
3670 1311 3827 1361 sexus,

2283 1379 2563 1450 omnisque
2591 1381 2846 1437 conditio.
2876 1384 3061 1451 Adsit,
3096 1386 3343 1455 obsecro,
3375 1388 3552 1443 omnis
3580 1387 3727 1443 turba
3753 1404 3829 1443 ca-

2284 1471 2463 1525 tholici
2494 1473 2760 1530 nominis:
2788 1490 2907 1544 quae
2952 1477 3156 1546 gremio
3194 1485 3437 1533 materno
3473 1488 3584 1535 toto
3610 1482 3733 1535 orbe
3754 1496 3830 1551 ge-

2282 1569 2475 1628 statur,
2507 1579 2626 1633 quae
2652 1567 2763 1620 sola
2807 1581 3120 1635 germanum
3160 1569 3503 1626 commodare
3542 1572 3685 1625 novit
3721 1572 3829 1628 aﬂ‘e-

2281 1653 2458 1720 ctum,
2484 1670 2603 1725 quae
2640 1656 2827 1714 didicit
2859 1673 2889 1713 a
2920 1660 3082 1714 Paulo
3112 1661 3366 1729 magistro
3408 1671 3463 1717 et
3498 1663 3829 1733 gaudentibus

2244 1756 2245 1759 ‘
2282 1747 2570 1813 collaztari,
2597 1757 2653 1803 et
2693 1763 2812 1803 cum
2858 1750 3158 1820 lugentibus
3200 1752 3481 1807 lamentari
3523 1752 3701 1824 (Rom.
3739 1771 3829 1822 xu,

2283 1841 2394 1910 15).
2425 1841 2757 1897 Conveniant
2791 1843 2950 1897 simul
2979 1844 3045 1899 ad
3074 1843 3290 1899 domum
3331 1844 3498 1899 nosrri
3541 1844 3753 1912 doloris,
3788 1857 3829 1902 et

602 1934 656 1981 et
697 1925 953 1981 Tullianae
997 1925 1316 1996 eloquentia:
1356 1923 1547 1980 ﬂuvius
1594 1924 1917 1992 siccaretur,
1965 1932 2019 1979 et
2064 1924 2179 1980 Sal-
2206 1919 2255 1982 Β
2284 1933 2499 2003 paribus
2526 1934 2695 1990 oculis
2730 1934 3011 1990 fundamus
3050 1934 3268 1991 ﬂumina
3308 1936 3695 2007 lacrymarum,
3728 1940 3829 2008 quia

602 2017 791 2071 lustius
820 2018 1046 2086 elinguis
1066 2016 1387 2073 omnimodis
1412 2026 1734 2072 remaneret.
1760 2016 1858 2082 Et,
1888 2026 1945 2071 ut
1969 2017 2173 2072 alienos

601 2106 848 2175 indignos
888 2107 969 2163 rei
1001 2114 1159 2162 tanta:
1188 2116 1539 2176 praeteream,
1578 2106 1625 2161 si
1664 2104 2009 2162 Caesariensis
2051 2120 2173 2161 sur-

600 2207 746 2265 geret
777 2197 1038 2253 Eusebius
1065 2197 1132 2251 ad
1168 2198 1268 2253 hoc
1293 2211 1428 2267 opus
1460 2196 1707 2264 idoneus,
1736 2206 1829 2253 aut
1854 2199 1971 2268 ejus
2002 2210 2174 2255 trans-

600 2287 735 2343 lator
757 2288 957 2344 Graecaa
984 2288 1273 2359 facundiaa,
1314 2287 1485 2361 [Lor.,
1512 2289 1839 2362 Latinasque]
1867 2290 2173 2362 Latinisque

599 2379 821 2434 floribus
851 2378 1357 2442 Rufinusornatus:
1391 2389 1446 2435 et
1487 2381 1612 2450 quid
1658 2380 1860 2436 multa?
1892 2398 1995 2437 non
2037 2383 2170 2437 Am-

598 2468 828 2531 brosius,
857 2483 965 2523 non
997 2468 1371 2539 Hieronymus,
1404 2483 1503 2525 nec
1544 2470 1661 2540 ipse
1689 2480 1873 2526 noster
1902 2470 2170 2527 sufficeret

596 2556 939 2626 Augustinus.
972 2558 1155 2635 Audite
1187 2558 1313 2624 hinc,
1352 2574 1524 2612 omnes
1569 2570 1741 2631 gentes
1754 2578 1774 2627 ;
1815 2562 2025 2615 auribus
2055 2579 2170 2632 per-

596 2646 773 2716 cipite,
806 2663 978 2702 omnes
1014 2650 1101 2717 qui
1127 2649 1367 2703 habitatis
1415 2651 1613 2718 orbem,
1642 2652 1845 2722 {quique
1881 2654 2165 2724 terrigenis,

595 2747 641 2791 et
688 2738 786 2805 ﬁlii
828 2740 1118 2808 hominum,
1162 2740 1314 2794 simul
1364 2741 1419 2795 in
1464 2746 1628 2795 ‘unum
1681 2742 1821 2796 dives
1874 2753 1919 2797 et
1974 2761 2168 2816 pauper

595 2829 766 2902 (Psal.
797 2846 991 2898 XLVIII,
1019 2833 1093 2903 1).
1124 2833 1371 2889 Nonnulli
1400 2835 1487 2904 qui
1524 2835 1782 2892 barbaros
1821 2836 2072 2908 diligitis,
2113 2851 2167 2895 et

593 2936 686 2976 eos
711 2922 765 2978 in
802 2923 1300 2981 condemnationem
1328 2936 1561 2981 vestram
1595 2928 1877 2998 aliquando
1916 2916 2167 2997 laudatis,

592 3015 841 3072 discutite
870 3032 1097 3082 nomen,
1136 3029 1191 3072 et
1237 3018 1516 3088 intelligite
1556 3034 1757 3075 mores.
1788 3022 2034 3093 Nunquid
2061 3024 2164 3079 alio

593 3107 810 3176 proprio
850 3108 1066 3163 nomine
1114 3108 1333 3164 vocitari
1381 3119 1656 3179 poterant,
1707 3114 1809 3168 nisi
1846 3123 1905 3168 ιιι
1950 3114 2162 3172 barbari

591 3197 930 3262 dicerentur;
959 3197 1255 3254 ferocitatis
1293 3200 1494 3270 utique,
1543 3203 1873 3261 crudelitatis
1902 3214 1956 3262 et
1992 3216 2187 3279 terro-g

2276 2038 2453 2079 causae
2494 2034 2548 2080 et
2587 2025 2711 2081 ﬁdei
2754 2034 2951 2082 nostra:
2980 2043 3145 2082 unum
3184 2037 3268 2084 est
3304 2029 3599 2097 negotium.
3640 2028 3829 2084 Nullum

2282 2119 2403 2174 volo
2427 2120 2494 2173 ad
2524 2120 2918 2177 condolendmn
2950 2137 3161 2178 mecum
3191 2122 3500 2179 bzereticum
3540 2125 3827 2190 convenire,

2246 2234 2249 2237 -
2274 2211 2363 2280 qui
2391 2212 2527 2266 forte
2551 2212 2749 2268 addere
2770 2214 3100 2283 concupiscit
3122 2230 3283 2283 super
3304 2216 3544 2271 dolorem
3572 2218 3828 2273 vulnerum

2275 2317 2518 2358 meorum
2562 2303 2736 2375 (Psal.
2783 2321 2974 2373 vam,
3025 2304 3151 2377 27),
3181 2317 3236 2362 et
3272 2308 3572 2377 gratulatur
3617 2310 3828 2379 quotidie

2274 2396 2427 2451 malis
2468 2398 2600 2452 meis
2648 2398 2826 2471 (Psal.
2870 2415 3047 2465 xxxrv,
3092 2400 3205 2471 26).
3249 2400 3413 2467 Nolo,
3450 2403 3579 2458 nolo
3623 2418 3717 2474 ego
3751 2419 3817 2459 ex-

2274 2496 2549 2553 traneum,
2590 2491 2684 2545 sed
2720 2493 3014 2546 fraternum
3052 2508 3235 2564 quaero
3272 2494 3561 2550 aﬂ‘ectum:
3598 2496 3715 2551 nolo
3742 2496 3826 2551 alio

2270 2593 2428 2646 quem
2478 2580 2705 2636 filiorum
2754 2582 3084 2652 alienorum,
3130 2598 3354 2653 quorum
3385 2600 3446 2641 os
3492 2586 3724 2642 locutum
3759 2596 3826 2641 est

2272 2671 2589 2739 vanitatem,
2642 2681 2696 2727 et
2753 2674 2968 2730 dextera
3027 2690 3212 2731 eorum
3259 2676 3482 2733 dextera
3537 2678 3819 2749 iniquitatis

2274 2759 2443 2831 (Psal.
2483 2756 2673 2831 cum,
2716 2764 2772 2835 8)
2807 2784 2819 2818 :
2871 2767 2994 2835 quia
3041 2766 3133 2821 lilii
3183 2767 3341 2824 alieni
3384 2784 3603 2837 semper
3642 2770 3825 2825 mentiti

2269 2864 2394 2908 sunt
2432 2854 2591 2921 milii,
2631 2856 2722 2925 qui
2764 2858 3197 2912 inveteraverunt
3244 2866 3300 2913 et
3340 2857 3766 2914 claudicaverunt
3802 2875 3825 2912 ι

2268 2946 2471 3000 semitis
2514 2946 2624 3001 suis
2670 2947 2839 3018 (Psal.
2869 2964 2972 3002 xvu
2996 2989 3012 3014 ,
3043 2948 3158 3017 46).
3200 2949 3287 3003 Isti
3331 2950 3514 3004 dicunt
3546 2950 3678 3005 mihi
3707 2966 3823 3018 quu-

2269 3034 2433 3091 tidie:
2471 3035 2569 3091 Ubi
2594 3047 2668 3092 est
2699 3037 2834 3093 Deus
2873 3048 2988 3093 tuus
3023 3038 3190 3109 (Psal.
3221 3056 3311 3095 xu
3331 3082 3346 3107 ,
3377 3039 3472 3109 4)?
3500 3040 3631 3096 dum
3659 3040 3825 3109 afﬂigi-

2269 3136 2354 3182 tur
2375 3129 2601 3198 p0pulus
2627 3131 2863 3198 pretioso
2883 3129 3019 3199 Agni
3037 3130 3294 3199 sanguine
3313 3140 3678 3200 comparatus.
3704 3131 3825 3185 Inter

2264 3233 2491 3289 quorum
2539 3220 2826 3290 opprobria
2874 3235 2974 3291 ego
3017 3221 3083 3276 ad
3133 3221 3341 3291 ﬂagella
3388 3231 3613 3290 paratus
3660 3222 3822 3293 (Ρωι.
3912 3292 3916 3299 ,

591 3288 664 3341 ris
690 3288 1008 3382 vocabulum
1030 3289 1403 3359 possidentes?
1431 3292 1575 3359 Quos
1600 3296 2022 3367 quantiscunqne
2045 3313 2163 3352 tnu-
2189 3296 2235 3360 C
2268 3288 2480 3373 xxxvu,
2514 3288 2623 3378 18),
2657 3318 2874 3365 cantare
2901 3288 3005 3364 non
3036 3288 3236 3366 desisto
3266 3288 3490 3367 Domino
3518 3288 3825 3382 ﬂagellanti:

592 3378 812 3433 neribus
842 3379 1060 3446 foveris,
1098 3382 1522 3453 quantiscunqne
1549 3384 2158 3459 delinierisobsequiis?

589 3466 666 3522 illi
721 3468 861 3524 aliud
910 3471 1185 3537 nesciunt,
1239 3473 1342 3527 nisi
1390 3474 1629 3529 invidere
1677 3475 1705 3514 δ
1754 3479 2051 3535 Romanis:
2104 3489 2162 3536 et

588 3568 839 3630 quantum
867 3561 935 3616 ad
980 3578 1165 3618 eorum
1205 3565 1392 3621 attinet
1430 3568 1782 3637 voluntatem,
1817 3586 2031 3641 semper
2061 3589 2159 3629 cu-

590 3655 739 3723 piunt
772 3653 1110 3724 splendorem
1139 3665 1195 3712 et
1225 3672 1395 3728 genus
1421 3660 1646 3718 Romani
1676 3667 1909 3733 nominis
1933 3668 2159 3725 obnubi-

587 3743 719 3811 lare,
752 3760 853 3801 nec
883 3746 1049 3801 ullum
1081 3749 1443 3807 Romanorum
1491 3755 1708 3810 omnino
1746 3756 2053 3815 desiderant
2080 3763 2156 3816 vi-

588 3850 734 3891 vere.
768 3837 835 3892 Et
865 3838 951 3892 ubi
981 3839 1154 3897 adhuc
1195 3854 1487 3901 noscuntur
1524 3862 1743 3915 parcere
1772 3851 2056 3921 subjectis,
2091 3856 2157 3910 ad

587 3928 836 3983 utendum
881 3933 1113 3988 servitiis
1146 3933 1359 3990 illorum
1399 3949 1648 4007 parcunt;
1681 3957 1802 3996 nam
1845 3945 2045 4001 nullum
2077 3948 2157 4003 di-

584 4019 827 4076 lexerunt
864 4022 1153 4094 aliquando
1190 4025 1576 4085 Romanorum.
1605 4033 1660 4088 Si
1703 4035 1976 4104 disputare
2021 4043 2156 4096 nite-

583 4112 738 4167 batur
767 4115 1043 4172 nobiscum
1065 4118 1132 4174 de
1159 4119 1263 4176 fide
1291 4121 1513 4178 barbara
1547 4124 1819 4196 ferocitas,
1850 4142 1904 4185 et
1934 4131 2153 4191 haeresis

583 4204 779 4293 Ariana
810 4207 1197 4265 rationabiliter
1222 4212 1537 4281 disputaret.
1565 4217 1669 4272 Sed
1706 4221 1917 4288 quando
1951 4224 2042 4293 lat.
2077 4234 2155 4280 te-

582 4291 718 4362 nuit]
752 4303 895 4349 tenet
926 4299 1219 4364 rationem,
1248 4314 1367 4371 quae
1386 4319 1419 4359 a
1447 4305 1603 4361 Patre
1635 4309 1740 4363 Deo
1764 4310 1928 4365 Deum
1952 4291 2151 4371 Filium

580 4393 793 4452 separat
827 4384 1195 4443 Salvatorem?
1225 4391 1402 4457 Quare
1430 4395 1569 4450 dolis
1611 4407 1667 4452 et
1706 4398 1991 4457 calumniis
2025 4419 2153 4475 ege-

580 4482 728 4538 runt,
757 4485 811 4529 et
837 4476 979 4531 velut
1024 4480 1243 4547 spiritus
1274 4488 1627 4553 tempestatis,
1674 4491 1902 4558 procella
1942 4496 2024 4549 sui
2062 4495 2149 4550 fu-

579 4568 715 4623 roris
744 4578 911 4625 totum
940 4572 1253 4630 subvertere
1292 4578 1605 4634 voluerunt?
1629 4581 1686 4636 Si
1720 4582 2011 4653 disputatio
2044 4567 2148 4645 ne-

577 4662 807 4716 cessaria
847 4664 1017 4719 fuerat
1052 4668 1402 4738 episcopalis,
1434 4686 1601 4740 quare
1645 4678 1949 4747 suspendia,
1981 4697 2147 4752 quare
2172 4667 2228 4730 ³

576 4750 747 4822 ignes,
774 4769 939 4825 quare
974 4759 1183 4827 ungulae
1226 4760 1386 4815 simul
1427 4772 1481 4818 et
1516 4767 1745 4821 cruces?
1771 4768 1946 4836 Quare
1991 4750 2150 4831 Aria-

575 4859 765 4901 norum
810 4850 1116 4920 serpentina
1162 4853 1338 4920 proles
1380 4863 1565 4912 contra
1606 4859 1921 4922 innocentes
1950 4881 2146 4938 genera

644 5030 669 5059 ι
700 5020 978 5078 Lorichius
996 5023 1247 5091 ,"pararet
1267 5026 1419 5079 etiam
1448 5027 1584 5096 suis,
1611 5030 1707 5085 sibi
1732 5049 1929 5103 quoque
1948 5014 2159 5112 rapula

576 5108 733 5146 crum.

643 5161 670 5199 δ
703 5162 827 5244 Post
855 5164 1027 5247 varias
1051 5164 1765 5250 barhaOrorumli‘rruptione‘s,
1798 5191 1918 5234 cum
1947 5182 1999 5235 in
2032 5183 2143 5250 plc-

574 5232 753 5318 risque
767 5233 1008 5318 imperii,
1032 5236 1369 5318 potissimum
1405 5232 1788 5318 occidentalis,
1821 5232 2115 5316 provinciis
2126 5296 2140 5318 ,

573 5300 782 5384 barbari
812 5300 965 5359 simul
996 5300 1057 5359 et
1094 5307 1294 5384 antiqui
1326 5310 1533 5378 populi,
1569 5326 1702 5381 quos
1717 5300 1870 5375 ,ιιἸιῖιι

572 5371 1011 5449 subjugaverantJ
1045 5371 1292 5449 permiin
1323 5371 1538 5445 essent,
1571 5371 1684 5438 mos
1717 5371 2140 5449 invaluitvu’t’i—s‘ti

572 5441 815 5518 Romani,
841 5444 936 5518 alii
961 5441 1182 5500 Bari-ari
1209 5441 1629 5518 appellarentur,
1666 5458 1732 5509 ita
1766 5468 1821 5513 ut
1844 5441 2138 5517 nudabit:

514 5536 534 5546 ι
572 5511 966 5598 barivocabulo
996 5517 1086 5598 ulli
1116 5511 1442 5598 irrogt'retur
1472 5521 1686 5595 injuria,
1719 5511 2138 5598 quodecon—tra-

572 5583 652 5663 _rio
679 5582 881 5663 honori
914 5585 1177 5663 ducebant
1207 5582 1287 5663 ii,
1311 5592 1427 5663 qui
1465 5582 1751 5663 nu'nqua'm'
1772 5582 2138 5659 ’ntiniitib'rhin

567 5653 696 5743 jugn
714 5654 932 5743 fuerant
957 5656 1173 5743 subditi.
1207 5653 1359 5715 Unde
1388 5653 2143 5743 'l‘hepddricpﬁOs—trogo—tho;

570 5736 690 5811 rum
714 5726 767 5779 in
796 5726 944 5811 italia
972 5743 1083 5811 rex.
1116 5729 1259 5811 legens
1285 5747 1379 5800 pro
1406 5732 1652 5811 barbaris,
1686 5737 1738 5811 id
1758 5726 1844 5796 est
1871 5726 1987 5797 sua:
2002 5726 2142 5811 “ge—n-

572 5795 642 5878 tis
669 5795 1065 5878 li_utttittibus,_et
1089 5795 1192 5866 pro
1208 5795 1472 5878 Romanis,
1496 5795 1729 5875 antiquis
1755 5795 2142 5870 scilicetlt'a—lit:

572 5865 781 5931 incolis.
815 5868 950 5924 tulit.
988 5865 1141 5927 Plura
1171 5887 1231 5928 ea
1256 5873 1325 5930 de
1364 5890 1422 5931 re
1453 5865 1694 5948 exempla
1728 5865 2138 5951 vadentia}

2266 3402 2471 3456 Amove
2501 3416 2532 3455 a
2571 3415 2657 3457 me
2686 3402 2891 3473 ﬂagella
2930 3411 3019 3457 tua
3051 3401 3233 3476 (Psat.
3265 3419 3467 3459 xxxvnr
3490 3446 3504 3471 ,
3531 3407 3677 3476 11),
3716 3406 3823 3476 quia

2266 3507 2367 3562 ego
2413 3492 2614 3561 deieci,
2662 3508 2767 3548 non
2817 3508 2845 3547 a
2892 3494 3201 3550 fortitudine
3250 3510 3436 3551 manus
3490 3505 3635 3565 tum,
3676 3498 3766 3553 sed
3802 3513 3827 3551 a

2265 3585 2641 3654 persecutione
2669 3585 2891 3641 haeresis
2920 3585 3156 3641 Arianae.
3187 3585 3485 3642 Adveniant
3510 3588 3676 3659 igitur
3704 3603 3827 3643 nunc

2263 3690 2449 3731 omnes
2477 3677 2564 3747 qui
2595 3692 2804 3732 mecum
2832 3686 3070 3747 angusta:
3107 3677 3216 3749 48
3242 3678 3344 3734 via:
3374 3692 3604 3750 carpunt
3642 3682 3759 3748 iter,
3783 3688 3828 3734 et

2262 3778 2481 3837 propter
2526 3767 2684 3823 verba
2724 3768 2983 3825 labiorum
3030 3768 3126 3824 Dei
3167 3768 3477 3825 custodiunt
3523 3772 3641 3825 vias
3683 3771 3827 3825 duras

2262 3860 2432 3929 (Psal.
2454 3875 2561 3927 xvr,
2584 3859 2731 3931 4),et
2744 3861 2955 3915 videant
2972 3860 3017 3915 si
3035 3868 3117 3915 est
3136 3860 3311 3927 dolor,
3336 3861 3475 3916 sicut
3490 3862 3651 3917 dolor
3667 3878 3825 3918 meus.

2264 3952 2517 4018 Quoniam
2572 3952 2905 4006 vindemiatus
2961 3968 3075 4005 sum
3132 3952 3185 4005 in
3239 3951 3323 4005 die
3382 3953 3576 4023 furoris
3633 3952 3827 4007 Domini

2259 4044 2471 4115 (Tltren.
2502 4061 2553 4112 1,
2584 4043 2695 4115 i2),
2742 4053 3050 4113 aperuerunt
3088 4060 3238 4116 super
3265 4061 3346 4099 me
3371 4062 3428 4101 os
3471 4062 3627 4100 suum
3668 4063 3826 4102 omnes

2258 4136 2449 4191 inimici
2477 4138 2575 4190 mei
2594 4178 2608 4201 ,
2638 4136 2965 4191 sibilaverunt
2993 4144 3042 4190 et
3066 4140 3377 4206 fremuerunt
3401 4137 3673 4205 dentibus;
3697 4140 3827 4193 dixe-

2256 4238 2423 4282 runt:
2458 4227 2819 4280 Devorabimus
2861 4242 2991 4280 eam.
3026 4225 3105 4281 En
3150 4228 3249 4281 ista
3294 4238 3368 4281 est
3412 4228 3517 4283 dies
3547 4247 3705 4298 quam
3741 4247 3821 4283 ex—

2255 4318 2603 4389 spectabamus
2622 4333 2641 4372 :
2668 4319 2972 4385 invenimus,
2994 4318 3210 4374 vidimus
3237 4317 3452 4390 (Thren.
3475 4334 3531 4387 ιι,
3560 4321 3675 4391 16).
3694 4322 3823 4375 Adc-

2254 4419 2414 4475 stote,
2439 4412 2611 4480 angeli
2644 4411 2735 4466 Dei
2762 4412 2896 4479 mei,
2922 4412 3011 4483 qui
3038 4427 3311 4483 nunquam
3332 4412 3531 4469 deestis
3552 4417 3822 4470 constituti

2253 4502 2307 4557 in
2348 4502 2644 4557 ministerio
2685 4512 2884 4569 vestro,
2928 4513 3143 4573 propter
3186 4519 3280 4559 eos
3317 4506 3409 4574 qui
3450 4505 3818 4563 haereditatent

2252 4593 2521 4664 capessuri
2569 4602 2688 4647 sunt
2746 4602 2961 4649 aeternae
3009 4594 3195 4649 salutis
3243 4594 3441 4665 (Hebr.
3494 4612 3545 4663 ι,
3600 4599 3737 4669 14),
3774 4610 3821 4652 ct

2251 4689 2427 4745 videte
2455 4687 2687 4743 Africam
2716 4696 2913 4755 totam,
2943 4687 3138 4743 dudum
3170 4696 3434 4744 tantarum
3473 4690 3819 4746 ecclesiarum

2250 4784 2434 4838 cuneis
2478 4780 2695 4848 fultam,
2736 4795 2879 4835 nunc
2915 4779 2982 4834 ab
3016 4779 3263 4836 omnibus
3298 4780 3638 4847 desolatam;
3674 4783 3822 4836 tantis

2250 4874 2527 4932 ordinibus
2572 4869 2911 4928 sacerdotum
2939 4878 3211 4936 ornatam,
3245 4870 3402 4926 modo
3443 4872 3723 4928 sedentem
3754 4872 3825 4927 vi-
3876 4932 3879 4933 ν

2246 5044 2384 5115 apud
2411 5045 2737 5099 Hadrianum
2772 5041 3037 5115 Valesium
3066 5044 3203 5102 libro
3227 5064 3277 5103 vr
3308 5047 3505 5103 Rerum
3535 5050 3823 5107 Francica-

2247 5113 2365 5171 rum
2387 5116 2524 5190 circa
2546 5114 2810 5190 medium,
2841 5122 2894 5190 et
2915 5113 3023 5182 jam
3054 5116 3121 5172 de
3146 5118 3244 5173 hac
3268 5133 3328 5174 re
3366 5120 3561 5190 aliquid
3594 5123 3821 5178 diximus

2246 5201 2404 5255 supra
2435 5184 2573 5257 (Col.
2604 5186 2728 5257 199,
2761 5200 2815 5257 n.
2847 5183 2917 5254 οι).

2322 5267 2346 5296 ο
2381 5254 2473 5309 Hic
2506 5256 2602 5310 fuit
2629 5254 3026 5326 Tyrrhenorum
3056 5272 3146 5312 rex
3167 5299 3182 5324 ,
3221 5259 3290 5315 ob
3316 5274 3575 5315 summam
3611 5262 3665 5316 in
3698 5263 3823 5317 deos

2246 5338 2302 5382 et
2344 5327 2589 5381 homines
2637 5326 2957 5394 impietatem
3006 5327 3259 5383 famosus.
3304 5331 3435 5384 Cum
3465 5347 3594 5386 vero
3642 5350 3671 5384 τι
3717 5333 3824 5385 suis

2249 5399 2431 5461 pulsus
2460 5413 2488 5450 e
2516 5411 2678 5465 regno
2709 5394 2921 5457 fuisset.
2955 5397 3135 5452 Turno
3162 5400 3426 5456 adversus
3454 5400 3685 5457 Aineam
3719 5402 3825 5456 bel-

2248 5468 2354 5521 lum
2383 5467 2591 5535 gerenti
2614 5465 2837 5537 adltmsit
2857 5508 2871 5530 ,
2904 5469 2953 5520 in
2978 5483 3083 5537 quo
3106 5470 3173 5522 ab
3200 5472 3388 5525 eodem
3412 5470 3583 5526 [Enea
3616 5474 3718 5526 fuit
3738 5487 3825 5525 oc-

2246 5541 2416 5603 cisus,
2451 5544 2507 5590 ut
2535 5544 2717 5607 narrat
2744 5535 3274 5607 Virgilius—[Eneidos
3312 5542 3449 5597 libro
3493 5558 3547 5597 x.
3580 5543 3823 5597 Meminit

2246 5617 2300 5683 et
2329 5608 2530 5661 Plinius
2561 5605 2655 5661 lib.
2679 5620 2803 5683 xrv,_
2821 5605 2940 5677 cap.
2971 5610 3058 5674 ll,
3086 5610 3334 5683 Mezentii
3366 5613 3592 5683 Etruriae
3618 5614 3764 5683 regis
3793 5628 3821 5666 a

2247 5677 2487 5755 Varrone
2528 5678 2807 5755 memorati
2831 5717 2845 5741 ,
2877 5694 3033 5755 quem
3078 5681 3283 5755 Rutulis
3311 5682 3565 5755 adversus
3598 5677 3821 5755 Laiinos
3880 5714 3881 5717 η

2247 5748 2347 5803 sub
2370 5747 2476 5801 vini
2503 5746 2753 5802 mercede
2777 5746 3028 5805 auxilium
3058 5752 3244 5807 tulisse
3266 5754 3449 5808 refert.
3656 5746 3669 5755 ’
3882 5776 3897 5809 ι.

2320 5814 2345 5853 ⁶¹
2369 5818 2455 5895 Sic
2482 5816 2706 5895 Quum;
2735 5818 2844 5895 alii,
2867 5823 3077 5874 avaritia
3097 5823 3431 5895 crudelitatis.
3458 5824 3602 5880 Idem
3624 5824 3816 5895 Camp.
3884 5835 3897 5869 ί

2249 5901 2367 5943 cum
2400 5888 2667 5954 Loricltio,
2698 5906 2792 5957 pro
2820 5894 3120 5957 Itarpagaret
3149 5891 3306 5949 habet
3330 5895 3595 5956 arriperet.
