3988 6344
186 435 282 488 -ιπ
532 392 572 399 ”
686 396 721 405 ”
1139 430 1226 486 ns
1265 430 1781 490 PERSECUTIONE
1820 432 2204 491 VANDALICA
2246 437 2373 492 ue.
2420 437 2485 490 v.
3326 438 3431 495 ess

186 550 337 604 duam
366 554 419 601 et
459 543 743 615 abjectam.
776 550 803 581 ιι
830 542 1144 600 Sacerdotes
1187 545 1301 615 ejus
1339 557 1393 603 et
1432 548 1670 604 seniores
1701 548 1752 602 in
1780 550 1833 611 Α
1858 551 2118 606 cendente
2150 551 2202 605 in
2233 551 2384 606 vobis
2430 551 2674 621 Domino,
2709 560 2765 606 ut
2801 550 2924 622 equi
2964 551 3282 608 velocissimi
3312 569 3435 609 curo

186 639 406 697 desertis
448 637 578 691 locis
605 645 659 691 et
688 634 875 690 insulis
917 635 1226 692 defecerunt
1250 682 1265 707 ,
1306 639 1598 707 quaerendo
1649 640 1752 695 sibi
1855 640 2073 696 sitastis.
2096 641 2368 711 Praecipue
2387 650 2462 707 tu,
2480 642 2633 697 beate
2650 641 2824 710 Petre,
2846 657 3007 712 quare
3023 642 3151 698 siles
3171 654 3193 682 ο
3213 646 3431 713 proavi-

187 746 333 790 escas
356 730 423 786 ad
451 730 907 797 manducandum,
935 739 991 785 et
1019 745 1125 786 non
1153 731 1433 787 inveniunt
1463 732 1680 802 (Thren.
1714 749 1752 799 ι,

188 826 295 892 19).
329 822 676 878 Considerate
700 831 755 877 et
781 820 957 877 videte
986 822 1107 893 quia
1139 821 1268 879 Sion
1294 822 1484 878 civitas
1522 824 1617 879 Dei
1659 838 1758 878 no-

187 915 275 970 stri
307 914 446 968 facta
473 920 558 968 est
589 911 742 979 vilis,
772 913 905 966 facta
935 912 1085 982 quasi
1114 912 1313 981 polluta
1351 914 1638 969 menstruis
1667 914 1749 967 in-

187 1020 261 1064 ter
301 1007 549 1062 inimicos
585 1020 711 1061 suos
737 1005 951 1077 (Threu.
976 1020 1024 1070 I,
1062 1006 1159 1071 ll,
1196 1005 1306 1077 17).
1354 1006 1566 1062 Manum
1606 1020 1758 1061 suam

187 1099 326 1165 misit
358 1098 529 1152 hostis
557 1095 625 1152 ad
651 1097 827 1151 omnia
871 1095 1250 1151 desiderabilia
1290 1096 1427 1166 ejus,
1460 1096 1583 1166 quia
1627 1096 1762 1151 vidit
1794 1097 1807 1109 ‘

188 1200 366 1262 gentes
421 1189 709 1255 invadere,
752 1196 807 1244 et
851 1187 1055 1259 ingredi
1103 1188 1235 1244 atria
1279 1203 1407 1256 sua,
1442 1189 1520 1245 ‘de
1569 1189 1762 1259 quibus

189 1296 518 1352 ιιι-κωβῖτις
544 1296 611 1336 ne
648 1280 927 1336 introirent
967 1281 1248 1337 ecclesiam
1286 1289 1433 1337 tuam
1465 1280 1682 1352 (Thren.
1712 1296 1757 1346 ι,

193 1374 305 1444 10).
338 1374 455 1429 Viae
494 1373 610 1443 ejus
654 1373 865 1442 lugent,
899 1386 966 1428 eo
1010 1372 1155 1443 quod
1188 1387 1347 1429 nemo
1386 1372 1667 1428 conveniat
1709 1372 1761 1426 in

191 1465 271 1521 die
304 1464 465 1521 festo.
496 1464 757 1534 Egressus
789 1472 875 1518 est
910 1478 941 1518 a
982 1463 1119 1519 faeie
1159 1464 1275 1533 ejus
1304 1463 1482 1519 omnis
1510 1462 1673 1519 decor
1710 1471 1764 1518 et

193 1558 386 1614 delicia:
415 1556 636 1629 (Thren.
662 1574 708 1623 t,
730 1558 786 1623 4,
812 1557 868 1624 6)
893 1574 906 1611 :
942 1556 1245 1612 didicerunt
1272 1558 1387 1612 vias
1411 1571 1630 1626 asperas
1651 1570 1766 1609 am-

194 1650 370 1705 bulare
396 1649 636 1718 virgines
657 1647 794 1718 ejus,
822 1655 876 1701 et
899 1646 1121 1717 juvenes
1145 1647 1284 1717 ejus,
1315 1647 1370 1702 in
1398 1648 1533 1702 aulis
1556 1645 1766 1702 educati

196 1739 664 1805 monasteriorum,
689 1738 935 1794 abierunt
964 1740 1014 1793 in
1042 1740 1400 1809 captivitatem
1430 1739 1763 1806 Maurorum;

198 1833 312 1888 dum
336 1831 548 1901 lapides
571 1828 666 1903 [αι.
692 1829 882 1901 sancti]
908 1831 1196 1886 sanctuarii
1215 1831 1328 1899 ejus
1354 1831 1729 1901 disperguntur
1746 1874 1764 1901 ,

1858 732 1956 787 bus
1977 741 2031 788 et
2043 734 2192 803 agnis
2210 748 2239 787 a
2262 734 2530 787 communi
2550 748 2742 803 magno
2754 734 2978 789 Domino
2995 749 3182 805 magna
3200 735 3291 790 tibi
3306 750 3434 790 cau-

1858 823 1962 879 tela
1996 834 2049 878 et
2073 824 2430 879 sollicitudine
2460 825 2843 880 commendatis
2865 824 3042 896 (Joan.
3062 841 3175 890 nt,
3198 825 3436 896 ilicem)?

1857 912 1939 970 Τιι
1966 921 2149 968 sancte
2169 914 2328 969 Paule
2356 915 2592 984 gentium
2615 916 2887 986 magister,
2907 917 2999 986 qui
3022 916 3089 972 ab
3106 917 3435 973 Hierusalem

1859 1018 2026 1074 usque
2053 1004 2121 1059 ad
2152 1004 2418 1076 Illyricum
2452 1005 2746 1075 praedicasti
2776 1006 3120 1074 Evangelium
3149 1007 3433 1079 Dei(Rom.

1861 1113 1955 1163 xv,
1975 1097 2085 1167 l9),
2101 1112 2364 1169 cognosce
2381 1098 2505 1169 quid
2520 1098 2740 1153 Vandali
2761 1099 2961 1155 faciunt
2986 1108 3040 1153 et
3054 1098 3258 1165 Ariani,
3272 1112 3321 1155 et
3346 1099 3437 1154 lilii

1865 1190 1938 1243 tui
1969 1197 2188 1259 gemunt
2214 1189 2442 1260 lugendo
2469 1189 2686 1259 captivi.
2718 1186 2743 1227 ιι
2772 1189 2851 1244 Τιι
2891 1188 3034 1245 Petri
3082 1203 3353 1258 germane,
3384 1198 3438 1245 et

1863 1295 1967 1337 non
1999 1281 2052 1334 in
2083 1280 2332 1349 passione
2358 1280 2561 1349 dispar,
2599 1280 2836 1350 gloriose
2866 1280 3100 1345 Andrea,
3133 1280 3221 1350 qui
3266 1281 3436 1335 inter-

1863 1370 2093 1442 pretaris
2119 1370 2308 1437 virilis,
2339 1372 2589 1440 quoniam
2622 1371 2846 1427 viriliter
2879 1372 3096 1426 certasti
3116 1415 3131 1441 ,
3156 1371 3436 1427 considera

1865 1464 2117 1534 gemitum
2148 1463 2383 1518 Africani
2414 1462 2622 1533 populi,
2656 1472 2707 1517 et
2738 1478 2844 1519 non
2873 1463 3152 1533 displiceat
3184 1463 3307 1529 tibi,
3339 1463 3435 1519 sed

1867 1554 2125 1609 interveni
2164 1569 2260 1623 pro
2296 1554 2449 1609 nobis
2490 1554 2556 1608 ad
2592 1554 2779 1610 Deum.
2822 1553 3171 1624 Universique
3216 1555 3437 1624 ingemi-

1868 1647 2001 1703 scite
2037 1646 2206 1702 sancti
2235 1648 2393 1702 simul
2424 1662 2522 1718 pro
2552 1646 2706 1701 nobis
2738 1656 2762 1685 ο
2800 1647 3045 1716 apostoli.
3107 1646 3214 1703 Sed
3242 1648 3443 1703 scimus

1868 1737 1991 1808 quia
2037 1737 2310 1808 indignum
2352 1749 2435 1794 est
2464 1738 2611 1793 vobis
2656 1753 2753 1808 pro
2797 1740 2948 1795 nobis
2977 1753 3165 1803 orare;
3192 1739 3311 1809 quia
3345 1739 3442 1795 ista

1870 1844 1990 1901 quas
2010 1841 2302 1887 evenerunt
2333 1832 2506 1896 nobis,
2537 1847 2641 1886 non
2664 1830 2731 1886 ad
2761 1831 3152 1900 probationem,
3178 1831 3443 1900 quomodo

199 1940 297 1981 non
326 1932 538 1979 tantum
574 1924 626 1977 in
665 1922 924 1992 capitibus
955 1924 1190 1978 omnium
1221 1923 1514 1992 platearum
1547 1922 1758 1995 (Thren.
1793 1915 1842 1977 Β
1866 1925 2084 1990 sanctis,
2114 1925 2206 1979 sed
2238 1925 2391 1980 malis
2421 1923 2627 1979 meritis
2657 1924 2915 1993 supplicia
2942 1924 3297 1980 debebantur.
3332 1924 3436 1979 Sed

204 2032 265 2084 tv,
291 2017 364 2085 1),
392 2013 494 2070 sed
515 2012 675 2069 etiam
700 2012 754 2067 in
782 2013 914 2068 locis
934 2013 1193 2083 squalidis
1222 2014 1579 2071 metallorum.
1603 2015 1773 2071 Dicite

204 2109 307 2164 Deo
332 2116 525 2163 nostro
546 2106 839 2176 susceptori
857 2106 995 2176 ejus,
1014 2106 1269 2162 habentes
1293 2106 1538 2163 fiduciam
1564 2107 1773 2177 suppli-
1808 2112 1812 2117 '

205 2199 641 2269 eaudi,quoniam
667 2198 967 2265 tribulatur,
987 2207 1041 2254 et
1054 2206 1241 2255 venter
1266 2200 1405 2256 illius
1430 2202 1676 2257 turbatus
1691 2210 1775 2258 est

207 2306 235 2346 a
253 2291 371 2347 ﬂetu
406 2290 527 2360 ejus
546 2288 758 2362 (Thren.
794 2307 832 2356 ι,
858 2280 982 2363 20);
1015 2293 1139 2362 quia
1166 2292 1304 2348 sedit
1329 2294 1465 2349 inter
1488 2304 1693 2365 gentes,
1722 2303 1776 2352 et

209 2386 437 2454 requiem
452 2396 559 2435 non
572 2381 795 2449 invenit,
814 2397 912 2439 nec
923 2384 1105 2453 estqui
1118 2385 1423 2440 consoletur
1437 2386 1774 2457 eam(Thren.

210 2491 246 2541 ι,
266 2475 317 2539 2,
340 2473 419 2543 3).
455 2473 712 2540 Quaesivit
732 2488 763 2527 a
782 2473 809 2512 δ
830 2474 1072 2530 Patribus
1092 2475 1325 2531 Orientis
1354 2477 1442 2545 qui
1471 2476 1629 2532 simul
1647 2491 1777 2533 con-

211 2568 525 2631 tristaretur,
550 2574 604 2620 et
630 2579 735 2620 non
763 2564 1291 2633 fuit;consolantem,
1311 2575 1365 2622 et
1390 2581 1495 2622 non
1526 2568 1732 2623 invenit
1757 2583 1773 2623 :

211 2660 327 2713 dum
349 2658 699 2713 manducaret
713 2658 767 2713 iu
785 2672 903 2714 esca
926 2672 1021 2715 sua
1038 2657 1127 2728 fel,
1148 2666 1203 2714 et
1222 2659 1273 2713 in
1291 2658 1378 2715 siti
1393 2673 1488 2716 sua
1506 2669 1778 2730 poteretur

209 2760 351 2807 aceto
384 2752 505 2823 (Ps.
538 2767 683 2815 Lvm,
712 2752 806 2820 21,
841 2751 958 2823 22),
998 2754 1177 2822 sponsi
1204 2762 1259 2808 et
1291 2754 1502 2809 Domini
1544 2756 1627 2810 sui
1658 2770 1775 2825 pas.

213 2844 391 2898 siones
429 2843 705 2908 imitando,
740 2843 826 2912 qui
871 2843 1068 2899 ideirco
1109 2858 1298 2913 passus
1335 2853 1420 2902 est
1460 2859 1558 2916 pro
1587 2860 1679 2913 ea,
1722 2856 1779 2903 ut

213 2944 461 3004 sequatur
494 2936 707 3005 vestigia
736 2935 850 3004 ejus
881 2935 925 3005 (1
962 2935 1077 2990 Pet.
1110 2952 1169 3003 ιι,
1190 2936 1304 3006 21).

278 3024 391 3079 XX.
425 3026 615 3079 Auctor
642 3034 846 3081 sanctos
876 3027 1099 3081 invocat.
1130 3056 1201 3068 -—
1227 3028 1621 3098 Deprecamini,
1649 3045 1778 3086 san-

212 3116 419 3171 ctissimi
463 3117 804 3186 patriarchae,
841 3118 909 3172 de
950 3134 1174 3189 quorum
1212 3120 1378 3190 stirpe
1418 3122 1629 3192 generis
1656 3130 1779 3178 nata

214 3218 289 3264 est
320 3225 433 3279 qua:
463 3225 606 3265 nunc
647 3209 856 3265 laborat
903 3210 957 3265 in
992 3214 1171 3267 terris.
1208 3212 1393 3281 Orate,
1438 3214 1609 3269 sancti
1650 3229 1776 3285 pro-

216 3300 399 3368 phetae,
415 3310 805 3371 cognoscentes
825 3300 1073 3357 afﬂictam
1096 3318 1252 3373 quam
1275 3314 1429 3360 antea
1455 3305 1778 3362 vaticinante

214 3396 466 3462 praeconio
513 3395 807 3450 cecinistis.
840 3395 1057 3463 Estote,
1100 3398 1349 3465 apostoli,
1402 3398 1779 3467 suifragatores

216 3485 319 3554 ejus
346 3500 504 3556 quam
555 3494 613 3539 ut
640 3486 1018 3557 aggregaretis,
1064 3487 1375 3543 universum
1421 3488 1639 3557 orbem,
1691 3505 1778 3544 as-

273 3620 375 3691 89
395 3629 421 3656 ι
442 3620 538 3674 His
548 3619 727 3691 verbis
738 3619 953 3691 Victore
976 3619 1223 3691 piscopos
1242 3620 1679 3691 etipresbyteros,
1700 3621 1774 3676 uti

216 3689 427 3753 videtur,
457 3689 721 3760 designat.
745 3689 1049 3744 Sacerdotis
1072 3705 1264 3744 nomen
1291 3689 1620 3759 frequentius
1648 3692 1775 3747 olim

218 3760 467 3843 episcopis
494 3775 655 3843 quanm
684 3760 1011 3843 presbyteris
1036 3760 1388 3843 tribuebatur,
1416 3763 1675 3843 utvidere
1696 3770 1779 3843 est

222 3827 267 3883 in
294 3827 562 3885 Glossario
582 3827 875 3899 Cangiano',
904 3840 952 3883 et
981 3830 1176 3899 passim
1197 3832 1335 3899 apud
1367 3841 1612 3885 auctores
1641 3833 1778 3885 anti-

220 3914 357 3967 quos.
384 3900 480 3957 Sic
507 3911 692 3955 auctor
718 3899 854 3954 Vitae
880 3900 1050 3954 sancti
1078 3899 1341 3969 Fulgentii
1367 3910 1607 3957 sanctum
1634 3901 1775 3956 hunc

217 3970 369 4024 virum
398 3988 431 4023 ει
460 3970 663 4024 Fau'sto
692 3972 947 4039 episcOpo
971 3969 1343 4039 presbyterum
1374 3971 1538 4026 fuisse
1562 3972 1778 4025 ordina-

216 4046 317 4094 tum
346 4040 433 4094 his
456 4040 636 4095 verbis
661 4041 911 4110 exprimit
946 4057 960 4094 :
1005 4040 1228 4108 Repente
1253 4057 1367 4094 eum
1392 4042 1628 4094 sacerdos
1658 4058 1778 4095 con-

217 4121 360 4181 secret
381 4111 752 4181 presbyterum.
780 4110 999 4181 Tamen,
1018 4119 1086 4181 et
1112 4110 1325 4179 quidem
1354 4111 1481 4178 ipsis
1514 4111 1781 4179 prioribus

217 4180 465 4249 Ecclesiae
494 4181 737 4247 saeculis,
768 4180 1059 4235 sacerdotis
1086 4194 1279 4235 nomen
1324 4181 1648 4249 presbyteris
1681 4182 1776 4235 tri-

216 4248 379 4305 butum
409 4262 501 4306 est
538 4252 591 4305 in
631 4250 840 4321 Africa,
868 4260 928 4305 ut
952 4250 1134 4321 videre
1164 4260 1247 4306 est
1274 4248 1412 4319 apud
1456 4248 1777 4321 Cyprianum

215 4322 421 4387 epistola
459 4321 548 4385 67,
577 4320 710 4374 alias
735 4321 824 4375 68.
870 4322 981 4375 lmo
1010 4320 1234 4389 Optatos
1273 4321 1363 4375 lib.
1396 4336 1413 4374 t
1441 4320 1695 4375 diaconos
1727 4321 1782 4375 in

216 4392 342 4444 tertio
383 4392 675 4444 sacerdotio
718 4392 1013 4445 constitutos
1055 4391 1225 4446 dicit:
1264 4392 1542 4461 episcOpos
1584 4393 1779 4461 primo,

214 4462 546 4532 presbyteros
586 4463 832 4532 secundo
889 4461 1157 4532 sacerdotii
1218 4462 1381 4532 gradu
1434 4462 1780 4516 concludens.

217 4528 337 4594 Quin
362 4528 414 4585 et
450 4531 598 4624 apud
631 4530 1094 4624 Afrosiuprimates
1123 4528 1672 4613 saepiusvocabantur
1698 4548 1778 4586 se-
1807 4550 1861 4624 ὑ

218 4615 313 4664 nes,
338 4602 480 4670 quod
512 4615 711 4656 nomen
754 4601 873 4654 aliis
908 4603 1069 4655 etiam
1103 4602 1369 4671 episcopis
1398 4616 1778 4671 nonnunquam

218 4672 539 4736 tribuebant,
572 4679 634 4724 ut
659 4671 909 4725 observat
946 4671 1176 4739 Cangius
1202 4672 1256 4724 in
1288 4670 1576 4726 Glossario.
1609 4670 1779 4726 Caete-

218 4752 322 4794 rum
346 4741 460 4797 hac
489 4742 657 4797 verba
688 4750 743 4795 et
783 4742 1054 4810 sequentia
1095 4741 1207 4795 fere
1250 4742 1425 4796 omnia
1466 4758 1528 4797 ex
1556 4741 1781 4797 Threnis

219 4824 303 4865 seu
339 4811 836 4868 Lamentationilms
872 4812 1122 4866 Jeremiae
1169 4824 1377 4868 summa
1419 4821 1566 4866 Sunt.

184 4940 187 4941 ν
278 4879 306 4918 δ
334 4880 487 4937 Colb.
519 4884 544 4935 1
589 4890 645 4936 et
672 4880 855 4947 Mart.,
898 4881 1146 4947 partibus.
1188 4882 1251 4935 Et
1290 4879 1532 4937 fortassis
1570 4881 1780 4936 melius.

220 4950 337 5005 Nam
361 4992 377 5018 ,
419 4962 475 5005 ut
519 4952 660 5013 infra
699 4951 940 5005 dicemus
969 4954 1020 5005 in
1050 4952 1448 5006 Commentario
1494 4952 1780 5017 historico,

222 5022 404 5091 sapius
430 5022 808 5091 imperatores,
840 5022 1174 5090 potissimum
1204 5022 1457 5090 Orientis,
1493 5022 1722 5076 Africam
1754 5036 1785 5075 e

222 5089 561 5146 barbarorum
592 5089 1073 5159 manibus’eripere
1099 5092 1274 5147 conati
1298 5101 1453 5158 sunt;
1483 5092 1577 5147 sed
1608 5095 1785 5145 incas-

220 5172 329 5232 sum
360 5176 532 5232 usque
570 5161 638 5216 ad
665 5160 950 5232 Iustiniani
967 5170 1237 5231 tempora.
1287 5162 1569 5217 Africanos
1607 5171 1783 5216 autem

220 5230 584 5315 abepiscopis
623 5230 983 5289 Orientalibus
1014 5230 1269 5287 auxilium
1300 5233 1611 5303 poposcisse
1656 5246 1787 5286 nus-

222 5314 367 5367 quam
400 5302 649 5372 legimus.
1310 5302 1315 5303 “

292 5381 313 5409 ε
342 5371 457 5426 Non
488 5376 684 5443 quippe
709 5373 886 5443 populi
917 5372 1121 5440 solum,
1146 5372 1241 5429 sed
1276 5381 1329 5429 et
1358 5372 1486 5442 ipsa:
1525 5386 1684 5440 oves,
1734 5370 1789 5426 id

224 5448 298 5495 est
319 5442 638 5512 populerum
671 5442 913 5512 pastores
946 5444 1085 5498 beati
1129 5442 1270 5498 Petri
1302 5458 1443 5499 curae
1490 5444 1791 5497 commissae

224 5521 357 5581 sunt.
407 5511 723 5568 Ambrosius
763 5513 854 5569 lib.
901 5529 933 5567 ι
970 5516 1023 5568 in
1052 5514 1280 5581 Lucam,
1331 5528 1476 5567 num.
1526 5511 1647 5575 176,
1680 5522 1791 5566 tres

226 5578 456 5636 ﬁdelium
486 5584 700 5639 ordines
728 5582 889 5638 Petro
909 5578 1307 5639 commendatos
1349 5583 1513 5637 fuisse
1544 5589 1787 5649 testatur,

225 5652 393 5723 primo
422 5652 636 5722 quidem
666 5669 823 5723 agnos
846 5694 864 5721 ,
904 5654 1133 5709 secunda
1170 5655 1285 5708 vice
1305 5694 1321 5717 ,
1352 5652 1605 5715 oviculas,
1636 5655 1791 5723 tertio

226 5718 456 5793 denique
478 5739 613 5777 oves.
637 5718 788 5779 unde
816 5718 1105 5793 conjiciunt
1123 5724 1359 5779 nonnulli
1388 5723 1439 5776 in
1458 5730 1603 5777 textu
1629 5722 1794 5778 Joan-

228 5791 304 5869 nis
350 5806 622 5869 proyoce
644 5791 1091 5869 meamque
1116 5794 1369 5869 _§ecundo
1399 5793 1517 5869 loco
1569 5794 1791 5869 legitur,

228 5858 348 5915 olim
370 5861 626 5928 scriptum
646 5858 810 5921 fuisse
832 5858 1088 5933 πτιᾷβσίτα.
1116 5862 1241 5929 Htec
1262 5871 1438 5918 tamen
1464 5858 1792 5920 lectio'nullo

1724 5989 1755 6000 οη

1876 2023 1929 2069 et
1956 2029 2053 2085 pro
2082 2015 2235 2070 malis
2263 2025 2411 2070 orate
2440 2017 2546 2084 jam
2584 2014 2726 2081 ﬁliis,
2752 2016 2874 2084 quia
2903 2024 2957 2071 et
2993 2014 3237 2069 Christus
3274 2016 3444 2071 oravit

1876 2106 2037 2161 etiam
2067 2120 2165 2175 pro
2196 2106 2423 2160 inimicis
2448 2105 2645 2160 ludatis
2667 2104 2818 2175 (Luc.
2845 2120 2973 2159 xxnt
2991 2146 3006 2172 ,
3032 2104 3146 2173 54).
3172 2104 3445 2161 Sufficiunt

1876 2197 2210 2267 castigationi
2241 2212 2359 2266 qua:
2388 2199 2527 2263 juste
2553 2196 2694 2250 illata
2732 2204 2856 2251 sunt
2892 2196 3064 2263 nobis,
3098 2208 3152 2250 et
3176 2198 3284 2265 jam
3310 2198 3445 2265 jam-

1876 2304 1980 2359 que
2005 2288 2432 2357 delinquentibus
2460 2288 2611 2342 venia
2642 2287 2969 2357 postuletur;
3001 2288 3312 2357 dicaturque
3341 2290 3447 2343 An-

1875 2380 1993 2450 gelo
2035 2380 2347 2450 percutienti
2375 2396 2389 2431 :
2423 2377 2659 2443 Sufﬁcit,
2689 2379 2796 2448 jam
2826 2364 3016 2435 cohibe
3045 2393 3257 2434 manum
3301 2389 3444 2436 luant

1879 2469 1929 2540 (Ι
1953 2468 2381 2541 Paral.xxt,j15).
2412 2469 2541 2537 Quis
2570 2469 2777 2539 ignorat
2805 2470 2920 2525 haec
2950 2470 3103 2525 nobis
3134 2471 3447 2541 probrorum

1878 2575 2181 2624 nostrorum
2216 2569 2417 2624 scelera
2448 2583 2783 2638 procurasse,
2812 2569 3180 2625 aberrantibus
3218 2586 3247 2625 a
3296 2587 3448 2626 man-

1878 2660 2016 2715 datis
2044 2660 2173 2726 Dei,
2201 2669 2255 2716 et
2282 2660 2335 2715 in
2369 2660 2486 2730 lege
2512 2660 2628 2730 ejus
2649 2660 2950 2717 nolentibus
2976 2662 3249 2717 ambulare
3276 2661 3446 2735 (Psal.

1879 2765 2082 2815 Lxxvn,
2120 2751 2245 2820 l0)?
2285 2750 2391 2806 Sed
2439 2752 2687 2821 prostrati
2734 2767 3008 2822 rogamus,
3050 2762 3106 2807 ut
3145 2769 3250 2809 non
3297 2770 3449 2823 sper-

1880 2842 2018 2897 natis
2060 2851 2267 2898 vestros
2312 2842 2538 2897 miseros
2585 2843 2605 2879 τ
2642 2850 2982 2911 peccatores,
3038 2856 3132 2911 per
3180 2857 3301 2899 eum
3358 2844 3448 2912 qui

1878 2950 1975 2992 vos
2020 2935 2086 2990 ad
2126 2934 2479 3005 apostolicum
2533 2933 2641 3005 49
2684 2934 2895 2991 culmen
2939 2935 3185 3004 provexit
3225 2934 3449 2991 humiles

1881 3028 2193 3097 piscatores.

1953 3118 2094 3173 XXI.
2128 3118 2319 3174 Tenuit
2345 3118 2788 3174 sceleratissimus
2811 3118 3107 3175 Hunericus
3127 3119 3449 3177 dominatio-

1883 3226 2005 3267 nem
2031 3211 2178 3282 regni
2220 3210 2371 3266 annis
2399 3218 2633 3280 septem,
2668 3210 2940 3266 mensibus
2970 3212 3182 3277 decem,
3229 3214 3451 3269 merito-

1883 3319 1998 3361 rum
2028 3318 2243 3359 suorum
2276 3313 2302 3351 ε
2333 3310 2558 3357 mortem
2603 3317 3000 3359 consummans.
3058 3305 3189 3360 Nam
3220 3309 3453 3375 putrefa—

1882 3404 1998 3450 ctus
2032 3403 2086 3451 et
2123 3393 2385 3449 ebulliens
2418 3394 2708 3462 vermibus,
2756 3409 2860 3449 non
2899 3410 3111 3465 corpus,
3152 3398 3245 3452 sed
3279 3407 3453 3467 partes

1882 3487 2124 3558 corporis
2168 3486 2286 3556 ejus
2336 3485 2581 3542 videntur
2625 3501 2744 3542 esse
2799 3480 3039 3557 sepultae.
3094 3485 3118 3524 δ
3174 3489 3321 3546 Sicut
3365 3492 3454 3547 ille

1881 3620 2064 3676 codice
2108 3634 2207 3674 ms.
2241 3619 2448 3687 nititur,
2478 3620 2668 3674 saltem
2697 3621 2910 3690 cognito
2932 3661 2947 3684 ,
2981 3629 3038 3676 ut
3072 3631 3215 3690 patet
3241 3632 3348 3678 tum
3377 3639 3447 3680 ex

1885 3692 2118 3749 editione
2140 3690 2325 3759 Regia,
2353 3698 2461 3743 tutn
2494 3704 2559 3745 ex
2579 3690 2893 3745 Oroniensi.
2914 3693 3172 3747 Caeterum
3201 3704 3306 3749 tres
3332 3694 3453 3750 illos

1882 3762 2074 3835 gradus
2102 3762 2522 3835 interpretantur
2540 3761 2802 3835 nonnulli,
2830 3762 3086 3835 populos,
3116 3765 3456 3835 presbyteros

1882 3828 1934 3886 et
1963 3832 2262 3899 episcopos.
2284 3828 2582 3895 ldeoenim,
2614 3843 2666 3883 ιιι
2685 3833 2753 3884 ait
2771 3828 2965 3885 ibidem
2980 3828 3292 3890 Ambrosius
3306 3851 3453 3889 num.

1883 3903 2007 3966 175,
2033 3901 2151 3969 quia
2175 3900 2311 3953 solus
2337 3900 2600 3969 proﬁtetur
2621 3917 2682 3954 ex
2702 3900 2951 3966 omnibus,
2982 3901 3193 3967 Petrus,
3227 3908 3456 3959 omnibus

1882 3975 2181 4042 antefertur.
2227 3969 2300 4042 De
2334 3984 2461 4042 cura
2498 3973 2735 4042 omnium
2765 3972 2920 4042 beato
2950 3970 3107 4042 Petro
3144 3977 3451 4042 commissa,

1889 4038 2038 4111 plura
2058 4039 2213 4097 habet
2230 4038 2529 4111 Bernardus
2543 4039 2633 4111 lib.
2650 4054 2685 4092 ιι
2707 4039 2771 4111 de
2784 4038 3245 4106 Consideratione,
3261 4058 3377 4111 cap.
3398 4038 3451 4098 8.

1959 4108 1983 4146 ἀ
2011 4110 2135 4164 Ηωε
2165 4108 2322 4162 verba
2355 4124 2519 4177 usque
2545 4110 2607 4163 ad
2645 4110 2990 4177 universique,
3018 4110 3207 4167 desunt
3236 4112 3289 4166 in
3323 4108 3451 4166 inss.

1885 4179 2035 4235 Colb.
2070 4180 2119 4243 1,
2151 4180 2329 4245 blart.,
2363 4176 2505 4243 Ful.,
2529 4178 2735 4243 Gcrm.,
2764 4179 2894 4233 etin
2917 4179 3075 4235 editis
3105 4181 3251 4247 Sur.,
3279 4183 3454 4245 Bald.,

1889 4250 2064 4319 Dign.,
2114 4248 2289 4319 0rth.,
2340 4259 2393 4303 et
2418 4248 2618 4319 Bellor.
2663 4248 2862 4319 Tamen
2892 4264 3014 4319 erga
3061 4261 3299 4306 sanctum
3348 4253 3457 4307 An-

1884 4318 2065 4373 dream
2113 4318 2364 4387 singulari
2411 4318 2693 4374 devotione
2723 4318 3142 4375 allectos’fuisse
3181 4322 3457 4379 Africanos

1886 4390 2289 4461 colligi‘potest
2340 4403 2408 4443 ex
2460 4390 2630 4444 veteri
2678 4388 2979 4461 calendario
3025 4390 3456 4461 Carthaginiensis

1889 4459 2164 4532 Ecclesiae,
2194 4458 2245 4512 in
2277 4473 2382 4527 quo
2410 4474 2473 4513 ex
2489 4459 2757 4532 apostolis
2786 4463 2931 4532 solus
2960 4462 3192 4532 Andreas
3206 4458 3243 4528 ,“
3263 4465 3351 4532 qui
3384 4460 3459 4517 ibi
3526 4472 3527 4475 ‘

1886 4530 2148 4599 apostolus
2179 4538 2225 4583 et
2254 4540 2444 4600 martyr
2471 4529 2680 4595 dicitur,
2711 4544 2829 4583 cum
2858 4529 3077 4599 Iacobo,
3104 4529 3296 4600 praeter
3318 4532 3455 4588 forte

1886 4598 2245 4669 apostolorum
2279 4598 2565 4668 principes,
2597 4600 2919 4654 celebratur.
3066 4598 3071 4599 ν
3108 4598 3115 4600 ἡ
3462 4607 3469 4645 ἰ

1960 4680 1981 4707 ε
2010 4671 2121 4725 Huc
2162 4668 2498 4723 referendum
2529 4670 2669 4738 quod
2700 4670 2767 4724 de
2793 4669 2933 4724 Afris
2977 4669 3133 4725 habet
3174 4671 3457 4729 Salvianus

1884 4740 1939 4794 in
1970 4740 2120 4795 libris
2145 4740 2213 4793 de
2244 4738 2640 4794 Gubernatione
2673 4739 2785 4804 Dei,
2817 4742 3148 4808 potissimum
3179 4743 3270 4796 lib.
3311 4758 3383 4797 vn
3405 4752 3460 4799 et

1886 4825 1999 4881 vni,
2034 4811 2119 4863 ubi
2144 4824 2326 4863 eorum
2356 4809 2831 4881 depravatissimos
2852 4824 3033 4865 mores
3048 4851 3061 4875 ,
3082 4826 3143 4866 ac
3165 4810 3459 4881 praesertim

1890 4880 2152 4933 luxuriam
2174 4919 2186 4942 ,
2238 4879 2661 4947 spectaculorum
2690 4879 3017 4945 aviditatem,
3046 4879 3317 4935 hominum
3352 4883 3461 4937 Deo

1889 4962 2217 5023 sacratorum
2248 4956 2609 5023 contemptum
2632 4950 2857 5023 aliaque
2898 4952 2947 5004 id
2975 4965 3141 5021 genus
3165 4953 3313 5018 vitia,
3335 4952 3459 5023 qui-

1889 5020 1987 5074 bus
2018 5020 2088 5073 illi
2120 5021 2171 5073 in
2216 5033 2349 5091 sese
2381 5019 2527 5091 ipsos
2557 5018 2647 5091 Dei
2677 5018 3411 5077 vin‘dictam‘commoveruht
3442 5064 3459 5091 ,

1889 5092 2101 5165 egregie
2128 5089 2378 5165 describit
2408 5103 2471 5143 ac
2501 5088 2761 5159 deplorat.
2857 5159 2891 5165 _
3057 5158 3087 5165 _
3127 5162 3160 5165 _
3289 5162 3313 5165 Α
3444 5088 3471 5165 ⁷,

1968 5161 1987 5197 ί
2025 5158 2326 5232 Lege_ndum
2357 5158 2823 5232 forje_precatores.
2857 5159 3025 5216 Porro
3049 5158 3199 5218 Colb.
3228 5179 3264 5225 ι,
3288 5158 3471 5232 Ροιιηῖ

1890 5229 2120 5296 Germ,
2146 5229 2286 5301 Fnl.,
2341 5239 2394 5285 et
2419 5229 2598 5301 Chifil.
2632 5230 2847 5295 habent,
2878 5242 3168 5301 peccatores
3189 5274 3203 5299 ,
3243 5244 3298 5289 ut
3318 5229 3465 5289 illuni

1891 5316 1985 5371 pro
2006 5301 2149 5355 nobis
2173 5300 2434 5371 deprecari
2456 5299 2737 5369 dignemini
2764 5315 2848 5363 QUI
2876 5299 2990 5366 vos,
3012 5311 3117 5358 etc.
3470 5312 3473 5317 ’

1966 5380 1989 5417 ι
2020 5371 2145 5425 Lor.
2206 5370 2361 5424 habet
2416 5381 2574 5423 morte
2620 5379 3018 5426 consummatus.
3074 5373 3140 5427 Et
3188 5374 3321 5429 infra
3367 5372 3465 5429 soli

1893 5440 2106 5514 Comp.,
2146 5440 2408 5514 0rth.,e_t
2437 5440 2713 5514 Lorichius
2744 5440 2940 5496 habent
2968 5447 3305 5514 putrefactus.
3354 5443 3466 5497 Ca-

1895 5510 1991 5565 teri
2021 5526 2151 5565 mss.
2179 5519 2232 5565 et
2260 5509 2411 5577 editi,
2446 5511 2803 5579 putrefactum.

1968 5579 1995 5617 h
2028 5581 2177 5635 Hunc
2209 5580 2380 5634 locum
2407 5582 2484 5634 sic
2504 5596 2605 5651 ope
2633 5580 2855 5636 Orthod.
2886 5591 2942 5637 et
2961 5582 3193 5639 Lorichii
3230 5580 3466 5637 restitui-

1896 5665 2031 5706 mus.
2071 5654 2123 5704 In
2173 5654 2385 5723 caeteris
2407 5650 2582 5706 nullus
2621 5666 2814 5707 sensus
2854 5663 3091 5722 apparet.
3125 5652 3470 5723 Singulorum

1898 5731 2071 5776 tamen
2102 5720 2345 5776 codicum
2374 5721 2631 5776 lectiones
2655 5720 3039 5789 repraesentare
3064 5720 3293 5786 libet,'ut
3320 5720 3469 5790 quisé

1897 5807 1999 5859 que
2026 5806 2088 5847 ea
2118 5791 2184 5846 de
2212 5805 2271 5846 re
2300 5792 2463 5859 possit
2484 5792 2743 5859 judicium
2774 5792 2935 5857 ferre,
2968 5802 3029 5845 ut
3055 5792 3157 5846 sibi
3186 5790 3468 5856 placuerit,

1898 5863 2006 5931 90
2032 5861 2304 5919 Editiones
2327 5860 2804 5925 Rhenani,Chiftl.,
2831 5861 2952 5917 Sor.
3009 5861 3190 5933 Bisn.,
3218 5869 3272 5917 et
3295 5859 3470 5942 [3ιι1ι1Ἰ
