3988 6344
200 395 282 450 261
1248 385 1485 445 PASSIO
1521 379 1773 444 LIBERA

1883 381 1971 442 ET
2003 385 2370 446 SOCIORUM.
3329 387 3433 447 262

201 506 454 580 Passionis
474 517 680 580 aucmr,
712 520 870 560 nemo
893 512 1096 580 tamen,
1125 513 1180 580 ut
1201 506 1414 575 quidem
1457 505 1733 580 existimo,
1763 506 1989 580 inliciari
2045 515 2241 580 potest,
2277 515 2342 580 et
2382 507 2536 580 istam
2574 503 2641 563 ab
2683 507 3085 580 antiquissimo,
3130 518 3183 564 et
3220 505 3431 580 quidem

202 578 408 703 IVicgN'i,
447 577 494 632 si
730 591 836 632 non
863 576 952 643 sit,
980 575 1171 646 aequali
1196 586 1416 634 auctore
1454 578 1778 648 descriptam
1809 578 2001 634 fuisse:
2027 575 2170 650 quod
2210 579 2292 633 vel
2320 589 2386 634 ex
2412 578 2578 649 ipsius
2609 575 2835 635 lectione
2868 580 3042 650 quivis
3068 575 3438 651 facile'dcpre-

214 665 286 703 ten
326 663 418 703 ere
447 661 515 703 no
628 686 641 699 .

200 653 418 706 ltendere
447 655 641 718 potest.

253 719 304 772 4.
330 717 565 787 Tempus
593 733 701 787 quo
727 717 895 772 sancti
925 726 1187 786 martyres
1210 717 1288 772 illi
1310 719 1550 774 coronati
1576 719 1813 787 fuerunt,
1845 718 1975 774 satis
2006 718 2207 774 indicat
2234 719 2503 775 Passionis
2530 731 2714 776 auctor
2739 737 2858 777 cum
2890 735 2982 776 eos
3021 735 3162 775 anno
3185 721 3437 776 lluneriei

200 789 327 860 regis
349 763 580 860 septimo
595 763 853 860 inartyrii
883 763 1110 860 palmam
1140 763 1905 858 adeptos
1933 763 2076 844 enim
2106 763 2415 860 Honor-icit;
2436 763 2578 844 anno

201 857 325 931 pléto
355 857 469 931 fere
493 867 681 931 octavo
707 857 855 931 regni
885 858 966 931 sui
995 873 1155 931 anno,
1186 857 1328 914 mers
1355 874 1540 914 eorum
1571 873 1711 914 anno
1740 859 2088 931 praecedenti,
2122 857 2326 915 scilicet
2346 859 2473 923 485,
2495 863 2852 930 consignanda
2875 870 2975 915 est.
2997 861 3110 928 Quo
3142 871 3316 915 antetn
3349 863 3436 916 die

199 927 498 1000 martyrium
530 929 601 1000 illi
628 927 1151 1000 compleverintﬁz
1181 944 1285 983 non
1309 931 1440 1000 satis
1470 931 1610 1000 inter
1637 943 1694 984 se
1735 927 2066 1000 conveniunt
2092 939 2361 987 auctores.
2416 932 2563 984 Actis
2595 927 2786 998 nempe
2832 931 2875 984 si
2914 927 3226 994 credamus,
3281 940 3440 986 sexto

198 995 354 1056 nonas
373 997 522 1070 Julii,
553 997 604 1052 id
629 995 971 1070 estsecuttda
998 995 1235 1070 ejusdem
1257 997 1457 1070 mensis
1486 999 1593 1063 die.
1625 999 1772 1070 passi
1796 995 2013 1070 fuerunt
2041 1017 2056 1067 ;
2086 1011 2272 1056 eorum
2322 1015 2451 1056 vero
2484 995 2799 1056 memoriam
2843 1002 3217 1070 martyrologia
3249 1015 3439 1056 recen-

200 1075 316 1125 tiora
335 1068 502 1141 simul
531 1077 588 1141 _et
611 1067 830 1141 antiqua
853 1067 938 1141 die
972 1069 1034 1122 l7
1061 1069 1281 1138 Augusti
1305 1065 1596 1141 celebrant.
1626 1065 1731 1126 Sed
1761 1065 2353 1126 Ρθεείοιιίςουοιοτίιθε
2381 1071 2590 1124 videtur
2643 1065 3429 1141 pra'ferenda'martvrologiis,

201 1157 299 1210 quae
327 1139 577 1211 fortassis
605 1137 852 1211 festivum
887 1138 1082 1211 horum
1113 1137 1409 1211 martyrum
1439 1139 1579 1196 diem
1610 1150 1971 1208 mutaverunt,
2002 1142 2070 1196 ob
2093 1141 2326 1211 aliquam
2349 1156 2537 1196 eorum
2559 1137 2829 1197 sacrarum
2858 1137 3196 1209 reliquiarum
3216 1137 3439 1198 transla-

203 1207 418 1290 tiotierln,
440 1209 581 1279 quod
610 1209 742 1290 alias
769 1210 964 1290 saepius
984 1207 1228 1290 contigit.

262 1282 326 1336 5.‘
346 1277 590 1346 Quonam
620 1279 829 1353 tandem
852 1277 905 1333 iu
937 1279 1076 1353 loco,
1098 1277 1190 1353 aut
1217 1280 1536 1350 apprehensi
1560 1277 1778 1348 fuerint,
1797 1287 1891 1336 aut
1912 1287 2137 1336 mortem
2169 1277 2449 1353 subierint,
2483 1291 2588 1335 non
2613 1291 2694 1336 est
2721 1294 2856 1353 opus
2883 1289 2942 1335 ut
2965 1279 3052 1335 hic
3073 1281 3438 1353 fusiusinqui-

200 1365 533 1422 ratuus._cum
563 1364 628 1422 ex
660 1351 770 1422 ipsa
801 1363 985 1422 eorum
1009 1348 1268 1422 Passieno
1291 1348 1501 1422 constet
1526 1365 1619 1406 eos
1649 1367 1678 1408 e
1707 1353 2036 1422 monasterio
2093 1351 2347 1422 territorii
2387 1351 2674 1421 Capsensis
2721 1348 2786 1422 ἰῐὶί
2829 1353 3122 1422 Byzacena,
3165 1351 3254 1422 ubi
3281 1348 3438 1408 vitam

200 1420 535 1490 monasticam
566 1418 850 1490 ducebant,
878 1417 1251 1490 Carthaginem
1284 1421 1539 1477 adductos
1567 1423 1754 1487 fuisse,
1798 1421 1980 1490 ibique
2038 1421 2292 1490 martyrio
2334 1417 2641 1476 coronatos.
2687 1421 2792 1478 Sed
2843 1417 3123 1476 occasione
3171 1418 3440 1488 Capseusis

201 1492 438 1558 civitatis,
467 1489 520 1544 in
549 1489 698 1559 cujus
717 1489 908 1545 vicinia
939 1504 1034 1545 eos
1055 1501 1415 1546 commoratus
1447 1491 1608 1546 fuisse
1641 1501 1820 1546 narrat
1852 1489 2123 1546 Passionis
2152 1489 2358 1556 auctor,
2393 1491 2519 1546 mihi
2552 1495 2600 1545 in
2629 1506 2860 1547 mentem
2893 1494 3036 1546 venit
3075 1501 3166 1545 eos
3199 1491 3442 1545 fortassis

204 1565 332 1630 ipsos
361 1567 628 1632 martyres
653 1574 787 1632 esse
825 1560 915 1632 qui
948 1560 1006 1632 in,
1031 1559 1394 1632 vetustissimo
1418 1561 1727 1618 calendario
1758 1559 2012 1632 Africano
2041 1561 2274 1632 Capitoni
2306 1572 2553 1632 martyres
2592 1563 2955 1618 celebrantur.
2997 1559 3152 1616 Certe
3188 1562 3443 1616 eruditis-

204 1625 355 1687 simus
381 1633 468 1684 vir
485 1625 718 1702 Ioannes
739 1625 1098 1702 Mabillonius,
1131 1627 1219 1699 qui
1249 1648 1279 1686 e
1311 1647 1410 1686 ms.
1451 1633 1636 1686 codice
1663 1625 2196 1702 calendariumist'ud
2229 1634 2388 1702 eruit,
2419 1625 2472 1702 e't
2519 1634 2718 1701 primus
2774 1633 2963 1697 edidit,
3020 1633 3318 1702 suspicatur
3348 1647 3444 1700 pro

203 1703 555 1773 Capitanorttm
585 1700 864 1773 legendum
891 1715 1011 1773 esse
1038 1695 1466 1773 Capsitanorum;
1497 1705 1854 1773 observatque
1885 1704 1935 1756 in
1968 1701 2189 1773 epistola
2219 1703 2286 1756 63
2306 1695 2584 1773 Cypriani,
2617 1703 2702 1756 ubi
2733 1702 2860 1757 editi
2893 1695 3087 1756 habent
3117 1695 3441 1773 Capsensém,

201 1769 582 1844 manuscriptos
601 1769 814 1844 codices
837 1770 1089 1844 habuisse
1112 1769 1410 1841 Ctipensem.
1445 1774 1509 1844 Et
1533 1771 1750 1842 quidem
1768 1769 1969 1844 'mirutn
2001 1769 2272 1844 videretur
2295 1769 2403 1844 hos
2419 1783 2634 1828 sanctos
2667 1785 2949 1843 martyres,
2984 1786 3118 1844 quos
3148 1769 3280 1826 adeo
3307 1771 3444 1840 apud

201 1839 563 1914 Carthaginem
594 1841 834 1914 celebres
860 1841 1024 1914 fuisse
1053 1839 1255 1914 certum
1282 1853 1385 1914 est,
1419 1839 1620 1914 nullum
1649 1845 1697 1897 in
1721 1843 2025 1914 calendario
2053 1839 2167 1914 illo,
2210 1843 2351 1912 quod
2375 1844 2513 1897 circa
2555 1855 2739 1898 eorum
2773 1839 3016 1914 martyrii
3067 1852 3277 1911 tempus
3317 1839 3444 1896 eon-

206 1907 463 1968 cinnattim
495 1911 658 1982 fuisse
684 1911 873 1980 probat
899 1912 1039 1982 idem
1067 1911 1146 1965 vir
1173 1911 1434 1982 eruditus,
1488 1913 1662 1967 locum
1723 1907 1996 1968 habuisse.
2053 1907 2178 1966 liaac
2216 1907 2390 1967 tamen
2435 1914 2643 1967 nonnisi
2697 1907 3047 1982 conjectando
3096 1907 3436 1981 proferimus,

201 1983 322 2054 quod
348 1981 686 2054 nempealia:
713 1982 976 2054 itelusint
997 1981 1238 2054 civitates
1265 1981 1458 2054 Africae
1485 1984 1677 2053 quibus
1699 1999 1850 2054 aeque
1879 1983 2246 2054 Capitanorum
2277 1998 2470 2054 nomen
2499 1983 2714 2054 attribui
2752 1981 2934 2054 pessit.
2962 1981 3224 2054 Habemus
3255 1985 3447 2052 quippe

201 2049 243 2107 in
270 2051 464 2123 Notitia
485 2049 741 2123 Africana
772 2049 1003 2123 F_elicem
1032 2053 1340 2123 episcopum
1372 2049 1715 2122 Carpitanum
1741 2049 1805 2107 c'x
1838 2051 2224 2123 proconsulari,
2275 2061 2332 2106 ttt
2380 2053 2509 2106 nihil
2557 2053 2728 2106 dicam
2752 2049 2838 2109 'de
2884 2051 3059 2106 Primo
3089 2049 3447 2123 Εαργειὶδὶξὸξ(

202 2122 525 2177 Mauritania.
549 2121 686 2189 Quin
715 2131 769 2175 et
795 2119 1018 2193 Tacape,
1042 2117 1383 2193 Tripolitanae
1415 2117 1699 2193 provincia:
1725 2117 1854 2176 nota
1881 2117 2088 2187 civitas,
2123 2124 2172 2176 in
2205 2123 2365 2176 variis
2396 2123 2666 2176 Ptolemaei
2709 2123 3034 2177 etlilionibus
3084 2133 3136 2176 et
3165 2117 3448 2178 'codicibus

205 2193 586 2262 manuscriptis,
619 2199 844 2261 excepto
872 2207 976 2245 uno
1001 2191 1308 2264 Palmstino,
1335 2191 1531 2264 dicitur
1551 2191 1705 2264 Cape.
1738 2193 1956 2264 Accedit
1984 2193 2128 2262 quod
2158 2203 2421 2264 martyres
2469 2195 2632 2264 nostri
2665 2194 2751 2247 die
2799 2193 2832 2244 2
2857 2193 2979 2264 Julii
3029 2194 3165 2258 passi
3209 2194 3274 2264 in»
3313 2195 3448 2247 actis

205 2261 473 2326 dicuntur,
493 2279 720 2333 quorum
750 2274 925 2315 tamen
958 2263 1290 2333 memoriam,
1324 2261 1396 2317 uti
1428 2261 1682 2333 diximus,
1716 2261 1933 2333 vulgata
1957 2261 2329 2333 tn’artyrologia
2358 2263 2444 2317 die
2473 2261 2535 2315 l7
2564 2261 2784 2332 Augusti
2825 2261 3082 2317 recolunt.
3131 2267 3200 2318 At
3240 2262 3447 2332 Capitu-

203 2350 361 2388 uorum
393 2333 501 2403 53
515 2331 783 2403 festivitas
809 2341 998 2387 neutro
1027 2349 1093 2387 ex
1112 2331 1207 2403 .bis
1237 2331 1325 2403 die
1345 2331 1514 2403 sed...
1548 2335 1661 2387 idus
1689 2331 1966 2387 novembris
1988 2332 2330 2403 consignatur
2355 2334 2404 2386 itt
2434 2331 2741 2387 calendario
2770 2334 3017 2387 Africano

260 2406 306 2458 6.
329 2401 597 2458 CaEte—rum
629 2401 764 2473 hanc
791 2413 1081 2473 martyrum
1111 2401 1388 2473 Passionis
1412 2404 1770 2458 narratiOnem
1790 2404 1923 2457 tanti
1953 2403 2077 2457 fecit
2107 2402 2407 2470 Lorichius,
2442 2409 2499 2456 ut
2527 2418 2642 2458 eam
2672 2403 2898 2458 Victoris
2932 2403 3176 2458 Ilistmte
3207 2404 3446 2473 prtemit-

202 2475 395 2527 tendam
419 2489 543 2528 esse
569 2471 806 2536 duxerit,
837 2471 1078 2541 quamvis
1108 2472 1160 2526 in
1193 2475 1376 2542 codice
1407 2489 1512 2542 quo
1545 2489 1668 2527 usus
1711 2473 1882 2528 fuerat
1935 2475 2283 2528 constitueret
2323 2483 2566 2541 quartum
2615 2473 2854 2542 ejusdem
2907 2472 3157 2526 Historiae
3211 2471 3444 2536 librum;

201 2545 323 2609 quod
348 2561 412 2599 se
442 2543 636 2598 fecisse
664 2551 885 2597 testatur
909 2543 979 2597 ob
1004 2542 1133 2597 duas
1158 2541 1494 2666 putissimum
1523 2545 1776 2612 rationes,
1817 2545 1987 2612 primo
2035 2557 2226 2611 nempe
2253 2547 2394 2612 quod
2445 2541 2654 2597 eorum
2682 2549 2976 2666 martyrum
3026 2543 3227 2597 mentio
3271 2543 3363 2596 litt
3394 2547 3445 2596 in

204 2613 412 2666 Victoris
457 2613 706 2666 Historia.
741 2623 815 2666 ut.
861 2628 982 2666 cum
1013 2614 1112 2666 huc
1179 2624 1325 2666 ector
1354 2615 1675 2666 pervenerit-
1733 2614 1835 2666 iam
1867 2615 1933 2666 sit
1977 2613 2042 2666 de
2082 2627 2268 2666 eorum
2311 2614 2556 2666 aloriosis
2613 2624 2813 2666 cet-tant
2843 2615 2996 2666 nihus
3033 2615 3342 2666 instructus.
3382 2613 3445 2666 Et

204 2613 412 2669 Victoris
457 2613 706 2678 Historia,
741 2623 815 2680 ut,
861 2628 982 2667 cum
1013 2614 1112 2668 hoc
1159 2613 1325 2668 lector
1353 2615 1676 2682 pervenerit,
1727 2614 1835 2680 jam
1867 2615 1933 2667 sit
1977 2613 2042 2666 de
2082 2627 2268 2666 eorum
2311 2614 2556 2681 gloriosis
2613 2624 2813 2668 certant

2858 2615 2996 2667 tibus
3033 2615 3342 2668 instructus.
3382 2613 3447 2666 Et

204 2684 517 2766 ημίιιοιιιρέι
537 2683 695 2766 veluti
726 2681 899 2738 brevis
925 2692 979 2737 et
1005 2685 1284 2766 perspicua
1315 2681 1670 2766 stevitizequa
1705 2682 2077 2766 inratholicos
2103 2698 2354 2766 exarsere
2379 2682 2557 2766 Ariani
2593 2685 2875 2766 expositio,
2905 2686 3043 2766 unde
3072 2684 3236 2766 magis
3277 2684 3448 2751 placet

202 2753 349 2808 altera
377 2754 497 2823 ejus
530 2757 684 2818 ratio,
718 2769 820 2823 qua
850 2769 910 2808 se
936 2769 1052 2808 eam
1088 2753 1336 2808 llistorim
1376 2753 1699 2824 prmmisisse
1722 2755 1870 2824 dicit,
1908 2765 1956 2804 ut
1984 2755 2058 2824 cel
2087 2754 2239 2805 unica
2270 2755 2395 2806 tecta
2419 2754 2626 2824 pagina,
2656 2755 2827 2807 statim
2860 2755 3075 2824 accipiat
3122 2754 3290 2808 lector
3333 2770 3448 2820 spec

203 2825 347 2877 rimeu
373 2826 674 2878 constantia:
694 2841 794 2894 qua
815 2826 971 2894 [artes
999 2824 1186 2879 Christi
1211 2823 1454 2894 ntartyres
1481 2829 1530 2879 in
1553 2823 1766 2877 historia
1786 2823 2006 2892 sequenti
2027 2836 2238 2877 mortem
2259 2835 2488 2894 oppetere
2509 2825 2798 2878 naaluerunt
2821 2823 3232 2894 quantaChristo
3254 2825 3442 2877 revelli.

205 2895 320 2947 Eam

357 2910 514 2963 porro
538 2894 601 2948 ad
635 2891 852 2948 totidem
875 2895 1088 2949 codices
1123 2891 1512 2950 manuscriptos
1533 2904 1586 2950 et
1612 2895 1789 2950 editos
1815 2891 2160 2957 centulimns,
2205 2891 2336 2963 quot
2379 2895 2665 2948 Historiam
2709 2891 2970 2958 Victoris,
3013 2911 3105 2948 eos
3160 2910 3350 2961 nempe
3395 2893 3446 2947 in

206 2965 380 3028 quibus
416 2964 636 3019 Victoris
677 2964 905 3018 Historia
935 2965 1136 3033 integra
1173 2963 1564 3033 centinebatur,
1623 2968 2014 3033 manuscriptos
2040 2964 2244 3018 scilicet
2267 2963 2602 3018 Colhertiuos
2626 2969 2732 3018 tres
2759 2971 2810 3018 et
2844 2976 3005 3018 unum
3025 2965 3204 3019 Sancti
3239 2964 3445 3017 Martini

205 3099 322 3157 nihil

205 3047 227 3084 I
256 3033 371 3086 Cant
414 3034 478 3098 is,
514 3045 709 3102 praeter
737 3032 1140 3089 carthusianutn
1174 3032 1473 3090 Portarum.
1505 3037 1580 3090 De
1610 3035 1692 3088 his
1718 3032 1906 3090 autent
1928 3045 1981 3088 et
2013 3037 2240 3088 vetustis
2281 3035 2438 3088 editis
2472 3034 2799 3103 superﬂuum
2830 3035 2966 3090 foret
2996 3036 3080 3088 hic
3124 3048 3302 3104 agere,
3329 3051 3449 3091 Clllll

205 3099 322 3157 nihil
358 3050 644 3158 dicendum
671 3109 918 3158 occurrat
944 3113 1138 3158 praeter
1162 3121 1226 3158 ea
1257 3121 1374 3158 una:
1403 3105 1454 3158 in
1487 3105 1799 3158 nrmfatione
1819 3105 1885 3158 ad
1921 3103 2188 3158 Victorem
2217 3105 2639 3158 observavimus.

391 3104 644 3160 icendum
671 3109 918 3160 occurrat
944 3113 1138 3174 prwtet‘
1162 3121 1226 3160 ea
1257 3121 1374 3175 qua:
1403 3105 1454 3161 in
1487 3105 1799 3176 prmfatioue
1819 3105 1885 3160 ad
1921 3103 2188 3158 Victorem
2217 3105 2639 3158 observavimus.

3120 3212 3436 3236 ﬂ

757 3281 866 3353 56
918 3277 1310 3364 PASSIO
1383 3283 1916 3365 LIBERATI
1979 3284 2127 3363 ET
2204 3281 2845 3366 SOCIORUM.

1177 3417 1277 3479 (Ad
1297 3418 1494 3469 codices
1515 3430 1631 3468 mss.
1659 3424 1712 3468 et
1733 3421 1935 3468 veteres
1967 3416 2208 3468 editiones
2229 3415 2446 3480 collata.)

261 3581 298 3636 1.
323 3579 719 3654 Ρταξάἰωιιιτιιε
745 3579 1042 3652 triumphos
1077 3583 1363 3654 Martyrum
1397 3585 1772 3648 beatorum,ad

205 3651 482 3726 enarranda
511 3665 631 3722 qua:
655 3661 806 3726 gesta
824 3651 949 3707 sunt
971 3651 1229 3726 auxilium
1246 3669 1478 3726 exposco
1506 3657 1768 3726 divinum,

204 3725 350 3792 utqui
377 3722 489 3778 illis
517 3722 766 3793 praestitit
794 3723 1081 3792 Superaudi
1111 3722 1386 3779 victoriam
1411 3767 1424 3790 ,
1458 3725 1586 3782 mihi
1632 3722 1774 3782 indié

206 3791 296 3859 gno
322 3800 374 3848 et
415 3791 694 3867 immerito
726 3791 1187 3867 quantulacunque
1221 3797 1504 3867 verborum
1541 3799 1774 3867 porrigat

205 3872 531 3935 ornamenta.
556 3859 706 3935 Tunc
725 3859 930 3935 etenim
961 3859 1145 3918 valebo
1167 3879 1284 3935 quae
1315 3859 1617 3922 desiderata
1650 3859 1772 3923 sunt

205 3931 448 4014 indicare,
483 3933 535 3987 si
572 3932 678 4002 ipsi
707 3933 992 4002 dignentur
1033 3949 1129 4004 pro
1177 3931 1261 3989 me
1311 3937 1507 3992 misero
1551 3939 1774 3992 Domino

206 4004 658 4146 ωῆίῗιδξῖξέσαιὶο
672 4072 840 4146 gravis
866 4075 919 4146 in
943 4073 1135 4146 Africa.
1155 4101 1226 4115 --
1250 4075 1521 4145 Septimus
1546 4089 1775 4146 namque

203 4143 444 4216 agebatur
482 4143 1058 4199 annus'crudelissimi
1103 4151 1263 4214 atque
1306 4143 1602 4215 iiupiissimi
1635 4143 1774 4216 regis

246 4212 466 4288 unerici,
499 4220 559 4288 et
595 4225 735 4288 ecce
758 4215 1005 4288 antiquus
1030 4212 1218 4288 hostis,
1249 4212 1565 4272 veternosus
1592 4212 1773 4288 utiq'ne

201 4285 395 4370 gignis,
447 4282 555 4370 [αξ.
585 4281 813 4370 trisulci]
838 4281 1064 4370 trisulcae
1089 4281 1281 4370 linguae
1299 4300 1508 4370 venena
1533 4281 1773 4356 vibrans,

203 4352 364 4421 Gyrila
380 4352 623 4428 quodam
639 4352 1084 4428 Ariomanitarum
1105 4352 1361 4428 episcopo
1385 4359 1626 4414 ministro
1647 4352 1778 4414 usus

202 4431 270 4497 est
293 4439 305 4487 ;
332 4427 663 4497 su‘bvertens
683 4431 738 4478 et
768 4424 1012 4480 obtinens
1032 4424 1265 4481 animum
1290 4424 1432 4495 regis
1457 4431 1686 4497 cruenti,
1714 4437 1775 4484 ut

203 4493 264 4569 ita
281 4493 542 4569 suaderet
565 4507 673 4548 non
699 4507 999 4569 possecum
1030 4505 1272 4569 pacatum
1294 4493 1451 4569 atque
1478 4493 1774 4569 longaevum

204 4561 434 4635 obtinere
466 4561 738 4632 regnum,
764 4565 866 4618 nisi
896 4561 1088 4620 nomen
1119 4561 1378 4635 perderet
1404 4561 1770 4624 innocéntum.

201 4631 292 4713 Qui
319 4644 507 4690 tamen
543 4631 638 4688 Dei
660 4635 862 4704 judicio
890 4646 1009 4704 post
1054 4631 1160 4690 no'n
1211 4641 1403 4713 multus
1433 4638 1548 4694 dies
1579 4641 1775 4713 turpis-

200 4709 320 4774 sima
364 4715 551 4759 morte
593 4713 895 4772 praeventus
923 4714 1134 4761 scatens
1160 4709 1430 4762 vt-rtnibus
1461 4709 1774 4774 exspiravit.

201 4770 444 4844 insectari
491 4770 663 4844 erepit
711 4788 805 4830 ore
857 4783 1079 4831 cruento
1129 4791 1339 4832 omnem
1392 4770 1778 4834 catholicorum

199 4843 622 4909 multitudinem,
648 4858 768 4914 quae
785 4857 878 4914 per
908 4853 1072 4900 totam
1102 4848 1429 4915 provinciam
1448 4850 1775 4915 Africanam,

203 4915 494 4989 iu‘modum
530 4915 693 4989 (sigut
737 4915 1056 4989 praedictum
1075 4927 1155 4989 est
1190 4919 1419 4972 Abrahte
1463 4923 1778 4989 patriarcha:

1797 3593 1850 3655 Α
1881 3588 2070 3644 edict‘s
2105 3597 2210 3639 uno
2253 3594 2492 3653 tempore
2537 3593 2695 3639 totam
2748 3587 2910 3655 cmpit
2959 3588 3188 3643 Africam
3211 3605 3452 3644 conmm-

1883 3673 2026 3713 verc.
2079 3657 2257 3730 Primo
2301 3655 2640 3730 sacerdotum
2673 3666 2726 3711 et
2762 3661 3121 3730 ministrorum
3149 3661 3454 3730 ευρίυδῆεδὶη

1877 3743 2018 3782 mam
2037 3736 2092 3782 et
2114 3729 2397 3781 maximam
2421 3727 2641 3798 turbam
2661 3768 2675 3790 ,
2705 3725 2830 3798 etin
2864 3729 3175 3798 longinquas
3197 3725 3251 3784 ut
3278 3741 3454 3785 extre-

1879 3813 1992 3852 mas
2045 3798 2288 3863 regiones
2320 3796 2510 3849 exsilio
2536 3798 2737 3850 crudeli
2789 3796 3034 3851 detrusit.
3063 3796 3284 3866 'Quihus
3317 3802 3340 3837 ι»
3374 3803 3453 3856 his

1877 3880 2090 3922 acutum
2128 3881 2294 3933 genus
2325 3866 2616 3929 frumenti,
2658 3869 2794 3935 quod
2847 3869 3091 3933 tumentis
3133 3871 3261 3923 solis
3294 3871 3452 3925 edere

1877 3951 2187 3992 (oncessum
2232 3947 2333 4000 est,
2379 3946 2710 4004 nequaquam
2747 3937 3004 3990 industria
3042 3939 3225 3993 molari
3256 3943 3454 3992 contri-

1881 4019 2013 4072 tum,
2046 4009 2136 4061 sed
2160 4012 2409 4061 manente
2426 4004 2648 4076 fartoris
2670 4007 2867 4060 cortice
2889 4006 3188 4070 loricatum,
3228 4023 3321 4076 pro
3350 4011 3453 4062 mi-

1882 4078 2149 4132 seratione
2178 4077 2288 4130 dari
2323 4077 2590 4144 prrecepit.
2625 4075 2753 4129 Post
2781 4090 2910 4130 vero
2933 4117 2946 4139 ,
2967 4075 3241 4130 crescente
3268 4077 3455 4145 impie-

1881 4148 2004 4218 tatis
2033 4147 2255 4208 lnsauia,
2281 4148 2440 4200 etiam
2467 4149 2566 4200 hoc
2589 4145 2784 4199 auferri
2801 4145 3202 4218 crudelissimus
3227 4149 3454 4218 impera-

1879 4217 1977 4271 vit.
2006 4217 2130 4271 Post
2153 4219 2416 4271 modicum
2441 4229 2654 4285 quoque
2684 4218 2936 4284 temporis
2956 4257 2970 4282 ,
2994 4217 3270 4273 universas
3291 4217 3450 4273 simul

1881 4289 2154 4352 ecclesias,
2183 4286 2944 4357 prmjudieatisvenerabilibus
2967 4289 3153 4356 portis,
3181 4291 3455 4344 cmtuentis

1879 4357 2186 4430 ingentibus
2229 4357 2402 4411 claudi
2442 4357 2732 4430 mandavit.
2782 4357 3038 4413 Universa
3081 4373 3311 4430 namque
3341 4375 3458 4414 mo-

1882 4427 2375 4500 na’steriaivirorum
2394 4427 2478 4481 vel
2509 4428 2799 4500 puellarum
2824 4437 3123 4500 sanctarum
3139 4427 3451 4500 gentilibus,

1884 4500 1933 4570 id
1965 4505 2048 4553 est
2071 4499 2310 4570 ,_Mauris
2336 4532 2351 4564 ,
2381 4512 2500 4551 cum
2540 4497 2930 4570 habitatoribus
2959 4497 3451 4570 donaﬁfpraecepit.

1882 4569 2030 4625 Unus
2081 4568 2177 4623 fuit
2213 4571 2461 4623 omnibus
2503 4567 2732 4636 ejulatus
2757 4607 2772 4635 ,
2805 4583 2939 4623 unus
2984 4584 3078 4636 pro
3102 4567 3314 4624 Christo
3344 4567 3459 4625 tuo-

1884 4639 2054 4694 ricndi
2087 4639 2296 4708 integer
2316 4648 2367 4693 et
2390 4639 2576 4706 plenus
2597 4639 2838 4694 aﬂ‘ectus.
2874 4639 3026 4693 Paria
3053 4641 3336 4694 currebant
3364 4640 3457 4694 llu-

1882 4709 2026 4763 mina
2058 4708 2581 4778 lacrymarum;quia
2607 4719 2630 4747 ο
2651 4710 2968 4778 permiserat
3000 4710 3259 4765 Dominus
3291 4711 3458 4766 cibari

1881 4793 1974 4834 eos
2006 4794 2140 4847 pane
2169 4779 2522 4852 lacry_tuarnni
2547 4819 2576 4852 ,Α
2591 4788 2645 4834 et
2694 4779 2863 4848 potari
2907 4791 3001 4852 eo_s_
3041 4782 3094 4852 in
3123 4781 3371 4852 lacrymis
3403 4782 3455 4834 in

1887 4863 2158 4920 mensura,
2186 4858 2278 4903 aut
2303 4850 2520 4920 forsitan
2537 4850 2650 4920 sine
2665 4864 2932 4920 mensura.
2964 4850 3031 4904 Et
3057 4851 3100 4904 si
3127 4850 3338 4920 reperta
3371 4858 3455 4904 est

1885 4923 2068 4974 exiens
2082 4918 2285 4974 dearca
2308 4919 2516 4989 inhians
2535 4919 2884 4974 cadaveribus
2900 4920 3120 4975 mortuis
3135 4918 3258 4988 pars
3282 4919 3458 4989 aliqua

204 4966 351 5052 (an;
377 4966 498 5060 xiiii
526 4966 666 5060 ξξίῆ
680 4966 698 5055 )
719 4966 1288 5060 {respiramen
1305 4966 1780 5058 attinuisset};
1811 4966 1859 5026 Β
1889 4966 3256 5060 statuamussatietati,"maestitiam;
3281 4966 3459 5044 ista“.

202 5067 308 5131 eam
338 5055 786 5131 rebaptizationis
804 5055 1374 5131 sauciaretmachres-a,
1403 5055 1566 5131 atque
1585 5061 1776 5116 stolam

203 5121 337 5202 illam
382 5121 682 5202 singularis
717 5133 772 5179 et
808 5126 923 5202 puri
954 5127 1314 5202 baptismatis,
1339 5121 1496 5202 quani
1533 5130 1776 5185 Christus

203 5196 322 5268 vino
359 5196 572 5268 carnis
590 5207 704 5249 sure
741 5196 1026 5264 purificaus
1049 5240 1064 5266 ,
1099 5198 1247 5268 prelo
1272 5196 1576 5268 exprimens
1601 5203 1777 5256 crucis

201 5261 394 5338 fecerat
423 5261 760 5338 dealbatam,
805 5274 960 5322 terrae
1002 5261 1292 5338 nigredinis
1335 5261 1570 5337 turparet
1597 5269 1777 5325 illuvie

201 5334 534 5407 semiplenis.
559 5332 838 5404 Accipiens
868 5332 1368 5407 quoquétyrannus.
1393 5332 1453 5392 u't
1480 5348 1595 5394 erat
1621 5347 1646 5376 ει
1676 5340 1778 5393 du-

200 5402 362 5460 cibilis
382 5415 442 5461 et
463 5408 620 5462 ferus
641 5444 658 5474 ,
689 5402 1045 5475 Serpentinant
1077 5402 1490 5478 aggestionein,
1520 5409 1775 5466 feralibus

265 5551 290 5579 ι
327 5541 572 5598 Codices
607 5543 643 5596 2
679 5541 852 5609 Colb.,
885 5545 1112 5599 docibilis
1137 5579 1154 5613 ,
1198 5545 1388 5613 quibus
1436 5545 1614 5600 favent
1658 5543 1786 5600 editi

199 5611 758 5683 Crtltudoxographiaa
797 5623 851 5668 et
885 5611 1155 5680 Lorichll,
1193 5611 1282 5670 ubi
1310 5655 1325 5682 ,
1367 5616 1565 5670 docilis.
1603 5615 1785 5671 Codex

199 5681 490 5757 Bonarum
503 5681 674 5757 habet
693 5683 939 5737 not-ibitis.
965 5685 1126 5739 Paulo
1148 5681 1387 5753 inferius,
1406 5701 1506 5741 uno
1527 5695 1783 5757 tenipore:

199 5754 397 5824 aliquot
420 5754 568 5824 editi
595 5753 790 5807 habent
815 5769 909 5823 pro
926 5762 1172 5824 tempore.

265 5823 290 5860 δ
331 5823 489 5879 Colb.
528 5823 586 5889 l,
614 5822 875 5878 biaacmin.
920 5822 989 5880 Et
1013 5822 1148 5880 intra
1179 5839 1274 5895 pro
1303 5825 1422 5881 solis
1450 5824 1665 5896 quidam
1693 5823 1788 5881 ha-

1887 5075 2015 5114 nore
2030 5059 2306 5113 Trinitatis
2334 5072 2585 5113 numerus
2603 5059 2832 5113 felicium
2857 5060 3241 5114 columbarum.
3259 5060 3454 5126 Quanti

1885 5131 2090 5185 nobiles
2115 5137 2170 5184 et
2196 5128 2385 5199 optimi
2413 5130 2546 5195 viri,
2578 5130 2736 5198 atnpli
2766 5139 2819 5184 ct
2849 5131 2940 5183 lati
2966 5130 3183 5199 cespitis
3211 5126 3237 5166 ά
3283 5131 3460 5185 donti-

1886 5202 1988 5254 nici
2017 5211 2212 5254 terram
2243 5213 2363 5255 cum
2387 5200 2526 5254 cmlo
2555 5207 3044 5262 commutaverunt,
3070 5207 3128 5254 et
3155 5201 3310 5255 simul
3340 5215 3458 5254 cor-

1886 5285 1983 5340 pus
2033 5283 2154 5340 cum
2185 5269 2478 5325 substantia
2532 5269 2889 5335 tradiderunt;
2941 5282 3098 5340 atque
3131 5271 3373 5326 delicata:
3407 5279 3461 5325 et

1885 5339 2228 5396 nobilissimas
2282 5341 2530 5404 feminas,
2573 5348 2760 5394 contra
2807 5339 3178 5397 verecundiam
3231 5350 3454 5405 uaturm,

1887 5418 2160 5480 spectante
2217 5410 2374 5480 vulgo
2425 5410 2588 5480 virgis
2629 5423 2812 5474 cazsze,
2870 5411 3138 5482 variisque
3181 5409 3460 5466 tormentis

1892 5546 2017 5602 bent
2043 5544 2226 5598 solum.
3407 5545 3412 5551 '

1965 5625 1988 5686 εξ
2025 5615 2245 5686 ροηδε
2269 5629 2388 5671 cum
2417 5615 2691 5672 Orthodox
2712 5656 2724 5670 .
2754 5623 2810 5671 et
2833 5615 3112 5681 Lorichio,
3144 5615 3454 5686 promiserat.

1894 5682 1987 5807 Dd
2027 5685 2115 5767 Cic
2145 5684 2449 5744 Rhenanus.
2500 5687 2639 5753 Alii,
2685 5687 2909 5742 Domini.
2939 5687 3088 5742 Colb.
3141 5682 3201 5751 l,
3249 5688 3458 5753 οιιδνὲιει

1944 5771 2116 5810 omtm.
