  <div class='ocr_page' id='page_1' title='image "/cluster/home/n/w/nwhite01/storage/ocr_20150623/58/hvd.32044073505240/142.png"; bbox 0 0 3988 6344; ppageno 0'>
   <div class='ocr_carea' id='block_1_1' title="bbox 234 288 2333 350">
    <p class='ocr_par' dir='ltr' id='par_1_1' title="bbox 234 288 2333 350">
     <span class='ocr_line' id='line_1_1' title="bbox 234 288 2333 350; baseline 0.002 -5"><span class='ocrx_word' id='word_1_1' title='bbox 234 288 335 345; x_wconf 67' lang='grc'><strong>165</strong></span> <span class='ocrx_word' id='word_1_2' title='bbox 1430 290 1714 347; x_wconf 81' lang='lat' dir='ltr'><strong>HOMILIA</strong></span> <span class='ocrx_word' id='word_1_3' title='bbox 1755 289 1843 348; x_wconf 88' lang='lat' dir='ltr'><strong>DE</strong></span> <span class='ocrx_word' id='word_1_4' title='bbox 1881 293 1936 350; x_wconf 82' lang='lat' dir='ltr'><strong>S.</strong></span> <span class='ocrx_word' id='word_1_5' title='bbox 1979 291 2333 349; x_wconf 67' lang='lat' dir='ltr'><strong>CYPRIANO.</strong></span> 
     </span>
    </p>
   </div>
   <div class='ocr_carea' id='block_1_2' title="bbox 3396 304 3503 365">
    <p class='ocr_par' dir='ltr' id='par_1_2' title="bbox 3396 304 3503 365">
     <span class='ocr_line' id='line_1_2' title="bbox 3396 304 3503 365; baseline 0.065 -7"><span class='ocrx_word' id='word_1_6' title='bbox 3396 304 3503 365; x_wconf 74' lang='grc'><strong>266</strong></span> 
     </span>
    </p>
   </div>
   <div class='ocr_carea' id='block_1_3' title="bbox 234 404 3502 486">
    <p class='ocr_par' dir='ltr' id='par_1_3' title="bbox 234 404 3502 486">
     <span class='ocr_line' id='line_1_3' title="bbox 234 404 3502 486; baseline 0.004 -26"><span class='ocrx_word' id='word_1_7' title='bbox 234 415 286 486; x_wconf 67' lang='grc' dir='ltr'>ει</span> <span class='ocrx_word' id='word_1_8' title='bbox 304 404 637 486; x_wconf 66' lang='lat' dir='ltr'><strong>praedicandi</strong></span> <span class='ocrx_word' id='word_1_9' title='bbox 655 405 925 486; x_wconf 73' lang='lat' dir='ltr'><strong>diacones,</strong></span> <span class='ocrx_word' id='word_1_10' title='bbox 950 405 1233 486; x_wconf 70' lang='lat' dir='ltr'><strong>tertioij</strong></span> <span class='ocrx_word' id='word_1_11' title='bbox 1247 405 1583 486; x_wconf 64' lang='lat' dir='ltr'><strong>confessor-es</strong></span> <span class='ocrx_word' id='word_1_12' title='bbox 1605 406 1803 475; x_wconf 73' lang='lat' dir='ltr'><strong>effecti,</strong></span> <span class='ocrx_word' id='word_1_13' title='bbox 1830 413 1886 472; x_wconf 72' lang='grc' dir='ltr'>Α</span> <span class='ocrx_word' id='word_1_14' title='bbox 1913 407 2252 464; x_wconf 82' lang='lat' dir='ltr'><strong>confessione</strong></span> <span class='ocrx_word' id='word_1_15' title='bbox 2302 408 2601 486; x_wconf 86' lang='lat' dir='ltr'><strong>_&#39;l&#39;rinitatis</strong></span> <span class='ocrx_word' id='word_1_16' title='bbox 2660 409 2969 486; x_wconf 81' lang='lat' dir='ltr'><strong>beatissimi</strong></span> <span class='ocrx_word' id='word_1_17' title='bbox 3014 419 3297 486; x_wconf 70' lang='lat' dir='ltr'><strong>martyres</strong></span> <span class='ocrx_word' id='word_1_18' title='bbox 3357 422 3502 486; x_wconf 84' lang='lat' dir='ltr'><strong>passi</strong></span> 
     </span>
    </p>
   </div>
   <div class='ocr_carea' id='block_1_4' title="bbox 233 476 3523 550">
    <p class='ocr_par' dir='ltr' id='par_1_4' title="bbox 233 476 3523 550">
     <span class='ocr_line' id='line_1_4' title="bbox 233 476 3523 550; baseline 0.004 -18"><span class='ocrx_word' id='word_1_19' title='bbox 233 477 492 550; x_wconf 67' lang='lat' dir='ltr'><strong>Salutaris</strong></span> <span class='ocrx_word' id='word_1_20' title='bbox 516 485 568 530; x_wconf 89' lang='lat' dir='ltr'><strong>et</strong></span> <span class='ocrx_word' id='word_1_21' title='bbox 592 476 823 538; x_wconf 80' lang='lat' dir='ltr'><strong>Muritta,</strong></span> <span class='ocrx_word' id='word_1_22' title='bbox 845 479 1014 550; x_wconf 82' lang='lat' dir='ltr'><strong>geruli</strong></span> <span class='ocrx_word' id='word_1_23' title='bbox 1046 476 1730 550; x_wconf 81' lang='lat' dir='ltr'><strong>reliquiarumadfuerunt.</strong></span> <span class='ocrx_word' id='word_1_24' title='bbox 1917 488 2061 550; x_wconf 86' lang='lat' dir='ltr'><strong>sunt,</strong></span> <span class='ocrx_word' id='word_1_25' title='bbox 2087 486 2141 533; x_wconf 91' lang='lat' dir='ltr'><strong>et</strong></span> <span class='ocrx_word' id='word_1_26' title='bbox 2171 478 2473 550; x_wconf 78' lang='lat' dir='ltr'><strong>speciosum</strong></span> <span class='ocrx_word' id='word_1_27' title='bbox 2499 494 2716 535; x_wconf 85' lang='lat' dir='ltr'><strong>cursum</strong></span> <span class='ocrx_word' id='word_1_28' title='bbox 2748 481 3059 538; x_wconf 75' lang='lat' dir='ltr'><strong>certaminis</strong></span> <span class='ocrx_word' id='word_1_29' title='bbox 3080 476 3191 550; x_wconf 64' lang='lat' dir='ltr'><strong>sui;</strong></span> <span class='ocrx_word' id='word_1_30' title='bbox 3206 476 3523 546; x_wconf 47' lang='lat' dir='ltr'><strong>coronante.</strong></span> 
     </span>
    </p>
   </div>
   <div class='ocr_carea' id='block_1_5' title="bbox 298 545 3505 625">
    <p class='ocr_par' dir='ltr' id='par_1_5' title="bbox 298 545 3505 625">
     <span class='ocr_line' id='line_1_5' title="bbox 298 545 3505 625; baseline 0.005 -26"><span class='ocrx_word' id='word_1_31' title='bbox 298 545 408 600; x_wconf 81' lang='lat' dir='ltr'><strong>VII.</strong></span> <span class='ocrx_word' id='word_1_32' title='bbox 448 547 694 625; x_wconf 70' lang='lat' dir='ltr'><strong>llpmatae</strong></span> <span class='ocrx_word' id='word_1_33' title='bbox 724 557 850 600; x_wconf 88' lang='lat' dir='ltr'><strong>sunt</strong></span> <span class='ocrx_word' id='word_1_34' title='bbox 886 548 1040 615; x_wconf 82' lang='lat' dir='ltr'><strong>igitur</strong></span> <span class='ocrx_word' id='word_1_35' title='bbox 1070 562 1188 625; x_wconf 77' lang='lat' dir='ltr'><strong>cum</strong></span> <span class='ocrx_word' id='word_1_36' title='bbox 1230 546 1447 625; x_wconf 74' lang='lat' dir='ltr'><strong>hymnis</strong></span> <span class='ocrx_word' id='word_1_37' title='bbox 1473 548 1809 625; x_wconf 69' lang='lat' dir='ltr'><strong>solemnibus</strong></span> <span class='ocrx_word' id='word_1_38' title='bbox 1923 549 2169 625; x_wconf 80' lang='lat' dir='ltr'><strong>Domino,</strong></span> <span class='ocrx_word' id='word_1_39' title='bbox 2201 545 2537 625; x_wconf 76' lang='lat' dir='ltr'><strong>perfecerunt</strong></span> <span class='ocrx_word' id='word_1_40' title='bbox 2565 568 2579 603; x_wconf 91' lang='lat'><strong>:</strong></span> <span class='ocrx_word' id='word_1_41' title='bbox 2605 552 2692 606; x_wconf 92' lang='lat' dir='ltr'><strong>cui</strong></span> <span class='ocrx_word' id='word_1_42' title='bbox 2717 561 2799 607; x_wconf 91' lang='lat' dir='ltr'><strong>est</strong></span> <span class='ocrx_word' id='word_1_43' title='bbox 2827 551 2998 608; x_wconf 90' lang='lat' dir='ltr'><strong>honor</strong></span> <span class='ocrx_word' id='word_1_44' title='bbox 3024 563 3076 609; x_wconf 91' lang='lat' dir='ltr'><strong>et</strong></span> <span class='ocrx_word' id='word_1_45' title='bbox 3101 545 3272 625; x_wconf 77' lang='lat' dir='ltr'><strong>gloria</strong></span> <span class='ocrx_word' id='word_1_46' title='bbox 3306 557 3362 613; x_wconf 92' lang='lat' dir='ltr'><strong>in</strong></span> <span class='ocrx_word' id='word_1_47' title='bbox 3393 545 3505 615; x_wconf 72' lang='lat' dir='ltr'><strong>ste-</strong></span> 
     </span>
    </p>
   </div>
   <div class='ocr_carea' id='block_1_6' title="bbox 232 616 3509 687">
    <p class='ocr_par' dir='ltr' id='par_1_6' title="bbox 232 616 3509 687">
     <span class='ocr_line' id='line_1_6' title="bbox 232 616 3509 687; baseline 0.002 -17"><span class='ocrx_word' id='word_1_48' title='bbox 232 616 448 685; x_wconf 79' lang='lat' dir='ltr'><strong>lipsanae</strong></span> <span class='ocrx_word' id='word_1_49' title='bbox 496 616 668 687; x_wconf 82' lang='lat' dir='ltr'><strong>beatae</strong></span> <span class='ocrx_word' id='word_1_50' title='bbox 718 628 1020 671; x_wconf 87' lang='lat' dir='ltr'><strong>sanctorum</strong></span> <span class='ocrx_word' id='word_1_51' title='bbox 1072 616 1123 670; x_wconf 90' lang='lat' dir='ltr'><strong>in</strong></span> <span class='ocrx_word' id='word_1_52' title='bbox 1166 616 1488 671; x_wconf 85' lang='lat' dir='ltr'><strong>monasterio</strong></span> <span class='ocrx_word' id='word_1_53' title='bbox 1522 626 1547 653; x_wconf 64' lang='grc' dir='ltr'><strong>ιι</strong></span> <span class='ocrx_word' id='word_1_54' title='bbox 1591 618 1813 687; x_wconf 73' lang='lat' dir='ltr'><strong>Bigute,</strong></span> <span class='ocrx_word' id='word_1_55' title='bbox 1923 620 2042 674; x_wconf 90' lang='lat' dir='ltr'><strong>cula</strong></span> <span class='ocrx_word' id='word_1_56' title='bbox 2073 616 2416 674; x_wconf 83' lang='lat' dir='ltr'><strong>saeculorum.</strong></span> <span class='ocrx_word' id='word_1_57' title='bbox 2442 620 2634 676; x_wconf 84' lang='lat' dir='ltr'><strong>Amen.</strong></span> <span class='ocrx_word' id='word_1_58' title='bbox 3102 616 3132 625; x_wconf 69' lang='grc'>⁷</span> <span class='ocrx_word' id='word_1_59' title='bbox 3500 636 3509 646; x_wconf 80' lang='lat'>‘</span> 
     </span>
    </p>
   </div>
   <div class='ocr_carea' id='block_1_7' title="bbox 231 686 1816 756">
    <p class='ocr_par' dir='ltr' id='par_1_7' title="bbox 231 686 1816 756">
     <span class='ocr_line' id='line_1_7' title="bbox 231 686 1816 756; baseline 0.001 -15"><span class='ocrx_word' id='word_1_60' title='bbox 231 688 478 755; x_wconf 82' lang='lat' dir='ltr'><strong>contiguo</strong></span> <span class='ocrx_word' id='word_1_61' title='bbox 520 686 752 742; x_wconf 77' lang='lat' dir='ltr'><strong>basilica:</strong></span> <span class='ocrx_word' id='word_1_62' title='bbox 796 703 915 756; x_wconf 66' lang='lat' dir='ltr'><strong>quae</strong></span> <span class='ocrx_word' id='word_1_63' title='bbox 963 687 1156 743; x_wconf 89' lang='lat' dir='ltr'><strong>dicitur</strong></span> <span class='ocrx_word' id='word_1_64' title='bbox 1193 687 1479 742; x_wconf 64' lang='lat' dir='ltr'><strong>Celerinte.</strong></span> <span class='ocrx_word' id='word_1_65' title='bbox 1529 688 1596 741; x_wconf 85' lang='lat' dir='ltr'><strong>Et</strong></span> <span class='ocrx_word' id='word_1_66' title='bbox 1647 686 1724 742; x_wconf 89' lang='lat' dir='ltr'><strong>sic</strong></span> <span class='ocrx_word' id='word_1_67' title='bbox 1765 689 1816 742; x_wconf 91' lang='lat' dir='ltr'><strong>in</strong></span> 
     </span>
    </p>
   </div>
   <div class='ocr_carea' id='block_1_8' title="bbox 299 810 1832 888">
    <p class='ocr_par' dir='ltr' id='par_1_8' title="bbox 299 810 1832 888">
     <span class='ocr_line' id='line_1_8' title="bbox 299 810 1832 888; baseline 0 -16"><span class='ocrx_word' id='word_1_68' title='bbox 299 830 323 856; x_wconf 73' lang='grc' dir='ltr'><strong>ι</strong></span> <span class='ocrx_word' id='word_1_69' title='bbox 361 819 449 872; x_wconf 83' lang='lat' dir='ltr'><strong>Sic</strong></span> <span class='ocrx_word' id='word_1_70' title='bbox 470 828 523 873; x_wconf 89' lang='lat' dir='ltr'><strong>et</strong></span> <span class='ocrx_word' id='word_1_71' title='bbox 539 819 657 873; x_wconf 86' lang='lat' dir='ltr'><strong>Ado</strong></span> <span class='ocrx_word' id='word_1_72' title='bbox 674 819 723 872; x_wconf 91' lang='lat' dir='ltr'><strong>in</strong></span> <span class='ocrx_word' id='word_1_73' title='bbox 748 819 1142 888; x_wconf 81' lang='lat' dir='ltr'><strong>martyrologio.</strong></span> <span class='ocrx_word' id='word_1_74' title='bbox 1164 819 1363 874; x_wconf 88' lang='lat' dir='ltr'><strong>Tamen</strong></span> <span class='ocrx_word' id='word_1_75' title='bbox 1387 818 1538 873; x_wconf 91' lang='lat' dir='ltr'><strong>Colb.</strong></span> <span class='ocrx_word' id='word_1_76' title='bbox 1562 820 1617 885; x_wconf 67' lang='lat'><strong>2,</strong></span> <span class='ocrx_word' id='word_1_77' title='bbox 1637 810 1832 884; x_wconf 53' lang='lat' dir='ltr'><strong>Part,</strong></span> 
     </span>
    </p>
   </div>
   <div class='ocr_carea' id='block_1_9' title="bbox 231 888 1808 959">
    <p class='ocr_par' dir='ltr' id='par_1_9' title="bbox 231 888 1808 959">
     <span class='ocr_line' id='line_1_9' title="bbox 231 888 1808 959; baseline -0.001 -16"><span class='ocrx_word' id='word_1_78' title='bbox 231 889 439 943; x_wconf 86' lang='lat' dir='ltr'><strong>Lorich.</strong></span> <span class='ocrx_word' id='word_1_79' title='bbox 470 899 527 959; x_wconf 88' lang='lat' dir='ltr'><strong>et</strong></span> <span class='ocrx_word' id='word_1_80' title='bbox 555 888 805 952; x_wconf 88' lang='lat' dir='ltr'><strong>0rthod.,</strong></span> <span class='ocrx_word' id='word_1_81' title='bbox 838 906 941 944; x_wconf 92' lang='lat' dir='ltr'><strong>non</strong></span> <span class='ocrx_word' id='word_1_82' title='bbox 974 890 1170 945; x_wconf 81' lang='lat' dir='ltr'><strong>habent</strong></span> <span class='ocrx_word' id='word_1_83' title='bbox 1200 889 1409 959; x_wconf 74' lang='lat' dir='ltr'><strong>Biguw;</strong></span> <span class='ocrx_word' id='word_1_84' title='bbox 1439 899 1493 943; x_wconf 89' lang='lat' dir='ltr'><strong>et</strong></span> <span class='ocrx_word' id='word_1_85' title='bbox 1522 905 1615 957; x_wconf 91' lang='lat' dir='ltr'><strong>pro</strong></span> <span class='ocrx_word' id='word_1_86' title='bbox 1641 890 1808 942; x_wconf 81' lang='lat' dir='ltr'><strong>conti-</strong></span> 
     </span>
    </p>
   </div>
   <div class='ocr_carea' id='block_1_10' title="bbox 229 958 1809 1030">
    <p class='ocr_par' dir='ltr' id='par_1_10' title="bbox 229 958 1809 1030">
     <span class='ocr_line' id='line_1_10' title="bbox 229 958 1809 1030; baseline 0.001 -19"><span class='ocrx_word' id='word_1_87' title='bbox 229 976 344 1030; x_wconf 81' lang='lat' dir='ltr'><strong>gua,</strong></span> <span class='ocrx_word' id='word_1_88' title='bbox 367 958 520 1014; x_wconf 91' lang='lat' dir='ltr'><strong>Colb.</strong></span> <span class='ocrx_word' id='word_1_89' title='bbox 550 961 679 1027; x_wconf 92' lang='lat' dir='ltr'><strong>duo,</strong></span> <span class='ocrx_word' id='word_1_90' title='bbox 710 959 889 1025; x_wconf 82' lang='lat' dir='ltr'><strong>Port.,</strong></span> <span class='ocrx_word' id='word_1_91' title='bbox 920 962 1129 1014; x_wconf 77' lang='lat' dir='ltr'><strong>Martin.</strong></span> <span class='ocrx_word' id='word_1_92' title='bbox 1160 958 1279 1013; x_wconf 85' lang='lat' dir='ltr'><strong>cum</strong></span> <span class='ocrx_word' id='word_1_93' title='bbox 1310 961 1516 1029; x_wconf 87' lang='lat' dir='ltr'><strong>Biguio,</strong></span> <span class='ocrx_word' id='word_1_94' title='bbox 1550 959 1809 1013; x_wconf 83' lang='lat' dir='ltr'><strong>Rhenano</strong></span> 
     </span>
    </p>
   </div>
   <div class='ocr_carea' id='block_1_11' title="bbox 1917 822 3502 890">
    <p class='ocr_par' dir='ltr' id='par_1_11' title="bbox 1917 822 3502 890">
     <span class='ocr_line' id='line_1_11' title="bbox 1917 822 3502 890; baseline 0.009 -15"><span class='ocrx_word' id='word_1_95' title='bbox 1917 830 1971 876; x_wconf 90' lang='lat' dir='ltr'><strong>et</strong></span> <span class='ocrx_word' id='word_1_96' title='bbox 2013 822 2306 887; x_wconf 89' lang='lat' dir='ltr'><strong>Baldnino,</strong></span> <span class='ocrx_word' id='word_1_97' title='bbox 2360 823 2558 878; x_wconf 87' lang='lat' dir='ltr'><strong>nabent</strong></span> <span class='ocrx_word' id='word_1_98' title='bbox 2609 825 2867 880; x_wconf 80' lang='lat' dir='ltr'><strong>continuo.</strong></span> <span class='ocrx_word' id='word_1_99' title='bbox 2914 826 3193 884; x_wconf 81' lang='lat' dir='ltr'><strong>Basilicam</strong></span> <span class='ocrx_word' id='word_1_100' title='bbox 3238 830 3502 890; x_wconf 74' lang='lat' dir='ltr'><strong>Celerinte</strong></span> 
     </span>
    </p>
   </div>
   <div class='ocr_carea' id='block_1_12' title="bbox 1918 892 3502 963">
    <p class='ocr_par' dir='ltr' id='par_1_12' title="bbox 1918 892 3502 963">
     <span class='ocr_line' id='line_1_12' title="bbox 1918 892 3502 963; baseline 0.01 -19"><span class='ocrx_word' id='word_1_101' title='bbox 1918 902 2178 946; x_wconf 84' lang='lat' dir='ltr'><strong>memorat</strong></span> <span class='ocrx_word' id='word_1_102' title='bbox 2227 894 2353 947; x_wconf 89' lang='lat' dir='ltr'><strong>item</strong></span> <span class='ocrx_word' id='word_1_103' title='bbox 2396 892 2580 949; x_wconf 79' lang='lat' dir='ltr'><strong>Victor</strong></span> <span class='ocrx_word' id='word_1_104' title='bbox 2622 894 2713 949; x_wconf 89' lang='lat' dir='ltr'><strong>lib.</strong></span> <span class='ocrx_word' id='word_1_105' title='bbox 2754 912 2797 960; x_wconf 90' lang='lat' dir='ltr'><strong>I,</strong></span> <span class='ocrx_word' id='word_1_106' title='bbox 2831 911 2978 950; x_wconf 91' lang='lat' dir='ltr'><strong>num.</strong></span> <span class='ocrx_word' id='word_1_107' title='bbox 3006 897 3065 963; x_wconf 81' lang='lat'><strong>5;</strong></span> <span class='ocrx_word' id='word_1_108' title='bbox 3110 908 3163 953; x_wconf 90' lang='lat' dir='ltr'><strong>et</strong></span> <span class='ocrx_word' id='word_1_109' title='bbox 3191 900 3259 956; x_wconf 91' lang='lat' dir='ltr'><strong>de</strong></span> <span class='ocrx_word' id='word_1_110' title='bbox 3286 917 3349 957; x_wconf 87' lang='lat' dir='ltr'><strong>ea</strong></span> <span class='ocrx_word' id='word_1_111' title='bbox 3379 903 3502 960; x_wconf 92' lang='lat' dir='ltr'><strong>vide</strong></span> 
     </span>
    </p>
   </div>
   <div class='ocr_carea' id='block_1_13' title="bbox 1918 962 3284 1035">
    <p class='ocr_par' dir='ltr' id='par_1_13' title="bbox 1918 962 3284 1035">
     <span class='ocr_line' id='line_1_13' title="bbox 1918 962 3284 1035; baseline 0.009 -20"><span class='ocrx_word' id='word_1_112' title='bbox 1918 972 2098 1016; x_wconf 90' lang='lat' dir='ltr'><strong>notam</strong></span> <span class='ocrx_word' id='word_1_113' title='bbox 2130 962 2197 1019; x_wconf 86' lang='lat' dir='ltr'><strong>lt)</strong></span> <span class='ocrx_word' id='word_1_114' title='bbox 2225 964 2279 1018; x_wconf 92' lang='lat' dir='ltr'><strong>in</strong></span> <span class='ocrx_word' id='word_1_115' title='bbox 2308 964 2555 1020; x_wconf 90' lang='lat' dir='ltr'><strong>eumdem</strong></span> <span class='ocrx_word' id='word_1_116' title='bbox 2583 976 2878 1033; x_wconf 87' lang='lat' dir='ltr'><strong>auctorem,</strong></span> <span class='ocrx_word' id='word_1_117' title='bbox 2909 980 3067 1035; x_wconf 82' lang='lat' dir='ltr'><strong>supra</strong></span> <span class='ocrx_word' id='word_1_118' title='bbox 3087 972 3284 1027; x_wconf 91' lang='lat' dir='ltr'><strong>col.....</strong></span> 
     </span>
    </p>
   </div>
   <div class='ocr_carea' id='block_1_14' title="bbox 229 1099 3501 1127">
    <p class='ocr_par' dir='ltr' id='par_1_14' title="bbox 229 1099 3501 1127">
     <span class='ocr_line' id='line_1_14' title="bbox 229 1099 3501 1127; baseline 0 -10"><span class='ocrx_word' id='word_1_119' title='bbox 229 1099 3501 1127; x_wconf 66' lang='lat'><strong>———————————————————_——_—__——_</strong></span> 
     </span>
    </p>
   </div>
   <div class='ocr_carea' id='block_1_15' title="bbox 917 1216 1821 1334">
    <p class='ocr_par' dir='ltr' id='par_1_15' title="bbox 917 1216 1821 1329">
     <span class='ocr_line' id='line_1_15' title="bbox 917 1216 1821 1329; baseline 0 0"><span class='ocrx_word' id='word_1_120' title='bbox 917 1216 1821 1329; x_wconf 72' lang='lat' dir='ltr'><strong>APPENDIJ</strong></span> 
     </span>
    </p>
   </div>
   <div class='ocr_carea' id='block_1_16' title="bbox 1934 1216 2801 1334">
    <p class='ocr_par' dir='ltr' id='par_1_16' title="bbox 1971 1216 2801 1334">
     <span class='ocr_line' id='line_1_16' title="bbox 1971 1216 2801 1334; baseline 0.006 -5"><span class='ocrx_word' id='word_1_121' title='bbox 1971 1216 2801 1334; x_wconf 73' lang='lat' dir='ltr'><strong>SECUNDA</strong></span> 
     </span>
    </p>
   </div>
   <div class='ocr_carea' id='block_1_17' title="bbox 1806 1398 1911 1435">
    <p class='ocr_par' dir='ltr' id='par_1_17' title="bbox 1806 1398 1911 1435">
     <span class='ocr_line' id='line_1_17' title="bbox 1806 1398 1911 1435; baseline 0 -1"><span class='ocrx_word' id='word_1_122' title='bbox 1806 1398 1911 1435; x_wconf 72' lang='lat' dir='ltr'><strong>SW3</strong></span> 
     </span>
    </p>
   </div>
   <div class='ocr_carea' id='block_1_18' title="bbox 782 1485 2923 1597">
    <p class='ocr_par' dir='ltr' id='par_1_18' title="bbox 782 1485 2923 1597">
     <span class='ocr_line' id='line_1_18' title="bbox 782 1485 2923 1597; baseline 0.002 -49"><span class='ocrx_word' id='word_1_123' title='bbox 782 1485 1183 1551; x_wconf 82' lang='lat' dir='ltr'><strong>OPUSCULA</strong></span> <span class='ocrx_word' id='word_1_124' title='bbox 1229 1486 1557 1549; x_wconf 79' lang='lat' dir='ltr'><strong>VICTORI</strong></span> <span class='ocrx_word' id='word_1_125' title='bbox 1602 1485 1923 1548; x_wconf 82' lang='lat' dir='ltr'><strong>VITENSI</strong></span> <span class='ocrx_word' id='word_1_126' title='bbox 1967 1488 2395 1552; x_wconf 82' lang='lat' dir='ltr'><strong>PERPERAM</strong></span> <span class='ocrx_word' id='word_1_127' title='bbox 2438 1488 2923 1597; x_wconf 49' lang='lat' dir='ltr'><strong>ATTEKIBUTA.</strong></span> 
     </span>
    </p>
   </div>
   <div class='ocr_carea' id='block_1_19' title="bbox 861 1708 2855 1802">
    <p class='ocr_par' dir='ltr' id='par_1_19' title="bbox 861 1708 2855 1802">
     <span class='ocr_line' id='line_1_19' title="bbox 861 1708 2855 1802; baseline -0.003 -13"><span class='ocrx_word' id='word_1_128' title='bbox 861 1711 1433 1789; x_wconf 86' lang='lat' dir='ltr'><strong>ADMONITIO</strong></span> <span class='ocrx_word' id='word_1_129' title='bbox 1486 1709 1591 1787; x_wconf 89' lang='lat' dir='ltr'><strong>IN</strong></span> <span class='ocrx_word' id='word_1_130' title='bbox 1646 1708 2155 1786; x_wconf 83' lang='lat' dir='ltr'><strong>HOMILIAM</strong></span> <span class='ocrx_word' id='word_1_131' title='bbox 2216 1709 2855 1802; x_wconf 84' lang='lat' dir='ltr'><strong>SEQUENTEM.</strong></span> 
     </span>
    </p>
   </div>
   <div class='ocr_carea' id='block_1_20' title="bbox 293 1840 3499 1917">
    <p class='ocr_par' dir='ltr' id='par_1_20' title="bbox 293 1840 3499 1917">
     <span class='ocr_line' id='line_1_20' title="bbox 293 1840 3499 1917; baseline 0.002 -19"><span class='ocrx_word' id='word_1_132' title='bbox 293 1846 394 1917; x_wconf 79' lang='lat'><strong>57</strong></span> <span class='ocrx_word' id='word_1_133' title='bbox 419 1842 707 1917; x_wconf 77' lang='lat' dir='ltr'><strong>Homiliam</strong></span> <span class='ocrx_word' id='word_1_134' title='bbox 741 1843 1145 1917; x_wconf 79' lang='lat' dir='ltr'><strong>sequentemde</strong></span> <span class='ocrx_word' id='word_1_135' title='bbox 1175 1841 1333 1917; x_wconf 85' lang='lat' dir='ltr'><strong>beato</strong></span> <span class='ocrx_word' id='word_1_136' title='bbox 1360 1848 1594 1910; x_wconf 81' lang='lat' dir='ltr'><strong>martyre</strong></span> <span class='ocrx_word' id='word_1_137' title='bbox 1622 1840 1909 1917; x_wconf 68' lang='lat' dir='ltr'><strong>Cypriano,</strong></span> <span class='ocrx_word' id='word_1_138' title='bbox 1935 1840 2133 1917; x_wconf 67' lang='lat' dir='ltr'><strong>quaejn</strong></span> <span class='ocrx_word' id='word_1_139' title='bbox 2164 1840 2440 1917; x_wconf 75' lang='lat' dir='ltr'><strong>codicibus</strong></span> <span class='ocrx_word' id='word_1_140' title='bbox 2469 1841 2846 1917; x_wconf 52' lang='lat' dir='ltr'><strong>ntanuseriptis</strong></span> <span class='ocrx_word' id='word_1_141' title='bbox 2873 1840 3362 1917; x_wconf 80' lang='lat' dir='ltr'><strong>duobusvetustis,</strong></span> <span class='ocrx_word' id='word_1_142' title='bbox 3393 1861 3499 1903; x_wconf 83' lang='lat' dir='ltr'><strong>uno</strong></span> 
     </span>
    </p>
   </div>
   <div class='ocr_carea' id='block_1_21' title="bbox 234 1910 3499 1980">
    <p class='ocr_par' dir='ltr' id='par_1_21' title="bbox 234 1910 3499 1980">
     <span class='ocr_line' id='line_1_21' title="bbox 234 1910 3499 1980; baseline 0.001 -11"><span class='ocrx_word' id='word_1_143' title='bbox 234 1910 435 1969; x_wconf 75' lang='lat' dir='ltr'><strong>sciTiEet</strong></span> <span class='ocrx_word' id='word_1_144' title='bbox 472 1910 1160 1968; x_wconf 29' lang='lat' dir='ltr'><strong>bibliotliecm’Colbertina:</strong></span> <span class='ocrx_word' id='word_1_145' title='bbox 1189 1922 1244 1967; x_wconf 91' lang='lat' dir='ltr'><strong>et</strong></span> <span class='ocrx_word' id='word_1_146' title='bbox 1272 1913 1443 1965; x_wconf 89' lang='lat' dir='ltr'><strong>altero</strong></span> <span class='ocrx_word' id='word_1_147' title='bbox 1476 1911 1783 1965; x_wconf 89' lang='lat' dir='ltr'><strong>monasterii</strong></span> <span class='ocrx_word' id='word_1_148' title='bbox 1814 1910 1998 1965; x_wconf 89' lang='lat' dir='ltr'><strong>Saneti</strong></span> <span class='ocrx_word' id='word_1_149' title='bbox 2029 1911 2241 1965; x_wconf 83' lang='lat' dir='ltr'><strong>Martini</strong></span> <span class='ocrx_word' id='word_1_150' title='bbox 2268 1928 2295 1963; x_wconf 91' lang='lat' dir='ltr'><strong>a</strong></span> <span class='ocrx_word' id='word_1_151' title='bbox 2339 1912 2585 1978; x_wconf 79' lang='lat' dir='ltr'><strong>Campis,</strong></span> <span class='ocrx_word' id='word_1_152' title='bbox 2615 1912 2841 1966; x_wconf 89' lang='lat' dir='ltr'><strong>habetur</strong></span> <span class='ocrx_word' id='word_1_153' title='bbox 2883 1920 3005 1980; x_wconf 91' lang='lat' dir='ltr'><strong>post</strong></span> <span class='ocrx_word' id='word_1_154' title='bbox 3031 1915 3251 1968; x_wconf 88' lang='lat' dir='ltr'><strong>relatam</strong></span> <span class='ocrx_word' id='word_1_155' title='bbox 3282 1931 3313 1970; x_wconf 89' lang='lat' dir='ltr'><strong>a</strong></span> <span class='ocrx_word' id='word_1_156' title='bbox 3344 1917 3499 1973; x_wconf 85' lang='lat' dir='ltr'><strong>nobis</strong></span> 
     </span>
    </p>
   </div>
   <div class='ocr_carea' id='block_1_22' title="bbox 233 1981 3499 2051">
    <p class='ocr_par' dir='ltr' id='par_1_22' title="bbox 233 1981 3499 2051">
     <span class='ocr_line' id='line_1_22' title="bbox 233 1981 3499 2051; baseline 0.001 -12"><span class='ocrx_word' id='word_1_157' title='bbox 233 1996 535 2040; x_wconf 80' lang='lat' dir='ltr'><strong>sanctorum</strong></span> <span class='ocrx_word' id='word_1_158' title='bbox 586 1992 790 2051; x_wconf 88' lang='lat' dir='ltr'><strong>septem</strong></span> <span class='ocrx_word' id='word_1_159' title='bbox 835 1986 1217 2037; x_wconf 81' lang='lat' dir='ltr'><strong>monachorum</strong></span> <span class='ocrx_word' id='word_1_160' title='bbox 1264 1982 1611 2045; x_wconf 89' lang='lat' dir='ltr'><strong>Passioncm,</strong></span> <span class='ocrx_word' id='word_1_161' title='bbox 1654 1982 1760 2034; x_wconf 89' lang='lat' dir='ltr'><strong>huc</strong></span> <span class='ocrx_word' id='word_1_162' title='bbox 1809 1981 1968 2035; x_wconf 89' lang='lat' dir='ltr'><strong>etiam</strong></span> <span class='ocrx_word' id='word_1_163' title='bbox 2012 1983 2250 2050; x_wconf 88' lang='lat' dir='ltr'><strong>proferre</strong></span> <span class='ocrx_word' id='word_1_164' title='bbox 2299 1982 2468 2035; x_wconf 87' lang='lat' dir='ltr'><strong>visum</strong></span> <span class='ocrx_word' id='word_1_165' title='bbox 2511 1993 2621 2045; x_wconf 88' lang='lat' dir='ltr'><strong>est;</strong></span> <span class='ocrx_word' id='word_1_166' title='bbox 2663 1982 2802 2048; x_wconf 84' lang='lat' dir='ltr'><strong>quod</strong></span> <span class='ocrx_word' id='word_1_167' title='bbox 2851 1982 2949 2036; x_wconf 89' lang='lat' dir='ltr'><strong>etsi</strong></span> <span class='ocrx_word' id='word_1_168' title='bbox 2991 1982 3236 2039; x_wconf 81' lang='lat' dir='ltr'><strong>fortassis</strong></span> <span class='ocrx_word' id='word_1_169' title='bbox 3269 1986 3499 2042; x_wconf 83' lang='lat' dir='ltr'><strong>Victoris</strong></span> 
     </span>
    </p>
   </div>
   <div class='ocr_carea' id='block_1_23' title="bbox 232 2051 3498 2124">
    <p class='ocr_par' dir='ltr' id='par_1_23' title="bbox 232 2051 3498 2124">
     <span class='ocr_line' id='line_1_23' title="bbox 232 2051 3498 2124; baseline -0.001 -13"><span class='ocrx_word' id='word_1_170' title='bbox 232 2056 392 2111; x_wconf 61' lang='lat' dir='ltr'><strong>nostri</strong></span> <span class='ocrx_word' id='word_1_171' title='bbox 436 2072 543 2109; x_wconf 89' lang='lat' dir='ltr'><strong>non</strong></span> <span class='ocrx_word' id='word_1_172' title='bbox 588 2053 779 2118; x_wconf 84' lang='lat' dir='ltr'><strong>fuerit,</strong></span> <span class='ocrx_word' id='word_1_173' title='bbox 818 2055 931 2120; x_wconf 76' lang='lat' dir='ltr'><strong>ejus</strong></span> <span class='ocrx_word' id='word_1_174' title='bbox 960 2063 1133 2107; x_wconf 86' lang='lat' dir='ltr'><strong>tamen</strong></span> <span class='ocrx_word' id='word_1_175' title='bbox 1166 2062 1249 2107; x_wconf 86' lang='lat' dir='ltr'><strong>est</strong></span> <span class='ocrx_word' id='word_1_176' title='bbox 1276 2052 1450 2105; x_wconf 63' lang='lat' dir='ltr'><strong>aetatis</strong></span> <span class='ocrx_word' id='word_1_177' title='bbox 1475 2092 1488 2114; x_wconf 96' lang='lat'><strong>,</strong></span> <span class='ocrx_word' id='word_1_178' title='bbox 1538 2065 1646 2124; x_wconf 75' lang='lat' dir='ltr'><strong>nec</strong></span> <span class='ocrx_word' id='word_1_179' title='bbox 1666 2051 1877 2124; x_wconf 84' lang='lat' dir='ltr'><strong>indigna</strong></span> <span class='ocrx_word' id='word_1_180' title='bbox 1899 2060 1992 2124; x_wconf 79' lang='lat' dir='ltr'><strong>est</strong></span> <span class='ocrx_word' id='word_1_181' title='bbox 2029 2052 2248 2124; x_wconf 85' lang='lat' dir='ltr'><strong>omnino</strong></span> <span class='ocrx_word' id='word_1_182' title='bbox 2287 2067 2407 2120; x_wconf 70' lang='lat' dir='ltr'><strong>qua:</strong></span> <span class='ocrx_word' id='word_1_183' title='bbox 2445 2052 2541 2124; x_wconf 86' lang='lat' dir='ltr'><strong>ipsi</strong></span> <span class='ocrx_word' id='word_1_184' title='bbox 2586 2053 2923 2124; x_wconf 66' lang='lat' dir='ltr'><strong>attribuatur.</strong></span> <span class='ocrx_word' id='word_1_185' title='bbox 2955 2052 3120 2124; x_wconf 83' lang='lat' dir='ltr'><strong>Porro</strong></span> <span class='ocrx_word' id='word_1_186' title='bbox 3173 2054 3498 2124; x_wconf 85' lang='lat' dir='ltr'><strong>Cyprianum</strong></span> 
     </span>
    </p>
   </div>
   <div class='ocr_carea' id='block_1_24' title="bbox 233 2121 3499 2194">
    <p class='ocr_par' dir='ltr' id='par_1_24' title="bbox 233 2121 3499 2194">
     <span class='ocr_line' id='line_1_24' title="bbox 233 2121 3499 2194; baseline 0 -15"><span class='ocrx_word' id='word_1_187' title='bbox 233 2126 480 2194; x_wconf 80' lang='lat' dir='ltr'><strong>singulari</strong></span> <span class='ocrx_word' id='word_1_188' title='bbox 512 2125 674 2177; x_wconf 87' lang='lat' dir='ltr'><strong>animi</strong></span> <span class='ocrx_word' id='word_1_189' title='bbox 707 2125 989 2177; x_wconf 84' lang='lat' dir='ltr'><strong>devotione</strong></span> <span class='ocrx_word' id='word_1_190' title='bbox 1021 2125 1308 2194; x_wconf 84' lang='lat' dir='ltr'><strong>coluerunt</strong></span> <span class='ocrx_word' id='word_1_191' title='bbox 1331 2137 1545 2194; x_wconf 72' lang='lat' dir='ltr'><strong>semper</strong></span> <span class='ocrx_word' id='word_1_192' title='bbox 1565 2121 1687 2194; x_wconf 18' lang='lat' dir='ltr'><strong>AAfri</strong></span> <span class='ocrx_word' id='word_1_193' title='bbox 1711 2164 1725 2186; x_wconf 91' lang='lat'><strong>,</strong></span> <span class='ocrx_word' id='word_1_194' title='bbox 1773 2122 1912 2189; x_wconf 90' lang='lat' dir='ltr'><strong>apud</strong></span> <span class='ocrx_word' id='word_1_195' title='bbox 1941 2136 2078 2194; x_wconf 76' lang='lat' dir='ltr'><strong>quos</strong></span> <span class='ocrx_word' id='word_1_196' title='bbox 2117 2123 2273 2194; x_wconf 81' lang='lat' dir='ltr'><strong>hujus</strong></span> <span class='ocrx_word' id='word_1_197' title='bbox 2299 2122 2465 2194; x_wconf 58' lang='lat' dir='ltr'><strong>sancti</strong></span> <span class='ocrx_word' id='word_1_198' title='bbox 2514 2124 2764 2194; x_wconf 73' lang='lat' dir='ltr'><strong>martyris</strong></span> <span class='ocrx_word' id='word_1_199' title='bbox 2780 2121 3083 2194; x_wconf 80' lang='lat' dir='ltr'><strong>__festivitas</strong></span> <span class='ocrx_word' id='word_1_200' title='bbox 3112 2121 3499 2180; x_wconf 27' lang='lat' dir='ltr'><strong>adeo’celebris</strong></span> 
     </span>
    </p>
   </div>
   <div class='ocr_carea' id='block_1_25' title="bbox 231 2189 3497 2263">
    <p class='ocr_par' dir='ltr' id='par_1_25' title="bbox 231 2189 3497 2263">
     <span class='ocr_line' id='line_1_25' title="bbox 231 2189 3497 2263; baseline 0 -15"><span class='ocrx_word' id='word_1_201' title='bbox 231 2189 356 2259; x_wconf 67' lang='lat' dir='ltr'><strong>erat,</strong></span> <span class='ocrx_word' id='word_1_202' title='bbox 384 2193 441 2247; x_wconf 81' lang='lat' dir='ltr'><strong>ut</strong></span> <span class='ocrx_word' id='word_1_203' title='bbox 469 2197 585 2246; x_wconf 88' lang='lat' dir='ltr'><strong>dies</strong></span> <span class='ocrx_word' id='word_1_204' title='bbox 612 2210 714 2263; x_wconf 91' lang='lat' dir='ltr'><strong>qua</strong></span> <span class='ocrx_word' id='word_1_205' title='bbox 737 2195 1069 2247; x_wconf 82' lang='lat' dir='ltr'><strong>recolebatur</strong></span> <span class='ocrx_word' id='word_1_206' title='bbox 1090 2192 1401 2262; x_wconf 87' lang='lat' dir='ltr'><strong>simpliciter</strong></span> <span class='ocrx_word' id='word_1_207' title='bbox 1418 2190 1722 2263; x_wconf 70' lang='lat' dir='ltr'><strong>Cypriorum,</strong></span> <span class='ocrx_word' id='word_1_208' title='bbox 1746 2189 2030 2263; x_wconf 86' lang='lat' dir='ltr'><strong>attestante</strong></span> <span class='ocrx_word' id='word_1_209' title='bbox 2046 2189 2316 2263; x_wconf 81' lang='lat' dir='ltr'><strong>Procopio</strong></span> <span class='ocrx_word' id='word_1_210' title='bbox 2341 2192 2592 2263; x_wconf 29' lang='lat' dir='ltr'><strong>libro‘tde</strong></span> <span class='ocrx_word' id='word_1_211' title='bbox 2616 2189 2763 2244; x_wconf 86' lang='lat' dir='ltr'><strong>Bello</strong></span> <span class='ocrx_word' id='word_1_212' title='bbox 2780 2189 3095 2255; x_wconf 77' lang='lat' dir='ltr'><strong>Vandalico,</strong></span> <span class='ocrx_word' id='word_1_213' title='bbox 3113 2195 3497 2261; x_wconf 87' lang='lat' dir='ltr'><strong>appellaretur;</strong></span> 
     </span>
    </p>
   </div>
   <div class='ocr_carea' id='block_1_26' title="bbox 231 2260 3500 2334">
    <p class='ocr_par' dir='ltr' id='par_1_26' title="bbox 231 2260 3500 2334">
     <span class='ocr_line' id='line_1_26' title="bbox 231 2260 3500 2334; baseline 0 -17"><span class='ocrx_word' id='word_1_214' title='bbox 231 2267 363 2334; x_wconf 89' lang='lat' dir='ltr'><strong>quod</strong></span> <span class='ocrx_word' id='word_1_215' title='bbox 396 2265 562 2318; x_wconf 88' lang='lat' dir='ltr'><strong>etiam</strong></span> <span class='ocrx_word' id='word_1_216' title='bbox 588 2260 779 2317; x_wconf 83' lang='lat' dir='ltr'><strong>nomen</strong></span> <span class='ocrx_word' id='word_1_217' title='bbox 813 2275 1008 2325; x_wconf 73' lang='lat' dir='ltr'><strong>nautze,</strong></span> <span class='ocrx_word' id='word_1_218' title='bbox 1041 2275 1097 2316; x_wconf 93' lang='lat' dir='ltr'><strong>ut</strong></span> <span class='ocrx_word' id='word_1_219' title='bbox 1127 2260 1264 2317; x_wconf 85' lang='lat' dir='ltr'><strong>idem</strong></span> <span class='ocrx_word' id='word_1_220' title='bbox 1287 2260 1471 2334; x_wconf 77' lang='lat' dir='ltr'><strong>auctor</strong></span> <span class='ocrx_word' id='word_1_221' title='bbox 1503 2260 1755 2334; x_wconf 85' lang='lat' dir='ltr'><strong>aftirmat,</strong></span> <span class='ocrx_word' id='word_1_222' title='bbox 1781 2261 1846 2334; x_wconf 88' lang='lat' dir='ltr'><strong>ad</strong></span> <span class='ocrx_word' id='word_1_223' title='bbox 1877 2262 2139 2330; x_wconf 88' lang='lat' dir='ltr'><strong>procellas</strong></span> <span class='ocrx_word' id='word_1_224' title='bbox 2161 2278 2283 2334; x_wconf 68' lang='lat' dir='ltr'><strong>qua:</strong></span> <span class='ocrx_word' id='word_1_225' title='bbox 2300 2260 2451 2334; x_wconf 80' lang='lat' dir='ltr'><strong>circa</strong></span> <span class='ocrx_word' id='word_1_226' title='bbox 2473 2260 2523 2313; x_wconf 92' lang='lat' dir='ltr'><strong>id</strong></span> <span class='ocrx_word' id='word_1_227' title='bbox 2551 2270 2759 2328; x_wconf 88' lang='lat' dir='ltr'><strong>tempus</strong></span> <span class='ocrx_word' id='word_1_228' title='bbox 2780 2276 2875 2334; x_wconf 78' lang='lat' dir='ltr'><strong>per</strong></span> <span class='ocrx_word' id='word_1_229' title='bbox 2901 2260 3337 2334; x_wconf 74' lang='lat' dir='ltr'><strong>singulosannos</strong></span> <span class='ocrx_word' id='word_1_230' title='bbox 3366 2266 3500 2318; x_wconf 90' lang='lat' dir='ltr'><strong>oriri</strong></span> 
     </span>
    </p>
   </div>
   <div class='ocr_carea' id='block_1_27' title="bbox 230 2330 3500 2399">
    <p class='ocr_par' dir='ltr' id='par_1_27' title="bbox 230 2330 3500 2399">
     <span class='ocr_line' id='line_1_27' title="bbox 230 2330 3500 2399; baseline 0 -11"><span class='ocrx_word' id='word_1_231' title='bbox 230 2330 494 2399; x_wconf 79' lang='lat' dir='ltr'><strong>solebant,</strong></span> <span class='ocrx_word' id='word_1_232' title='bbox 528 2335 931 2387; x_wconf 77' lang='lat' dir='ltr'><strong>transtulerant.</strong></span> <span class='ocrx_word' id='word_1_233' title='bbox 963 2335 1104 2388; x_wconf 90' lang='lat' dir='ltr'><strong>lnter</strong></span> <span class='ocrx_word' id='word_1_234' title='bbox 1129 2344 1203 2387; x_wconf 93' lang='lat' dir='ltr'><strong>tot</strong></span> <span class='ocrx_word' id='word_1_235' title='bbox 1226 2342 1400 2385; x_wconf 89' lang='lat' dir='ltr'><strong>autem</strong></span> <span class='ocrx_word' id='word_1_236' title='bbox 1431 2332 1679 2384; x_wconf 84' lang='lat' dir='ltr'><strong>immania</strong></span> <span class='ocrx_word' id='word_1_237' title='bbox 1710 2332 1940 2384; x_wconf 89' lang='lat' dir='ltr'><strong>facinora</strong></span> <span class='ocrx_word' id='word_1_238' title='bbox 1968 2346 2087 2399; x_wconf 75' lang='lat' dir='ltr'><strong>quae</strong></span> <span class='ocrx_word' id='word_1_239' title='bbox 2109 2346 2138 2383; x_wconf 88' lang='lat' dir='ltr'><strong>a</strong></span> <span class='ocrx_word' id='word_1_240' title='bbox 2161 2330 2413 2383; x_wconf 79' lang='lat' dir='ltr'><strong>V&#39;andalis</strong></span> <span class='ocrx_word' id='word_1_241' title='bbox 2438 2339 2559 2397; x_wconf 92' lang='lat' dir='ltr'><strong>post</strong></span> <span class='ocrx_word' id='word_1_242' title='bbox 2580 2339 2788 2396; x_wconf 81' lang='lat' dir='ltr'><strong>captam</strong></span> <span class='ocrx_word' id='word_1_243' title='bbox 2814 2331 3187 2399; x_wconf 77' lang='lat' dir='ltr'><strong>Carthaginem</strong></span> <span class='ocrx_word' id='word_1_244' title='bbox 3213 2334 3500 2388; x_wconf 86' lang='lat' dir='ltr'><strong>commissa</strong></span> 
     </span>
    </p>
   </div>
   <div class='ocr_carea' id='block_1_28' title="bbox 232 2400 3498 2471">
    <p class='ocr_par' dir='ltr' id='par_1_28' title="bbox 232 2400 3498 2471">
     <span class='ocr_line' id='line_1_28' title="bbox 232 2400 3498 2471; baseline -0.001 -12"><span class='ocrx_word' id='word_1_245' title='bbox 232 2405 455 2468; x_wconf 78' lang='lat' dir='ltr'><strong>faciant,</strong></span> <span class='ocrx_word' id='word_1_246' title='bbox 483 2406 534 2457; x_wconf 88' lang='lat' dir='ltr'><strong>id</strong></span> <span class='ocrx_word' id='word_1_247' title='bbox 570 2406 898 2471; x_wconf 85' lang='lat' dir='ltr'><strong>potissimum</strong></span> <span class='ocrx_word' id='word_1_248' title='bbox 930 2405 1292 2457; x_wconf 87' lang='lat' dir='ltr'><strong>abhorrebant</strong></span> <span class='ocrx_word' id='word_1_249' title='bbox 1329 2402 1574 2455; x_wconf 76' lang='lat' dir='ltr'><strong>catholici</strong></span> <span class='ocrx_word' id='word_1_250' title='bbox 1596 2442 1610 2464; x_wconf 91' lang='lat'><strong>,</strong></span> <span class='ocrx_word' id='word_1_251' title='bbox 1645 2403 1784 2469; x_wconf 82' lang='lat' dir='ltr'><strong>quod</strong></span> <span class='ocrx_word' id='word_1_252' title='bbox 1829 2401 2291 2469; x_wconf 62' lang='lat' dir='ltr'><strong>praeclarissimam</strong></span> <span class='ocrx_word' id='word_1_253' title='bbox 2324 2400 2605 2471; x_wconf 84' lang='lat' dir='ltr'><strong>ecclesiam</strong></span> <span class='ocrx_word' id='word_1_254' title='bbox 2637 2415 2756 2468; x_wconf 70' lang='lat' dir='ltr'><strong>qua:</strong></span> <span class='ocrx_word' id='word_1_255' title='bbox 2802 2401 2996 2471; x_wconf 83' lang='lat' dir='ltr'><strong>ipsein</strong></span> <span class='ocrx_word' id='word_1_256' title='bbox 3030 2403 3191 2455; x_wconf 82' lang='lat' dir='ltr'><strong>maris</strong></span> <span class='ocrx_word' id='word_1_257' title='bbox 3225 2404 3403 2457; x_wconf 87' lang='lat' dir='ltr'><strong>littore</strong></span> <span class='ocrx_word' id='word_1_258' title='bbox 3442 2403 3498 2457; x_wconf 92' lang='lat' dir='ltr'><strong>in</strong></span> 
     </span>
    </p>
   </div>
   <div class='ocr_carea' id='block_1_29' title="bbox 231 2470 3500 2545">
    <p class='ocr_par' dir='ltr' id='par_1_29' title="bbox 231 2470 3500 2545">
     <span class='ocr_line' id='line_1_29' title="bbox 231 2470 3500 2545; baseline -0 -16"><span class='ocrx_word' id='word_1_259' title='bbox 231 2476 462 2544; x_wconf 84' lang='lat' dir='ltr'><strong>ejusdem</strong></span> <span class='ocrx_word' id='word_1_260' title='bbox 496 2479 669 2527; x_wconf 88' lang='lat' dir='ltr'><strong>sancti</strong></span> <span class='ocrx_word' id='word_1_261' title='bbox 702 2475 950 2545; x_wconf 85' lang='lat' dir='ltr'><strong>martyris</strong></span> <span class='ocrx_word' id='word_1_262' title='bbox 989 2473 1245 2527; x_wconf 89' lang='lat' dir='ltr'><strong>honorem</strong></span> <span class='ocrx_word' id='word_1_263' title='bbox 1267 2481 1596 2545; x_wconf 70' lang='lat' dir='ltr'><strong>constructa</strong></span> <span class='ocrx_word' id='word_1_264' title='bbox 1638 2480 1785 2535; x_wconf 91' lang='lat' dir='ltr'><strong>erat,</strong></span> <span class='ocrx_word' id='word_1_265' title='bbox 1828 2472 1927 2525; x_wconf 86' lang='lat' dir='ltr'><strong>sub</strong></span> <span class='ocrx_word' id='word_1_266' title='bbox 1959 2471 2210 2545; x_wconf 80' lang='lat' dir='ltr'><strong>llunerici</strong></span> <span class='ocrx_word' id='word_1_267' title='bbox 2239 2470 2539 2540; x_wconf 87' lang='lat' dir='ltr'><strong>principatu</strong></span> <span class='ocrx_word' id='word_1_268' title='bbox 2569 2472 2891 2525; x_wconf 85' lang='lat' dir='ltr'><strong>invasissent</strong></span> <span class='ocrx_word' id='word_1_269' title='bbox 2917 2470 3133 2539; x_wconf 79' lang='lat' dir='ltr'><strong>Ariani,</strong></span> <span class='ocrx_word' id='word_1_270' title='bbox 3167 2472 3284 2538; x_wconf 91' lang='lat' dir='ltr'><strong>ubi,</strong></span> <span class='ocrx_word' id='word_1_271' title='bbox 3330 2473 3500 2541; x_wconf 81' lang='lat' dir='ltr'><strong>pulsis</strong></span> 
     </span>
    </p>
   </div>
   <div class='ocr_carea' id='block_1_30' title="bbox 230 2541 2113 2609">
    <p class='ocr_par' dir='ltr' id='par_1_30' title="bbox 230 2541 2113 2609">
     <span class='ocr_line' id='line_1_30' title="bbox 230 2541 2113 2609; baseline -0.004 -9"><span class='ocrx_word' id='word_1_272' title='bbox 230 2541 345 2600; x_wconf 76' lang='lat' dir='ltr'><strong>inde</strong></span> <span class='ocrx_word' id='word_1_273' title='bbox 372 2546 657 2598; x_wconf 68' lang='lat' dir='ltr'><strong>catholicis</strong></span> <span class='ocrx_word' id='word_1_274' title='bbox 687 2541 1083 2609; x_wconf 76' lang='lat' dir='ltr'><strong>saCerdotihus,</strong></span> <span class='ocrx_word' id='word_1_275' title='bbox 1112 2543 1316 2597; x_wconf 82' lang='lat' dir='ltr'><strong>nefario</strong></span> <span class='ocrx_word' id='word_1_276' title='bbox 1338 2558 1434 2595; x_wconf 89' lang='lat' dir='ltr'><strong>suo</strong></span> <span class='ocrx_word' id='word_1_277' title='bbox 1462 2542 1564 2594; x_wconf 90' lang='lat' dir='ltr'><strong>ritu</strong></span> <span class='ocrx_word' id='word_1_278' title='bbox 1596 2556 1743 2594; x_wconf 89' lang='lat' dir='ltr'><strong>sacra</strong></span> <span class='ocrx_word' id='word_1_279' title='bbox 1774 2541 2113 2609; x_wconf 76' lang='lat' dir='ltr'><strong>peragebant.</strong></span> 
     </span>
    </p>
   </div>
   <div class='ocr_carea' id='block_1_31' title="bbox 299 2610 3502 2683">
    <p class='ocr_par' dir='ltr' id='par_1_31' title="bbox 299 2610 3502 2683">
     <span class='ocr_line' id='line_1_31' title="bbox 299 2610 3502 2683; baseline 0 -16"><span class='ocrx_word' id='word_1_280' title='bbox 299 2616 349 2669; x_wconf 71' lang='grc'><strong>9.</strong></span> <span class='ocrx_word' id='word_1_281' title='bbox 388 2615 444 2667; x_wconf 93' lang='lat' dir='ltr'><strong>ld</strong></span> <span class='ocrx_word' id='word_1_282' title='bbox 475 2630 596 2668; x_wconf 92' lang='lat' dir='ltr'><strong>cum</strong></span> <span class='ocrx_word' id='word_1_283' title='bbox 631 2630 772 2683; x_wconf 62' lang='lat' dir='ltr'><strong>aegre</strong></span> <span class='ocrx_word' id='word_1_284' title='bbox 804 2614 1089 2667; x_wconf 87' lang='lat' dir='ltr'><strong>admodum</strong></span> <span class='ocrx_word' id='word_1_285' title='bbox 1122 2617 1320 2668; x_wconf 89' lang='lat' dir='ltr'><strong>ferrent</strong></span> <span class='ocrx_word' id='word_1_286' title='bbox 1347 2628 1487 2665; x_wconf 67' lang='lat' dir='ltr'><strong>vera:</strong></span> <span class='ocrx_word' id='word_1_287' title='bbox 1519 2611 1936 2683; x_wconf 6' lang='lat' dir='ltr'><strong>fideigcultores,</strong></span> <span class='ocrx_word' id='word_1_288' title='bbox 1982 2620 2199 2665; x_wconf 84' lang='lat' dir='ltr'><strong>sanctus</strong></span> <span class='ocrx_word' id='word_1_289' title='bbox 2227 2611 2563 2683; x_wconf 77' lang='lat' dir='ltr'><strong>Cyprianus,</strong></span> <span class='ocrx_word' id='word_1_290' title='bbox 2594 2619 2650 2683; x_wconf 85' lang='lat' dir='ltr'><strong>ut</strong></span> <span class='ocrx_word' id='word_1_291' title='bbox 2671 2610 3000 2683; x_wconf 8' lang='lat' dir='ltr'><strong>gexgpublica</strong></span> <span class='ocrx_word' id='word_1_292' title='bbox 3039 2612 3175 2683; x_wconf 87' lang='lat' dir='ltr'><strong>fama</strong></span> <span class='ocrx_word' id='word_1_293' title='bbox 3222 2622 3502 2680; x_wconf 83' lang='lat' dir='ltr'><strong>acceperat</strong></span> 
     </span>
    </p>
   </div>
   <div class='ocr_carea' id='block_1_32' title="bbox 238 2680 3565 2753">
    <p class='ocr_par' dir='ltr' id='par_1_32' title="bbox 238 2680 3565 2753">
     <span class='ocr_line' id='line_1_32' title="bbox 238 2680 3565 2753; baseline -0.001 -14"><span class='ocrx_word' id='word_1_294' title='bbox 238 2684 554 2752; x_wconf 77' lang='lat' dir='ltr'><strong>Prompius,</strong></span> <span class='ocrx_word' id='word_1_295' title='bbox 589 2680 749 2751; x_wconf 40' lang='lat' dir='ltr'><strong>qui—id</strong></span> <span class='ocrx_word' id='word_1_296' title='bbox 779 2686 949 2753; x_wconf 88' lang='lat' dir='ltr'><strong>ipsum</strong></span> <span class='ocrx_word' id='word_1_297' title='bbox 980 2685 1143 2738; x_wconf 90' lang='lat' dir='ltr'><strong>refert</strong></span> <span class='ocrx_word' id='word_1_298' title='bbox 1164 2686 1214 2736; x_wconf 91' lang='lat' dir='ltr'><strong>in</strong></span> <span class='ocrx_word' id='word_1_299' title='bbox 1243 2684 1378 2736; x_wconf 89' lang='lat' dir='ltr'><strong>libro</strong></span> <span class='ocrx_word' id='word_1_300' title='bbox 1407 2698 1440 2735; x_wconf 95' lang='lat' dir='ltr'><strong>ll</strong></span> <span class='ocrx_word' id='word_1_301' title='bbox 1459 2681 1702 2753; x_wconf 73' lang='lat' dir='ltr'><strong>debello</strong></span> <span class='ocrx_word' id='word_1_302' title='bbox 1720 2682 2033 2749; x_wconf 79' lang='lat' dir='ltr'><strong>Vamlalico,</strong></span> <span class='ocrx_word' id='word_1_303' title='bbox 2064 2684 2260 2753; x_wconf 87' lang='lat' dir='ltr'><strong>saepius</strong></span> <span class='ocrx_word' id='word_1_304' title='bbox 2275 2680 2439 2735; x_wconf 82' lang='lat' dir='ltr'><strong>noctu</strong></span> <span class='ocrx_word' id='word_1_305' title='bbox 2472 2682 2535 2734; x_wconf 92' lang='lat' dir='ltr'><strong>iis</strong></span> <span class='ocrx_word' id='word_1_306' title='bbox 2558 2680 2720 2753; x_wconf 81' lang='lat' dir='ltr'><strong>quiin</strong></span> <span class='ocrx_word' id='word_1_307' title='bbox 2748 2681 2852 2733; x_wconf 87' lang='lat' dir='ltr'><strong>fide</strong></span> <span class='ocrx_word' id='word_1_308' title='bbox 2877 2682 3171 2753; x_wconf 83' lang='lat' dir='ltr'><strong>orthodoxa</strong></span> <span class='ocrx_word' id='word_1_309' title='bbox 3196 2693 3503 2737; x_wconf 83' lang='lat' dir='ltr'><strong>constanter</strong></span> <span class='ocrx_word' id='word_1_310' title='bbox 3562 2740 3565 2743; x_wconf 31' lang='grc' dir='ltr'><strong><em>λ</em></strong></span> 
     </span>
    </p>
   </div>
   <div class='ocr_carea' id='block_1_33' title="bbox 232 2751 3502 2823">
    <p class='ocr_par' dir='ltr' id='par_1_33' title="bbox 232 2751 3502 2823">
     <span class='ocr_line' id='line_1_33' title="bbox 232 2751 3502 2823; baseline -0.001 -14"><span class='ocrx_word' id='word_1_311' title='bbox 232 2756 664 2823; x_wconf 84' lang='lat' dir='ltr'><strong>perseverabant,</strong></span> <span class='ocrx_word' id='word_1_312' title='bbox 692 2751 987 2823; x_wconf 37' lang='lat' dir='ltr'><strong>per—visum</strong></span> <span class='ocrx_word' id='word_1_313' title='bbox 1020 2756 1332 2823; x_wconf 87' lang='lat' dir='ltr'><strong>apparebat,</strong></span> <span class='ocrx_word' id='word_1_314' title='bbox 1368 2768 1460 2806; x_wconf 89' lang='lat' dir='ltr'><strong>eos</strong></span> <span class='ocrx_word' id='word_1_315' title='bbox 1486 2752 1551 2805; x_wconf 90' lang='lat' dir='ltr'><strong>ad</strong></span> <span class='ocrx_word' id='word_1_316' title='bbox 1583 2752 1889 2820; x_wconf 88' lang='lat' dir='ltr'><strong>patientiam</strong></span> <span class='ocrx_word' id='word_1_317' title='bbox 1915 2752 2239 2805; x_wconf 85' lang='lat' dir='ltr'><strong>adhortandi</strong></span> <span class='ocrx_word' id='word_1_318' title='bbox 2266 2753 2469 2823; x_wconf 82' lang='lat' dir='ltr'><strong>gratia,</strong></span> <span class='ocrx_word' id='word_1_319' title='bbox 2489 2751 2749 2818; x_wconf 85' lang='lat' dir='ltr'><strong>pollicens</strong></span> <span class='ocrx_word' id='word_1_320' title='bbox 2775 2766 2895 2804; x_wconf 81' lang='lat' dir='ltr'><strong>sese</strong></span> <span class='ocrx_word' id='word_1_321' title='bbox 2928 2751 3139 2823; x_wconf 79' lang='lat' dir='ltr'><strong>tandem</strong></span> <span class='ocrx_word' id='word_1_322' title='bbox 3184 2752 3502 2821; x_wconf 86' lang='lat' dir='ltr'><strong>aliquando,</strong></span> 
     </span>
    </p>
   </div>
   <div class='ocr_carea' id='block_1_34' title="bbox 235 2821 3504 2893">
    <p class='ocr_par' dir='ltr' id='par_1_34' title="bbox 235 2821 3504 2893">
     <span class='ocr_line' id='line_1_34' title="bbox 235 2821 3504 2893; baseline -0 -17"><span class='ocrx_word' id='word_1_323' title='bbox 235 2821 384 2893; x_wconf 85' lang='lat' dir='ltr'><strong>idque</strong></span> <span class='ocrx_word' id='word_1_324' title='bbox 402 2827 571 2889; x_wconf 91' lang='lat' dir='ltr'><strong>brevi,</strong></span> <span class='ocrx_word' id='word_1_325' title='bbox 592 2821 847 2878; x_wconf 80' lang='lat' dir='ltr'><strong>adversus</strong></span> <span class='ocrx_word' id='word_1_326' title='bbox 875 2825 997 2877; x_wconf 83' lang='lat' dir='ltr'><strong>ﬁdei</strong></span> <span class='ocrx_word' id='word_1_327' title='bbox 1029 2821 1207 2878; x_wconf 79' lang='lat' dir='ltr'><strong>hostes</strong></span> <span class='ocrx_word' id='word_1_328' title='bbox 1228 2823 1618 2876; x_wconf 86' lang='lat' dir='ltr'><strong>vindicaturum</strong></span> <span class='ocrx_word' id='word_1_329' title='bbox 1642 2831 1838 2893; x_wconf 18' lang='lat' dir='ltr'><strong>;»atque</strong></span> <span class='ocrx_word' id='word_1_330' title='bbox 1859 2838 1924 2877; x_wconf 89' lang='lat' dir='ltr'><strong>eo</strong></span> <span class='ocrx_word' id='word_1_331' title='bbox 1947 2825 2205 2890; x_wconf 88' lang='lat' dir='ltr'><strong>temporis</strong></span> <span class='ocrx_word' id='word_1_332' title='bbox 2229 2822 2539 2886; x_wconf 84' lang='lat' dir='ltr'><strong>intervallo,</strong></span> <span class='ocrx_word' id='word_1_333' title='bbox 2568 2835 2687 2893; x_wconf 85' lang='lat' dir='ltr'><strong>cum</strong></span> <span class='ocrx_word' id='word_1_334' title='bbox 2717 2835 2921 2893; x_wconf 77' lang='lat' dir='ltr'><strong>nempe</strong></span> <span class='ocrx_word' id='word_1_335' title='bbox 2939 2821 3170 2893; x_wconf 86' lang='lat' dir='ltr'><strong>maxime</strong></span> <span class='ocrx_word' id='word_1_336' title='bbox 3204 2824 3504 2893; x_wconf 87' lang='lat' dir='ltr'><strong>persecutio</strong></span> 
     </span>
    </p>
   </div>
   <div class='ocr_carea' id='block_1_35' title="bbox 235 2891 3504 2961">
    <p class='ocr_par' dir='ltr' id='par_1_35' title="bbox 235 2891 3504 2961">
     <span class='ocr_line' id='line_1_35' title="bbox 235 2891 3504 2961; baseline -0.002 -12"><span class='ocrx_word' id='word_1_337' title='bbox 235 2891 437 2950; x_wconf 65' lang='lat' dir='ltr'><strong>saeﬁret</strong></span> <span class='ocrx_word' id='word_1_338' title='bbox 462 2936 476 2957; x_wconf 91' lang='lat'><strong>,</strong></span> <span class='ocrx_word' id='word_1_339' title='bbox 540 2896 817 2961; x_wconf 59' lang='lat' dir='ltr'><strong>praesentis</strong></span> <span class='ocrx_word' id='word_1_340' title='bbox 851 2895 1083 2947; x_wconf 73' lang='lat' dir='ltr'><strong>homilia:</strong></span> <span class='ocrx_word' id='word_1_341' title='bbox 1114 2905 1299 2948; x_wconf 88' lang='lat' dir='ltr'><strong>auctor</strong></span> <span class='ocrx_word' id='word_1_342' title='bbox 1326 2908 1631 2947; x_wconf 89' lang='lat' dir='ltr'><strong>sermonem</strong></span> <span class='ocrx_word' id='word_1_343' title='bbox 1660 2891 1862 2955; x_wconf 86' lang='lat' dir='ltr'><strong>habuit,</strong></span> <span class='ocrx_word' id='word_1_344' title='bbox 1913 2904 1971 2946; x_wconf 90' lang='lat' dir='ltr'><strong>ut</strong></span> <span class='ocrx_word' id='word_1_345' title='bbox 1999 2908 2067 2945; x_wconf 82' lang='lat' dir='ltr'><strong>ex</strong></span> <span class='ocrx_word' id='word_1_346' title='bbox 2100 2893 2217 2961; x_wconf 75' lang='lat' dir='ltr'><strong>cjns</strong></span> <span class='ocrx_word' id='word_1_347' title='bbox 2243 2892 2473 2945; x_wconf 87' lang='lat' dir='ltr'><strong>lectione</strong></span> <span class='ocrx_word' id='word_1_348' title='bbox 2499 2891 2717 2961; x_wconf 77' lang='lat' dir='ltr'><strong>patebit.</strong></span> <span class='ocrx_word' id='word_1_349' title='bbox 2744 2892 2809 2959; x_wconf 84' lang='lat' dir='ltr'><strong>Et</strong></span> <span class='ocrx_word' id='word_1_350' title='bbox 2837 2891 3049 2956; x_wconf 81' lang='lat' dir='ltr'><strong>quidem</strong></span> <span class='ocrx_word' id='word_1_351' title='bbox 3080 2892 3239 2958; x_wconf 90' lang='lat' dir='ltr'><strong>paulo</strong></span> <span class='ocrx_word' id='word_1_352' title='bbox 3270 2900 3389 2959; x_wconf 88' lang='lat' dir='ltr'><strong>post</strong></span> <span class='ocrx_word' id='word_1_353' title='bbox 3425 2892 3504 2946; x_wconf 85' lang='lat' dir='ltr'><strong>rei</strong></span> 
     </span>
    </p>
   </div>
   <div class='ocr_carea' id='block_1_36' title="bbox 232 2960 3504 3035">
    <p class='ocr_par' dir='ltr' id='par_1_36' title="bbox 232 2960 3504 3035">
     <span class='ocr_line' id='line_1_36' title="bbox 232 2960 3504 3035; baseline -0.002 -16"><span class='ocrx_word' id='word_1_354' title='bbox 232 2977 444 3019; x_wconf 83' lang='lat' dir='ltr'><strong>eventus</strong></span> <span class='ocrx_word' id='word_1_355' title='bbox 482 2967 619 3018; x_wconf 69' lang='lat' dir='ltr'><strong>beati</strong></span> <span class='ocrx_word' id='word_1_356' title='bbox 660 2966 909 3035; x_wconf 83' lang='lat' dir='ltr'><strong>martyris</strong></span> <span class='ocrx_word' id='word_1_357' title='bbox 941 2964 2087 3035; x_wconf 71' lang='lat' dir='ltr'><strong>pollicitationqu_vcriratemcomprobavit</strong></span> <span class='ocrx_word' id='word_1_358' title='bbox 2109 2960 2137 3025; x_wconf 14' lang='lat'><strong>,7</strong></span> <span class='ocrx_word' id='word_1_359' title='bbox 2162 2973 2217 3015; x_wconf 93' lang='lat' dir='ltr'><strong>ut</strong></span> <span class='ocrx_word' id='word_1_360' title='bbox 2248 2963 2392 3035; x_wconf 89' lang='lat' dir='ltr'><strong>idem</strong></span> <span class='ocrx_word' id='word_1_361' title='bbox 2424 2961 2613 3035; x_wconf 83' lang='lat' dir='ltr'><strong>scribit</strong></span> <span class='ocrx_word' id='word_1_362' title='bbox 2643 2960 2969 3035; x_wconf 62' lang='lat' dir='ltr'><strong>Procopius,</strong></span> <span class='ocrx_word' id='word_1_363' title='bbox 3019 2961 3109 3028; x_wconf 89' lang='lat' dir='ltr'><strong>qui</strong></span> <span class='ocrx_word' id='word_1_364' title='bbox 3141 2962 3301 3035; x_wconf 64' lang='lat' dir='ltr'><strong>rebus</strong></span> <span class='ocrx_word' id='word_1_365' title='bbox 3326 2962 3504 3035; x_wconf 64' lang='lat' dir='ltr'><strong>gestis</strong></span> 
     </span>
    </p>
   </div>
   <div class='ocr_carea' id='block_1_37' title="bbox 236 3028 3503 3103">
    <p class='ocr_par' dir='ltr' id='par_1_37' title="bbox 236 3028 3503 3103">
     <span class='ocr_line' id='line_1_37' title="bbox 236 3028 3503 3103; baseline -0.002 -14"><span class='ocrx_word' id='word_1_366' title='bbox 236 3050 466 3103; x_wconf 69' lang='lat' dir='ltr'><strong>prmsens</strong></span> <span class='ocrx_word' id='word_1_367' title='bbox 480 3036 685 3089; x_wconf 89' lang='lat' dir='ltr'><strong>aderat.</strong></span> <span class='ocrx_word' id='word_1_368' title='bbox 706 3028 915 3088; x_wconf 70' lang='lat' dir='ltr'><strong>Etenim</strong></span> <span class='ocrx_word' id='word_1_369' title='bbox 934 3028 1052 3087; x_wconf 81' lang='lat' dir='ltr'><strong>oum</strong></span> <span class='ocrx_word' id='word_1_370' title='bbox 1073 3036 1357 3087; x_wconf 83' lang='lat' dir='ltr'><strong>Belisarius</strong></span> <span class='ocrx_word' id='word_1_371' title='bbox 1378 3032 1678 3087; x_wconf 74' lang='lat' dir='ltr'><strong>Jusuniano</strong></span> <span class='ocrx_word' id='word_1_372' title='bbox 1702 3028 2000 3100; x_wconf 79' lang='lat' dir='ltr'><strong>imperante</strong></span> <span class='ocrx_word' id='word_1_373' title='bbox 2016 3036 2158 3085; x_wconf 83' lang='lat' dir='ltr'><strong>circa</strong></span> <span class='ocrx_word' id='word_1_374' title='bbox 2178 3034 2348 3087; x_wconf 89' lang='lat' dir='ltr'><strong>sancti</strong></span> <span class='ocrx_word' id='word_1_375' title='bbox 2372 3030 2620 3103; x_wconf 73' lang='lat' dir='ltr'><strong>martyris</strong></span> <span class='ocrx_word' id='word_1_376' title='bbox 2637 3028 2940 3103; x_wconf 63' lang='lat' dir='ltr'><strong>festivitatis</strong></span> <span class='ocrx_word' id='word_1_377' title='bbox 2960 3040 3171 3103; x_wconf 82' lang='lat' dir='ltr'><strong>tempus</strong></span> <span class='ocrx_word' id='word_1_378' title='bbox 3194 3032 3244 3083; x_wconf 89' lang='lat' dir='ltr'><strong>in</strong></span> <span class='ocrx_word' id='word_1_379' title='bbox 3269 3030 3503 3103; x_wconf 85' lang='lat' dir='ltr'><strong>Africam</strong></span> 
     </span>
    </p>
   </div>
   <div class='ocr_carea' id='block_1_38' title="bbox 231 3100 3505 3173">
    <p class='ocr_par' dir='ltr' id='par_1_38' title="bbox 231 3100 3505 3173">
     <span class='ocr_line' id='line_1_38' title="bbox 231 3100 3505 3173; baseline -0.002 -15"><span class='ocrx_word' id='word_1_380' title='bbox 231 3100 537 3173; x_wconf 77' lang='lat' dir='ltr'><strong>appulisset,</strong></span> <span class='ocrx_word' id='word_1_381' title='bbox 572 3115 715 3159; x_wconf 90' lang='lat' dir='ltr'><strong>recta</strong></span> <span class='ocrx_word' id='word_1_382' title='bbox 748 3107 1120 3173; x_wconf 74' lang='lat' dir='ltr'><strong>Carthaginem</strong></span> <span class='ocrx_word' id='word_1_383' title='bbox 1154 3105 1327 3173; x_wconf 88' lang='lat' dir='ltr'><strong>petiit,</strong></span> <span class='ocrx_word' id='word_1_384' title='bbox 1361 3112 1520 3172; x_wconf 81' lang='lat' dir='ltr'><strong>atque</strong></span> <span class='ocrx_word' id='word_1_385' title='bbox 1544 3102 1596 3156; x_wconf 91' lang='lat' dir='ltr'><strong>in</strong></span> <span class='ocrx_word' id='word_1_386' title='bbox 1628 3104 1743 3169; x_wconf 89' lang='lat' dir='ltr'><strong>ipso</strong></span> <span class='ocrx_word' id='word_1_387' title='bbox 1776 3104 1969 3157; x_wconf 90' lang='lat' dir='ltr'><strong>natalis</strong></span> <span class='ocrx_word' id='word_1_388' title='bbox 1999 3103 2304 3173; x_wconf 86' lang='lat' dir='ltr'><strong>Cyprianici</strong></span> <span class='ocrx_word' id='word_1_389' title='bbox 2334 3102 2632 3173; x_wconf 75' lang='lat' dir='ltr'><strong>pervigilio,</strong></span> <span class='ocrx_word' id='word_1_390' title='bbox 2662 3100 2852 3173; x_wconf 71' lang='lat' dir='ltr'><strong>Ariani</strong></span> <span class='ocrx_word' id='word_1_391' title='bbox 2883 3102 2971 3169; x_wconf 91' lang='lat' dir='ltr'><strong>qui</strong></span> <span class='ocrx_word' id='word_1_392' title='bbox 3002 3101 3279 3168; x_wconf 86' lang='lat' dir='ltr'><strong>templum,</strong></span> <span class='ocrx_word' id='word_1_393' title='bbox 3314 3113 3369 3154; x_wconf 92' lang='lat' dir='ltr'><strong>ut</strong></span> <span class='ocrx_word' id='word_1_394' title='bbox 3395 3101 3505 3173; x_wconf 79' lang='lat' dir='ltr'><strong>jam</strong></span> 
     </span>
    </p>
   </div>
   <div class='ocr_carea' id='block_1_39' title="bbox 232 3171 3506 3244">
    <p class='ocr_par' dir='ltr' id='par_1_39' title="bbox 232 3171 3506 3244">
     <span class='ocr_line' id='line_1_39' title="bbox 232 3171 3506 3244; baseline -0.002 -16"><span class='ocrx_word' id='word_1_395' title='bbox 232 3171 477 3237; x_wconf 66' lang='lat' dir='ltr'><strong>diximus,</strong></span> <span class='ocrx_word' id='word_1_396' title='bbox 512 3180 605 3244; x_wconf 87' lang='lat' dir='ltr'><strong>ipsi</strong></span> <span class='ocrx_word' id='word_1_397' title='bbox 635 3176 896 3240; x_wconf 80' lang='lat' dir='ltr'><strong>dicatum,</strong></span> <span class='ocrx_word' id='word_1_398' title='bbox 926 3171 986 3228; x_wconf 82' lang='lat' dir='ltr'><strong>ea</strong></span> <span class='ocrx_word' id='word_1_399' title='bbox 1009 3189 1112 3243; x_wconf 87' lang='lat' dir='ltr'><strong>qua</strong></span> <span class='ocrx_word' id='word_1_400' title='bbox 1142 3171 1849 3244; x_wconf 79' lang='lat' dir='ltr'><strong>potueiantinagniliccntia</strong></span> <span class='ocrx_word' id='word_1_401' title='bbox 1882 3171 2227 3236; x_wconf 80' lang='lat' dir='ltr'><strong>adornarunt,</strong></span> <span class='ocrx_word' id='word_1_402' title='bbox 2260 3173 2437 3226; x_wconf 89' lang='lat' dir='ltr'><strong>audita</strong></span> <span class='ocrx_word' id='word_1_403' title='bbox 2470 3171 2830 3244; x_wconf 72' lang='lat' dir='ltr'><strong>Vapdalorum</strong></span> <span class='ocrx_word' id='word_1_404' title='bbox 2860 3181 3069 3244; x_wconf 79' lang='lat' dir='ltr'><strong>strage,</strong></span> <span class='ocrx_word' id='word_1_405' title='bbox 3107 3176 3280 3244; x_wconf 75' lang='lat' dir='ltr'><strong>Iugum</strong></span> <span class='ocrx_word' id='word_1_406' title='bbox 3326 3171 3506 3244; x_wconf 54' lang='lat' dir='ltr'><strong>statim</strong></span> 
     </span>
    </p>
   </div>
   <div class='ocr_carea' id='block_1_40' title="bbox 234 3240 3509 3317">
    <p class='ocr_par' dir='ltr' id='par_1_40' title="bbox 234 3240 3509 3317">
     <span class='ocr_line' id='line_1_40' title="bbox 234 3240 3509 3317; baseline -0.001 -19"><span class='ocrx_word' id='word_1_407' title='bbox 234 3240 1369 3317; x_wconf 27' lang='lat' dir='ltr'><strong>arripuere,sicque‘catholiei&#39;recuperato</strong></span> <span class='ocrx_word' id='word_1_408' title='bbox 1420 3240 1563 3297; x_wconf 90' lang='lat' dir='ltr'><strong>beati</strong></span> <span class='ocrx_word' id='word_1_409' title='bbox 1592 3244 2094 3317; x_wconf 23' lang='lat' dir='ltr'><strong>tnartyrisAtemplo,</strong></span> <span class='ocrx_word' id='word_1_410' title='bbox 2130 3244 2469 3317; x_wconf 79' lang='lat' dir='ltr'><strong>festivitatem</strong></span> <span class='ocrx_word' id='word_1_411' title='bbox 2486 3241 2618 3317; x_wconf 58' lang='lat' dir='ltr'><strong>ejus</strong></span> <span class='ocrx_word' id='word_1_412' title='bbox 2643 3254 2766 3293; x_wconf 89' lang='lat' dir='ltr'><strong>cum</strong></span> <span class='ocrx_word' id='word_1_413' title='bbox 2809 3240 3010 3317; x_wconf 36' lang='lat' dir='ltr'><strong>inge-nti</strong></span> <span class='ocrx_word' id='word_1_414' title='bbox 3047 3243 3242 3317; x_wconf 73' lang='lat' dir='ltr'><strong>gaudio</strong></span> <span class='ocrx_word' id='word_1_415' title='bbox 3272 3240 3509 3317; x_wconf 49' lang='lat' dir='ltr'><strong>celebrty</strong></span> 
     </span>
    </p>
   </div>
   <div class='ocr_carea' id='block_1_41' title="bbox 235 3309 3508 3383">
    <p class='ocr_par' dir='ltr' id='par_1_41' title="bbox 235 3309 3508 3383">
     <span class='ocr_line' id='line_1_41' title="bbox 235 3309 3508 3383; baseline -0.001 -16"><span class='ocrx_word' id='word_1_416' title='bbox 235 3309 448 3369; x_wconf 81' lang='lat' dir='ltr'><strong>verunt.</strong></span> <span class='ocrx_word' id='word_1_417' title='bbox 486 3316 585 3370; x_wconf 85' lang='lat' dir='ltr'><strong>Sed</strong></span> <span class='ocrx_word' id='word_1_418' title='bbox 612 3309 679 3370; x_wconf 79' lang='lat' dir='ltr'><strong>de</strong></span> <span class='ocrx_word' id='word_1_419' title='bbox 710 3309 810 3369; x_wconf 69' lang='lat' dir='ltr'><strong>hac</strong></span> <span class='ocrx_word' id='word_1_420' title='bbox 838 3331 894 3369; x_wconf 88' lang='lat' dir='ltr'><strong>re</strong></span> <span class='ocrx_word' id='word_1_421' title='bbox 926 3316 1112 3379; x_wconf 88' lang='lat' dir='ltr'><strong>fusius,</strong></span> <span class='ocrx_word' id='word_1_422' title='bbox 1159 3309 1270 3369; x_wconf 87' lang='lat' dir='ltr'><strong>Deo</strong></span> <span class='ocrx_word' id='word_1_423' title='bbox 1294 3315 1476 3379; x_wconf 90' lang='lat' dir='ltr'><strong>dante,</strong></span> <span class='ocrx_word' id='word_1_424' title='bbox 1502 3309 1766 3383; x_wconf 85' lang='lat' dir='ltr'><strong>agendum</strong></span> <span class='ocrx_word' id='word_1_425' title='bbox 1793 3314 1893 3368; x_wconf 92' lang='lat' dir='ltr'><strong>erit</strong></span> <span class='ocrx_word' id='word_1_426' title='bbox 1911 3309 2140 3375; x_wconf 78' lang='lat' dir='ltr'><strong>inferius</strong></span> <span class='ocrx_word' id='word_1_427' title='bbox 2179 3313 2233 3367; x_wconf 88' lang='lat' dir='ltr'><strong>in</strong></span> <span class='ocrx_word' id='word_1_428' title='bbox 2264 3323 2450 3368; x_wconf 89' lang='lat' dir='ltr'><strong>nostro</strong></span> <span class='ocrx_word' id='word_1_429' title='bbox 2478 3309 2879 3365; x_wconf 86' lang='lat' dir='ltr'><strong>Commentario</strong></span> <span class='ocrx_word' id='word_1_430' title='bbox 2925 3310 3180 3364; x_wconf 89' lang='lat' dir='ltr'><strong>historico</strong></span> <span class='ocrx_word' id='word_1_431' title='bbox 3217 3312 3389 3379; x_wconf 90' lang='lat' dir='ltr'><strong>capite</strong></span> <span class='ocrx_word' id='word_1_432' title='bbox 3420 3311 3508 3364; x_wconf 73' lang='grc'><strong>12.</strong></span> 
     </span>
    </p>
   </div>
   <div class='ocr_carea' id='block_1_42' title="bbox 396 3506 3323 3615">
    <p class='ocr_par' dir='ltr' id='par_1_42' title="bbox 396 3506 3323 3615">
     <span class='ocr_line' id='line_1_42' title="bbox 396 3506 3323 3615; baseline -0.004 -22"><span class='ocrx_word' id='word_1_433' title='bbox 396 3510 898 3593; x_wconf 87' lang='lat' dir='ltr'><strong>HOMILIA</strong></span> <span class='ocrx_word' id='word_1_434' title='bbox 972 3508 1130 3593; x_wconf 89' lang='lat' dir='ltr'><strong>DE</strong></span> <span class='ocrx_word' id='word_1_435' title='bbox 1206 3513 1298 3595; x_wconf 86' lang='lat' dir='ltr'><strong>S.</strong></span> <span class='ocrx_word' id='word_1_436' title='bbox 1379 3510 1973 3594; x_wconf 79' lang='lat' dir='ltr'><strong>CYPRIANO</strong></span> <span class='ocrx_word' id='word_1_437' title='bbox 2049 3513 2423 3596; x_wconf 86' lang='lat' dir='ltr'><strong>EPISC..</strong></span> <span class='ocrx_word' id='word_1_438' title='bbox 2491 3513 2643 3594; x_wconf 90' lang='lat' dir='ltr'><strong>ET</strong></span> <span class='ocrx_word' id='word_1_439' title='bbox 2716 3506 3323 3615; x_wconf 73' lang='lat' dir='ltr'><strong>MARTYRE.</strong></span> 
     </span>
    </p>
   </div>
   <div class='ocr_carea' id='block_1_43' title="bbox 1874 3651 2101 3667">
    <p class='ocr_par' dir='ltr' id='par_1_43' title="bbox 1874 3651 2101 3667">
     <span class='ocr_line' id='line_1_43' title="bbox 1874 3651 2101 3667; baseline 0 0"><span class='ocrx_word' id='word_1_440' title='bbox 1874 3651 2101 3667; x_wconf 40' lang='grc' dir='ltr'><strong>Μ-</strong></span> 
     </span>
    </p>
   </div>
   <div class='ocr_carea' id='block_1_44' title="bbox 1619 3654 1895 3667">
    <p class='ocr_par' dir='ltr' id='par_1_44' title="bbox 1619 3654 1895 3667">
     <span class='ocr_line' id='line_1_44' title="bbox 1619 3654 1895 3667; baseline 0 -3"><span class='ocrx_word' id='word_1_441' title='bbox 1619 3654 1895 3667; x_wconf 60' lang='grc' dir='ltr'><strong>-ι-ἶ</strong></span> 
     </span>
    </p>
   </div>
   <div class='ocr_carea' id='block_1_45' title="bbox 296 3706 1896 3777">
    <p class='ocr_par' dir='ltr' id='par_1_45' title="bbox 296 3706 1896 3777">
     <span class='ocr_line' id='line_1_45' title="bbox 296 3706 1896 3777; baseline 0.006 -18"><span class='ocrx_word' id='word_1_442' title='bbox 296 3706 403 3777; x_wconf 79' lang='lat'><strong>58</strong></span> <span class='ocrx_word' id='word_1_443' title='bbox 434 3706 476 3759; x_wconf 88' lang='lat' dir='ltr'><strong>l.</strong></span> <span class='ocrx_word' id='word_1_444' title='bbox 508 3707 681 3761; x_wconf 84' lang='lat' dir='ltr'><strong>llodie</strong></span> <span class='ocrx_word' id='word_1_445' title='bbox 710 3723 806 3761; x_wconf 82' lang='lat' dir='ltr'><strong>nos</strong></span> <span class='ocrx_word' id='word_1_446' title='bbox 849 3706 1067 3762; x_wconf 90' lang='lat' dir='ltr'><strong>solitum</strong></span> <span class='ocrx_word' id='word_1_447' title='bbox 1096 3708 1310 3765; x_wconf 86' lang='lat' dir='ltr'><strong>deferre</strong></span> <span class='ocrx_word' id='word_1_448' title='bbox 1337 3723 1642 3767; x_wconf 89' lang='lat' dir='ltr'><strong>sermonem</strong></span> <span class='ocrx_word' id='word_1_449' title='bbox 1672 3714 1814 3768; x_wconf 89' lang='lat' dir='ltr'><strong>beati</strong></span> <span class='ocrx_word' id='word_1_450' title='bbox 1849 3719 1896 3777; x_wconf 86' lang='lat' dir='ltr'><strong>B</strong></span> 
     </span>
    </p>
   </div>
   <div class='ocr_carea' id='block_1_46' title="bbox 230 3776 1817 3852">
    <p class='ocr_par' dir='ltr' id='par_1_46' title="bbox 230 3776 1817 3852">
     <span class='ocr_line' id='line_1_46' title="bbox 230 3776 1817 3852; baseline 0.004 -22"><span class='ocrx_word' id='word_1_451' title='bbox 230 3776 481 3852; x_wconf 75' lang='lat' dir='ltr'><strong>Cypriani</strong></span> <span class='ocrx_word' id='word_1_452' title='bbox 506 3778 742 3852; x_wconf 84' lang='lat' dir='ltr'><strong>natalitia</strong></span> <span class='ocrx_word' id='word_1_453' title='bbox 778 3778 912 3852; x_wconf 88' lang='lat' dir='ltr'><strong>festa</strong></span> <span class='ocrx_word' id='word_1_454' title='bbox 944 3780 1288 3847; x_wconf 90' lang='lat' dir='ltr'><strong>compellunt.</strong></span> <span class='ocrx_word' id='word_1_455' title='bbox 1324 3780 1455 3849; x_wconf 80' lang='lat' dir='ltr'><strong>Quis</strong></span> <span class='ocrx_word' id='word_1_456' title='bbox 1482 3784 1623 3836; x_wconf 91' lang='lat' dir='ltr'><strong>enim</strong></span> <span class='ocrx_word' id='word_1_457' title='bbox 1647 3785 1817 3852; x_wconf 89' lang='lat' dir='ltr'><strong>possit</strong></span> 
     </span>
    </p>
   </div>
   <div class='ocr_carea' id='block_1_47' title="bbox 228 3849 1815 3919">
    <p class='ocr_par' dir='ltr' id='par_1_47' title="bbox 228 3849 1815 3919">
     <span class='ocr_line' id='line_1_47' title="bbox 228 3849 1815 3919; baseline 0.005 -20"><span class='ocrx_word' id='word_1_458' title='bbox 228 3851 354 3901; x_wconf 86' lang='lat' dir='ltr'><strong>tanti</strong></span> <span class='ocrx_word' id='word_1_459' title='bbox 380 3850 638 3919; x_wconf 74' lang='lat' dir='ltr'><strong>martyris</strong></span> <span class='ocrx_word' id='word_1_460' title='bbox 663 3849 822 3919; x_wconf 79' lang='lat' dir='ltr'><strong>silere</strong></span> <span class='ocrx_word' id='word_1_461' title='bbox 846 3851 1091 3915; x_wconf 89' lang='lat' dir='ltr'><strong>virtutes,</strong></span> <span class='ocrx_word' id='word_1_462' title='bbox 1128 3859 1305 3904; x_wconf 89' lang='lat' dir='ltr'><strong>tacere</strong></span> <span class='ocrx_word' id='word_1_463' title='bbox 1333 3853 1557 3919; x_wconf 82' lang='lat' dir='ltr'><strong>gloriam</strong></span> <span class='ocrx_word' id='word_1_464' title='bbox 1577 3894 1592 3918; x_wconf 92' lang='lat'><strong>,</strong></span> <span class='ocrx_word' id='word_1_465' title='bbox 1628 3849 1815 3908; x_wconf 80' lang='lat' dir='ltr'><strong>merita</strong></span> 
     </span>
    </p>
   </div>
   <div class='ocr_carea' id='block_1_48' title="bbox 226 3918 1815 3990">
    <p class='ocr_par' dir='ltr' id='par_1_48' title="bbox 226 3918 1815 3990">
     <span class='ocr_line' id='line_1_48' title="bbox 226 3918 1815 3990; baseline 0.006 -21"><span class='ocrx_word' id='word_1_466' title='bbox 226 3933 327 3969; x_wconf 87' lang='lat' dir='ltr'><strong>non</strong></span> <span class='ocrx_word' id='word_1_467' title='bbox 352 3918 588 3990; x_wconf 86' lang='lat' dir='ltr'><strong>referre,</strong></span> <span class='ocrx_word' id='word_1_468' title='bbox 618 3920 718 3971; x_wconf 89' lang='lat' dir='ltr'><strong>nisi</strong></span> <span class='ocrx_word' id='word_1_469' title='bbox 740 3918 877 3972; x_wconf 86' lang='lat' dir='ltr'><strong>forte</strong></span> <span class='ocrx_word' id='word_1_470' title='bbox 894 3923 981 3988; x_wconf 88' lang='lat' dir='ltr'><strong>qui</strong></span> <span class='ocrx_word' id='word_1_471' title='bbox 1014 3936 1153 3973; x_wconf 90' lang='lat' dir='ltr'><strong>nunc</strong></span> <span class='ocrx_word' id='word_1_472' title='bbox 1176 3918 1424 3976; x_wconf 29' lang='lat' dir='ltr'><strong>mmro’ris</strong></span> <span class='ocrx_word' id='word_1_473' title='bbox 1445 3924 1561 3990; x_wconf 86' lang='lat' dir='ltr'><strong>ejus</strong></span> <span class='ocrx_word' id='word_1_474' title='bbox 1586 3925 1815 3990; x_wconf 62' lang='lat' dir='ltr'><strong>preprite</strong></span> 
     </span>
    </p>
   </div>
   <div class='ocr_carea' id='block_1_49' title="bbox 224 3989 1813 4053">
    <p class='ocr_par' dir='ltr' id='par_1_49' title="bbox 224 3989 1813 4053">
     <span class='ocr_line' id='line_1_49' title="bbox 224 3989 1813 4053; baseline 0.003 -12"><span class='ocrx_word' id='word_1_475' title='bbox 224 3990 365 4041; x_wconf 77' lang='lat' dir='ltr'><strong>sedis</strong></span> <span class='ocrx_word' id='word_1_476' title='bbox 406 3989 762 4041; x_wconf 58' lang='lat' dir='ltr'><strong>atriissionem</strong></span> <span class='ocrx_word' id='word_1_477' title='bbox 813 3992 1160 4053; x_wconf 90' lang='lat' dir='ltr'><strong>persentiunt.</strong></span> <span class='ocrx_word' id='word_1_478' title='bbox 1196 3992 1306 4043; x_wconf 83' lang='grc' dir='ltr'>Νοιι</span> <span class='ocrx_word' id='word_1_479' title='bbox 1351 3991 1439 4045; x_wconf 91' lang='lat' dir='ltr'><strong>ille</strong></span> <span class='ocrx_word' id='word_1_480' title='bbox 1472 3989 1813 4047; x_wconf 80' lang='lat' dir='ltr'><strong>victar-iarum</strong></span> 
     </span>
    </p>
   </div>
   <div class='ocr_carea' id='block_1_50' title="bbox 224 4058 1815 4129">
    <p class='ocr_par' dir='ltr' id='par_1_50' title="bbox 224 4058 1815 4129">
     <span class='ocr_line' id='line_1_50' title="bbox 224 4058 1815 4129; baseline 0.004 -18"><span class='ocrx_word' id='word_1_481' title='bbox 224 4072 443 4112; x_wconf 87' lang='lat' dir='ltr'><strong>suarum</strong></span> <span class='ocrx_word' id='word_1_482' title='bbox 482 4058 638 4111; x_wconf 90' lang='lat' dir='ltr'><strong>modo</strong></span> <span class='ocrx_word' id='word_1_483' title='bbox 676 4058 784 4129; x_wconf 81' lang='lat' dir='ltr'><strong>agit</strong></span> <span class='ocrx_word' id='word_1_484' title='bbox 814 4061 864 4129; x_wconf 80' lang='lat' dir='ltr'><strong>in</strong></span> <span class='ocrx_word' id='word_1_485' title='bbox 888 4060 1198 4114; x_wconf 63' lang='lat' dir='ltr'><strong>caelestibus</strong></span> <span class='ocrx_word' id='word_1_486' title='bbox 1226 4063 1304 4114; x_wconf 89' lang='lat' dir='ltr'><strong>sic</strong></span> <span class='ocrx_word' id='word_1_487' title='bbox 1333 4062 1631 4129; x_wconf 86' lang='lat' dir='ltr'><strong>triumphos</strong></span> <span class='ocrx_word' id='word_1_488' title='bbox 1653 4078 1815 4118; x_wconf 89' lang='lat' dir='ltr'><strong>coro-</strong></span> 
     </span>
    </p>
   </div>
   <div class='ocr_carea' id='block_1_51' title="bbox 222 4074 1820 4199">
    <p class='ocr_par' dir='ltr' id='par_1_51' title="bbox 222 4074 1820 4199">
     <span class='ocr_line' id='line_1_51' title="bbox 224 4074 1815 4129; baseline 0.004 -18"><span class='ocrx_word' id='word_1_489' title='bbox 224 4074 443 4112; x_wconf 85' lang='lat' dir='ltr'><strong>suarum</strong></span> <span class='ocrx_word' id='word_1_490' title='bbox 482 4074 638 4111; x_wconf 84' lang='lat' dir='ltr'><strong>modo</strong></span> <span class='ocrx_word' id='word_1_491' title='bbox 676 4074 702 4109; x_wconf 92' lang='lat' dir='ltr'><strong>a</strong></span> <span class='ocrx_word' id='word_1_492' title='bbox 746 4074 784 4110; x_wconf 88' lang='grc' dir='ltr'><strong>ιι</strong></span> <span class='ocrx_word' id='word_1_493' title='bbox 814 4074 864 4110; x_wconf 85' lang='grc' dir='ltr'><strong>ιιι</strong></span> <span class='ocrx_word' id='word_1_494' title='bbox 888 4074 1198 4114; x_wconf 72' lang='lat' dir='ltr'><strong>canesubus</strong></span> <span class='ocrx_word' id='word_1_495' title='bbox 1226 4076 1304 4114; x_wconf 82' lang='lat' dir='ltr'><strong>Sic</strong></span> <span class='ocrx_word' id='word_1_496' title='bbox 1333 4074 1631 4129; x_wconf 81' lang='lat' dir='ltr'><strong>ll‘lllmpltos</strong></span> <span class='ocrx_word' id='word_1_497' title='bbox 1653 4078 1815 4118; x_wconf 89' lang='lat' dir='ltr'><strong>coro-</strong></span> 
     </span>
     <span class='ocr_line' id='line_1_52' title="bbox 222 4074 1820 4199; baseline 0.005 -19"><span class='ocrx_word' id='word_1_498' title='bbox 222 4143 413 4181; x_wconf 90' lang='lat' dir='ltr'><strong>narum</strong></span> <span class='ocrx_word' id='word_1_499' title='bbox 447 4143 670 4181; x_wconf 86' lang='lat' dir='ltr'><strong>suarum</strong></span> <span class='ocrx_word' id='word_1_500' title='bbox 708 4074 854 4199; x_wconf 55' lang='lat' dir='ltr'><strong>face]</strong></span> <span class='ocrx_word' id='word_1_501' title='bbox 908 4133 1152 4196; x_wconf 89' lang='lat' dir='ltr'><strong>supernis</strong></span> <span class='ocrx_word' id='word_1_502' title='bbox 1187 4131 1366 4185; x_wconf 82' lang='lat' dir='ltr'><strong>infulis</strong></span> <span class='ocrx_word' id='word_1_503' title='bbox 1396 4132 1474 4185; x_wconf 87' lang='lat' dir='ltr'><strong>sic</strong></span> <span class='ocrx_word' id='word_1_504' title='bbox 1506 4136 1723 4199; x_wconf 90' lang='lat' dir='ltr'><strong>potitur,</strong></span> <span class='ocrx_word' id='word_1_505' title='bbox 1761 4143 1820 4188; x_wconf 85' lang='lat' dir='ltr'><strong>ut</strong></span> 
     </span>
    </p>
   </div>
   <div class='ocr_carea' id='block_1_52' title="bbox 222 4198 1817 4278">
    <p class='ocr_par' dir='ltr' id='par_1_52' title="bbox 222 4198 1817 4278">
     <span class='ocr_line' id='line_1_53' title="bbox 222 4198 1817 4278; baseline 0.006 -29"><span class='ocrx_word' id='word_1_506' title='bbox 222 4199 558 4278; x_wconf 40' lang='lat' dir='ltr'><strong>non-laniati</strong></span> <span class='ocrx_word' id='word_1_507' title='bbox 599 4198 781 4278; x_wconf 80' lang='lat' dir='ltr'><strong>populi</strong></span> <span class='ocrx_word' id='word_1_508' title='bbox 807 4239 840 4278; x_wconf 87' lang='lat'><strong>,_</strong></span> <span class='ocrx_word' id='word_1_509' title='bbox 864 4199 1104 4278; x_wconf 77' lang='lat' dir='ltr'><strong>dispersi</strong></span> <span class='ocrx_word' id='word_1_510' title='bbox 1125 4202 1276 4278; x_wconf 82' lang='lat' dir='ltr'><strong>cleri,</strong></span> <span class='ocrx_word' id='word_1_511' title='bbox 1312 4203 1469 4278; x_wconf 77' lang='lat' dir='ltr'><strong>fugati</strong></span> <span class='ocrx_word' id='word_1_512' title='bbox 1499 4198 1817 4278; x_wconf 83' lang='lat' dir='ltr'><strong>sacerdotii,</strong></span> 
     </span>
    </p>
   </div>
   <div class='ocr_carea' id='block_1_53' title="bbox 221 4269 1817 4340">
    <p class='ocr_par' dir='ltr' id='par_1_53' title="bbox 221 4269 1817 4340">
     <span class='ocr_line' id='line_1_54' title="bbox 221 4269 1817 4340; baseline 0.004 -19"><span class='ocrx_word' id='word_1_513' title='bbox 221 4270 449 4340; x_wconf 75' lang='lat' dir='ltr'><strong>perdita:</strong></span> <span class='ocrx_word' id='word_1_514' title='bbox 480 4269 766 4331; x_wconf 85' lang='lat' dir='ltr'><strong>castitatis,</strong></span> <span class='ocrx_word' id='word_1_515' title='bbox 794 4269 974 4321; x_wconf 85' lang='lat' dir='ltr'><strong>violati</strong></span> <span class='ocrx_word' id='word_1_516' title='bbox 1004 4271 1251 4338; x_wconf 89' lang='lat' dir='ltr'><strong>pudoris,</strong></span> <span class='ocrx_word' id='word_1_517' title='bbox 1280 4273 1463 4340; x_wconf 85' lang='lat' dir='ltr'><strong>polluti</strong></span> <span class='ocrx_word' id='word_1_518' title='bbox 1493 4269 1817 4340; x_wconf 80' lang='lat' dir='ltr'><strong>sanctuarii,</strong></span> 
     </span>
    </p>
   </div>
   <div class='ocr_carea' id='block_1_54' title="bbox 222 4339 1818 4408">
    <p class='ocr_par' dir='ltr' id='par_1_54' title="bbox 222 4339 1818 4408">
     <span class='ocr_line' id='line_1_55' title="bbox 222 4339 1818 4408; baseline 0.006 -19"><span class='ocrx_word' id='word_1_519' title='bbox 222 4339 404 4393; x_wconf 77' lang='lat' dir='ltr'><strong>altaris</strong></span> <span class='ocrx_word' id='word_1_520' title='bbox 454 4340 725 4407; x_wconf 87' lang='lat' dir='ltr'><strong>profanati</strong></span> <span class='ocrx_word' id='word_1_521' title='bbox 757 4340 958 4406; x_wconf 79' lang='lat' dir='ltr'><strong>grande</strong></span> <span class='ocrx_word' id='word_1_522' title='bbox 1003 4340 1195 4394; x_wconf 87' lang='lat' dir='ltr'><strong>vulnus</strong></span> <span class='ocrx_word' id='word_1_523' title='bbox 1225 4339 1344 4395; x_wconf 88' lang='lat' dir='ltr'><strong>cum</strong></span> <span class='ocrx_word' id='word_1_524' title='bbox 1389 4344 1501 4408; x_wconf 90' lang='lat' dir='ltr'><strong>ipsa</strong></span> <span class='ocrx_word' id='word_1_525' title='bbox 1551 4346 1818 4399; x_wconf 87' lang='lat' dir='ltr'><strong>viscerum</strong></span> 
     </span>
    </p>
   </div>
   <div class='ocr_carea' id='block_1_55' title="bbox 221 4410 1822 4480">
    <p class='ocr_par' dir='ltr' id='par_1_55' title="bbox 221 4410 1822 4480">
     <span class='ocr_line' id='line_1_56' title="bbox 221 4410 1822 4480; baseline 0.004 -20"><span class='ocrx_word' id='word_1_526' title='bbox 221 4419 445 4463; x_wconf 81' lang='lat' dir='ltr'><strong>suorum</strong></span> <span class='ocrx_word' id='word_1_527' title='bbox 474 4411 794 4477; x_wconf 86' lang='lat' dir='ltr'><strong>captivitate</strong></span> <span class='ocrx_word' id='word_1_528' title='bbox 822 4410 1088 4476; x_wconf 87' lang='lat' dir='ltr'><strong>deploret.</strong></span> <span class='ocrx_word' id='word_1_529' title='bbox 1118 4412 1230 4478; x_wconf 90' lang='lat' dir='ltr'><strong>Ipse</strong></span> <span class='ocrx_word' id='word_1_530' title='bbox 1258 4423 1341 4466; x_wconf 90' lang='lat' dir='ltr'><strong>est</strong></span> <span class='ocrx_word' id='word_1_531' title='bbox 1367 4414 1454 4480; x_wconf 90' lang='lat' dir='ltr'><strong>qui</strong></span> <span class='ocrx_word' id='word_1_532' title='bbox 1484 4424 1536 4465; x_wconf 89' lang='lat' dir='ltr'><strong>et</strong></span> <span class='ocrx_word' id='word_1_533' title='bbox 1557 4423 1681 4468; x_wconf 89' lang='lat' dir='ltr'><strong>ante</strong></span> <span class='ocrx_word' id='word_1_534' title='bbox 1711 4416 1822 4480; x_wconf 90' lang='lat' dir='ltr'><strong>lap-</strong></span> 
     </span>
    </p>
   </div>
   <div class='ocr_carea' id='block_1_56' title="bbox 222 4480 1821 4550">
    <p class='ocr_par' dir='ltr' id='par_1_56' title="bbox 222 4480 1821 4550">
     <span class='ocr_line' id='line_1_57' title="bbox 222 4480 1821 4550; baseline 0.004 -19"><span class='ocrx_word' id='word_1_535' title='bbox 222 4491 310 4531; x_wconf 74' lang='lat' dir='ltr'><strong>sos</strong></span> <span class='ocrx_word' id='word_1_536' title='bbox 330 4490 389 4533; x_wconf 90' lang='lat' dir='ltr'><strong>et</strong></span> <span class='ocrx_word' id='word_1_537' title='bbox 418 4481 613 4532; x_wconf 88' lang='lat' dir='ltr'><strong>ruinas</strong></span> <span class='ocrx_word' id='word_1_538' title='bbox 638 4494 859 4533; x_wconf 89' lang='lat' dir='ltr'><strong>suorum</strong></span> <span class='ocrx_word' id='word_1_539' title='bbox 894 4480 983 4532; x_wconf 86' lang='lat' dir='ltr'><strong>tali</strong></span> <span class='ocrx_word' id='word_1_540' title='bbox 1016 4480 1176 4535; x_wconf 86' lang='lat' dir='ltr'><strong>dellet</strong></span> <span class='ocrx_word' id='word_1_541' title='bbox 1200 4482 1413 4550; x_wconf 77' lang='lat' dir='ltr'><strong>affectu,</strong></span> <span class='ocrx_word' id='word_1_542' title='bbox 1440 4482 1627 4537; x_wconf 91' lang='lat' dir='ltr'><strong>dicens</strong></span> <span class='ocrx_word' id='word_1_543' title='bbox 1658 4502 1669 4535; x_wconf 89' lang='lat'><strong>:</strong></span> <span class='ocrx_word' id='word_1_544' title='bbox 1704 4493 1729 4521; x_wconf 73' lang='grc' dir='ltr'><strong>ι</strong></span> <span class='ocrx_word' id='word_1_545' title='bbox 1754 4484 1821 4538; x_wconf 78' lang='lat' dir='ltr'><strong>Et</strong></span> 
     </span>
    </p>
   </div>
   <div class='ocr_carea' id='block_1_57' title="bbox 220 4551 1823 4620">
    <p class='ocr_par' dir='ltr' id='par_1_57' title="bbox 220 4551 1823 4620">
     <span class='ocr_line' id='line_1_58' title="bbox 220 4551 1823 4620; baseline 0.006 -22"><span class='ocrx_word' id='word_1_546' title='bbox 220 4563 308 4601; x_wconf 79' lang='lat' dir='ltr'><strong>nos</strong></span> <span class='ocrx_word' id='word_1_547' title='bbox 364 4566 490 4602; x_wconf 78' lang='lat' dir='ltr'><strong>cum</strong></span> <span class='ocrx_word' id='word_1_548' title='bbox 521 4551 799 4617; x_wconf 79' lang='lat' dir='ltr'><strong>prostratis</strong></span> <span class='ocrx_word' id='word_1_549' title='bbox 832 4551 1077 4619; x_wconf 74' lang='lat' dir='ltr'><strong>fratribus</strong></span> <span class='ocrx_word' id='word_1_550' title='bbox 1125 4556 1392 4620; x_wconf 83' lang='lat' dir='ltr'><strong>prostravit</strong></span> <span class='ocrx_word' id='word_1_551' title='bbox 1436 4554 1665 4618; x_wconf 72' lang='lat' dir='ltr'><strong>a/fectus.</strong></span> <span class='ocrx_word' id='word_1_552' title='bbox 1712 4555 1823 4608; x_wconf 78' lang='lat' dir='ltr'><strong>An~</strong></span> 
     </span>
    </p>
   </div>
   <div class='ocr_carea' id='block_1_58' title="bbox 218 4620 1823 4695">
    <p class='ocr_par' dir='ltr' id='par_1_58' title="bbox 218 4620 1823 4695">
     <span class='ocr_line' id='line_1_59' title="bbox 218 4620 1823 4695; baseline 0.005 -23"><span class='ocrx_word' id='word_1_553' title='bbox 218 4620 371 4695; x_wconf 82' lang='lat' dir='ltr'><strong>tistes</strong></span> <span class='ocrx_word' id='word_1_554' title='bbox 393 4622 685 4689; x_wconf 85' lang='lat' dir='ltr'><strong>populum,</strong></span> <span class='ocrx_word' id='word_1_555' title='bbox 717 4632 897 4695; x_wconf 68' lang='lat' dir='ltr'><strong>pastor</strong></span> <span class='ocrx_word' id='word_1_556' title='bbox 912 4636 1151 4695; x_wconf 83' lang='lat' dir='ltr'><strong>gregem,</strong></span> <span class='ocrx_word' id='word_1_557' title='bbox 1173 4637 1363 4690; x_wconf 89' lang='lat' dir='ltr'><strong>parens</strong></span> <span class='ocrx_word' id='word_1_558' title='bbox 1400 4621 1564 4693; x_wconf 78' lang='lat' dir='ltr'><strong>[Colb.</strong></span> <span class='ocrx_word' id='word_1_559' title='bbox 1588 4625 1823 4695; x_wconf 89' lang='lat' dir='ltr'><strong>pariens]</strong></span> 
     </span>
    </p>
   </div>
   <div class='ocr_carea' id='block_1_59' title="bbox 218 4689 1825 4763">
    <p class='ocr_par' dir='ltr' id='par_1_59' title="bbox 218 4689 1825 4763">
     <span class='ocr_line' id='line_1_60' title="bbox 218 4689 1825 4763; baseline 0.006 -23"><span class='ocrx_word' id='word_1_560' title='bbox 218 4694 485 4763; x_wconf 82' lang='lat' dir='ltr'><strong>patriam,</strong></span> <span class='ocrx_word' id='word_1_561' title='bbox 530 4700 738 4763; x_wconf 85' lang='lat' dir='ltr'><strong>martyr</strong></span> <span class='ocrx_word' id='word_1_562' title='bbox 768 4689 927 4744; x_wconf 84' lang='lat' dir='ltr'><strong>fidem</strong></span> <span class='ocrx_word' id='word_1_563' title='bbox 960 4689 1065 4763; x_wconf 85' lang='lat' dir='ltr'><strong>non</strong></span> <span class='ocrx_word' id='word_1_564' title='bbox 1109 4689 1224 4745; x_wconf 82' lang='lat' dir='ltr'><strong>sine</strong></span> <span class='ocrx_word' id='word_1_565' title='bbox 1254 4689 1445 4761; x_wconf 72' lang='lat' dir='ltr'><strong>magno</strong></span> <span class='ocrx_word' id='word_1_566' title='bbox 1474 4689 1666 4747; x_wconf 86' lang='lat' dir='ltr'><strong>dolore</strong></span> <span class='ocrx_word' id='word_1_567' title='bbox 1702 4689 1825 4763; x_wconf 63' lang='lat' dir='ltr'><strong>per:</strong></span> 
     </span>
    </p>
   </div>
   <div class='ocr_carea' id='block_1_60' title="bbox 218 4761 1825 4831">
    <p class='ocr_par' dir='ltr' id='par_1_60' title="bbox 218 4761 1825 4831">
     <span class='ocr_line' id='line_1_61' title="bbox 218 4761 1825 4831; baseline 0.004 -18"><span class='ocrx_word' id='word_1_568' title='bbox 218 4761 408 4828; x_wconf 86' lang='lat' dir='ltr'><strong>quirit.</strong></span> <span class='ocrx_word' id='word_1_569' title='bbox 456 4762 919 4828; x_wconf 77' lang='lat' dir='ltr'><strong>Exstingueretur</strong></span> <span class='ocrx_word' id='word_1_570' title='bbox 950 4762 1237 4829; x_wconf 89' lang='lat' dir='ltr'><strong>barbarus,</strong></span> <span class='ocrx_word' id='word_1_571' title='bbox 1284 4765 1403 4831; x_wconf 85' lang='lat' dir='ltr'><strong>quia</strong></span> <span class='ocrx_word' id='word_1_572' title='bbox 1438 4764 1566 4819; x_wconf 82' lang='lat' dir='ltr'><strong>civis</strong></span> <span class='ocrx_word' id='word_1_573' title='bbox 1600 4761 1825 4819; x_wconf 86' lang='lat' dir='ltr'><strong>habetur</strong></span> 
     </span>
    </p>
   </div>
   <div class='ocr_carea' id='block_1_61' title="bbox 218 4832 1824 4904">
    <p class='ocr_par' dir='ltr' id='par_1_61' title="bbox 218 4832 1824 4904">
     <span class='ocr_line' id='line_1_62' title="bbox 218 4832 1824 4904; baseline 0.004 -21"><span class='ocrx_word' id='word_1_574' title='bbox 218 4834 562 4904; x_wconf 79' lang='lat' dir='ltr'><strong>exstinctus;</strong></span> <span class='ocrx_word' id='word_1_575' title='bbox 618 4845 721 4884; x_wconf 89' lang='lat' dir='ltr'><strong>nec</strong></span> <span class='ocrx_word' id='word_1_576' title='bbox 772 4840 977 4904; x_wconf 86' lang='lat' dir='ltr'><strong>teneret</strong></span> <span class='ocrx_word' id='word_1_577' title='bbox 1017 4832 1200 4904; x_wconf 81' lang='lat' dir='ltr'><strong>altaria</strong></span> <span class='ocrx_word' id='word_1_578' title='bbox 1236 4833 1469 4899; x_wconf 88' lang='lat' dir='ltr'><strong>perfidus</strong></span> <span class='ocrx_word' id='word_1_579' title='bbox 1496 4875 1510 4900; x_wconf 93' lang='lat'><strong>,</strong></span> <span class='ocrx_word' id='word_1_580' title='bbox 1552 4850 1578 4885; x_wconf 89' lang='lat' dir='ltr'><strong>a</strong></span> <span class='ocrx_word' id='word_1_581' title='bbox 1631 4836 1824 4904; x_wconf 87' lang='lat' dir='ltr'><strong>quibus</strong></span> 
     </span>
    </p>
   </div>
   <div class='ocr_carea' id='block_1_62' title="bbox 220 4902 1825 4974">
    <p class='ocr_par' dir='ltr' id='par_1_62' title="bbox 220 4902 1825 4974">
     <span class='ocr_line' id='line_1_63' title="bbox 220 4902 1825 4974; baseline 0.005 -23"><span class='ocrx_word' id='word_1_582' title='bbox 220 4902 396 4955; x_wconf 87' lang='lat' dir='ltr'><strong>fidelis</strong></span> <span class='ocrx_word' id='word_1_583' title='bbox 432 4903 967 4974; x_wconf 62' lang='lat' dir='ltr'><strong>lugeturexclusus,</strong></span> <span class='ocrx_word' id='word_1_584' title='bbox 999 4902 1083 4955; x_wconf 90' lang='lat' dir='ltr'><strong>vel</strong></span> <span class='ocrx_word' id='word_1_585' title='bbox 1109 4918 1169 4955; x_wconf 74' lang='lat' dir='ltr'><strong>ex</strong></span> <span class='ocrx_word' id='word_1_586' title='bbox 1204 4912 1357 4971; x_wconf 88' lang='lat' dir='ltr'><strong>parte</strong></span> <span class='ocrx_word' id='word_1_587' title='bbox 1398 4902 1664 4958; x_wconf 83' lang='lat' dir='ltr'><strong>solaretur</strong></span> <span class='ocrx_word' id='word_1_588' title='bbox 1712 4907 1825 4974; x_wconf 90' lang='lat' dir='ltr'><strong>ipse</strong></span> 
     </span>
    </p>
   </div>
   <div class='ocr_carea' id='block_1_63' title="bbox 218 4971 1823 5041">
    <p class='ocr_par' dir='ltr' id='par_1_63' title="bbox 218 4971 1823 5041">
     <span class='ocr_line' id='line_1_64' title="bbox 218 4971 1823 5041; baseline 0.004 -18"><span class='ocrx_word' id='word_1_589' title='bbox 218 4982 531 5041; x_wconf 80' lang='lat' dir='ltr'><strong>martyrum</strong></span> <span class='ocrx_word' id='word_1_590' title='bbox 567 4971 835 5036; x_wconf 89' lang='lat' dir='ltr'><strong>solitudo,</strong></span> <span class='ocrx_word' id='word_1_591' title='bbox 869 4971 953 5023; x_wconf 91' lang='lat' dir='ltr'><strong>cui</strong></span> <span class='ocrx_word' id='word_1_592' title='bbox 995 4975 1177 5041; x_wconf 91' lang='lat' dir='ltr'><strong>utique</strong></span> <span class='ocrx_word' id='word_1_593' title='bbox 1208 4974 1561 5028; x_wconf 83' lang='lat' dir='ltr'><strong>obsecuturos</strong></span> <span class='ocrx_word' id='word_1_594' title='bbox 1600 4971 1823 5039; x_wconf 82' lang='lat' dir='ltr'><strong>deerat,</strong></span> 
     </span>
    </p>
   </div>
   <div class='ocr_carea' id='block_1_64' title="bbox 215 5041 1827 5113">
    <p class='ocr_par' dir='ltr' id='par_1_64' title="bbox 215 5041 1827 5113">
     <span class='ocr_line' id='line_1_65' title="bbox 215 5041 1827 5113; baseline 0.004 -21"><span class='ocrx_word' id='word_1_595' title='bbox 215 5044 260 5113; x_wconf 78' lang='lat' dir='ltr'><strong>si</strong></span> <span class='ocrx_word' id='word_1_596' title='bbox 299 5046 547 5113; x_wconf 73' lang='lat' dir='ltr'><strong>devotus</strong></span> <span class='ocrx_word' id='word_1_597' title='bbox 592 5056 711 5113; x_wconf 10' lang='lat' dir='ltr'><strong>non;</strong></span> <span class='ocrx_word' id='word_1_598' title='bbox 753 5041 1069 5113; x_wconf 77' lang='lat' dir='ltr'><strong>itisultabat,</strong></span> <span class='ocrx_word' id='word_1_599' title='bbox 1120 5044 1414 5113; x_wconf 84' lang='lat' dir='ltr'><strong>sacrilegus</strong></span> <span class='ocrx_word' id='word_1_600' title='bbox 1455 5060 1560 5098; x_wconf 93' lang='lat' dir='ltr'><strong>non</strong></span> <span class='ocrx_word' id='word_1_601' title='bbox 1594 5046 1827 5100; x_wconf 83' lang='lat' dir='ltr'><strong>instabat</strong></span> 
     </span>
    </p>
   </div>
   <div class='ocr_carea' id='block_1_65' title="bbox 215 5110 1821 5181">
    <p class='ocr_par' dir='ltr' id='par_1_65' title="bbox 215 5110 1821 5181">
     <span class='ocr_line' id='line_1_66' title="bbox 215 5110 1821 5181; baseline 0.005 -20"><span class='ocrx_word' id='word_1_602' title='bbox 215 5111 425 5165; x_wconf 83' lang='lat' dir='ltr'><strong>illusor.</strong></span> <span class='ocrx_word' id='word_1_603' title='bbox 454 5112 576 5165; x_wconf 82' lang='lat' dir='ltr'><strong>Hoc</strong></span> <span class='ocrx_word' id='word_1_604' title='bbox 604 5111 862 5174; x_wconf 83' lang='lat' dir='ltr'><strong>diximus,</strong></span> <span class='ocrx_word' id='word_1_605' title='bbox 895 5110 1088 5166; x_wconf 87' lang='lat' dir='ltr'><strong>fratres</strong></span> <span class='ocrx_word' id='word_1_606' title='bbox 1110 5153 1126 5176; x_wconf 87' lang='lat'><strong>,</strong></span> <span class='ocrx_word' id='word_1_607' title='bbox 1169 5120 1228 5167; x_wconf 87' lang='lat' dir='ltr'><strong>ut</strong></span> <span class='ocrx_word' id='word_1_608' title='bbox 1253 5110 1603 5181; x_wconf 88' lang='lat' dir='ltr'><strong>probaremus</strong></span> <span class='ocrx_word' id='word_1_609' title='bbox 1625 5116 1821 5169; x_wconf 91' lang='lat' dir='ltr'><strong>iterum</strong></span> 
     </span>
    </p>
   </div>
   <div class='ocr_carea' id='block_1_66' title="bbox 214 5181 1819 5252">
    <p class='ocr_par' dir='ltr' id='par_1_66' title="bbox 214 5181 1819 5252">
     <span class='ocr_line' id='line_1_67' title="bbox 214 5181 1819 5252; baseline 0.004 -18"><span class='ocrx_word' id='word_1_610' title='bbox 214 5184 321 5249; x_wconf 85' lang='lat' dir='ltr'><strong>pati</strong></span> <span class='ocrx_word' id='word_1_611' title='bbox 364 5190 674 5251; x_wconf 86' lang='lat' dir='ltr'><strong>martyrem</strong></span> <span class='ocrx_word' id='word_1_612' title='bbox 703 5181 943 5252; x_wconf 84' lang='lat' dir='ltr'><strong>,iterum</strong></span> <span class='ocrx_word' id='word_1_613' title='bbox 976 5191 1264 5252; x_wconf 90' lang='lat' dir='ltr'><strong>martyrem</strong></span> <span class='ocrx_word' id='word_1_614' title='bbox 1294 5193 1557 5237; x_wconf 87' lang='lat' dir='ltr'><strong>tormenta</strong></span> <span class='ocrx_word' id='word_1_615' title='bbox 1594 5189 1819 5252; x_wconf 89' lang='lat' dir='ltr'><strong>sentire,</strong></span> 
     </span>
    </p>
   </div>
   <div class='ocr_carea' id='block_1_67' title="bbox 214 5251 1822 5323">
    <p class='ocr_par' dir='ltr' id='par_1_67' title="bbox 214 5251 1822 5323">
     <span class='ocr_line' id='line_1_68' title="bbox 214 5251 1822 5323; baseline 0.006 -21"><span class='ocrx_word' id='word_1_616' title='bbox 214 5258 410 5306; x_wconf 86' lang='lat' dir='ltr'><strong>iterum</strong></span> <span class='ocrx_word' id='word_1_617' title='bbox 460 5266 571 5319; x_wconf 91' lang='lat' dir='ltr'><strong>pro</strong></span> <span class='ocrx_word' id='word_1_618' title='bbox 596 5251 850 5305; x_wconf 90' lang='lat' dir='ltr'><strong>omnibus</strong></span> <span class='ocrx_word' id='word_1_619' title='bbox 881 5251 1159 5305; x_wconf 86' lang='lat' dir='ltr'><strong>carnifices</strong></span> <span class='ocrx_word' id='word_1_620' title='bbox 1190 5252 1491 5319; x_wconf 77' lang='lat' dir='ltr'><strong>sustinere,</strong></span> <span class='ocrx_word' id='word_1_621' title='bbox 1522 5254 1613 5323; x_wconf 92' lang='lat' dir='ltr'><strong>qui</strong></span> <span class='ocrx_word' id='word_1_622' title='bbox 1643 5270 1739 5323; x_wconf 89' lang='lat' dir='ltr'><strong>pro</strong></span> <span class='ocrx_word' id='word_1_623' title='bbox 1760 5251 1822 5312; x_wconf 88' lang='lat' dir='ltr'><strong>se</strong></span> 
     </span>
    </p>
   </div>
   <div class='ocr_carea' id='block_1_68' title="bbox 214 5322 1819 5393">
    <p class='ocr_par' dir='ltr' id='par_1_68' title="bbox 214 5322 1819 5393">
     <span class='ocr_line' id='line_1_69' title="bbox 214 5322 1819 5393; baseline 0.004 -19"><span class='ocrx_word' id='word_1_624' title='bbox 214 5330 269 5374; x_wconf 87' lang='lat' dir='ltr'><strong>et</strong></span> <span class='ocrx_word' id='word_1_625' title='bbox 299 5324 368 5377; x_wconf 88' lang='lat' dir='ltr'><strong>de</strong></span> <span class='ocrx_word' id='word_1_626' title='bbox 401 5338 495 5387; x_wconf 87' lang='lat' dir='ltr'><strong>se,</strong></span> <span class='ocrx_word' id='word_1_627' title='bbox 526 5332 645 5389; x_wconf 87' lang='lat' dir='ltr'><strong>post</strong></span> <span class='ocrx_word' id='word_1_628' title='bbox 671 5329 844 5393; x_wconf 80' lang='lat' dir='ltr'><strong>tantas</strong></span> <span class='ocrx_word' id='word_1_629' title='bbox 869 5324 1071 5391; x_wconf 88' lang='lat' dir='ltr'><strong>palmas</strong></span> <span class='ocrx_word' id='word_1_630' title='bbox 1096 5322 1265 5377; x_wconf 88' lang='lat' dir='ltr'><strong>fuerat</strong></span> <span class='ocrx_word' id='word_1_631' title='bbox 1280 5324 1389 5393; x_wconf 87' lang='lat' dir='ltr'><strong>jam</strong></span> <span class='ocrx_word' id='word_1_632' title='bbox 1411 5322 1665 5389; x_wconf 68' lang='lat' dir='ltr'><strong>securus;</strong></span> <span class='ocrx_word' id='word_1_633' title='bbox 1692 5337 1819 5381; x_wconf 90' lang='lat' dir='ltr'><strong>tunc</strong></span> 
     </span>
    </p>
   </div>
   <div class='ocr_carea' id='block_1_69' title="bbox 210 5391 1817 5464">
    <p class='ocr_par' dir='ltr' id='par_1_69' title="bbox 210 5391 1817 5464">
     <span class='ocr_line' id='line_1_70' title="bbox 210 5391 1817 5464; baseline 0.003 -18"><span class='ocrx_word' id='word_1_634' title='bbox 210 5396 379 5447; x_wconf 80' lang='lat' dir='ltr'><strong>semel</strong></span> <span class='ocrx_word' id='word_1_635' title='bbox 412 5406 601 5446; x_wconf 69' lang='lat' dir='ltr'><strong>caesus</strong></span> <span class='ocrx_word' id='word_1_636' title='bbox 623 5391 819 5460; x_wconf 84' lang='lat' dir='ltr'><strong>capite,</strong></span> <span class='ocrx_word' id='word_1_637' title='bbox 848 5407 989 5464; x_wconf 84' lang='lat' dir='ltr'><strong>nunc</strong></span> <span class='ocrx_word' id='word_1_638' title='bbox 1011 5393 1244 5464; x_wconf 85' lang='lat' dir='ltr'><strong>quotidie</strong></span> <span class='ocrx_word' id='word_1_639' title='bbox 1267 5391 1496 5463; x_wconf 86' lang='lat' dir='ltr'><strong>propriis</strong></span> <span class='ocrx_word' id='word_1_640' title='bbox 1520 5396 1736 5464; x_wconf 89' lang='lat' dir='ltr'><strong>punitur</strong></span> <span class='ocrx_word' id='word_1_641' title='bbox 1763 5399 1817 5451; x_wconf 87' lang='lat' dir='ltr'><strong>in</strong></span> 
     </span>
    </p>
   </div>
   <div class='ocr_carea' id='block_1_70' title="bbox 212 5462 1810 5535">
    <p class='ocr_par' dir='ltr' id='par_1_70' title="bbox 212 5462 1810 5535">
     <span class='ocr_line' id='line_1_71' title="bbox 212 5462 1810 5535; baseline 0.003 -19"><span class='ocrx_word' id='word_1_642' title='bbox 212 5464 528 5535; x_wconf 75' lang='lat' dir='ltr'><strong>membris,</strong></span> <span class='ocrx_word' id='word_1_643' title='bbox 575 5469 630 5516; x_wconf 91' lang='lat' dir='ltr'><strong>et</strong></span> <span class='ocrx_word' id='word_1_644' title='bbox 656 5475 883 5530; x_wconf 90' lang='lat' dir='ltr'><strong>quorum</strong></span> <span class='ocrx_word' id='word_1_645' title='bbox 931 5462 1209 5535; x_wconf 69' lang='lat' dir='ltr'><strong>ltetabatur</strong></span> <span class='ocrx_word' id='word_1_646' title='bbox 1255 5462 1565 5535; x_wconf 73' lang='lat' dir='ltr'><strong>obsequiis,</strong></span> <span class='ocrx_word' id='word_1_647' title='bbox 1621 5481 1810 5522; x_wconf 92' lang='lat' dir='ltr'><strong>eorum</strong></span> 
     </span>
    </p>
   </div>
   <div class='ocr_carea' id='block_1_71' title="bbox 210 5531 1179 5590">
    <p class='ocr_par' dir='ltr' id='par_1_71' title="bbox 210 5531 1179 5590">
     <span class='ocr_line' id='line_1_72' title="bbox 210 5531 1179 5590; baseline -0.002 -1"><span class='ocrx_word' id='word_1_648' title='bbox 210 5531 453 5590; x_wconf 78' lang='lat' dir='ltr'><strong>luctibus</strong></span> <span class='ocrx_word' id='word_1_649' title='bbox 483 5546 636 5586; x_wconf 87' lang='lat' dir='ltr'><strong>nunc</strong></span> <span class='ocrx_word' id='word_1_650' title='bbox 663 5542 879 5587; x_wconf 88' lang='lat' dir='ltr'><strong>tenetur</strong></span> <span class='ocrx_word' id='word_1_651' title='bbox 907 5532 1179 5587; x_wconf 85' lang='lat' dir='ltr'><strong>astrictus.</strong></span> 
     </span>
    </p>
   </div>
   <div class='ocr_carea' id='block_1_72' title="bbox 281 5668 1821 5743">
    <p class='ocr_par' dir='ltr' id='par_1_72' title="bbox 281 5668 1821 5743">
     <span class='ocr_line' id='line_1_73' title="bbox 281 5668 1821 5743; baseline -0.001 -16"><span class='ocrx_word' id='word_1_652' title='bbox 281 5680 308 5707; x_wconf 79' lang='grc' dir='ltr'><strong>ι</strong></span> <span class='ocrx_word' id='word_1_653' title='bbox 333 5670 434 5743; x_wconf 85' lang='lat' dir='ltr'><strong>Sic</strong></span> <span class='ocrx_word' id='word_1_654' title='bbox 460 5668 670 5739; x_wconf 86' lang='lat' dir='ltr'><strong>quippe</strong></span> <span class='ocrx_word' id='word_1_655' title='bbox 690 5668 1249 5743; x_wconf 83' lang='lat' dir='ltr'><strong>loquiturCyprianus</strong></span> <span class='ocrx_word' id='word_1_656' title='bbox 1270 5668 1422 5727; x_wconf 88' lang='lat' dir='ltr'><strong>initio</strong></span> <span class='ocrx_word' id='word_1_657' title='bbox 1446 5673 1566 5727; x_wconf 91' lang='lat' dir='ltr'><strong>libri</strong></span> <span class='ocrx_word' id='word_1_658' title='bbox 1590 5673 1656 5728; x_wconf 90' lang='lat' dir='ltr'><strong>de</strong></span> <span class='ocrx_word' id='word_1_659' title='bbox 1682 5673 1821 5743; x_wconf 87' lang='lat' dir='ltr'><strong>Lap-</strong></span> 
     </span>
    </p>
   </div>
   <div class='ocr_carea' id='block_1_73' title="bbox 214 5740 1827 5814">
    <p class='ocr_par' dir='ltr' id='par_1_73' title="bbox 214 5740 1827 5814">
     <span class='ocr_line' id='line_1_74' title="bbox 214 5740 1827 5814; baseline 0.001 -17"><span class='ocrx_word' id='word_1_660' title='bbox 214 5744 288 5802; x_wconf 78' lang='lat' dir='ltr'><strong>sis</strong></span> <span class='ocrx_word' id='word_1_661' title='bbox 315 5762 329 5797; x_wconf 87' lang='lat'><strong>:</strong></span> <span class='ocrx_word' id='word_1_662' title='bbox 365 5742 442 5797; x_wconf 88' lang='lat' dir='ltr'><strong>In</strong></span> <span class='ocrx_word' id='word_1_663' title='bbox 482 5740 757 5809; x_wconf 77' lang='lat' dir='ltr'><strong>prostratis</strong></span> <span class='ocrx_word' id='word_1_664' title='bbox 785 5740 1021 5809; x_wconf 72' lang='lat' dir='ltr'><strong>fratribus</strong></span> <span class='ocrx_word' id='word_1_665' title='bbox 1044 5781 1060 5808; x_wconf 95' lang='lat'><strong>,</strong></span> <span class='ocrx_word' id='word_1_666' title='bbox 1082 5751 1130 5795; x_wconf 86' lang='lat' dir='ltr'><strong>et</strong></span> <span class='ocrx_word' id='word_1_667' title='bbox 1163 5758 1242 5797; x_wconf 84' lang='lat' dir='ltr'><strong>me</strong></span> <span class='ocrx_word' id='word_1_668' title='bbox 1274 5746 1544 5814; x_wconf 78' lang='lat' dir='ltr'><strong>prostravit</strong></span> <span class='ocrx_word' id='word_1_669' title='bbox 1583 5740 1827 5812; x_wconf 72' lang='lat' dir='ltr'><strong>affectus,</strong></span> 
     </span>
    </p>
   </div>
   <div class='ocr_carea' id='block_1_74' title="bbox 477 5833 1027 5895">
    <p class='ocr_par' dir='ltr' id='par_1_74' title="bbox 477 5833 1027 5895">
     <span class='ocr_line' id='line_1_75' title="bbox 477 5833 1027 5895; baseline -0.002 0"><span class='ocrx_word' id='word_1_670' title='bbox 477 5833 764 5895; x_wconf 65' lang='grc' dir='ltr'><strong>Ρλτιιοι.</strong></span> <span class='ocrx_word' id='word_1_671' title='bbox 807 5833 1027 5895; x_wconf 88' lang='lat' dir='ltr'><strong>LVllI.</strong></span> 
     </span>
    </p>
   </div>
   <div class='ocr_carea' id='block_1_75' title="bbox 1850 5085 1897 5147">
    <p class='ocr_par' dir='ltr' id='par_1_75' title="bbox 1850 5085 1897 5147">
     <span class='ocr_line' id='line_1_76' title="bbox 1850 5085 1897 5147; baseline 0 0"><span class='ocrx_word' id='word_1_672' title='bbox 1850 5085 1897 5147; x_wconf 76' lang='grc' dir='ltr'>Ο</span> 
     </span>
    </p>
   </div>
   <div class='ocr_carea' id='block_1_76' title="bbox 2006 3706 3512 3787">
    <p class='ocr_par' dir='ltr' id='par_1_76' title="bbox 2006 3706 3512 3787">
     <span class='ocr_line' id='line_1_77' title="bbox 2006 3706 3512 3787; baseline -0.006 -19"><span class='ocrx_word' id='word_1_673' title='bbox 2006 3715 2071 3769; x_wconf 91' lang='lat' dir='ltr'><strong>ll.</strong></span> <span class='ocrx_word' id='word_1_674' title='bbox 2115 3713 2221 3771; x_wconf 90' lang='lat' dir='ltr'><strong>Sed</strong></span> <span class='ocrx_word' id='word_1_675' title='bbox 2251 3715 2304 3770; x_wconf 86' lang='lat' dir='ltr'><strong>in</strong></span> <span class='ocrx_word' id='word_1_676' title='bbox 2333 3714 2421 3787; x_wconf 82' lang='lat' dir='ltr'><strong>his</strong></span> <span class='ocrx_word' id='word_1_677' title='bbox 2448 3712 2720 3777; x_wconf 90' lang='lat' dir='ltr'><strong>omnibus,</strong></span> <span class='ocrx_word' id='word_1_678' title='bbox 2751 3710 2967 3787; x_wconf 77' lang='lat' dir='ltr'><strong>fratres,</strong></span> <span class='ocrx_word' id='word_1_679' title='bbox 3001 3710 3268 3787; x_wconf 86' lang='lat' dir='ltr'><strong>criga_mur</strong></span> <span class='ocrx_word' id='word_1_680' title='bbox 3297 3706 3512 3787; x_wconf 39' lang='lat' dir='ltr'><strong>adpo:</strong></span> 
     </span>
    </p>
   </div>
   <div class='ocr_carea' id='block_1_77' title="bbox 1927 3778 3512 3855">
    <p class='ocr_par' dir='ltr' id='par_1_77' title="bbox 1927 3778 3512 3855">
     <span class='ocr_line' id='line_1_78' title="bbox 1927 3778 3512 3855; baseline -0.008 -15"><span class='ocrx_word' id='word_1_681' title='bbox 1927 3786 2128 3840; x_wconf 89' lang='lat' dir='ltr'><strong>miuum</strong></span> <span class='ocrx_word' id='word_1_682' title='bbox 2163 3826 2177 3849; x_wconf 94' lang='lat'><strong>,</strong></span> <span class='ocrx_word' id='word_1_683' title='bbox 2233 3789 2323 3854; x_wconf 93' lang='lat' dir='ltr'><strong>qui</strong></span> <span class='ocrx_word' id='word_1_684' title='bbox 2376 3785 2621 3853; x_wconf 88' lang='lat' dir='ltr'><strong>jacemus</strong></span> <span class='ocrx_word' id='word_1_685' title='bbox 2647 3798 2713 3855; x_wconf 82' lang='lat' dir='ltr'><strong>ex</strong></span> <span class='ocrx_word' id='word_1_686' title='bbox 2759 3782 2941 3855; x_wconf 83' lang='lat' dir='ltr'><strong>nobis;</strong></span> <span class='ocrx_word' id='word_1_687' title='bbox 2984 3794 3083 3855; x_wconf 83' lang='lat' dir='ltr'><strong>nec</strong></span> <span class='ocrx_word' id='word_1_688' title='bbox 3121 3778 3512 3855; x_wconf 72' lang='lat' dir='ltr'><strong>desperationis</strong></span> 
     </span>
    </p>
   </div>
   <div class='ocr_carea' id='block_1_78' title="bbox 1926 3846 3513 3926">
    <p class='ocr_par' dir='ltr' id='par_1_78' title="bbox 1926 3846 3513 3926">
     <span class='ocr_line' id='line_1_79' title="bbox 1926 3846 3513 3926; baseline -0.009 -15"><span class='ocrx_word' id='word_1_689' title='bbox 1926 3846 2332 3924; x_wconf 77' lang='lat' dir='ltr'><strong>exstinguamur</strong></span> <span class='ocrx_word' id='word_1_690' title='bbox 2373 3846 2866 3926; x_wconf 80' lang='lat' dir='ltr'><strong>incommodo,_qui</strong></span> <span class='ocrx_word' id='word_1_691' title='bbox 2898 3850 3023 3926; x_wconf 60' lang='lat' dir='ltr'><strong>Spei</strong></span> <span class='ocrx_word' id='word_1_692' title='bbox 3042 3846 3231 3926; x_wconf 86' lang='lat' dir='ltr'><strong>sumus</strong></span> <span class='ocrx_word' id='word_1_693' title='bbox 3263 3846 3513 3926; x_wconf 39' lang='lat' dir='ltr'><strong>reme-diis</strong></span> 
     </span>
    </p>
   </div>
   <div class='ocr_carea' id='block_1_79' title="bbox 1923 3915 3513 3996">
    <p class='ocr_par' dir='ltr' id='par_1_79' title="bbox 1923 3915 3513 3996">
     <span class='ocr_line' id='line_1_80' title="bbox 1923 3915 3513 3996; baseline -0.008 -18"><span class='ocrx_word' id='word_1_694' title='bbox 1923 3915 2141 3979; x_wconf 77' lang='lat' dir='ltr'><strong>Christo</strong></span> <span class='ocrx_word' id='word_1_695' title='bbox 2169 3926 2472 3978; x_wconf 83' lang='lat' dir='ltr'><strong>vivificante</strong></span> <span class='ocrx_word' id='word_1_696' title='bbox 2503 3924 2716 3996; x_wconf 24' lang='lat' dir='ltr'><strong>salvat‘i.</strong></span> <span class='ocrx_word' id='word_1_697' title='bbox 2750 3915 2946 3996; x_wconf 80' lang='lat' dir='ltr'><strong>Beatus</strong></span> <span class='ocrx_word' id='word_1_698' title='bbox 2983 3918 3279 3996; x_wconf 77' lang='lat' dir='ltr'><strong>Cyprianus</strong></span> <span class='ocrx_word' id='word_1_699' title='bbox 3316 3918 3367 3967; x_wconf 91' lang='lat' dir='ltr'><strong>in</strong></span> <span class='ocrx_word' id='word_1_700' title='bbox 3400 3915 3513 3996; x_wconf 57' lang='lat' dir='ltr'><strong>lico</strong></span> 
     </span>
    </p>
   </div>
   <div class='ocr_carea' id='block_1_80' title="bbox 1924 3982 3513 4064">
    <p class='ocr_par' dir='ltr' id='par_1_80' title="bbox 1924 3982 3513 4064">
     <span class='ocr_line' id='line_1_81' title="bbox 1924 3982 3513 4064; baseline -0.009 -16"><span class='ocrx_word' id='word_1_701' title='bbox 1924 4007 1977 4048; x_wconf 91' lang='lat' dir='ltr'><strong>et</strong></span> <span class='ocrx_word' id='word_1_702' title='bbox 2006 4010 2126 4047; x_wconf 89' lang='lat' dir='ltr'><strong>cum</strong></span> <span class='ocrx_word' id='word_1_703' title='bbox 2160 3996 2268 4047; x_wconf 87' lang='lat' dir='ltr'><strong>Deo</strong></span> <span class='ocrx_word' id='word_1_704' title='bbox 2298 3996 2436 4047; x_wconf 90' lang='lat' dir='ltr'><strong>liber</strong></span> <span class='ocrx_word' id='word_1_705' title='bbox 2466 4002 2567 4053; x_wconf 86' lang='lat' dir='ltr'><strong>est,</strong></span> <span class='ocrx_word' id='word_1_706' title='bbox 2598 3982 3215 4064; x_wconf 68' lang='lat' dir='ltr'><strong>qui_captivas_haoetu_r</strong></span> <span class='ocrx_word' id='word_1_707' title='bbox 3244 3986 3297 4039; x_wconf 86' lang='lat' dir='ltr'><strong>in</strong></span> <span class='ocrx_word' id='word_1_708' title='bbox 3328 3982 3513 4064; x_wconf 77' lang='lat' dir='ltr'><strong>nobis;</strong></span> 
     </span>
    </p>
   </div>
   <div class='ocr_carea' id='block_1_81' title="bbox 1925 4054 3515 4133">
    <p class='ocr_par' dir='ltr' id='par_1_81' title="bbox 1925 4054 3515 4133">
     <span class='ocr_line' id='line_1_82' title="bbox 1925 4054 3515 4133; baseline -0.01 -14"><span class='ocrx_word' id='word_1_709' title='bbox 1925 4075 1981 4119; x_wconf 92' lang='lat' dir='ltr'><strong>et</strong></span> <span class='ocrx_word' id='word_1_710' title='bbox 2010 4066 2061 4118; x_wconf 90' lang='lat' dir='ltr'><strong>in</strong></span> <span class='ocrx_word' id='word_1_711' title='bbox 2093 4067 2341 4133; x_wconf 90' lang='lat' dir='ltr'><strong>supernis</strong></span> <span class='ocrx_word' id='word_1_712' title='bbox 2373 4054 2716 4132; x_wconf 72' lang='lat' dir='ltr'><strong>regnat,qui</strong></span> <span class='ocrx_word' id='word_1_713' title='bbox 2760 4054 2811 4133; x_wconf 77' lang='lat' dir='ltr'><strong>in</strong></span> <span class='ocrx_word' id='word_1_714' title='bbox 2855 4058 3012 4133; x_wconf 85' lang='lat' dir='ltr'><strong>terris</strong></span> <span class='ocrx_word' id='word_1_715' title='bbox 3038 4054 3282 4108; x_wconf 88' lang='lat' dir='ltr'><strong>hostibus</strong></span> <span class='ocrx_word' id='word_1_716' title='bbox 3308 4054 3515 4133; x_wconf 79' lang='lat' dir='ltr'><strong>videtur</strong></span> 
     </span>
    </p>
   </div>
   <div class='ocr_carea' id='block_1_82' title="bbox 1926 4129 3517 4203">
    <p class='ocr_par' dir='ltr' id='par_1_82' title="bbox 1926 4129 3517 4203">
     <span class='ocr_line' id='line_1_83' title="bbox 1926 4129 3517 4203; baseline -0.009 -15"><span class='ocrx_word' id='word_1_717' title='bbox 1926 4129 2189 4188; x_wconf 82' lang='lat' dir='ltr'><strong>addictus.</strong></span> <span class='ocrx_word' id='word_1_718' title='bbox 2217 4135 2383 4189; x_wconf 86' lang='lat' dir='ltr'><strong>Adest</strong></span> <span class='ocrx_word' id='word_1_719' title='bbox 2407 4129 2533 4199; x_wconf 85' lang='lat' dir='ltr'><strong>sibi,</strong></span> <span class='ocrx_word' id='word_1_720' title='bbox 2560 4147 2666 4203; x_wconf 83' lang='lat' dir='ltr'><strong>nec</strong></span> <span class='ocrx_word' id='word_1_721' title='bbox 2698 4132 2853 4203; x_wconf 87' lang='lat' dir='ltr'><strong>nobis</strong></span> <span class='ocrx_word' id='word_1_722' title='bbox 2883 4131 3061 4191; x_wconf 87' lang='lat' dir='ltr'><strong>deest;</strong></span> <span class='ocrx_word' id='word_1_723' title='bbox 3093 4140 3187 4193; x_wconf 86' lang='lat' dir='ltr'><strong>pro</strong></span> <span class='ocrx_word' id='word_1_724' title='bbox 3215 4129 3517 4203; x_wconf 73' lang='lat' dir='ltr'><strong>peccatori-</strong></span> 
     </span>
    </p>
   </div>
   <div class='ocr_carea' id='block_1_83' title="bbox 1927 4196 3517 4274">
    <p class='ocr_par' dir='ltr' id='par_1_83' title="bbox 1927 4196 3517 4274">
     <span class='ocr_line' id='line_1_84' title="bbox 1927 4196 3517 4274; baseline -0.009 -16"><span class='ocrx_word' id='word_1_725' title='bbox 1927 4206 2027 4258; x_wconf 91' lang='lat' dir='ltr'><strong>bus</strong></span> <span class='ocrx_word' id='word_1_726' title='bbox 2052 4205 2191 4274; x_wconf 91' lang='lat' dir='ltr'><strong>apud</strong></span> <span class='ocrx_word' id='word_1_727' title='bbox 2229 4204 2436 4273; x_wconf 88' lang='lat' dir='ltr'><strong>justum</strong></span> <span class='ocrx_word' id='word_1_728' title='bbox 2479 4196 2720 4272; x_wconf 84' lang='lat' dir='ltr'><strong>judicem</strong></span> <span class='ocrx_word' id='word_1_729' title='bbox 2746 4201 2925 4274; x_wconf 86' lang='lat' dir='ltr'><strong>justus</strong></span> <span class='ocrx_word' id='word_1_730' title='bbox 2954 4207 3209 4266; x_wconf 88' lang='lat' dir='ltr'><strong>patronus</strong></span> <span class='ocrx_word' id='word_1_731' title='bbox 3234 4196 3258 4232; x_wconf 85' lang='lat' dir='ltr'><strong>b</strong></span> <span class='ocrx_word' id='word_1_732' title='bbox 3287 4196 3517 4274; x_wconf 67' lang='lat' dir='ltr'><strong>assistit,</strong></span> 
     </span>
    </p>
   </div>
   <div class='ocr_carea' id='block_1_84' title="bbox 1928 4264 3521 4345">
    <p class='ocr_par' dir='ltr' id='par_1_84' title="bbox 1928 4264 3521 4345">
     <span class='ocr_line' id='line_1_85' title="bbox 1928 4264 3521 4345; baseline -0.006 -17"><span class='ocrx_word' id='word_1_733' title='bbox 1928 4275 2069 4344; x_wconf 89' lang='lat' dir='ltr'><strong>apud</strong></span> <span class='ocrx_word' id='word_1_734' title='bbox 2089 4264 2248 4344; x_wconf 59' lang='lat' dir='ltr'><strong>&#39;pium</strong></span> <span class='ocrx_word' id='word_1_735' title='bbox 2275 4290 2454 4342; x_wconf 75' lang='lat' dir='ltr'><strong>regem</strong></span> <span class='ocrx_word' id='word_1_736' title='bbox 2479 4264 3083 4345; x_wconf 46' lang='lat' dir='ltr'><strong>&#39;innocensadvoc&#39;atus</strong></span> <span class='ocrx_word' id='word_1_737' title='bbox 3130 4274 3338 4345; x_wconf 57' lang='lat' dir='ltr'><strong>exorat:</strong></span> <span class='ocrx_word' id='word_1_738' title='bbox 3387 4264 3521 4318; x_wconf 89' lang='lat' dir='ltr'><strong>Dicit</strong></span> 
     </span>
    </p>
   </div>
   <div class='ocr_carea' id='block_1_85' title="bbox 1930 4333 3520 4416">
    <p class='ocr_par' dir='ltr' id='par_1_85' title="bbox 1930 4333 3520 4416">
     <span class='ocr_line' id='line_1_86' title="bbox 1930 4333 3520 4416; baseline -0.009 -17"><span class='ocrx_word' id='word_1_739' title='bbox 1930 4333 2157 4399; x_wconf 67' lang='grc' dir='ltr'>Ι)ὀιιιιιῖο</span> <span class='ocrx_word' id='word_1_740' title='bbox 2182 4333 2460 4409; x_wconf 83' lang='lat' dir='ltr'><strong>:Domine,</strong></span> <span class='ocrx_word' id='word_1_741' title='bbox 2480 4359 2647 4416; x_wconf 84' lang='lat' dir='ltr'><strong>quare</strong></span> <span class='ocrx_word' id='word_1_742' title='bbox 2669 4341 2934 4416; x_wconf 73' lang='lat' dir='ltr'><strong>tradidisti</strong></span> <span class='ocrx_word' id='word_1_743' title='bbox 2954 4336 3277 4416; x_wconf 67' lang='lat' dir='ltr'><strong>adversariis</strong></span> <span class='ocrx_word' id='word_1_744' title='bbox 3300 4333 3520 4416; x_wconf 87' lang='lat' dir='ltr'><strong>domum</strong></span> 
     </span>
    </p>
   </div>
   <div class='ocr_carea' id='block_1_86' title="bbox 1929 4406 3521 4482">
    <p class='ocr_par' dir='ltr' id='par_1_86' title="bbox 1929 4406 3521 4482">
     <span class='ocr_line' id='line_1_87' title="bbox 1929 4406 3521 4482; baseline -0.013 -11"><span class='ocrx_word' id='word_1_745' title='bbox 1929 4426 2101 4479; x_wconf 90' lang='lat' dir='ltr'><strong>tuam,</strong></span> <span class='ocrx_word' id='word_1_746' title='bbox 2121 4416 2350 4470; x_wconf 90' lang='lat' dir='ltr'><strong>inimicis</strong></span> <span class='ocrx_word' id='word_1_747' title='bbox 2368 4406 2740 4468; x_wconf 57' lang='lat' dir='ltr'><strong>hairéditatem</strong></span> <span class='ocrx_word' id='word_1_748' title='bbox 2756 4411 2937 4482; x_wconf 86' lang='lat' dir='ltr'><strong>tuam?</strong></span> <span class='ocrx_word' id='word_1_749' title='bbox 2954 4424 3051 4463; x_wconf 88' lang='lat' dir='ltr'><strong>cur</strong></span> <span class='ocrx_word' id='word_1_750' title='bbox 3065 4406 3263 4482; x_wconf 54' lang='lat' dir='ltr'><strong>profari</strong></span> <span class='ocrx_word' id='word_1_751' title='bbox 3258 4407 3301 4459; x_wconf 92' lang='lat' dir='ltr'><strong>is</strong></span> <span class='ocrx_word' id='word_1_752' title='bbox 3315 4414 3521 4482; x_wconf 65' lang='lat' dir='ltr'><strong>saneta,</strong></span> 
     </span>
    </p>
   </div>
   <div class='ocr_carea' id='block_1_87' title="bbox 1930 4472 3523 4554">
    <p class='ocr_par' dir='ltr' id='par_1_87' title="bbox 1930 4472 3523 4554">
     <span class='ocr_line' id='line_1_88' title="bbox 1930 4472 3523 4554; baseline -0.009 -15"><span class='ocrx_word' id='word_1_753' title='bbox 1930 4501 2027 4539; x_wconf 90' lang='lat' dir='ltr'><strong>cur</strong></span> <span class='ocrx_word' id='word_1_754' title='bbox 2080 4472 2275 4540; x_wconf 82' lang='lat' dir='ltr'><strong>munda</strong></span> <span class='ocrx_word' id='word_1_755' title='bbox 2306 4484 2557 4554; x_wconf 89' lang='lat' dir='ltr'><strong>pollutis,</strong></span> <span class='ocrx_word' id='word_1_756' title='bbox 2588 4494 2642 4537; x_wconf 90' lang='lat' dir='ltr'><strong>et</strong></span> <span class='ocrx_word' id='word_1_757' title='bbox 2671 4496 2769 4554; x_wconf 86' lang='lat' dir='ltr'><strong>cur</strong></span> <span class='ocrx_word' id='word_1_758' title='bbox 2800 4481 2937 4554; x_wconf 83' lang='lat' dir='ltr'><strong>lupis</strong></span> <span class='ocrx_word' id='word_1_759' title='bbox 2984 4472 3183 4548; x_wconf 82' lang='lat' dir='ltr'><strong>agnos?</strong></span> <span class='ocrx_word' id='word_1_760' title='bbox 3224 4475 3333 4529; x_wconf 89' lang='lat' dir='ltr'><strong>Cur</strong></span> <span class='ocrx_word' id='word_1_761' title='bbox 3358 4472 3523 4554; x_wconf 71' lang='lat' dir='ltr'><strong>tradit</strong></span> 
     </span>
    </p>
   </div>
   <div class='ocr_carea' id='block_1_88' title="bbox 1929 4543 3524 4625">
    <p class='ocr_par' dir='ltr' id='par_1_88' title="bbox 1929 4543 3524 4625">
     <span class='ocr_line' id='line_1_89' title="bbox 1929 4543 3524 4625; baseline -0.01 -14"><span class='ocrx_word' id='word_1_762' title='bbox 1929 4557 2122 4611; x_wconf 87' lang='lat' dir='ltr'><strong>bestiis</strong></span> <span class='ocrx_word' id='word_1_763' title='bbox 2139 4543 2356 4625; x_wconf 79' lang='lat' dir='ltr'><strong>gregem</strong></span> <span class='ocrx_word' id='word_1_764' title='bbox 2373 4596 2389 4619; x_wconf 94' lang='lat'><strong>,</strong></span> <span class='ocrx_word' id='word_1_765' title='bbox 2406 4543 2697 4625; x_wconf 79' lang='lat' dir='ltr'><strong>pastorum</strong></span> <span class='ocrx_word' id='word_1_766' title='bbox 2727 4543 3042 4625; x_wconf 59' lang='lat' dir='ltr'><strong>Principem&#39;</strong></span> <span class='ocrx_word' id='word_1_767' title='bbox 3059 4557 3245 4625; x_wconf 80' lang='lat' dir='ltr'><strong>pastor</strong></span> <span class='ocrx_word' id='word_1_768' title='bbox 3270 4543 3524 4625; x_wconf 64' lang='lat' dir='ltr'><strong>audacter</strong></span> 
     </span>
    </p>
   </div>
   <div class='ocr_carea' id='block_1_89' title="bbox 1930 4615 3527 4694">
    <p class='ocr_par' dir='ltr' id='par_1_89' title="bbox 1930 4615 3527 4694">
     <span class='ocr_line' id='line_1_90' title="bbox 1930 4615 3527 4694; baseline -0.009 -15"><span class='ocrx_word' id='word_1_769' title='bbox 1930 4615 2193 4694; x_wconf 62' lang='lat' dir='ltr'><strong>appellat;</strong></span> <span class='ocrx_word' id='word_1_770' title='bbox 2236 4615 2349 4680; x_wconf 44' lang='lat' dir='ltr'><strong>&#39;cur</strong></span> <span class='ocrx_word' id='word_1_771' title='bbox 2376 4615 2516 4679; x_wconf 35' lang='lat' dir='ltr'><strong>&#39;Rex</strong></span> <span class='ocrx_word' id='word_1_772' title='bbox 2564 4623 2866 4678; x_wconf 80' lang='lat' dir='ltr'><strong>exercitum</strong></span> <span class='ocrx_word' id='word_1_773' title='bbox 2910 4615 2993 4673; x_wconf 59' lang='lat' dir='ltr'><strong>Sic</strong></span> <span class='ocrx_word' id='word_1_774' title='bbox 3040 4620 3290 4694; x_wconf 82' lang='lat' dir='ltr'><strong>devotum</strong></span> <span class='ocrx_word' id='word_1_775' title='bbox 3348 4615 3527 4694; x_wconf 72' lang='lat' dir='ltr'><strong>hostili</strong></span> 
     </span>
    </p>
   </div>
   <div class='ocr_carea' id='block_1_90' title="bbox 1932 4690 3527 4765">
    <p class='ocr_par' dir='ltr' id='par_1_90' title="bbox 1932 4690 3527 4765">
     <span class='ocr_line' id='line_1_91' title="bbox 1932 4690 3527 4765; baseline -0.009 -16"><span class='ocrx_word' id='word_1_776' title='bbox 1932 4690 2225 4765; x_wconf 72' lang='lat' dir='ltr'><strong>subiecerit</strong></span> <span class='ocrx_word' id='word_1_777' title='bbox 2256 4697 2445 4749; x_wconf 86' lang='lat' dir='ltr'><strong>ditioni</strong></span> <span class='ocrx_word' id='word_1_778' title='bbox 2468 4734 2485 4760; x_wconf 93' lang='lat'><strong>,</strong></span> <span class='ocrx_word' id='word_1_779' title='bbox 2517 4699 2640 4765; x_wconf 29' lang='lat' dir='ltr'><strong>dux‘</strong></span> <span class='ocrx_word' id='word_1_780' title='bbox 2657 4703 2912 4765; x_wconf 83' lang='lat' dir='ltr'><strong>strenuus</strong></span> <span class='ocrx_word' id='word_1_781' title='bbox 2936 4690 3322 4765; x_wconf 78' lang='lat' dir='ltr'><strong>convenienter</strong></span> <span class='ocrx_word' id='word_1_782' title='bbox 3349 4690 3527 4765; x_wconf 70' lang='lat' dir='ltr'><strong>i_uqu_i-</strong></span> 
     </span>
    </p>
   </div>
   <div class='ocr_carea' id='block_1_91' title="bbox 1935 4755 3529 4835">
    <p class='ocr_par' dir='ltr' id='par_1_91' title="bbox 1935 4755 3529 4835">
     <span class='ocr_line' id='line_1_92' title="bbox 1935 4755 3529 4835; baseline -0.009 -16"><span class='ocrx_word' id='word_1_783' title='bbox 1935 4755 2052 4831; x_wconf 58' lang='lat' dir='ltr'><strong>rit;&#39;</strong></span> <span class='ocrx_word' id='word_1_784' title='bbox 2081 4782 2177 4820; x_wconf 84' lang='lat' dir='ltr'><strong>cur</strong></span> <span class='ocrx_word' id='word_1_785' title='bbox 2218 4766 2435 4835; x_wconf 83' lang='lat' dir='ltr'><strong>perﬁdis</strong></span> <span class='ocrx_word' id='word_1_786' title='bbox 2469 4755 2752 4819; x_wconf 72' lang='lat' dir='ltr'><strong>addix‘erit</strong></span> <span class='ocrx_word' id='word_1_787' title='bbox 2799 4762 2875 4835; x_wconf 86' lang='lat' dir='ltr'><strong>sic</strong></span> <span class='ocrx_word' id='word_1_788' title='bbox 2900 4760 3114 4835; x_wconf 86' lang='lat' dir='ltr'><strong>_fide_les</strong></span> <span class='ocrx_word' id='word_1_789' title='bbox 3138 4799 3153 4822; x_wconf 91' lang='lat'><strong>,</strong></span> <span class='ocrx_word' id='word_1_790' title='bbox 3196 4755 3448 4834; x_wconf 81' lang='lat' dir='ltr'><strong>sacerdos</strong></span> <span class='ocrx_word' id='word_1_791' title='bbox 3475 4755 3529 4833; x_wconf 75' lang='lat' dir='ltr'><strong>in</strong></span> 
     </span>
    </p>
   </div>
   <div class='ocr_carea' id='block_1_92' title="bbox 1935 4831 3531 4907">
    <p class='ocr_par' dir='ltr' id='par_1_92' title="bbox 1935 4831 3531 4907">
     <span class='ocr_line' id='line_1_93' title="bbox 1935 4831 3531 4907; baseline -0.007 -17"><span class='ocrx_word' id='word_1_792' title='bbox 1935 4842 2195 4907; x_wconf 87' lang='lat' dir='ltr'><strong>martyrio</strong></span> <span class='ocrx_word' id='word_1_793' title='bbox 2218 4831 2499 4907; x_wconf 56' lang='lat' dir='ltr'><strong>&#39;probatus</strong></span> <span class='ocrx_word' id='word_1_794' title='bbox 2528 4836 2808 4907; x_wconf 81' lang='lat' dir='ltr'><strong>inclamat.</strong></span> <span class='ocrx_word' id='word_1_795' title='bbox 2849 4831 2940 4885; x_wconf 81' lang='lat' dir='ltr'><strong>Ait</strong></span> <span class='ocrx_word' id='word_1_796' title='bbox 2970 4832 3131 4907; x_wconf 80' lang='lat' dir='ltr'><strong>etiam</strong></span> <span class='ocrx_word' id='word_1_797' title='bbox 3162 4831 3402 4907; x_wconf 76' lang='lat' dir='ltr'><strong>corporis</strong></span> <span class='ocrx_word' id='word_1_798' title='bbox 3449 4831 3531 4903; x_wconf 82' lang='lat' dir='ltr'><strong>sui</strong></span> 
     </span>
    </p>
   </div>
   <div class='ocr_carea' id='block_1_93' title="bbox 1936 4900 3533 4969">
    <p class='ocr_par' dir='ltr' id='par_1_93' title="bbox 1936 4900 3533 4969">
     <span class='ocr_line' id='line_1_94' title="bbox 1936 4900 3533 4969; baseline -0.009 -8"><span class='ocrx_word' id='word_1_799' title='bbox 1936 4900 2128 4961; x_wconf 73' lang='lat' dir='ltr'><strong>causas</strong></span> <span class='ocrx_word' id='word_1_800' title='bbox 2158 4900 2387 4961; x_wconf 78' lang='lat' dir='ltr'><strong>dicendo</strong></span> <span class='ocrx_word' id='word_1_801' title='bbox 2420 4922 2433 4958; x_wconf 92' lang='lat'><strong>:</strong></span> <span class='ocrx_word' id='word_1_802' title='bbox 2470 4904 2733 4969; x_wconf 86' lang='lat' dir='ltr'><strong>Domine,</strong></span> <span class='ocrx_word' id='word_1_803' title='bbox 2778 4917 2875 4955; x_wconf 93' lang='lat' dir='ltr'><strong>cur</strong></span> <span class='ocrx_word' id='word_1_804' title='bbox 2918 4900 3155 4954; x_wconf 91' lang='lat' dir='ltr'><strong>membra</strong></span> <span class='ocrx_word' id='word_1_805' title='bbox 3199 4911 3318 4965; x_wconf 71' lang='lat' dir='ltr'><strong>qua:</strong></span> <span class='ocrx_word' id='word_1_806' title='bbox 3363 4903 3415 4947; x_wconf 86' lang='lat' dir='ltr'><strong>te</strong></span> <span class='ocrx_word' id='word_1_807' title='bbox 3456 4900 3533 4947; x_wconf 86' lang='lat' dir='ltr'><strong>sic</strong></span> 
     </span>
    </p>
   </div>
   <div class='ocr_carea' id='block_1_94' title="bbox 1935 4972 3535 5043">
    <p class='ocr_par' dir='ltr' id='par_1_94' title="bbox 1935 4972 3535 5043">
     <span class='ocr_line' id='line_1_95' title="bbox 1935 4972 3535 5043; baseline -0.011 -11"><span class='ocrx_word' id='word_1_808' title='bbox 1935 4980 2184 5032; x_wconf 85' lang='lat' dir='ltr'><strong>confessa</strong></span> <span class='ocrx_word' id='word_1_809' title='bbox 2222 4986 2346 5030; x_wconf 89' lang='lat' dir='ltr'><strong>sunt</strong></span> <span class='ocrx_word' id='word_1_810' title='bbox 2382 4990 2571 5043; x_wconf 90' lang='lat' dir='ltr'><strong>passus</strong></span> <span class='ocrx_word' id='word_1_811' title='bbox 2602 4989 2662 5028; x_wconf 88' lang='lat' dir='ltr'><strong>es</strong></span> <span class='ocrx_word' id='word_1_812' title='bbox 2697 4972 3010 5043; x_wconf 88' lang='lat' dir='ltr'><strong>captivari?_</strong></span> <span class='ocrx_word' id='word_1_813' title='bbox 3038 4984 3135 5024; x_wconf 90' lang='lat' dir='ltr'><strong>cur</strong></span> <span class='ocrx_word' id='word_1_814' title='bbox 3173 4976 3363 5021; x_wconf 89' lang='lat' dir='ltr'><strong>testem</strong></span> <span class='ocrx_word' id='word_1_815' title='bbox 3395 4980 3535 5043; x_wconf 79' lang='lat' dir='ltr'><strong>san-</strong></span> 
     </span>
    </p>
   </div>
   <div class='ocr_carea' id='block_1_95' title="bbox 1933 5034 3538 5117">
    <p class='ocr_par' dir='ltr' id='par_1_95' title="bbox 1933 5034 3538 5117">
     <span class='ocr_line' id='line_1_96' title="bbox 1933 5034 3538 5117; baseline -0.009 -16"><span class='ocrx_word' id='word_1_816' title='bbox 1933 5048 2133 5117; x_wconf 79' lang='lat' dir='ltr'><strong>guinis,</strong></span> <span class='ocrx_word' id='word_1_817' title='bbox 2168 5062 2325 5116; x_wconf 90' lang='lat' dir='ltr'><strong>quem</strong></span> <span class='ocrx_word' id='word_1_818' title='bbox 2360 5034 2505 5099; x_wconf 78' lang='lat' dir='ltr'><strong>tanto</strong></span> <span class='ocrx_word' id='word_1_819' title='bbox 2556 5034 2953 5117; x_wconf 78' lang='lat' dir='ltr'><strong>sublimaveras</strong></span> <span class='ocrx_word' id='word_1_820' title='bbox 2998 5040 3230 5117; x_wconf 85' lang='lat' dir='ltr'><strong>honore,</strong></span> <span class='ocrx_word' id='word_1_821' title='bbox 3264 5042 3414 5117; x_wconf 69' lang='lat' dir='ltr'><strong>tanto</strong></span> <span class='ocrx_word' id='word_1_822' title='bbox 3445 5034 3538 5117; x_wconf 81' lang='lat' dir='ltr'><strong>de-</strong></span> 
     </span>
    </p>
   </div>
   <div class='ocr_carea' id='block_1_96' title="bbox 1932 5107 3537 5187">
    <p class='ocr_par' dir='ltr' id='par_1_96' title="bbox 1932 5107 3537 5187">
     <span class='ocr_line' id='line_1_97' title="bbox 1932 5107 3537 5187; baseline -0.009 -16"><span class='ocrx_word' id='word_1_823' title='bbox 1932 5107 2143 5187; x_wconf 63' lang='lat' dir='ltr'><strong>spectui</strong></span> <span class='ocrx_word' id='word_1_824' title='bbox 2185 5107 2490 5187; x_wconf 77' lang='lat' dir='ltr'><strong>reliquisti,</strong></span> <span class='ocrx_word' id='word_1_825' title='bbox 2542 5116 2613 5187; x_wconf 85' lang='lat' dir='ltr'><strong>ad</strong></span> <span class='ocrx_word' id='word_1_826' title='bbox 2639 5125 2975 5187; x_wconf 76' lang='lat' dir='ltr'><strong>postremum</strong></span> <span class='ocrx_word' id='word_1_827' title='bbox 3016 5120 3070 5163; x_wconf 85' lang='lat' dir='ltr'><strong>ct</strong></span> <span class='ocrx_word' id='word_1_828' title='bbox 3095 5111 3161 5163; x_wconf 91' lang='lat' dir='ltr'><strong>de</strong></span> <span class='ocrx_word' id='word_1_829' title='bbox 3202 5108 3357 5187; x_wconf 70' lang='lat' dir='ltr'><strong>nobis</strong></span> <span class='ocrx_word' id='word_1_830' title='bbox 3386 5116 3437 5185; x_wconf 74' lang='lat' dir='ltr'><strong>et</strong></span> <span class='ocrx_word' id='word_1_831' title='bbox 3470 5107 3537 5187; x_wconf 83' lang='lat' dir='ltr'><strong>de</strong></span> 
     </span>
    </p>
   </div>
   <div class='ocr_carea' id='block_1_97' title="bbox 1932 5178 3538 5260">
    <p class='ocr_par' dir='ltr' id='par_1_97' title="bbox 1932 5178 3538 5260">
     <span class='ocr_line' id='line_1_98' title="bbox 1932 5178 3538 5260; baseline -0.008 -19"><span class='ocrx_word' id='word_1_832' title='bbox 1932 5178 2294 5260; x_wconf 67' lang='lat' dir='ltr'><strong>nostris,qure</strong></span> <span class='ocrx_word' id='word_1_833' title='bbox 2308 5178 2499 5258; x_wconf 75' lang='grc' dir='ltr'><strong>’[Μανι.</strong></span> <span class='ocrx_word' id='word_1_834' title='bbox 2523 5178 2675 5256; x_wconf 73' lang='lat' dir='ltr'><strong>quia]</strong></span> <span class='ocrx_word' id='word_1_835' title='bbox 2708 5196 2796 5260; x_wconf 79' lang='lat' dir='ltr'><strong>tua</strong></span> <span class='ocrx_word' id='word_1_836' title='bbox 2816 5184 2924 5260; x_wconf 80' lang='lat'><strong>59</strong></span> <span class='ocrx_word' id='word_1_837' title='bbox 2940 5188 3065 5260; x_wconf 81' lang='lat' dir='ltr'><strong>sunt</strong></span> <span class='ocrx_word' id='word_1_838' title='bbox 3080 5181 3260 5260; x_wconf 81' lang='lat' dir='ltr'><strong>omnia</strong></span> <span class='ocrx_word' id='word_1_839' title='bbox 3291 5178 3538 5260; x_wconf 43' lang='lat' dir='ltr'><strong>fac-sicut</strong></span> 
     </span>
    </p>
   </div>
   <div class='ocr_carea' id='block_1_98' title="bbox 1931 5247 3539 5326">
    <p class='ocr_par' dir='ltr' id='par_1_98' title="bbox 1931 5247 3539 5326">
     <span class='ocr_line' id='line_1_99' title="bbox 1931 5247 3539 5326; baseline -0.009 -14"><span class='ocrx_word' id='word_1_840' title='bbox 1931 5259 2037 5312; x_wconf 83' lang='lat' dir='ltr'><strong>vis.</strong></span> <span class='ocrx_word' id='word_1_841' title='bbox 2072 5247 2173 5312; x_wconf 85' lang='lat' dir='ltr'><strong>Ubi</strong></span> <span class='ocrx_word' id='word_1_842' title='bbox 2193 5247 2284 5311; x_wconf 65' lang='grc' dir='ltr'><strong>ἐει</strong></span> <span class='ocrx_word' id='word_1_843' title='bbox 2305 5247 2501 5311; x_wconf 67' lang='lat' dir='ltr'><strong>nomen</strong></span> <span class='ocrx_word' id='word_1_844' title='bbox 2532 5247 2707 5322; x_wconf 77' lang='grc' dir='ltr'>ἱιιυιὶι,</span> <span class='ocrx_word' id='word_1_845' title='bbox 2743 5247 2953 5308; x_wconf 68' lang='grc' dir='ltr'>ιιὺῗόδι</span> <span class='ocrx_word' id='word_1_846' title='bbox 2980 5251 3149 5320; x_wconf 85' lang='lat' dir='ltr'><strong>gloria</strong></span> <span class='ocrx_word' id='word_1_847' title='bbox 3179 5260 3269 5304; x_wconf 89' lang='lat' dir='ltr'><strong>tua</strong></span> <span class='ocrx_word' id='word_1_848' title='bbox 3290 5289 3305 5313; x_wconf 93' lang='lat'><strong>,</strong></span> <span class='ocrx_word' id='word_1_849' title='bbox 3341 5247 3426 5326; x_wconf 85' lang='lat' dir='ltr'><strong>ubi</strong></span> <span class='ocrx_word' id='word_1_850' title='bbox 3456 5251 3539 5298; x_wconf 89' lang='lat' dir='ltr'><strong>est</strong></span> 
     </span>
    </p>
   </div>
   <div class='ocr_carea' id='block_1_99' title="bbox 1931 5326 3540 5395">
    <p class='ocr_par' dir='ltr' id='par_1_99' title="bbox 1931 5326 3540 5395">
     <span class='ocr_line' id='line_1_100' title="bbox 1931 5326 3540 5395; baseline -0.008 -16"><span class='ocrx_word' id='word_1_851' title='bbox 1931 5330 2103 5381; x_wconf 90' lang='lat' dir='ltr'><strong>virtus</strong></span> <span class='ocrx_word' id='word_1_852' title='bbox 2133 5329 2259 5382; x_wconf 81' lang='lat' dir='ltr'><strong>tua?</strong></span> <span class='ocrx_word' id='word_1_853' title='bbox 2291 5329 2412 5382; x_wconf 88' lang='lat' dir='ltr'><strong>llaec</strong></span> <span class='ocrx_word' id='word_1_854' title='bbox 2449 5326 2682 5381; x_wconf 86' lang='lat' dir='ltr'><strong>dicendo</strong></span> <span class='ocrx_word' id='word_1_855' title='bbox 2714 5331 2904 5394; x_wconf 83' lang='lat' dir='ltr'><strong>gentes</strong></span> <span class='ocrx_word' id='word_1_856' title='bbox 2924 5337 3044 5391; x_wconf 70' lang='lat' dir='ltr'><strong>quae</strong></span> <span class='ocrx_word' id='word_1_857' title='bbox 3076 5331 3129 5375; x_wconf 88' lang='lat' dir='ltr'><strong>te</strong></span> <span class='ocrx_word' id='word_1_858' title='bbox 3159 5330 3214 5373; x_wconf 92' lang='lat' dir='ltr'><strong>ut</strong></span> <span class='ocrx_word' id='word_1_859' title='bbox 3260 5333 3358 5395; x_wconf 79' lang='lat' dir='ltr'><strong>nos</strong></span> <span class='ocrx_word' id='word_1_860' title='bbox 3389 5329 3540 5395; x_wconf 61' lang='lat' dir='ltr'><strong>niva-</strong></span> 
     </span>
    </p>
   </div>
   <div class='ocr_carea' id='block_1_100' title="bbox 1932 5388 3541 5470">
    <p class='ocr_par' dir='ltr' id='par_1_100' title="bbox 1932 5388 3541 5470">
     <span class='ocr_line' id='line_1_101' title="bbox 1932 5388 3541 5470; baseline -0.002 -18"><span class='ocrx_word' id='word_1_861' title='bbox 1932 5397 2132 5470; x_wconf 72' lang='lat' dir='ltr'><strong>derent</strong></span> <span class='ocrx_word' id='word_1_862' title='bbox 2165 5388 2978 5470; x_wconf 69' lang='lat' dir='ltr'><strong>blasphemaverunt.Exsurge</strong></span> <span class='ocrx_word' id='word_1_863' title='bbox 3005 5413 3014 5445; x_wconf 92' lang='lat'>:</span> <span class='ocrx_word' id='word_1_864' title='bbox 3042 5406 3209 5461; x_wconf 85' lang='lat' dir='ltr'><strong>quare</strong></span> <span class='ocrx_word' id='word_1_865' title='bbox 3238 5388 3541 5470; x_wconf 49' lang='grc' dir='ltr'><strong>θρόει-φῇς,</strong></span> 
     </span>
    </p>
   </div>
   <div class='ocr_carea' id='block_1_101' title="bbox 1931 5456 3540 5539">
    <p class='ocr_par' dir='ltr' id='par_1_101' title="bbox 1931 5456 3540 5539">
     <span class='ocr_line' id='line_1_102' title="bbox 1931 5456 3540 5539; baseline -0.007 -18"><span class='ocrx_word' id='word_1_866' title='bbox 1931 5466 2197 5539; x_wconf 69' lang='lat' dir='ltr'><strong>poniine?</strong></span> <span class='ocrx_word' id='word_1_867' title='bbox 2255 5456 2519 5537; x_wconf 55' lang='lat' dir='ltr'><strong>e&#39;xsurgc,</strong></span> <span class='ocrx_word' id='word_1_868' title='bbox 2563 5478 2620 5523; x_wconf 85' lang='lat' dir='ltr'><strong>et</strong></span> <span class='ocrx_word' id='word_1_869' title='bbox 2662 5481 2734 5521; x_wconf 81' lang='lat' dir='ltr'><strong>ne</strong></span> <span class='ocrx_word' id='word_1_870' title='bbox 2785 5456 3020 5531; x_wconf 61' lang='lat' dir='ltr'><strong>repellas</strong></span> <span class='ocrx_word' id='word_1_871' title='bbox 3061 5456 3231 5539; x_wconf 60' lang='lat' dir='ltr'><strong>iisque</strong></span> <span class='ocrx_word' id='word_1_872' title='bbox 3265 5460 3328 5539; x_wconf 39' lang='lat' dir='ltr'><strong>.in</strong></span> <span class='ocrx_word' id='word_1_873' title='bbox 3357 5456 3540 5539; x_wconf 57' lang='lat' dir='ltr'><strong>lineat-</strong></span> 
     </span>
    </p>
   </div>
   <div class='ocr_carea' id='block_1_102' title="bbox 1931 5522 3539 5610">
    <p class='ocr_par' dir='ltr' id='par_1_102' title="bbox 1931 5522 3539 5610">
     <span class='ocr_line' id='line_1_103' title="bbox 1931 5522 3539 5610; baseline -0.009 -18"><span class='ocrx_word' id='word_1_874' title='bbox 1931 5536 2120 5594; x_wconf 80' lang='lat' dir='ltr'><strong>Redde</strong></span> <span class='ocrx_word' id='word_1_875' title='bbox 2146 5522 2275 5594; x_wconf 13' lang='lat' dir='ltr'><strong>otibi</strong></span> <span class='ocrx_word' id='word_1_876' title='bbox 2296 5522 2450 5593; x_wconf 49' lang='lat' dir='ltr'><strong>tuan?</strong></span> <span class='ocrx_word' id='word_1_877' title='bbox 2467 5522 2695 5610; x_wconf 77' lang='lat' dir='ltr'><strong>gloriam</strong></span> <span class='ocrx_word' id='word_1_878' title='bbox 2719 5578 2738 5604; x_wconf 86' lang='lat'><strong>,</strong></span> <span class='ocrx_word' id='word_1_879' title='bbox 2787 5522 2988 5590; x_wconf 76' lang='lat' dir='ltr'><strong>terram</strong></span> <span class='ocrx_word' id='word_1_880' title='bbox 3030 5522 3176 5588; x_wconf 81' lang='lat' dir='ltr'><strong>tuam</strong></span> <span class='ocrx_word' id='word_1_881' title='bbox 3203 5529 3308 5585; x_wconf 89' lang='lat' dir='ltr'><strong>tuis</strong></span> <span class='ocrx_word' id='word_1_882' title='bbox 3335 5522 3502 5581; x_wconf 88' lang='lat' dir='ltr'><strong>redde</strong></span> <span class='ocrx_word' id='word_1_883' title='bbox 3522 5560 3539 5590; x_wconf 92' lang='lat'><strong>,</strong></span> 
     </span>
    </p>
   </div>
   <div class='ocr_carea' id='block_1_103' title="bbox 2010 5663 3544 5742">
    <p class='ocr_par' dir='ltr' id='par_1_103' title="bbox 2010 5663 3544 5742">
     <span class='ocr_line' id='line_1_104' title="bbox 2010 5663 3544 5742; baseline -0.01 -12"><span class='ocrx_word' id='word_1_884' title='bbox 2010 5674 2037 5712; x_wconf 67' lang='grc'><strong>³³</strong></span> <span class='ocrx_word' id='word_1_885' title='bbox 2060 5674 2195 5731; x_wconf 89' lang='lat' dir='ltr'><strong>Cod.</strong></span> <span class='ocrx_word' id='word_1_886' title='bbox 2214 5674 2390 5742; x_wconf 57' lang='grc' dir='ltr'><strong>Μαι-ιη</strong></span> <span class='ocrx_word' id='word_1_887' title='bbox 2409 5675 2609 5732; x_wconf 75' lang='lat' dir='ltr'><strong>existit.</strong></span> <span class='ocrx_word' id='word_1_888' title='bbox 2627 5671 2806 5740; x_wconf 88' lang='lat' dir='ltr'><strong>Colb.,</strong></span> <span class='ocrx_word' id='word_1_889' title='bbox 2828 5674 2970 5734; x_wconf 79' lang='lat' dir='ltr'><strong>pium</strong></span> <span class='ocrx_word' id='word_1_890' title='bbox 2989 5669 3222 5740; x_wconf 74' lang='lat' dir='ltr'><strong>judicent</strong></span> <span class='ocrx_word' id='word_1_891' title='bbox 3249 5663 3325 5717; x_wconf 82' lang='lat' dir='ltr'><strong>vel</strong></span> <span class='ocrx_word' id='word_1_892' title='bbox 3352 5674 3544 5731; x_wconf 81' lang='lat' dir='ltr'><strong>regem.</strong></span> 
     </span>
    </p>
   </div>
   <div class='ocr_carea' id='block_1_104' title="bbox 3188 5828 3230 5890">
    <p class='ocr_par' dir='ltr' id='par_1_104' title="bbox 3188 5828 3230 5890">
     <span class='ocr_line' id='line_1_105' title="bbox 3188 5828 3230 5890; baseline 0 0"><span class='ocrx_word' id='word_1_893' title='bbox 3188 5828 3230 5890; x_wconf 80' lang='lat'><strong>9</strong></span> 
     </span>
    </p>
   </div>
  </div>
