3988 6344
453 250 556 307 279

1472 248 1808 305 API’ENDIX
1850 247 1941 303 AD
1987 244 2327 302 VICTOREM
2366 243 2726 302 VITENSEM.

3268 171 3337 194 ...ί

3612 241 3710 300 280

455 331 662 417 nesciat
687 317 848 417 alium
883 367 1080 431 praeter
1122 362 1260 416 hunc
1289 359 1583 429 Hipponem
1627 360 1792 413 fuisse
1831 373 2032 429 cogno-
2061 357 2114 419 Δ
2142 359 2308 414 fuisse
2338 358 2647 431 episcopum
2677 355 2853 424 potius
2874 355 3201 431 crediderim
3219 369 3383 431 quam
3408 355 3702 414 Memblosi-

455 444 636 487 mento
661 430 897 501 Regium,
929 433 1012 486 cui
1058 446 1249 496 nempe
1292 430 1502 498 praefuit
1529 431 2029 501 Augustinus;_non

460 515 633 556 tamen
663 499 762 557 erit
813 503 996 556 inutile
1041 501 1126 554 hic
1179 501 1514 558 observasse.
1564 509 1840 567 utramque
1896 499 2032 554 hanc

428 593 432 596 ·
460 575 644 626 urbem
676 588 706 625 a
729 571 987 626 Strabone
1015 569 1149 622 libro
1178 585 1285 624 xvn
1312 569 1599 638 Hipponem
1629 571 1844 637 Regium
1870 572 2031 625 fuisse

459 644 795 709 appellatam.
851 642 922 693 De
952 649 1171 708 utraque
1197 639 1412 693 Solinus
1462 641 1513 693 in
1545 641 1878 710 Polyhistore
1907 655 2027 708 cap.

457 714 545 769 ⁸50.
576 712 887 777 Hipponem,
916 709 1128 776 Regium
1153 720 1326 778 postea
1354 710 1566 772 dictum,
1595 709 1714 764 item
1737 709 2032 778 Hipponem

435 787 437 790 ‘
461 785 690 838 alterum,
727 779 788 831 de
817 781 1136 846 interﬂuente
1161 780 1311 847 freto,
1349 778 1652 832 Diarrhiton
1680 790 2031 848 nuncupatum

460 850 767 902 nobilissima
791 849 977 918 Oppida
1000 850 1184 916 equites
1202 849 1368 903 (ἕνωσὶ
1392 849 1745 903 condiderunt.

435 921 459 986 Γ
505 920 581 980 ,6.
615 917 966 972 Causneusrs.
993 918 1173 972 Codex
1206 920 1399 973 llallcri
1449 920 1586 986 apud
1614 917 1896 983 Ortelium,
1923 919 2032 972 Gu-

437 989 747 1052 nclmensis,‘
765 989 890 1042 urbs
911 988 1011 1042 sub
1035 996 1258 1058 iitroque
1275 989 1488 1043 nomine
1509 1004 1659 1058 teque
1677 989 1806 1042 mihi
1830 990 2029 1058 ignota.

432 1063 444 1126 ς’
529 1063 577 1110 7.
613 1059 945 1112 UZIALENSIS.
977 1058 1064 1112 Sic
1095 1057 1316 1122 uterque
1349 1059 1517 1114 codex
1545 1057 1644 1112 ms.
1671 1059 1811 1112 Editi
1852 1067 2030 1113 autem

459 1128 656 1182 habent
690 1128 985 1194 Uzalensis,
1035 1138 1088 1182 et
1139 1128 1353 1197 quidem
1403 1129 1636 1182 melius:
1667 1128 1906 1183 Celebris
1951 1136 2033 1184 est

435 1199 594 1264 apud
650 1202 1000 1264 Augustinum
1031 1198 1254 1266 epistola
1286 1197 1354 1252 55
1399 1210 1452 1253 et
1482 1198 1609 1251 alibi
1661 1201 1856 1267 passim
1901 1198 2033 1251 Ero-

459 1269 571 1319 dius
606 1267 872 1320 Uzaleusis
922 1271 1204 1337 episcopus,
1237 1283 1392 1336 quem
1427 1267 1641 1322 laudant
1693 1269 1870 1322 omnia
1920 1269 2032 1323 fere

433 1337 610 1391 'istius
636 1340 730 1390 aevi
781 1353 930 1391 Sacra
963 1347 1324 1391 rnonumeuta.
1358 1338 1508 1393 Hunc
1537 1352 1663 1391 vero
1689 1339 1910 1392 miratur
1934 1337 2030 1393 Ba-

436 1407 626 1474 fluzius
658 1408 956 1461 inter-alios
997 1408 1295 1474 epiSCOpus,
1326 1408 1416 1476 qui
1445 1409 1724 1462 Collationi
1752 1408 2033 1476 Carthagi-

463 1482 608 1531 nensi
638 1493 774 1530 alino
796 1478 859 1530 M
880 1479 922 1541 Ι,
950 1479 1325 1541 interfuerunt,
1351 1494 1456 1532 non
1491 1477 1654 1532 fuisse
1675 1478 2028 1542 recensitum;

437 1547 580 1600 'Cum
617 1563 682 1598 ex
715 1549 938 1600 adverSo
964 1546 1116 1600 Felix
1141 1547 1376 1615 ejusdem
1407 1549 1551 1602 urbis
1581 1547 1883 1615 episc0pus,
1906 1563 2025 1616 cap.

441 1615 583 1677 '204.
635 1618 771 1670 inter
801 1617 1102 1670 Donatistas
1152 1620 1528 1686 comparucrit.
1580 1617 1764 1670 Evodii
1811 1615 2027 1682 nomen,

443 1689 599 1754 quod
632 1695 680 1739 in
712 1688 934 1740 laudaue
963 1687 1293 1751 Collationis,
1324 1690 1626 1753 cognitione
1657 1690 1708 1750 5,
1754 1702 1869 1753 cap.
1902 1688 2029 1752 Mi,

463 1759 804 1824 depravatum
841 1759 1008 1810 fuerat
1037 1773 1098 1810 ex
1146 1757 1332 1812 codice
1372 1774 1471 1811 ms.
1505 1758 1737 1810 reStituit
1764 1757 1902 1811 idem
1931 1758 2034 1810 Ba-

462 1827 652 1888 luzius,
689 1829 772 1880 ubi
804 1835 956 1880 antea
1007 1827 1258 1886 Emwdto.
1311 1844 1404 1880 seu
1449 1827 1683 1880 Ennodio
1737 1827 2033 1895 legebatur.

425 1905 428 1908 ’
464 1897 719 1966 Mustulus
751 1898 1034 1965 episcopus.
1065 1898 1190 1950 item
1223 1896 1487 1950 Uzalensis
1512 1937 1525 1956 ,
1567 1897 1882 1964 subscripsit
1910 1913 2039 1951 con-

465 1967 1010 2034 cilio’Carthaginensi
1040 1971 1138 2020 sub
1170 1967 1461 2021 Bonifacio.
1490 1966 1666 2021 Uzalze
1695 1968 1851 2021 situm
1894 1967 2039 2020 desi-

445 2046 591 2106 ‘gnat
618 2038 938 2104 Augustinus
966 2037 1058 2090 lib.
1090 2052 1200 2090 χχιι
1226 2038 1291 2088 de
1314 2038 1538 2091 Civitate
1571 2038 1680 2098 Dei,
1713 2051 1830 2104 cap.
1864 2040 1918 2103 8,
1951 2037 2040 2091 ubi

447 2109 648 2160 urbem
681 2110 815 2160 hanc
840 2107 1003 2161 Uticze
1028 2106 1251 2160 colonia:
1283 2108 1577 2174 proximam
1602 2107 1764 2160 fuisse
1794 2117 2038 2162 testatur.

448 2177 800 2298 'Uzaliianutit
835 2177 1080 2246 Oppidum
1110 2174 1349 2230 Latinum
1378 2179 1611 2246 appellat
1635 2176 1837 2231 Plinius
1863 2179 1956 2232 lib.
1988 2195 2039 2242 v,

449 2258 579 2298 'can.
656 2285 672 2298 .

449 2258 579 2314 cap.
618 2258 672 2301 ιι.

450 2318 588 2389 ξη8.
619 2317 1288 2389 Μελικιιοειηιῖυεηϐοᾶεκ
1321 2317 1520 2389 Halleri
1587 2317 1726 2385 apud
1757 2318 2038 2388 Ortelium,

475 2387 906 2441 Membresitanus.
945 2387 1223 2440 Memblosa
1265 2400 1310 2439 et
1362 2388 1660 2447 Membresa.
1711 2404 1804 2441 seu
1870 2392 2042 2455 potius

467 2457 798 2520 Membressa,
831 2459 948 2510 duae
976 2467 1102 2511 sunt
1147 2457 1385 2524 ejusdem
1417 2459 1527 2512 fere
1546 2458 1774 2511 nominis
1806 2460 1963 2512 urbes
1990 2461 2043 2514 in

468 2527 666 2591 Africa,
700 2543 728 2578 a
759 2542 817 2581 se
854 2528 1078 2580 invicem
1123 2527 1366 2589 diversa),
1402 2538 1457 2580 ut
1508 2529 1703 2582 invicte
1732 2529 1918 2594 probat
1945 2531 2041 2582 ad-

469 2611 653 2650 versus
685 2594 1000 2649 Garncrium
1034 2598 1289 2650 Henricus
1320 2599 1556 2651 Norisius
1579 2637 1595 2663 ,
1633 2599 1682 2650 in
1713 2599 2045 2652 animadver-

470 2666 708 2720 sionibus
737 2667 801 2719 ad
826 2666 1065 2734 ejusdem
1096 2667 1336 2722 Gurnerii
1385 2677 1538 2720 notas
1580 2670 1630 2720 in
1660 2667 1878 2721 Marium
1911 2669 2045 2723 Mer-

472 2745 728 2790 catorem.
756 2736 1059 2806 thuidem
1086 2738 1138 2790 in
1162 2736 1454 2791 Collalionc
1475 2738 1745 2806 Carthag.,
1773 2751 1889 2803 cap.
1918 2740 2040 2804 155,

473 2815 798 2861 memoratur
831 2807 1076 2876 Tlteasius
1120 2808 1383 2876 episcopus
1421 2807 1579 2875 plebis
1622 2807 2042 2874 Illemblositame,

472 2876 562 2946 qui
594 2877 836 2929 unitatem
860 2874 1100 2929 Ecclesia:
1127 2874 1395 2931 catholica:
1424 2874 1562 2944 apud
1589 2894 1647 2931 se
1678 2879 1858 2931 haberi
1892 2881 2042 2934 testi-

471 2951 658 3002 ficatus
687 2956 787 3000 est.
819 2946 967 3000 Licet
995 2948 1152 3015 paulo
1179 2957 1334 3001 antea
1371 2948 1669 3001 recensitus
1698 2948 1887 3000 fuisset
1911 2946 2046 3002 Gen-

474 3018 658 3070 nadius
685 3019 950 3088 episwpus
978 3018 1136 3088 plebis
1168 3018 1596 3071 Membressitana:
1621 3019 1936 3083 catholicus,
1960 3019 2045 3073 cui

2139 438 2340 483 tanum.
2365 427 2489 484 fNec
2528 427 2711 483 ’obstat
2749 427 2889 497 quod
2928 427 3168 481 nonnulli
3219 428 3596 482 Membressam
3643 431 3702 486 ad

2135 499 2431 553 Numidiam
2474 497 2798 566 pertinuisse
2854 497 3282 551 existimaverint
3313 516 3325 548 :
3357 513 3481 551 cum
3536 498 3704 552 Victo-

2133 585 2241 622 rem
2269 571 2562 637 episcopum
2582 569 2806 622 ecclesia
2842 566 3274 638 Membressitante
3294 566 3588 628 habeamus,
3619 571 3700 638 qui

2134 638 2276 709 inter
2300 649 2525 692 caeteros
2542 638 2952 709 proconsularis
2983 637 3271 709 provincia:
3299 638 3601 709 episcolms,
3623 654 3705 709 sy-

2135 708 2340 763 nodica:
2380 708 2492 776 jam
2539 707 2764 762 laudatae
2789 707 3104 774 subscripsit
3135 707 3186 760 in
3216 707 3448 776 concilio
3499 707 3702 761 Latera-

2135 779 2285 832 nensi
2329 775 2429 832 sub
2457 785 2642 832 sancto
2669 777 2919 841 Martino,
2949 778 3160 831 actione
3204 775 3260 840 2,
3314 785 3368 830 et
3398 775 3703 832 Paschasius

2135 847 2584 902 Membressitanus
2642 848 2767 902 item
2820 847 3104 918 episcopus
3151 846 3452 918 interfuerit
3511 851 3703 918 synodo

2133 918 2538 986 Carthaginensi
2599 917 2700 971 sub
2763 915 3068 981 Bouifacio,
3119 931 3261 970 anno
3304 917 3431 972 5‘25.
3482 915 3618 983 Quin
3657 927 3705 972 et

2135 987 2434 1050 Membresa,
2491 995 2548 1039 ut
2577 987 2626 1039 in
2658 986 2844 1041 codice
2876 986 3095 1049 Iialleri,
3121 1002 3241 1040 cum
3273 989 3429 1039 unica
3468 1005 3493 1040 s
3523 987 3701 1041 scribi.

2137 1065 2222 1111 tur
2245 1058 2296 1112 in
2326 1057 2553 1112 concilio
2584 1055 2834 1123 Carthag.
2868 1056 2968 1110 sub
2995 1065 3182 1109 sancto
3207 1056 3497 1125 Cypriane,
3535 1056 3587 1109 in
3609 1072 3705 1124 quo

2137 1142 2232 1194 pro
2261 1127 2658 1194 rebaptizandis
2691 1125 2956 1179 haereticis
2989 1126 3244 1195 confessor
3265 1125 3454 1179 Lucius
3476 1144 3509 1180 a
3547 1126 3704 1180 Mem-

2137 1200 2280 1250 bresa
2309 1197 2625 1251 sententiam
2654 1196 2804 1249 dixit.
2837 1195 3086 1263 Ejusdem
3137 1196 3320 1260 urbis,
3351 1211 3510 1264 quam
3555 1195 3704 1250 Mem-

2135 1267 2352 1319 brissam
2377 1266 2626 1335 appellat,
2663 1265 2906 1320 meminit
2931 1266 3223 1334 ProcOpius
3250 1265 3387 1320 libro
3415 1281 3452 1320 ιι
3477 1266 3544 1321 de
3571 1267 3705 1323 Bello

2137 1335 2445 1400 Vandalico,
2482 1335 2568 1406 ubi
2602 1350 2721 1390 eam
2748 1336 3067 1406 Carthagine
3109 1337 3344 1389 trecentis
3381 1346 3429 1389 et
3452 1337 3700 1406 quinqua-

2133 1408 2274 1477 ginta
2301 1407 2479 1459 stadiis
2509 1404 2791 1477 distitissei
2818 1405 3029 1477 scribit.
3068 1406 3402 1477 Ipsamvero
3447 1405 3502 1459 in
3539 1404 3707 1460 Numi-

2134 1475 2234 1530 ὀίω
2263 1485 2320 1530 et
2342 1476 2738 1545 proconsularis
2768 1476 2960 1530 finibus
2989 1476 3147 1530 sitam
3185 1475 3352 1530 fuisse
3379 1491 3446 1530 ex
3479 1477 3704 1532 Antonio

2137 1547 2320 1614 liquet.
2578 1595 2584 1600 .

2205 1617 2262 1671 9.
2305 1617 2754 1671 Bensvaarsnsm.
2777 1615 2865 1671 Sic
2885 1616 3051 1672 codex
3076 1631 3178 1671 ms.
3202 1616 3577 1671 Laudunensis
3595 1633 3706 1673 cum

2138 1687 2361 1754 vulgatis
2387 1687 2728 1741 editionibus.
2774 1685 2955 1741 Codex
3003 1697 3176 1742 tamen
3216 1687 3414 1740 Halleri
3446 1687 3582 1754 apud
3613 1689 3701 1741 0r-

2123 1758 2326 1811 .telium
2361 1756 2519 1811 habet
2546 1755 2898 1810 Benenteusis.
2945 1757 3096 1811 Unde
3135 1758 3436 1824 suspicatur
3477 1759 3708 1812 eruditus

2143 1827 2387 1880 Baluzius
2419 1827 2469 1879 in
2503 1829 2640 1880 notis
2681 1827 2747 1879 ad
2787 1836 2946 1895 caput
2978 1827 3078 1880 1‘28
3106 1826 3422 1880 Collationis
3446 1826 3711 1895 Carthagi-

2145 1897 2356 1960 nensis,
2386 1895 2806 1950 Beneventensent
2843 1912 2937 1951 seu
2966 1895 3331 1952 Benentensem
3358 1896 3548 1950 urbem
3568 1937 3581 1957 .
3621 1897 3703 1952 hic

2145 1983 2199 2020 tn
2229 1966 2422 2020 Notitia
2455 1976 2830 2031 memoratam,
2877 1982 2994 2021 eam
3027 1967 3193 2034 ipsam
3220 1981 3339 2020 esse
3370 1970 3456 2020 cui
3490 1977 3708 2034 praeerat

2145 2037 2434 2090 Adeodatus
2461 2039 2725 2105 episcopus
2756 2037 2913 2105 plebis
2944 2036 3330 2100 Bencennensis,
3362 2037 3503 2089 inter
3531 2039 3706 2089 catho-

2147 2107 2278 2162 licos
2307 2107 2574 2160 antistites
2604 2107 2656 2158 in
2686 2106 3000 2160 Collationis
3028 2107 3200 2175 capite
3228 2108 3448 2160 laudato
3477 2109 3704 2175 recensi-

2146 2186 2252 2232 tus.
2300 2177 2414 2230 Jam
2443 2187 2595 2231 antea
2624 2176 2912 2231 Garnerius
2940 2176 3312 2230 Renceunensis
3345 2191 3445 2243 pro
3469 2174 3708 2229 Beneven-

2147 2249 2300 2301 tensis
2338 2248 2617 2314 legendum
2659 2261 2778 2302 esse
2807 2255 3122 2308 censuerat;
3169 2246 3262 2301 sed
3303 2246 3416 2298 haec
3459 2247 3708 2300 sententia

2148 2317 2379 2370 llenrico
2409 2318 2613 2370 Norisio
2639 2333 2744 2371 non
2776 2317 2993 2382 placuit,
3022 2317 3108 2384 qui
3143 2332 3203 2369 ea
3235 2315 3301 2369 de
3329 2331 3492 2369 causa
3521 2316 3709 2370 Carne.

2147 2389 2285 2442 rium
2327 2387 2598 2455 redarguit
2640 2387 2690 2439 in
2734 2400 2959 2440 censura
2999 2387 3256 2440 adversus
3286 2385 3457 2452 ipsius
3491 2396 3635 2440 notas
3663 2388 3708 2439 in

2150 2456 2552 2522 inscriptionem
2579 2457 2819 2526 epistolae
2843 2455 3571 2527 synodica;Carthaginiensis
3595 2470 3712 2510 con~

2147 2528 2277 2581 cilii.
2311 2527 2597 2581 Contendit
2620 2525 2815 2595 quippe
2843 2525 3082 2580 Norisius
3108 2526 3447 2579 Bencennam
3479 2536 3529 2580 et
3557 2527 3711 2580 Bene-

2148 2605 2367 2650 ventum
2394 2599 2525 2650 duas
2549 2596 2712 2650 fuisse
2740 2599 2791 2650 in
2815 2597 2987 2650 Africa
3017 2597 3174 2648 nrbes
3198 2595 3416 2648 omnino
3442 2596 3706 2649 diversas:

2148 2683 2368 2734 quarum
2411 2669 2642 2735 priorem
2680 2682 2748 2720 ex
2775 2666 3072 2720 Collatione
3102 2664 3512 2735 Carthaginiensi
3544 2675 3707 2719 notam

2150 2738 2311 2790 fuisse
2341 2734 2500 2802 dicit;
2543 2738 2764 2790 alteram
2795 2751 2920 2791 vero
2949 2751 3054 2790 non
3086 2737 3256 2788 solum
3290 2735 3339 2788 in
3370 2734 3590 2801 Notitia,
3623 2735 3707 2788 sed

2149 2809 2310 2862 etiam
2336 2809 2386 2860 in
2411 2807 2701 2876 percelebri
2725 2807 2951 2860 concilio
2975 2803 3273 2860 Arelatensi
3293 2805 3436 2876 quod
3465 2821 3601 2858 anno
3619 2804 3714 2876 ’414

2115 2921 2120 2928 .
2149 2874 2472 2932 celebratum
2506 2877 2622 2943 fuit,
2659 2877 2964 2934 memorari.
2999 2876 3062 2928 Et
3090 2877 3304 2946 quidem
3334 2874 3468 2946 huic
3499 2875 3710 2946 synodo,

2150 2950 2287 3002 inter
2307 2949 2440 3001 alios
2460 2949 2722 3000 antisrites
2747 2948 2837 3015 qui
2865 2961 2983 3000 cum
3006 2945 3293 2999 Caeciliano
3315 2945 3711 3014 Carthaginensi

2150 3034 2211 3070 ex
2236 3019 2409 3087 Africa
2435 3014 2817 3084 convenerant,
2853 3017 3164 3084 subscripsit
3188 3014 3498 3069 Anastasius
3527 3017 3711 3084 episco-

472 3102 536 3159 ex
560 3094 713 3156 parte
737 3087 922 3159 Donati
947 3101 1064 3156 cap.
1103 3088 1204 3159 198
1227 3089 1512 3156 opponitur
1536 3088 1831 3141 Restitutus.
1859 3089 2049 3144 Fateor
2075 3089 2121 3151 C
2155 3106 2247 3159 pus
2275 3088 2560 3159 deieivitate
2585 3087 2941 3159 Beneventum.

474 3157 617 3229 hunc
651 3158 972 3229 Restitutum
1013 3159 1080 3229 in
1125 3158 1348 3229 vulgatis
1395 3159 1715 3229 editionibus
1761 3161 2050 3229 episcopum

474 3226 635 3297 plebis
667 3225 1046 3296 Sioningiiensis
1090 3228 1379 3297 appellari,
1411 3229 1505 3282 sed
1530 3225 1806 3292 mendose,
1841 3239 1896 3280 ut
1933 3225 2055 3282 'ani-

475 3296 764 3352 madvertit
806 3297 1042 3352 eruditus
1090 3297 1352 3365 Baluzius,
1393 3299 1479 3366 qui
1510 3313 1576 3352 eo
1605 3299 1705 3351 loci
1745 3299 1905 3353 verba
1951 3301 2050 3353 ali-

461 3370 608 3435 quot
637 3366 775 3419 inter
807 3367 1016 3419 :msulas
1042 3368 1261 3434 adjecit,
1290 3378 1346 3420 ut
1370 3367 1502 3420 duos
1531 3369 1842 3429 Restitutos,
1879 3370 1961 3422 hic
1989 3384 2054 3424 ex

477 3450 664 3490 errore
718 3435 1054 3490 librariorum
1086 3437 1141 3490 in
1181 3453 1342 3490 unum
1389 3440 1668 3498 conflatos,
1703 3440 2004 3494 restitueret
2038 3458 2050 3492 :

478 3520 645 3560 unum
696 3505 903 3560 scilicet
952 3507 1300 3573 Donatistam,
1333 3507 1592 3562 Gennadii
1637 3508 2055 3565 Membressiluni

478 3575 843 3647 adversarium
870 3614 885 3640 ,
916 3575 1143 3630 alterum
1174 3592 1302 3631 vero
1343 3578 1688 3643 catholicum,
1717 3579 2059 3647 Simingiten-

477 3661 596 3700 sem
613 3646 942 3713 episcopum.
976 3649 1038 3699 Et
1058 3647 1268 3714 quidem
1293 3647 1380 3701 ille
1397 3647 1679 3702 Restitutus
1696 3649 1828 3702 alius
1851 3646 1954 3703 nan
1976 3658 2060 3704 est

479 3717 622 3770 abeo
640 3714 889 3787 Restituto
903 3717 991 3787 qui
1010 3718 1163 3787 103
1188 3719 1425 3771 fervente
1445 3719 1581 3772 inter
1603 3719 2060 3774 Donatistasschi-

479 3796 652 3840 smatc
679 3786 731 3839 in
756 3787 926 3839 locum
957 3786 1538 3841 Salvn’Membressitani
1570 3787 1741 3842 fuerat
1760 3789 2054 3856 ordinatus,

482 3865 540 3909 ut
591 3865 775 3909 narrat
801 3856 1129 3924 Augustinus
1167 3859 1389 3925 cpistola
1443 3859 1543 3912 108
1588 3874 1738 3911 nova:
1784 3860 2056 3914 editionis.

485 3926 696 3999 Saluius
726 3935 900 3980 autem
929 3927 1020 3999 ille
1048 3929 1101 3980 in
1132 3927 1328 3981 famosa
1359 3929 1641 3997 Bagajensi
1667 3931 1872 3999 synodo
1919 3946 2059 3985 anno

479 3995 585 4068 394
615 3996 894 4068 damnatus
923 3998 1126 4062 fuerat;
1159 3999 1224 4052 de
1265 4014 1368 4067 quo
1399 3995 1599 4067 passim
1640 3995 1961 4068 Augustinus
2006 4003 2060 4055 in

483 4066 636 4120 libris
683 4066 940 4121 adversus
974 4066 1293 4134 Donatislas,
1339 4066 1426 4122 ubi
1457 4071 1628 4122 varias
1675 4066 1789 4135 ejus
1820 4070 2060 4125 fortunas

482 4137 756 4209 describit.
782 4137 1068 4203 Utramque
1096 4153 1222 4191 vero
1249 4139 1455 4209 urbem,
1482 4137 1839 4191 Membresszm
1871 4156 2061 4209 nempe

482 4217 537 4258 et
567 4205 918 4270 Mcmblosam,
945 4217 1223 4271 memorat,
1250 4209 1301 4259 ui
1324 4207 1498 4270 fallor,
1522 4223 1821 4276 auonymus
1851 4205 2063 4262 Raven-

484 4275 686 4337 nensis,
714 4275 852 4340 apud
894 4289 1049 4339 quem
1082 4276 1213 4327 libro
1245 4291 1321 4339 Ill,
1356 4291 1502 4328 num.
1538 4277 1592 4333 5,
1641 4275 1863 4330 habetur
1892 4277 2060 4329 Mem-

487 4343 687 4407 brisca,
737 4354 791 4395 et
847 4358 1071 4396 numero
1129 4347 1370 4411 sequenti
1425 4343 1735 4398 Membrana.
1801 4347 1891 4399 lla:
1939 4355 2062 4399 sunt

484 4413 670 4482 etiam,
705 4422 759 4482 ut
788 4421 942 4482 puto,
975 4411 1029 4463 in
1071 4412 1287 4466 Tabulis
1316 4413 1738 4482 Pieutingcrianis
1765 4414 2062 4468 Membrissa

485 4491 542 4536 et
564 4480 1007 4551 Membione..lam
1030 4496 1156 4536 vero
1185 4497 1307 4536 cum
1337 4480 1654 4551 Bonifacius,
1685 4485 1770 4537 hic
1791 4485 1843 4537 in
1865 4484 2060 4538 NOtitia

487 4559 831 4615 memoratus,
863 4549 916 4604 in
947 4552 1130 4606 codice
1171 4549 1505 4605 Laudunensi
1550 4564 1604 4606 et
1633 4555 1686 4605 in
1716 4555 1872 4607 editis
1899 4553 2063 4608 Mem-

488 4620 1134 4689 brositanusappelletur,
1186 4637 1302 4689 qua:
1359 4636 1460 4675 vox
1511 4631 1617 4676 tant
1669 4638 1732 4676 ex
1784 4623 2060 4678 Memblosa

488 4705 646 4759 quam
691 4706 754 4764 ex
784 4688 1065 4764 Membresa
1090 4688 1279 4746 deduci
1331 4699 1542 4764 potest,
1569 4693 1736 4764 quod
1782 4695 2062 4764 utrobique

488 4767 641 4816 unica
672 4760 1008 4814 solummodo
1037 4763 1208 4815 littera
1243 4763 1494 4816 mutanda
1537 4760 1645 4817 sit:
1691 4765 1951 4818 incertum
1977 4760 2064 4819 re-

489 4831 745 4899 linquitur
775 4829 984 4884 cuinam
1017 4846 1081 4883 ex
1112 4832 1317 4886 duabus
1340 4834 1454 4888 istis
1477 4833 1694 4887 urbibus
1722 4834 1812 4888 ille
1839 4836 2062 4890 antistes

490 4900 786 4970 praefuerit.
822 4901 1064 4954 Buluzius
1094 4902 1306 4971 quidem
1337 4902 1655 4956 Gennadium
1681 4902 2062 4959 Membressita-

490 4987 612 5022 num
638 4971 964 5038 episcopum,
998 4982 1052 5024 et
1080 4975 1235 5040 paulo
1265 4986 1384 5040 post
1406 4973 1683 5026 Theasium
1707 4972 2058 5028 Memblosita-

490 4989 612 5022 num
638 4989 964 5038 episcopum,
998 4989 1052 5024 et
1080 4989 1235 5040 paulo
1283 4989 1384 5028 )OSl.
1407 4989 1431 5026 ι
1454 4989 1683 5026 acastum
1707 4989 1755 5025 Μ
1768 4989 2056 5028 εηιυιοδιια-

490 5056 614 5092 num
641 5043 692 5093 in
720 5043 856 5112 notis
881 5041 945 5094 ad
972 5056 1087 5107 cap.
1115 5043 1218 5096 155
1251 4989 1562 5097 ἑοιιξιιίοιιίς
1600 5045 2056 5112 Carthaginiensis,

493 5111 781 5181 provincia:
813 5113 1208 5179 proconsularis
1240 5115 1585 5176 antistitibus,
1635 5130 1697 5168 ex
1743 5111 1956 5181 Notitia,
2007 5124 2061 5168 ut

489 5180 586 5246 ait,
613 5180 858 5234 Africana
898 5192 1165 5236 accenset.
1195 5183 1299 5236 Sed
1326 5198 1447 5237 cum
1476 5188 1525 5236 iu
1568 5186 1681 5252 ipsa
1712 5183 1904 5238 Notitia
1945 5188 2061 5238 uni-

490 5264 585 5303 cus
615 5259 857 5303 occurrat
884 5253 1164 5320 episcopus
1192 5253 1632 5308 Membrositanus
1651 5293 1666 5315 .
1692 5256 1947 5308 alteruter
1974 5270 2062 5308 so-

492 5320 763 5391 lummodo
789 5319 1016 5374 debebat
1041 5319 1106 5374 ex
1128 5322 1228 5377 hoc
1249 5334 1560 5391 argumento
1588 5323 2060 5380 Proconsularibus

492 5390 730 5462 attribui,
758 5393 1001 5460 quamvis
1030 5390 1476 5462 utramqueihanc
1505 5395 1693 5448 urbem
1733 5394 1800 5448 ad
1831 5410 2062 5461 procon-

488 5461 726 5517 sularem
755 5462 1080 5530 provinciam
1112 5465 1431 5530 pertinuisse
1469 5463 1692 5518 inliciari
1740 5464 1924 5519 nolim.
1961 5465 2064 5520 Ve-

492 5547 613 5606 rum
638 5531 685 5586 si
708 5539 971 5606 accurate
1001 5531 1282 5606 descripta:
1313 5533 1526 5589 fuerunt
1554 5533 1787 5598 schedte,
1833 5551 1963 5606 quas
1992 5550 2061 5589 ex

490 5602 679 5657 codice
705 5602 888 5657 Hilleri
937 5602 1168 5656 Ortelius
1209 5613 1518 5670 acceperat,
1559 5607 1610 5658 in
1659 5602 1863 5670 quibus
1896 5603 2060 5658 Mem-

501 5677 780 5729 bresitanus
838 5672 1096 5740 habetur;
1160 5673 1488 5731 Bonit'aoium
1539 5674 2059 5743 _Membressitanum

2229 3159 2314 3212 10.
2341 3157 2738 3212 Urtuutasnsrs.
2764 3157 2817 3210 lu
2840 3157 3137 3210 Collatione
3157 3155 3434 3223 Carthag.,
3463 3170 3584 3224 cap.
3604 3154 3714 3224 126,

2157 3237 2481 3283 memoratur
2519 3228 2737 3282 Severus
2767 3228 3033 3294 episwpus
3073 3225 3231 3297 plebis
3279 3225 3542 3297 Utimari;
3575 3223 3718 3296 104

2157 3315 2222 3352 an
2243 3302 2343 3352 huc
2367 3297 2733 3352 revocandus?
2762 3298 2926 3351 Porro
2943 3295 3085 3364 saepe
3103 3297 3342 3350 laudatus
3361 3295 3606 3350 Baluzins
3629 3308 3715 3363 pro

2164 3368 2538 3423 Utimmirensis
2564 3367 2842 3434 legendum
2863 3378 3046 3422 censet
3071 3366 3484 3428 Utimminensis;
3505 3367 3586 3419 cui
3611 3365 3716 3419 loco

2159 3438 2434 3507 praefuisse
2464 3448 2610 3502 putat
2642 3437 2909 3491 Octauium
2941 3438 3229 3504 episcOpum
3259 3437 3419 3507 plebis
3446 3435 3717 3491 Utimnten-

2157 3506 2249 3584 sis,
2282 3512 2332 3584 in
2355 3508 2794 3584 Collationecap.
2825 3509 2927 3584 15ᾷ
2953 3516 3333 3584 memoratum.
3361 3506 3498 3584 Huic
3522 3515 3718 3584 sentenf

2161 3582 2248 3634 tia:
2279 3579 2422 3633 favet
2448 3573 2865 3638 codex'llalleri,
2898 3579 2951 3631 in
2979 3593 3084 3644 quo
3114 3590 3212 3644 pro
3245 3573 3639 3640 Utimmirensis,
3667 3581 3720 3629 ut

2161 3650 2464 3703 observavit
2483 3649 2735 3711 Ortelius,
2759 3647 2950 3716 legitur
2975 3645 3290 3716 Utiutiensis.
3321 3646 3426 3700 Sed
3460 3646 3595 3702 forte
3622 3660 3715 3698 non

2160 3720 2390 3773 advertit
2435 3719 2514 3772 vir
2553 3718 2793 3772 eruditus
2819 3714 3022 3771 urbem
3071 3714 3506 3770 Utimiuirensem
3551 3716 3632 3770 hic
3671 3717 3716 3768 in

2161 3789 2354 3844 Nomia
2385 3798 2754 3854 memoratam,
2782 3787 2890 3855 jam
2923 3787 2990 3839 ab
3015 3801 3079 3839 eo
3107 3800 3226 3838 cum
3253 3784 3488 3839 Utmensi
3514 3786 3720 3855 conjunf

2163 3870 2300 3915 ctam
2345 3858 2528 3912 fuisse.
2585 3859 2715 3912 Nam
2760 3853 2878 3926 cap.
2923 3857 3023 3911 126
3065 3856 3219 3909 dictae
3251 3855 3596 3926 collationis,
3643 3853 3721 3908 ubi

2161 3940 2316 3984 antea
2361 3930 2631 3995 legebatur
2659 3925 2926 3981 Timianus
2955 3925 3414 3995 episcopusplebis
3444 3925 3719 3983 Utinensis,

2162 4016 2281 4053 cum
2315 3993 2486 4053 Felice
2525 4000 2642 4064 ejus
2680 3993 3019 4060 adversario,
3070 4011 3163 4063 pro
3198 3993 3456 4048 Utinensis
3504 3996 3720 4064 restituit

2169 4070 2442 4134 Utmensis,
2485 4062 2713 4137 eo'quod
2747 4068 2967 4122 inferius
2994 4062 3166 4132 capite
3197 4062 3719 4137 scilicetdZsSLIsaac

2165 4132 2437 4208 episcopus
2464 4132 2721 4191 Utinensis
2767 4137 3058 4208 catholicus
3101 4149 3219 4208 cum
3257 4132 3522 4208 Feliciano
3558 4134 3719 4208 Dona-

2167 4203 2288 4262 tista
2322 4203 2719 4269 recenseretur;
2760 4217 2813 4260 et
2851 4207 2902 4260 in
2935 4207 3074 4259 notis
3105 4205 3166 4256 ad
3201 4204 3337 4256 hunc
3370 4205 3545 4257 locum
3574 4203 3722 4256 infert

2171 4278 2373 4330 Utmant
2420 4278 2483 4330 ad
2534 4276 2971 4344 proconsularem
3019 4275 3349 4344 provinci.th
3389 4274 3717 4341 pertinuisse,

2129 4397 2131 4399 ,
2165 4349 2305 4414 quod
2324 4343 2606 4413 episcopus
2626 4345 2680 4398 in
2699 4347 2894 4399 Notitia
2913 4345 3120 4412 vulgata
3143 4343 3517 4414 Utintmirensis
3538 4344 3718 4414 dictus,

2089 4411 2216 4513 1)iil
2249 4417 2434 4513 satis
2463 4411 2704 4513 “es;
2738 4411 3721 4513 tuane:effcerizﬂiufeff‘

2167 4485 2482 4554 appellatus,
2514 4495 2776 4539 occurrat.
2818 4485 3008 4538 Verum
3037 4497 3169 4554 cum
3200 4483 3315 4554 haec
3355 4484 3507 4554 quasi
3537 4482 3722 4537 subdu-

2166 4553 2387 4610 bitando
2412 4557 2500 4610 ille
2526 4555 2742 4618 dixerit,
2768 4553 2898 4608 nihil
2927 4553 3067 4607 aliud
3091 4553 3324 4607 voluisse
3344 4553 3555 4608 videtur
3575 4566 3721 4621 quam

2165 4641 2290 4681 suas
2330 4627 2665 4694 conjecturas
2711 4625 2763 4678 in
2813 4623 3043 4678 medium
3094 4623 3352 4694 proferre,
3404 4631 3462 4676 ut
3510 4625 3722 4692 quisque

2169 4705 2373 4762 postea,
2402 4693 2540 4765 quod
2569 4695 2667 4749 sibi
2703 4694 3089 4765 meliusvisum
3119 4693 3581 4765 fuerit,ampl_e_cti
3605 4707 3718 4765 pos-

2168 4767 2254 4820 sit.
2307 4762 2568 4820 Caeterum
2611 4764 2719 4819 Leo
2763 4764 3017 4828 Allatius,
3064 4772 3118 4818 et
3157 4762 3415 4816 Henricus
3460 4763 3721 4822 Norisius,

2168 4837 2298 4889 duas
2339 4837 2496 4890 urbes
2530 4835 2709 4889 Utinas
2755 4835 2806 4888 iu
2856 4834 3028 4886 Africa
3075 4833 3390 4896 admittunt,
3443 4848 3507 4887 ex
3539 4833 3723 4900 quibus

2167 4909 2420 4960 alterutra
2445 4922 2563 4959 cum
2589 4905 2909 4974 aspiratione
2929 4901 3119 4956 Utlu'na
3141 4902 3300 4957 scribi
3321 4902 3500 4974 debet.
3535 4900 3724 4974 Deinde

2170 4983 2380 5030 veteres
2398 4971 2709 5030 Collationis
2730 4975 2993 5028 editiones
3008 4974 3286 5042 Octavium
3313 4973 3603 5042 episcopum
3627 4971 3726 5042 ple-

2170 5049 2270 5110 bis,
2318 5061 2420 5100 non
2456 5046 2802 5108 Utimmensis,
2846 5043 2938 5098 sed
2973 5041 3303 5096 Utinunensis
3333 5043 3633 5111 appellant;
3678 5049 3727 5094 et

2169 5131 2284 5185 cap.
2312 5116 2410 5170 198
2433 5115 2729 5184 Bonifacius
2755 5118 2869 5181 ejus
2894 5129 2962 5167 ex
2988 5122 3135 5185 parte
3159 5113 3348 5185 ponat‘i
3374 5113 3723 5185 adversarius.

2175 5180 2484 5240 Uiunnensis
2508 5180 3004 5255 episcopus’dicitur.
3023 5181 3370 5255 Praeferenda
3398 5193 3570 5238 tamen
3596 5180 3728 5234 vidc-

2171 5265 2256 5309 tur
2283 5257 2480 5310 Balnzii
2508 5252 2808 5324 lectio'qua:
2836 5255 2994 5308 habet
3020 5252 3365 5324 Utinunensis.

2244 5325 2328 5380 11.
2369 5321 2721 5380 ΡυιιριτΑΝυεξ
2759 5324 2816 5376 In
2850 5324 3146 5377 Collatione
3176 5321 3576 5388 Carthaginiensi
3615 5335 3724 5388 cap.

2171 5393 2274 5449 126
2300 5397 2437 5450 inter
2459 5396 2644 5449 Patres
2675 5394 2966 5448 catholicos
2997 5394 3292 5448 recensitus
3319 5393 3417 5447 fuit
3438 5392 3726 5446 Pannonius

2168 5468 2428 5536 episwpus
2458 5465 2616 5532 plebis
2645 5462 2994 5536 I’uppitensis:
3037 5463 3104 5536 Et
3135 5461 3448 5536 Fortunatus
3476 5465 3726 5536 episcopus

2167 5531 2662 5606 p'lebis'Puppitame
2691 5531 2932 5606 interfuit
2952 5531 3358 5606 Carthaginegsi
3383 5532 3586 5602 synodo
3615 5546 3726 5606 quae

2166 5603 2267 5661 sub
2285 5603 2554 5659 Bonifacio
2575 5619 2717 5658 anno
2735 5603 2839 5658 525
2855 5604 3119 5658 celebrata
3141 5603 3254 5658 fuit.
3275 5603 3482 5658 Primus
3499 5604 3725 5656 omnium

2165 5676 2403 5744 epistolae
2431 5673 2698 5743 synodica;
2727 5674 3218 5749 proconsul-arium,
3253 5675 3451 5752 saepius
3478 5675 3584 5747 jam
3614 5685 3724 5725 meo
