  <div class='ocr_page' id='page_1' title='image "/cluster/home/n/w/nwhite01/storage/ocr_20150623/58/hvd.32044073505240/166.png"; bbox 0 0 3988 6344; ppageno 0'>
   <div class='ocr_carea' id='block_1_1' title="bbox 220 322 316 377">
    <p class='ocr_par' dir='ltr' id='par_1_1' title="bbox 220 322 316 377">
     <span class='ocr_line' id='line_1_1' title="bbox 220 322 316 377; baseline -0.01 0"><span class='ocrx_word' id='word_1_1' title='bbox 220 322 316 377; x_wconf 80' lang='grc'><strong>515</strong></span> 
     </span>
    </p>
   </div>
   <div class='ocr_carea' id='block_1_2' title="bbox 226 504 1803 576">
    <p class='ocr_par' dir='ltr' id='par_1_2' title="bbox 226 504 1803 576">
     <span class='ocr_line' id='line_1_2' title="bbox 226 504 1803 576; baseline -0.001 -12"><span class='ocrx_word' id='word_1_2' title='bbox 226 512 399 564; x_wconf 76' lang='lat' dir='ltr'><strong>dicitur</strong></span> <span class='ocrx_word' id='word_1_3' title='bbox 432 504 669 560; x_wconf 73' lang='lat' dir='ltr'><strong>Pusillus</strong></span> <span class='ocrx_word' id='word_1_4' title='bbox 699 523 731 559; x_wconf 91' lang='lat' dir='ltr'><strong>a</strong></span> <span class='ocrx_word' id='word_1_5' title='bbox 758 504 1049 572; x_wconf 83' lang='lat' dir='ltr'><strong>Lambesa;</strong></span> <span class='ocrx_word' id='word_1_6' title='bbox 1092 508 1185 562; x_wconf 89' lang='lat' dir='ltr'><strong>sed</strong></span> <span class='ocrx_word' id='word_1_7' title='bbox 1224 523 1429 572; x_wconf 90' lang='lat' dir='ltr'><strong>errore,</strong></span> <span class='ocrx_word' id='word_1_8' title='bbox 1462 516 1520 563; x_wconf 92' lang='lat' dir='ltr'><strong>ut</strong></span> <span class='ocrx_word' id='word_1_9' title='bbox 1549 509 1803 576; x_wconf 77' lang='lat' dir='ltr'><strong>arbitror,</strong></span> 
     </span>
    </p>
   </div>
   <div class='ocr_carea' id='block_1_3' title="bbox 231 579 1813 645">
    <p class='ocr_par' dir='ltr' id='par_1_3' title="bbox 231 579 1813 645">
     <span class='ocr_line' id='line_1_3' title="bbox 231 579 1813 645; baseline 0.001 -12"><span class='ocrx_word' id='word_1_10' title='bbox 231 580 617 634; x_wconf 87' lang='lat' dir='ltr'><strong>amanuensium</strong></span> <span class='ocrx_word' id='word_1_11' title='bbox 642 594 655 629; x_wconf 88' lang='lat'><strong>:</strong></span> <span class='ocrx_word' id='word_1_12' title='bbox 680 580 880 633; x_wconf 88' lang='lat' dir='ltr'><strong>etenim</strong></span> <span class='ocrx_word' id='word_1_13' title='bbox 898 579 1101 645; x_wconf 85' lang='lat' dir='ltr'><strong>priores</strong></span> <span class='ocrx_word' id='word_1_14' title='bbox 1119 579 1381 634; x_wconf 82' lang='lat' dir='ltr'><strong>editiones</strong></span> <span class='ocrx_word' id='word_1_15' title='bbox 1396 580 1549 635; x_wconf 84' lang='lat' dir='ltr'><strong>simul</strong></span> <span class='ocrx_word' id='word_1_16' title='bbox 1569 595 1690 634; x_wconf 88' lang='lat' dir='ltr'><strong>cum</strong></span> <span class='ocrx_word' id='word_1_17' title='bbox 1710 581 1813 634; x_wconf 77' lang='lat' dir='ltr'><strong>Au~</strong></span> 
     </span>
    </p>
   </div>
   <div class='ocr_carea' id='block_1_4' title="bbox 231 647 1811 721">
    <p class='ocr_par' dir='ltr' id='par_1_4' title="bbox 231 647 1811 721">
     <span class='ocr_line' id='line_1_4' title="bbox 231 647 1811 721; baseline 0.003 -20"><span class='ocrx_word' id='word_1_18' title='bbox 231 651 427 721; x_wconf 77' lang='lat' dir='ltr'><strong>gustino</strong></span> <span class='ocrx_word' id='word_1_19' title='bbox 448 648 641 721; x_wconf 78' lang='lat' dir='ltr'><strong>habent</strong></span> <span class='ocrx_word' id='word_1_20' title='bbox 658 647 989 712; x_wconf 77' lang='lat' dir='ltr'><strong>aLamasba,</strong></span> <span class='ocrx_word' id='word_1_21' title='bbox 1006 660 1060 704; x_wconf 93' lang='lat' dir='ltr'><strong>et</strong></span> <span class='ocrx_word' id='word_1_22' title='bbox 1077 649 1293 721; x_wconf 86' lang='lat' dir='ltr'><strong>quidem</strong></span> <span class='ocrx_word' id='word_1_23' title='bbox 1313 652 1364 705; x_wconf 93' lang='lat' dir='ltr'><strong>in</strong></span> <span class='ocrx_word' id='word_1_24' title='bbox 1390 650 1576 721; x_wconf 84' lang='lat' dir='ltr'><strong>eadem</strong></span> <span class='ocrx_word' id='word_1_25' title='bbox 1601 652 1811 721; x_wconf 79' lang='lat' dir='ltr'><strong>synodo</strong></span> 
     </span>
    </p>
   </div>
   <div class='ocr_carea' id='block_1_5' title="bbox 231 719 1803 788">
    <p class='ocr_par' dir='ltr' id='par_1_5' title="bbox 231 719 1803 788">
     <span class='ocr_line' id='line_1_5' title="bbox 231 719 1803 788; baseline 0.001 -13"><span class='ocrx_word' id='word_1_26' title='bbox 231 719 366 775; x_wconf 87' lang='lat' dir='ltr'><strong>num.</strong></span> <span class='ocrx_word' id='word_1_27' title='bbox 395 720 427 774; x_wconf 87' lang='lat'><strong><em>6</em></strong></span> <span class='ocrx_word' id='word_1_28' title='bbox 456 719 568 788; x_wconf 88' lang='lat' dir='ltr'><strong>jam</strong></span> <span class='ocrx_word' id='word_1_29' title='bbox 598 729 930 776; x_wconf 88' lang='lat' dir='ltr'><strong>memoratus</strong></span> <span class='ocrx_word' id='word_1_30' title='bbox 961 722 1136 775; x_wconf 90' lang='lat' dir='ltr'><strong>fuerat</strong></span> <span class='ocrx_word' id='word_1_31' title='bbox 1164 720 1453 775; x_wconf 71' lang='lat' dir='ltr'><strong>Ianuarius</strong></span> <span class='ocrx_word' id='word_1_32' title='bbox 1482 738 1513 774; x_wconf 91' lang='lat' dir='ltr'><strong>a</strong></span> <span class='ocrx_word' id='word_1_33' title='bbox 1536 719 1803 777; x_wconf 77' lang='lat' dir='ltr'><strong>Lambese.</strong></span> 
     </span>
    </p>
   </div>
   <div class='ocr_carea' id='block_1_6' title="bbox 292 790 1813 862">
    <p class='ocr_par' dir='ltr' id='par_1_6' title="bbox 292 790 1813 862">
     <span class='ocr_line' id='line_1_6' title="bbox 292 790 1813 862; baseline 0.004 -19"><span class='ocrx_word' id='word_1_34' title='bbox 292 792 407 862; x_wconf 73' lang='grc'><strong>115.</strong></span> <span class='ocrx_word' id='word_1_35' title='bbox 440 791 865 846; x_wconf 68' lang='lat' dir='ltr'><strong>thannensrs.</strong></span> <span class='ocrx_word' id='word_1_36' title='bbox 892 790 1084 862; x_wconf 86' lang='lat' dir='ltr'><strong>Nescio</strong></span> <span class='ocrx_word' id='word_1_37' title='bbox 1105 808 1213 862; x_wconf 90' lang='lat' dir='ltr'><strong>quo</strong></span> <span class='ocrx_word' id='word_1_38' title='bbox 1241 800 1396 856; x_wconf 89' lang='lat' dir='ltr'><strong>pacto</strong></span> <span class='ocrx_word' id='word_1_39' title='bbox 1424 792 1732 847; x_wconf 88' lang='lat' dir='ltr'><strong>Holstenius</strong></span> <span class='ocrx_word' id='word_1_40' title='bbox 1758 801 1813 849; x_wconf 90' lang='lat' dir='ltr'><strong>et</strong></span> 
     </span>
    </p>
   </div>
   <div class='ocr_carea' id='block_1_7' title="bbox 230 860 1813 932">
    <p class='ocr_par' dir='ltr' id='par_1_7' title="bbox 230 860 1813 932">
     <span class='ocr_line' id='line_1_7' title="bbox 230 860 1813 932; baseline 0.003 -17"><span class='ocrx_word' id='word_1_41' title='bbox 230 860 523 918; x_wconf 80' lang='lat' dir='ltr'><strong>Harduinus</strong></span> <span class='ocrx_word' id='word_1_42' title='bbox 564 862 619 916; x_wconf 89' lang='lat' dir='ltr'><strong>in</strong></span> <span class='ocrx_word' id='word_1_43' title='bbox 661 863 804 917; x_wconf 91' lang='lat' dir='ltr'><strong>notis</strong></span> <span class='ocrx_word' id='word_1_44' title='bbox 831 862 899 917; x_wconf 89' lang='lat' dir='ltr'><strong>ad</strong></span> <span class='ocrx_word' id='word_1_45' title='bbox 940 860 1171 918; x_wconf 86' lang='lat' dir='ltr'><strong>Plinium</strong></span> <span class='ocrx_word' id='word_1_46' title='bbox 1216 863 1308 917; x_wconf 88' lang='lat' dir='ltr'><strong>lib.</strong></span> <span class='ocrx_word' id='word_1_47' title='bbox 1338 878 1394 932; x_wconf 90' lang='lat' dir='ltr'><strong>v,</strong></span> <span class='ocrx_word' id='word_1_48' title='bbox 1424 877 1545 931; x_wconf 86' lang='lat' dir='ltr'><strong>cap.</strong></span> <span class='ocrx_word' id='word_1_49' title='bbox 1582 864 1635 930; x_wconf 86' lang='grc'><strong>5,</strong></span> <span class='ocrx_word' id='word_1_50' title='bbox 1670 862 1813 919; x_wconf 93' lang='lat' dir='ltr'><strong>hunc</strong></span> 
     </span>
    </p>
   </div>
   <div class='ocr_carea' id='block_1_8' title="bbox 229 932 1814 1004">
    <p class='ocr_par' dir='ltr' id='par_1_8' title="bbox 229 932 1814 1004">
     <span class='ocr_line' id='line_1_8' title="bbox 229 932 1814 1004; baseline 0.002 -19"><span class='ocrx_word' id='word_1_51' title='bbox 229 933 526 1001; x_wconf 83' lang='lat' dir='ltr'><strong>episcOpum</strong></span> <span class='ocrx_word' id='word_1_52' title='bbox 556 932 636 988; x_wconf 91' lang='lat' dir='ltr'><strong>sic</strong></span> <span class='ocrx_word' id='word_1_53' title='bbox 664 950 695 989; x_wconf 90' lang='lat' dir='ltr'><strong>a</strong></span> <span class='ocrx_word' id='word_1_54' title='bbox 722 932 954 987; x_wconf 89' lang='lat' dir='ltr'><strong>Tacatua</strong></span> <span class='ocrx_word' id='word_1_55' title='bbox 981 934 1115 989; x_wconf 86' lang='lat' dir='ltr'><strong>urbe</strong></span> <span class='ocrx_word' id='word_1_56' title='bbox 1154 933 1355 989; x_wconf 89' lang='lat' dir='ltr'><strong>dictum</strong></span> <span class='ocrx_word' id='word_1_57' title='bbox 1386 934 1551 988; x_wconf 90' lang='lat' dir='ltr'><strong>fuisse</strong></span> <span class='ocrx_word' id='word_1_58' title='bbox 1578 933 1814 1004; x_wconf 83' lang='lat' dir='ltr'><strong>scripse-</strong></span> 
     </span>
    </p>
   </div>
   <div class='ocr_carea' id='block_1_9' title="bbox 228 1004 1815 1075">
    <p class='ocr_par' dir='ltr' id='par_1_9' title="bbox 228 1004 1815 1075">
     <span class='ocr_line' id='line_1_9' title="bbox 228 1004 1815 1075; baseline 0.001 -18"><span class='ocrx_word' id='word_1_59' title='bbox 228 1012 358 1057; x_wconf 85' lang='lat' dir='ltr'><strong>runt.</strong></span> <span class='ocrx_word' id='word_1_60' title='bbox 405 1005 539 1059; x_wconf 87' lang='lat' dir='ltr'><strong>Erat</strong></span> <span class='ocrx_word' id='word_1_61' title='bbox 564 1004 760 1075; x_wconf 86' lang='lat' dir='ltr'><strong>quippe</strong></span> <span class='ocrx_word' id='word_1_62' title='bbox 788 1004 1044 1059; x_wconf 86' lang='lat' dir='ltr'><strong>Tacarata</strong></span> <span class='ocrx_word' id='word_1_63' title='bbox 1077 1004 1205 1075; x_wconf 80' lang='lat' dir='ltr'><strong>urbs</strong></span> <span class='ocrx_word' id='word_1_64' title='bbox 1247 1005 1300 1059; x_wconf 91' lang='lat' dir='ltr'><strong>in</strong></span> <span class='ocrx_word' id='word_1_65' title='bbox 1347 1004 1594 1059; x_wconf 81' lang='lat' dir='ltr'><strong>Numidia</strong></span> <span class='ocrx_word' id='word_1_66' title='bbox 1616 1046 1632 1069; x_wconf 93' lang='lat'><strong>,</strong></span> <span class='ocrx_word' id='word_1_67' title='bbox 1660 1004 1815 1074; x_wconf 81' lang='lat' dir='ltr'><strong>cujus</strong></span> 
     </span>
    </p>
   </div>
   <div class='ocr_carea' id='block_1_10' title="bbox 228 1074 1813 1143">
    <p class='ocr_par' dir='ltr' id='par_1_10' title="bbox 228 1074 1813 1143">
     <span class='ocr_line' id='line_1_10' title="bbox 228 1074 1813 1143; baseline 0.001 -16"><span class='ocrx_word' id='word_1_68' title='bbox 228 1076 465 1131; x_wconf 67' lang='lat' dir='ltr'><strong>dioacesis</strong></span> <span class='ocrx_word' id='word_1_69' title='bbox 498 1074 633 1131; x_wconf 88' lang='lat' dir='ltr'><strong>adeo</strong></span> <span class='ocrx_word' id='word_1_70' title='bbox 660 1074 835 1143; x_wconf 90' lang='lat' dir='ltr'><strong>ampla</strong></span> <span class='ocrx_word' id='word_1_71' title='bbox 866 1084 1013 1141; x_wconf 88' lang='lat' dir='ltr'><strong>erat,</strong></span> <span class='ocrx_word' id='word_1_72' title='bbox 1043 1084 1100 1129; x_wconf 92' lang='lat' dir='ltr'><strong>ut</strong></span> <span class='ocrx_word' id='word_1_73' title='bbox 1138 1074 1464 1141; x_wconf 84' lang='lat' dir='ltr'><strong>Verissimus,</strong></span> <span class='ocrx_word' id='word_1_74' title='bbox 1498 1074 1637 1130; x_wconf 88' lang='lat' dir='ltr'><strong>illius</strong></span> <span class='ocrx_word' id='word_1_75' title='bbox 1668 1076 1813 1130; x_wconf 89' lang='lat' dir='ltr'><strong>urbis</strong></span> 
     </span>
    </p>
   </div>
   <div class='ocr_carea' id='block_1_11' title="bbox 227 1143 1809 1216">
    <p class='ocr_par' dir='ltr' id='par_1_11' title="bbox 227 1143 1809 1216">
     <span class='ocr_line' id='line_1_11' title="bbox 227 1143 1809 1216; baseline -0.001 -15"><span class='ocrx_word' id='word_1_76' title='bbox 227 1162 282 1201; x_wconf 73' lang='lat' dir='ltr'><strong>ex</strong></span> <span class='ocrx_word' id='word_1_77' title='bbox 330 1156 481 1216; x_wconf 87' lang='lat' dir='ltr'><strong>parte</strong></span> <span class='ocrx_word' id='word_1_78' title='bbox 516 1147 709 1202; x_wconf 90' lang='lat' dir='ltr'><strong>Donati</strong></span> <span class='ocrx_word' id='word_1_79' title='bbox 755 1146 1060 1215; x_wconf 81' lang='lat' dir='ltr'><strong>episcapus,</strong></span> <span class='ocrx_word' id='word_1_80' title='bbox 1114 1148 1166 1200; x_wconf 92' lang='lat' dir='ltr'><strong>in</strong></span> <span class='ocrx_word' id='word_1_81' title='bbox 1206 1143 1506 1201; x_wconf 88' lang='lat' dir='ltr'><strong>Collatione</strong></span> <span class='ocrx_word' id='word_1_82' title='bbox 1557 1144 1809 1215; x_wconf 82' lang='lat' dir='ltr'><strong>Carthag.</strong></span> 
     </span>
    </p>
   </div>
   <div class='ocr_carea' id='block_1_12' title="bbox 228 1216 1814 1287">
    <p class='ocr_par' dir='ltr' id='par_1_12' title="bbox 228 1216 1814 1287">
     <span class='ocr_line' id='line_1_12' title="bbox 228 1216 1814 1287; baseline 0 -17"><span class='ocrx_word' id='word_1_83' title='bbox 228 1234 331 1285; x_wconf 80' lang='lat' dir='ltr'><strong>cap.</strong></span> <span class='ocrx_word' id='word_1_84' title='bbox 365 1219 458 1272; x_wconf 84' lang='lat' dir='ltr'><strong>l2l</strong></span> <span class='ocrx_word' id='word_1_85' title='bbox 505 1226 832 1286; x_wconf 89' lang='lat' dir='ltr'><strong>conquestus</strong></span> <span class='ocrx_word' id='word_1_86' title='bbox 868 1216 1027 1271; x_wconf 91' lang='lat' dir='ltr'><strong>fuerit</strong></span> <span class='ocrx_word' id='word_1_87' title='bbox 1058 1218 1199 1287; x_wconf 92' lang='lat' dir='ltr'><strong>quod</strong></span> <span class='ocrx_word' id='word_1_88' title='bbox 1241 1216 1294 1271; x_wconf 93' lang='lat' dir='ltr'><strong>in</strong></span> <span class='ocrx_word' id='word_1_89' title='bbox 1324 1232 1419 1272; x_wconf 88' lang='lat' dir='ltr'><strong>sua</strong></span> <span class='ocrx_word' id='word_1_90' title='bbox 1465 1217 1689 1271; x_wconf 65' lang='lat' dir='ltr'><strong>dioecesi</strong></span> <span class='ocrx_word' id='word_1_91' title='bbox 1720 1233 1814 1270; x_wconf 89' lang='lat' dir='ltr'><strong>ea-</strong></span> 
     </span>
    </p>
   </div>
   <div class='ocr_carea' id='block_1_13' title="bbox 229 1286 1812 1358">
    <p class='ocr_par' dir='ltr' id='par_1_13' title="bbox 229 1286 1812 1358">
     <span class='ocr_line' id='line_1_13' title="bbox 229 1286 1812 1358; baseline 0.002 -18"><span class='ocrx_word' id='word_1_92' title='bbox 229 1289 394 1341; x_wconf 82' lang='lat' dir='ltr'><strong>tholici</strong></span> <span class='ocrx_word' id='word_1_93' title='bbox 425 1297 664 1358; x_wconf 87' lang='lat' dir='ltr'><strong>quatuor</strong></span> <span class='ocrx_word' id='word_1_94' title='bbox 704 1288 987 1357; x_wconf 85' lang='lat' dir='ltr'><strong>episcopos</strong></span> <span class='ocrx_word' id='word_1_95' title='bbox 1024 1287 1452 1358; x_wconf 70' lang='lat' dir='ltr'><strong>constituissent.</strong></span> <span class='ocrx_word' id='word_1_96' title='bbox 1489 1288 1567 1341; x_wconf 82' lang='lat' dir='ltr'><strong>Ex</strong></span> <span class='ocrx_word' id='word_1_97' title='bbox 1600 1288 1682 1342; x_wconf 89' lang='lat' dir='ltr'><strong>his</strong></span> <span class='ocrx_word' id='word_1_98' title='bbox 1712 1286 1812 1343; x_wconf 85' lang='lat' dir='ltr'><strong>ibi-</strong></span> 
     </span>
    </p>
   </div>
   <div class='ocr_carea' id='block_1_14' title="bbox 229 1357 1812 1431">
    <p class='ocr_par' dir='ltr' id='par_1_14' title="bbox 229 1357 1812 1431">
     <span class='ocr_line' id='line_1_14' title="bbox 229 1357 1812 1431; baseline 0.001 -22"><span class='ocrx_word' id='word_1_99' title='bbox 229 1360 335 1431; x_wconf 75' lang='lat' dir='ltr'><strong>dem</strong></span> <span class='ocrx_word' id='word_1_100' title='bbox 363 1357 616 1431; x_wconf 76' lang='lat' dir='ltr'><strong>Aspidius</strong></span> <span class='ocrx_word' id='word_1_101' title='bbox 638 1359 901 1431; x_wconf 74' lang='lat' dir='ltr'><strong>episcOpus</strong></span> <span class='ocrx_word' id='word_1_102' title='bbox 926 1357 1459 1431; x_wconf 29' lang='lat' dir='ltr'><strong>plebisATat-aratensis</strong></span> <span class='ocrx_word' id='word_1_103' title='bbox 1483 1369 1812 1431; x_wconf 67' lang='lat' dir='ltr'><strong>recensetur.</strong></span> 
     </span>
    </p>
   </div>
   <div class='ocr_carea' id='block_1_15' title="bbox 227 1429 1817 1498">
    <p class='ocr_par' dir='ltr' id='par_1_15' title="bbox 227 1429 1817 1498">
     <span class='ocr_line' id='line_1_15' title="bbox 227 1429 1817 1498; baseline -0.001 -15"><span class='ocrx_word' id='word_1_104' title='bbox 227 1429 447 1485; x_wconf 58' lang='grc' dir='ltr'><strong>επιποέ</strong></span> <span class='ocrx_word' id='word_1_105' title='bbox 518 1429 683 1485; x_wconf 86' lang='lat' dir='ltr'><strong>fuisse</strong></span> <span class='ocrx_word' id='word_1_106' title='bbox 734 1430 1012 1482; x_wconf 80' lang='lat' dir='ltr'><strong>Datianum</strong></span> <span class='ocrx_word' id='word_1_107' title='bbox 1081 1429 1375 1498; x_wconf 83' lang='lat' dir='ltr'><strong>Legensem</strong></span> <span class='ocrx_word' id='word_1_108' title='bbox 1405 1470 1420 1494; x_wconf 96' lang='lat'><strong>,</strong></span> <span class='ocrx_word' id='word_1_109' title='bbox 1482 1429 1817 1483; x_wconf 74' lang='lat' dir='ltr'><strong>Octavianum</strong></span> 
     </span>
    </p>
   </div>
   <div class='ocr_carea' id='block_1_16' title="bbox 227 1498 1814 1566">
    <p class='ocr_par' dir='ltr' id='par_1_16' title="bbox 227 1498 1814 1566">
     <span class='ocr_line' id='line_1_16' title="bbox 227 1498 1814 1566; baseline 0 -13"><span class='ocrx_word' id='word_1_110' title='bbox 227 1501 606 1556; x_wconf 80' lang='lat' dir='ltr'><strong>Ressianensem</strong></span> <span class='ocrx_word' id='word_1_111' title='bbox 633 1509 688 1556; x_wconf 87' lang='lat' dir='ltr'><strong>et</strong></span> <span class='ocrx_word' id='word_1_112' title='bbox 727 1498 1075 1554; x_wconf 87' lang='lat' dir='ltr'><strong>Fortunatum</strong></span> <span class='ocrx_word' id='word_1_113' title='bbox 1112 1500 1403 1555; x_wconf 86' lang='lat' dir='ltr'><strong>Casensem</strong></span> <span class='ocrx_word' id='word_1_114' title='bbox 1440 1500 1814 1566; x_wconf 66' lang='lat' dir='ltr'><strong>Calanensem,</strong></span> 
     </span>
    </p>
   </div>
   <div class='ocr_carea' id='block_1_17' title="bbox 258 1569 1813 1637">
    <p class='ocr_par' dir='ltr' id='par_1_17' title="bbox 258 1569 1813 1637">
     <span class='ocr_line' id='line_1_17' title="bbox 258 1569 1813 1637; baseline 0.001 -14"><span class='ocrx_word' id='word_1_115' title='bbox 258 1572 303 1624; x_wconf 90' lang='lat' dir='ltr'><strong>ui</strong></span> <span class='ocrx_word' id='word_1_116' title='bbox 340 1572 637 1627; x_wconf 87' lang='lat' dir='ltr'><strong>Collationi</strong></span> <span class='ocrx_word' id='word_1_117' title='bbox 676 1569 1030 1626; x_wconf 90' lang='lat' dir='ltr'><strong>interfuerunt</strong></span> <span class='ocrx_word' id='word_1_118' title='bbox 1058 1614 1073 1637; x_wconf 96' lang='lat'><strong>,</strong></span> <span class='ocrx_word' id='word_1_119' title='bbox 1120 1569 1218 1625; x_wconf 90' lang='lat' dir='ltr'><strong>viri</strong></span> <span class='ocrx_word' id='word_1_120' title='bbox 1262 1570 1455 1625; x_wconf 80' lang='lat' dir='ltr'><strong>eruditi</strong></span> <span class='ocrx_word' id='word_1_121' title='bbox 1484 1571 1813 1625; x_wconf 87' lang='lat' dir='ltr'><strong>existimant.</strong></span> 
     </span>
    </p>
   </div>
   <div class='ocr_carea' id='block_1_18' title="bbox 268 1640 1817 1713">
    <p class='ocr_par' dir='ltr' id='par_1_18' title="bbox 268 1640 1817 1713">
     <span class='ocr_line' id='line_1_18' title="bbox 268 1640 1817 1713; baseline -0.001 -16"><span class='ocrx_word' id='word_1_122' title='bbox 268 1642 547 1698; x_wconf 86' lang='lat' dir='ltr'><strong>erissimus</strong></span> <span class='ocrx_word' id='word_1_123' title='bbox 570 1642 767 1713; x_wconf 87' lang='lat' dir='ltr'><strong>quippe</strong></span> <span class='ocrx_word' id='word_1_124' title='bbox 788 1642 906 1699; x_wconf 87' lang='lat' dir='ltr'><strong>loco</strong></span> <span class='ocrx_word' id='word_1_125' title='bbox 932 1641 1146 1713; x_wconf 89' lang='lat' dir='ltr'><strong>laudato</strong></span> <span class='ocrx_word' id='word_1_126' title='bbox 1166 1652 1392 1712; x_wconf 84' lang='lat' dir='ltr'><strong>quatuor</strong></span> <span class='ocrx_word' id='word_1_127' title='bbox 1408 1641 1506 1696; x_wconf 88' lang='lat' dir='ltr'><strong>sibi</strong></span> <span class='ocrx_word' id='word_1_128' title='bbox 1526 1640 1817 1713; x_wconf 84' lang='lat' dir='ltr'><strong>adversan-</strong></span> 
     </span>
    </p>
   </div>
   <div class='ocr_carea' id='block_1_19' title="bbox 230 1712 1817 1783">
    <p class='ocr_par' dir='ltr' id='par_1_19' title="bbox 230 1712 1817 1783">
     <span class='ocr_line' id='line_1_19' title="bbox 230 1712 1817 1783; baseline 0.001 -18"><span class='ocrx_word' id='word_1_129' title='bbox 230 1722 299 1767; x_wconf 88' lang='lat' dir='ltr'><strong>tes</strong></span> <span class='ocrx_word' id='word_1_130' title='bbox 336 1712 642 1770; x_wconf 81' lang='lat' dir='ltr'><strong>catholicas</strong></span> <span class='ocrx_word' id='word_1_131' title='bbox 672 1712 973 1768; x_wconf 83' lang='lat' dir='ltr'><strong>recensuit.</strong></span> <span class='ocrx_word' id='word_1_132' title='bbox 1020 1712 1127 1768; x_wconf 83' lang='lat' dir='ltr'><strong>Sed</strong></span> <span class='ocrx_word' id='word_1_133' title='bbox 1167 1713 1484 1779; x_wconf 87' lang='lat' dir='ltr'><strong>oppidorum</strong></span> <span class='ocrx_word' id='word_1_134' title='bbox 1530 1712 1581 1766; x_wconf 92' lang='lat' dir='ltr'><strong>in</strong></span> <span class='ocrx_word' id='word_1_135' title='bbox 1623 1712 1817 1783; x_wconf 85' lang='lat' dir='ltr'><strong>quibus</strong></span> 
     </span>
    </p>
   </div>
   <div class='ocr_carea' id='block_1_20' title="bbox 229 1783 1819 1840">
    <p class='ocr_par' dir='ltr' id='par_1_20' title="bbox 229 1783 1819 1840">
     <span class='ocr_line' id='line_1_20' title="bbox 229 1783 1819 1840; baseline 0.001 -4"><span class='ocrx_word' id='word_1_136' title='bbox 229 1793 367 1839; x_wconf 80' lang='lat' dir='ltr'><strong>erant</strong></span> <span class='ocrx_word' id='word_1_137' title='bbox 391 1784 683 1840; x_wconf 85' lang='lat' dir='ltr'><strong>constituti</strong></span> <span class='ocrx_word' id='word_1_138' title='bbox 715 1785 929 1839; x_wconf 89' lang='lat' dir='ltr'><strong>nomina</strong></span> <span class='ocrx_word' id='word_1_139' title='bbox 961 1799 1070 1839; x_wconf 94' lang='lat' dir='ltr'><strong>non</strong></span> <span class='ocrx_word' id='word_1_140' title='bbox 1096 1784 1299 1839; x_wconf 90' lang='lat' dir='ltr'><strong>retulit.</strong></span> <span class='ocrx_word' id='word_1_141' title='bbox 1345 1790 1514 1839; x_wconf 78' lang='lat' dir='ltr'><strong>Porto</strong></span> <span class='ocrx_word' id='word_1_142' title='bbox 1545 1799 1650 1837; x_wconf 92' lang='lat' dir='ltr'><strong>non</strong></span> <span class='ocrx_word' id='word_1_143' title='bbox 1680 1783 1819 1838; x_wconf 89' lang='lat' dir='ltr'><strong>imus</strong></span> 
     </span>
    </p>
   </div>
   <div class='ocr_carea' id='block_1_21' title="bbox 232 1823 1899 1922">
    <p class='ocr_par' dir='ltr' id='par_1_21' title="bbox 232 1823 1899 1922">
     <span class='ocr_line' id='line_1_21' title="bbox 232 1823 1899 1922; baseline 0.002 -16"><span class='ocrx_word' id='word_1_144' title='bbox 232 1823 752 1911; x_wconf 61' lang='grc' dir='ltr'><strong>ίηῆέίεέννῖἔεὶωαιὶι</strong></span> <span class='ocrx_word' id='word_1_145' title='bbox 776 1856 961 1909; x_wconf 91' lang='lat' dir='ltr'><strong>urbem</strong></span> <span class='ocrx_word' id='word_1_146' title='bbox 986 1823 1336 1919; x_wconf 63' lang='lat' dir='ltr'><strong>in&#39;tvti&#39;midiii,</strong></span> <span class='ocrx_word' id='word_1_147' title='bbox 1361 1823 1650 1922; x_wconf 51' lang='lat' dir='ltr'><strong>et&#39;quidem</strong></span> <span class='ocrx_word' id='word_1_148' title='bbox 1678 1856 1821 1909; x_wconf 85' lang='lat' dir='ltr'><strong>cele-</strong></span> <span class='ocrx_word' id='word_1_149' title='bbox 1851 1823 1899 1884; x_wconf 75' lang='grc' dir='ltr'><strong>Β</strong></span> 
     </span>
    </p>
   </div>
   <div class='ocr_carea' id='block_1_22' title="bbox 230 1924 1819 1996">
    <p class='ocr_par' dir='ltr' id='par_1_22' title="bbox 230 1924 1819 1996">
     <span class='ocr_line' id='line_1_22' title="bbox 230 1924 1819 1996; baseline -0.001 -16"><span class='ocrx_word' id='word_1_150' title='bbox 230 1925 363 1981; x_wconf 88' lang='lat' dir='ltr'><strong>brem</strong></span> <span class='ocrx_word' id='word_1_151' title='bbox 390 1926 591 1993; x_wconf 89' lang='lat' dir='ltr'><strong>fuisse,</strong></span> <span class='ocrx_word' id='word_1_152' title='bbox 615 1940 773 1996; x_wconf 87' lang='lat' dir='ltr'><strong>quam</strong></span> <span class='ocrx_word' id='word_1_153' title='bbox 796 1924 1119 1981; x_wconf 71' lang='lat' dir='ltr'><strong>Ptolemaeus</strong></span> <span class='ocrx_word' id='word_1_154' title='bbox 1145 1925 1284 1981; x_wconf 92' lang='lat' dir='ltr'><strong>libro</strong></span> <span class='ocrx_word' id='word_1_155' title='bbox 1314 1941 1386 1989; x_wconf 92' lang='lat' dir='ltr'><strong>tv,</strong></span> <span class='ocrx_word' id='word_1_156' title='bbox 1409 1940 1525 1994; x_wconf 86' lang='lat' dir='ltr'><strong>cap.</strong></span> <span class='ocrx_word' id='word_1_157' title='bbox 1551 1927 1584 1981; x_wconf 86' lang='grc'><strong>5</strong></span> <span class='ocrx_word' id='word_1_158' title='bbox 1604 1942 1619 1990; x_wconf 87' lang='lat'><strong>;</strong></span> <span class='ocrx_word' id='word_1_159' title='bbox 1650 1925 1819 1979; x_wconf 84' lang='lat' dir='ltr'><strong>Auto-</strong></span> 
     </span>
    </p>
   </div>
   <div class='ocr_carea' id='block_1_23' title="bbox 232 1996 1820 2066">
    <p class='ocr_par' dir='ltr' id='par_1_23' title="bbox 232 1996 1820 2066">
     <span class='ocr_line' id='line_1_23' title="bbox 232 1996 1820 2066; baseline 0.001 -17"><span class='ocrx_word' id='word_1_160' title='bbox 232 1998 374 2054; x_wconf 89' lang='lat' dir='ltr'><strong>ninus</strong></span> <span class='ocrx_word' id='word_1_161' title='bbox 403 1998 459 2052; x_wconf 92' lang='lat' dir='ltr'><strong>in</strong></span> <span class='ocrx_word' id='word_1_162' title='bbox 494 1997 805 2060; x_wconf 85' lang='lat' dir='ltr'><strong>Itinerario;</strong></span> <span class='ocrx_word' id='word_1_163' title='bbox 838 1996 1039 2051; x_wconf 84' lang='lat' dir='ltr'><strong>Plinius</strong></span> <span class='ocrx_word' id='word_1_164' title='bbox 1066 1997 1160 2052; x_wconf 91' lang='lat' dir='ltr'><strong>lib.</strong></span> <span class='ocrx_word' id='word_1_165' title='bbox 1193 2011 1244 2059; x_wconf 87' lang='lat' dir='ltr'><strong>v,</strong></span> <span class='ocrx_word' id='word_1_166' title='bbox 1276 2012 1393 2066; x_wconf 87' lang='lat' dir='ltr'><strong>cap.</strong></span> <span class='ocrx_word' id='word_1_167' title='bbox 1423 1998 1485 2061; x_wconf 90' lang='grc'><strong>5;</strong></span> <span class='ocrx_word' id='word_1_168' title='bbox 1519 2010 1820 2065; x_wconf 88' lang='lat' dir='ltr'><strong>anonymus</strong></span> 
     </span>
    </p>
   </div>
   <div class='ocr_carea' id='block_1_24' title="bbox 231 2066 1816 2137">
    <p class='ocr_par' dir='ltr' id='par_1_24' title="bbox 231 2066 1816 2137">
     <span class='ocr_line' id='line_1_24' title="bbox 231 2066 1816 2137; baseline 0.001 -16"><span class='ocrx_word' id='word_1_169' title='bbox 231 2067 531 2131; x_wconf 79' lang='lat' dir='ltr'><strong>Ravettnas,</strong></span> <span class='ocrx_word' id='word_1_170' title='bbox 550 2078 605 2123; x_wconf 91' lang='lat' dir='ltr'><strong>et</strong></span> <span class='ocrx_word' id='word_1_171' title='bbox 619 2068 836 2122; x_wconf 72' lang='lat' dir='ltr'><strong>Tabula:</strong></span> <span class='ocrx_word' id='word_1_172' title='bbox 854 2067 1275 2137; x_wconf 74' lang='lat' dir='ltr'><strong>Peutingerianze</strong></span> <span class='ocrx_word' id='word_1_173' title='bbox 1298 2067 1537 2122; x_wconf 87' lang='lat' dir='ltr'><strong>laudant.</strong></span> <span class='ocrx_word' id='word_1_174' title='bbox 1559 2066 1816 2123; x_wconf 83' lang='lat' dir='ltr'><strong>Eatndem</strong></span> 
     </span>
    </p>
   </div>
   <div class='ocr_carea' id='block_1_25' title="bbox 232 2137 1817 2207">
    <p class='ocr_par' dir='ltr' id='par_1_25' title="bbox 232 2137 1817 2207">
     <span class='ocr_line' id='line_1_25' title="bbox 232 2137 1817 2207; baseline 0.002 -16"><span class='ocrx_word' id='word_1_175' title='bbox 232 2139 355 2193; x_wconf 88' lang='lat' dir='ltr'><strong>inter</strong></span> <span class='ocrx_word' id='word_1_176' title='bbox 394 2139 729 2195; x_wconf 83' lang='lat' dir='ltr'><strong>Rusicadam</strong></span> <span class='ocrx_word' id='word_1_177' title='bbox 768 2146 821 2193; x_wconf 91' lang='lat' dir='ltr'><strong>et</strong></span> <span class='ocrx_word' id='word_1_178' title='bbox 863 2138 1165 2207; x_wconf 92' lang='lat' dir='ltr'><strong>Hipponem</strong></span> <span class='ocrx_word' id='word_1_179' title='bbox 1202 2138 1424 2207; x_wconf 77' lang='lat' dir='ltr'><strong>Regium</strong></span> <span class='ocrx_word' id='word_1_180' title='bbox 1454 2138 1613 2192; x_wconf 88' lang='lat' dir='ltr'><strong>sitam</strong></span> <span class='ocrx_word' id='word_1_181' title='bbox 1650 2137 1817 2194; x_wconf 81' lang='lat' dir='ltr'><strong>fuisse</strong></span> 
     </span>
    </p>
   </div>
   <div class='ocr_carea' id='block_1_26' title="bbox 230 2208 1817 2281">
    <p class='ocr_par' dir='ltr' id='par_1_26' title="bbox 230 2208 1817 2281">
     <span class='ocr_line' id='line_1_26' title="bbox 230 2208 1817 2281; baseline -0.001 -17"><span class='ocrx_word' id='word_1_182' title='bbox 230 2224 286 2264; x_wconf 82' lang='lat' dir='ltr'><strong>es</strong></span> <span class='ocrx_word' id='word_1_183' title='bbox 313 2210 577 2266; x_wconf 82' lang='lat' dir='ltr'><strong>Antonini</strong></span> <span class='ocrx_word' id='word_1_184' title='bbox 612 2209 891 2281; x_wconf 76' lang='lat' dir='ltr'><strong>itinerario</strong></span> <span class='ocrx_word' id='word_1_185' title='bbox 916 2209 1239 2281; x_wconf 79' lang='lat' dir='ltr'><strong>colligimus.</strong></span> <span class='ocrx_word' id='word_1_186' title='bbox 1275 2210 1542 2281; x_wconf 89' lang='lat' dir='ltr'><strong>Habemus</strong></span> <span class='ocrx_word' id='word_1_187' title='bbox 1564 2218 1619 2263; x_wconf 92' lang='lat' dir='ltr'><strong>et</strong></span> <span class='ocrx_word' id='word_1_188' title='bbox 1642 2208 1817 2275; x_wconf 70' lang='lat' dir='ltr'><strong>Taga-</strong></span> 
     </span>
    </p>
   </div>
   <div class='ocr_carea' id='block_1_27' title="bbox 235 2279 1819 2362">
    <p class='ocr_par' dir='ltr' id='par_1_27' title="bbox 235 2279 1819 2362">
     <span class='ocr_line' id='line_1_27' title="bbox 235 2279 1819 2362; baseline 0 -29"><span class='ocrx_word' id='word_1_189' title='bbox 235 2289 390 2362; x_wconf 81' lang='lat' dir='ltr'><strong>ratam</strong></span> <span class='ocrx_word' id='word_1_190' title='bbox 419 2283 497 2337; x_wconf 87' lang='lat' dir='ltr'><strong>ab</strong></span> <span class='ocrx_word' id='word_1_191' title='bbox 526 2281 614 2336; x_wconf 89' lang='lat' dir='ltr'><strong>his</strong></span> <span class='ocrx_word' id='word_1_192' title='bbox 843 2279 1107 2362; x_wconf 79' lang='lat' dir='ltr'><strong>diversam</strong></span> <span class='ocrx_word' id='word_1_193' title='bbox 1126 2321 1140 2345; x_wconf 92' lang='lat'><strong>,</strong></span> <span class='ocrx_word' id='word_1_194' title='bbox 1164 2280 1252 2362; x_wconf 44' lang='lat' dir='ltr'><strong>.de</strong></span> <span class='ocrx_word' id='word_1_195' title='bbox 1290 2295 1393 2362; x_wconf 77' lang='lat' dir='ltr'><strong>qua</strong></span> <span class='ocrx_word' id='word_1_196' title='bbox 1424 2280 1564 2335; x_wconf 91' lang='lat' dir='ltr'><strong>inter</strong></span> <span class='ocrx_word' id='word_1_197' title='bbox 1592 2293 1819 2362; x_wconf 67' lang='lat' dir='ltr'><strong>procon-</strong></span> 
     </span>
    </p>
   </div>
   <div class='ocr_carea' id='block_1_28' title="bbox 231 2350 1820 2421">
    <p class='ocr_par' dir='ltr' id='par_1_28' title="bbox 231 2350 1820 2421">
     <span class='ocr_line' id='line_1_28' title="bbox 231 2350 1820 2421; baseline 0.002 -18"><span class='ocrx_word' id='word_1_198' title='bbox 231 2353 423 2407; x_wconf 80' lang='lat' dir='ltr'><strong>xulares</strong></span> <span class='ocrx_word' id='word_1_199' title='bbox 473 2368 631 2407; x_wconf 88' lang='lat' dir='ltr'><strong>num.</strong></span> <span class='ocrx_word' id='word_1_200' title='bbox 659 2350 1019 2421; x_wconf 58' lang='lat' dir='ltr'><strong>aﬁ&#39;l‘aguram</strong></span> <span class='ocrx_word' id='word_1_201' title='bbox 1070 2353 1123 2405; x_wconf 93' lang='lat' dir='ltr'><strong>in</strong></span> <span class='ocrx_word' id='word_1_202' title='bbox 1164 2350 1410 2405; x_wconf 85' lang='lat' dir='ltr'><strong>Numidia</strong></span> <span class='ocrx_word' id='word_1_203' title='bbox 1440 2365 1588 2406; x_wconf 89' lang='lat' dir='ltr'><strong>num.</strong></span> <span class='ocrx_word' id='word_1_204' title='bbox 1632 2350 1734 2417; x_wconf 87' lang='grc'><strong>20,</strong></span> <span class='ocrx_word' id='word_1_205' title='bbox 1765 2363 1820 2406; x_wconf 88' lang='lat' dir='ltr'><strong>et</strong></span> 
     </span>
    </p>
   </div>
   <div class='ocr_carea' id='block_1_29' title="bbox 233 2422 1246 2491">
    <p class='ocr_par' dir='ltr' id='par_1_29' title="bbox 233 2422 1246 2491">
     <span class='ocr_line' id='line_1_29' title="bbox 233 2422 1246 2491; baseline 0.001 -17"><span class='ocrx_word' id='word_1_206' title='bbox 233 2422 559 2491; x_wconf 80' lang='lat' dir='ltr'><strong>Tagariatam</strong></span> <span class='ocrx_word' id='word_1_207' title='bbox 593 2424 646 2476; x_wconf 92' lang='lat' dir='ltr'><strong>in</strong></span> <span class='ocrx_word' id='word_1_208' title='bbox 676 2422 945 2491; x_wconf 78' lang='lat' dir='ltr'><strong>Byzacena</strong></span> <span class='ocrx_word' id='word_1_209' title='bbox 976 2438 1125 2476; x_wconf 91' lang='lat' dir='ltr'><strong>num.</strong></span> <span class='ocrx_word' id='word_1_210' title='bbox 1154 2423 1246 2477; x_wconf 88' lang='grc'><strong>57.</strong></span> 
     </span>
    </p>
   </div>
   <div class='ocr_carea' id='block_1_30' title="bbox 329 2490 1819 2550">
    <p class='ocr_par' dir='ltr' id='par_1_30' title="bbox 329 2490 1819 2550">
     <span class='ocr_line' id='line_1_30' title="bbox 329 2490 1819 2550; baseline 0.001 -2"><span class='ocrx_word' id='word_1_211' title='bbox 329 2496 412 2549; x_wconf 73' lang='lat' dir='ltr'><strong>ll.</strong></span> <span class='ocrx_word' id='word_1_212' title='bbox 477 2490 866 2548; x_wconf 60' lang='lat' dir='ltr'><strong>Mammaea.</strong></span> <span class='ocrx_word' id='word_1_213' title='bbox 931 2492 1201 2548; x_wconf 90' lang='lat' dir='ltr'><strong>lllustrem</strong></span> <span class='ocrx_word' id='word_1_214' title='bbox 1260 2492 1398 2546; x_wconf 88' lang='lat' dir='ltr'><strong>hanc</strong></span> <span class='ocrx_word' id='word_1_215' title='bbox 1452 2490 1635 2549; x_wconf 87' lang='lat' dir='ltr'><strong>sedem</strong></span> <span class='ocrx_word' id='word_1_216' title='bbox 1695 2494 1819 2550; x_wconf 90' lang='lat' dir='ltr'><strong>fecit</strong></span> 
     </span>
    </p>
   </div>
   <div class='ocr_carea' id='block_1_31' title="bbox 234 2561 1823 2633">
    <p class='ocr_par' dir='ltr' id='par_1_31' title="bbox 234 2561 1823 2633">
     <span class='ocr_line' id='line_1_31' title="bbox 234 2561 1823 2633; baseline 0.004 -17"><span class='ocrx_word' id='word_1_217' title='bbox 234 2565 448 2633; x_wconf 81' lang='lat' dir='ltr'><strong>Optatos</strong></span> <span class='ocrx_word' id='word_1_218' title='bbox 483 2564 822 2620; x_wconf 73' lang='lat' dir='ltr'><strong>Hilevitanus</strong></span> <span class='ocrx_word' id='word_1_219' title='bbox 855 2564 1139 2632; x_wconf 88' lang='lat' dir='ltr'><strong>episcopus</strong></span> <span class='ocrx_word' id='word_1_220' title='bbox 1165 2608 1179 2631; x_wconf 91' lang='lat'><strong>,</strong></span> <span class='ocrx_word' id='word_1_221' title='bbox 1221 2562 1373 2632; x_wconf 81' lang='lat' dir='ltr'><strong>cujus</strong></span> <span class='ocrx_word' id='word_1_222' title='bbox 1403 2561 1568 2617; x_wconf 88' lang='lat' dir='ltr'><strong>libros</strong></span> <span class='ocrx_word' id='word_1_223' title='bbox 1598 2566 1662 2620; x_wconf 86' lang='lat' dir='ltr'><strong>ad</strong></span> <span class='ocrx_word' id='word_1_224' title='bbox 1694 2565 1823 2621; x_wconf 87' lang='lat' dir='ltr'><strong>Par-</strong></span> 
     </span>
    </p>
   </div>
   <div class='ocr_carea' id='block_1_32' title="bbox 237 2633 1823 2702">
    <p class='ocr_par' dir='ltr' id='par_1_32' title="bbox 237 2633 1823 2702">
     <span class='ocr_line' id='line_1_32' title="bbox 237 2633 1823 2702; baseline 0.003 -14"><span class='ocrx_word' id='word_1_225' title='bbox 237 2637 536 2689; x_wconf 81' lang='lat' dir='ltr'><strong>meuianum</strong></span> <span class='ocrx_word' id='word_1_226' title='bbox 555 2636 623 2689; x_wconf 91' lang='lat' dir='ltr'><strong>de</strong></span> <span class='ocrx_word' id='word_1_227' title='bbox 644 2635 933 2688; x_wconf 85' lang='lat' dir='ltr'><strong>schismate</strong></span> <span class='ocrx_word' id='word_1_228' title='bbox 957 2634 1352 2689; x_wconf 85' lang='lat' dir='ltr'><strong>Donatistarum</strong></span> <span class='ocrx_word' id='word_1_229' title='bbox 1370 2633 1566 2702; x_wconf 81' lang='lat' dir='ltr'><strong>saepius</strong></span> <span class='ocrx_word' id='word_1_230' title='bbox 1592 2650 1823 2694; x_wconf 80' lang='lat' dir='ltr'><strong>excuses</strong></span> 
     </span>
    </p>
   </div>
   <div class='ocr_carea' id='block_1_33' title="bbox 237 2705 1821 2774">
    <p class='ocr_par' dir='ltr' id='par_1_33' title="bbox 237 2705 1821 2774">
     <span class='ocr_line' id='line_1_33' title="bbox 237 2705 1821 2774; baseline 0.003 -15"><span class='ocrx_word' id='word_1_231' title='bbox 237 2721 383 2760; x_wconf 90' lang='lat' dir='ltr'><strong>nemo</strong></span> <span class='ocrx_word' id='word_1_232' title='bbox 414 2721 525 2761; x_wconf 88' lang='lat' dir='ltr'><strong>non</strong></span> <span class='ocrx_word' id='word_1_233' title='bbox 552 2706 725 2760; x_wconf 87' lang='lat' dir='ltr'><strong>novit.</strong></span> <span class='ocrx_word' id='word_1_234' title='bbox 755 2706 959 2760; x_wconf 88' lang='lat' dir='ltr'><strong>Nomen</strong></span> <span class='ocrx_word' id='word_1_235' title='bbox 988 2705 1105 2772; x_wconf 91' lang='lat' dir='ltr'><strong>ejus</strong></span> <span class='ocrx_word' id='word_1_236' title='bbox 1134 2706 1187 2759; x_wconf 90' lang='lat' dir='ltr'><strong>in</strong></span> <span class='ocrx_word' id='word_1_237' title='bbox 1213 2706 1595 2774; x_wconf 77' lang='lat' dir='ltr'><strong>martyrologio</strong></span> <span class='ocrx_word' id='word_1_238' title='bbox 1623 2707 1821 2763; x_wconf 81' lang='lat' dir='ltr'><strong>Roma-</strong></span> 
     </span>
    </p>
   </div>
   <div class='ocr_carea' id='block_1_34' title="bbox 240 2776 1821 2847">
    <p class='ocr_par' dir='ltr' id='par_1_34' title="bbox 240 2776 1821 2847">
     <span class='ocr_line' id='line_1_34' title="bbox 240 2776 1821 2847; baseline 0.004 -19"><span class='ocrx_word' id='word_1_239' title='bbox 240 2793 303 2829; x_wconf 88' lang='lat' dir='ltr'><strong>no</strong></span> <span class='ocrx_word' id='word_1_240' title='bbox 345 2778 432 2831; x_wconf 91' lang='lat' dir='ltr'><strong>die</strong></span> <span class='ocrx_word' id='word_1_241' title='bbox 461 2777 496 2829; x_wconf 71' lang='grc' dir='ltr'><strong><em>ι</em></strong></span> <span class='ocrx_word' id='word_1_242' title='bbox 525 2776 664 2830; x_wconf 83' lang='lat' dir='ltr'><strong>Junii</strong></span> <span class='ocrx_word' id='word_1_243' title='bbox 697 2776 835 2831; x_wconf 90' lang='lat' dir='ltr'><strong>inter</strong></span> <span class='ocrx_word' id='word_1_244' title='bbox 873 2784 1089 2831; x_wconf 85' lang='lat' dir='ltr'><strong>sanctos</strong></span> <span class='ocrx_word' id='word_1_245' title='bbox 1124 2776 1472 2847; x_wconf 81' lang='lat' dir='ltr'><strong>confessores</strong></span> <span class='ocrx_word' id='word_1_246' title='bbox 1506 2777 1821 2847; x_wconf 85' lang='lat' dir='ltr'><strong>inscriptum</strong></span> 
     </span>
    </p>
   </div>
   <div class='ocr_carea' id='block_1_35' title="bbox 246 2846 1818 2920">
    <p class='ocr_par' dir='ltr' id='par_1_35' title="bbox 246 2846 1818 2920">
     <span class='ocr_line' id='line_1_35' title="bbox 246 2846 1818 2920; baseline 0.003 -20"><span class='ocrx_word' id='word_1_247' title='bbox 246 2855 345 2901; x_wconf 86' lang='lat' dir='ltr'><strong>est.</strong></span> <span class='ocrx_word' id='word_1_248' title='bbox 394 2848 710 2920; x_wconf 78' lang='lat' dir='ltr'><strong>Complures</strong></span> <span class='ocrx_word' id='word_1_249' title='bbox 741 2848 794 2920; x_wconf 82' lang='lat' dir='ltr'><strong>in</strong></span> <span class='ocrx_word' id='word_1_250' title='bbox 830 2847 1017 2901; x_wconf 89' lang='lat' dir='ltr'><strong>eadem</strong></span> <span class='ocrx_word' id='word_1_251' title='bbox 1058 2846 1190 2901; x_wconf 90' lang='lat' dir='ltr'><strong>urbe</strong></span> <span class='ocrx_word' id='word_1_252' title='bbox 1221 2846 1415 2920; x_wconf 60' lang='lat' dir='ltr'><strong>habita;</strong></span> <span class='ocrx_word' id='word_1_253' title='bbox 1435 2846 1818 2920; x_wconf 70' lang='lat' dir='ltr'><strong>suntsynodi,</strong></span> 
     </span>
    </p>
   </div>
   <div class='ocr_carea' id='block_1_36' title="bbox 245 2917 1821 2991">
    <p class='ocr_par' dir='ltr' id='par_1_36' title="bbox 245 2917 1821 2991">
     <span class='ocr_line' id='line_1_36' title="bbox 245 2917 1821 2991; baseline 0.003 -21"><span class='ocrx_word' id='word_1_254' title='bbox 245 2919 378 2972; x_wconf 90' lang='lat' dir='ltr'><strong>inter</strong></span> <span class='ocrx_word' id='word_1_255' title='bbox 405 2933 541 2987; x_wconf 86' lang='lat' dir='ltr'><strong>quas</strong></span> <span class='ocrx_word' id='word_1_256' title='bbox 566 2917 791 2991; x_wconf 82' lang='lat' dir='ltr'><strong>celebris</strong></span> <span class='ocrx_word' id='word_1_257' title='bbox 821 2926 917 2991; x_wconf 80' lang='lat' dir='ltr'><strong>est</strong></span> <span class='ocrx_word' id='word_1_258' title='bbox 937 2932 999 2971; x_wconf 91' lang='lat' dir='ltr'><strong>ea</strong></span> <span class='ocrx_word' id='word_1_259' title='bbox 1030 2933 1151 2991; x_wconf 66' lang='lat' dir='ltr'><strong>quae</strong></span> <span class='ocrx_word' id='word_1_260' title='bbox 1178 2932 1320 2973; x_wconf 89' lang='lat' dir='ltr'><strong>anno</strong></span> <span class='ocrx_word' id='word_1_261' title='bbox 1350 2917 1456 2991; x_wconf 59' lang='grc'><strong>410</strong></span> <span class='ocrx_word' id='word_1_262' title='bbox 1493 2918 1559 2972; x_wconf 86' lang='lat' dir='ltr'><strong>in&#39;</strong></span> <span class='ocrx_word' id='word_1_263' title='bbox 1583 2917 1821 2991; x_wconf 77' lang='lat' dir='ltr'><strong>Pelagia-</strong></span> 
     </span>
    </p>
   </div>
   <div class='ocr_carea' id='block_1_37' title="bbox 243 2987 1818 3060">
    <p class='ocr_par' dir='ltr' id='par_1_37' title="bbox 243 2987 1818 3060">
     <span class='ocr_line' id='line_1_37' title="bbox 243 2987 1818 3060; baseline 0.003 -20"><span class='ocrx_word' id='word_1_264' title='bbox 243 3004 428 3060; x_wconf 88' lang='lat' dir='ltr'><strong>norum</strong></span> <span class='ocrx_word' id='word_1_265' title='bbox 457 3004 611 3043; x_wconf 88' lang='lat' dir='ltr'><strong>causa</strong></span> <span class='ocrx_word' id='word_1_266' title='bbox 636 2988 817 3043; x_wconf 86' lang='lat' dir='ltr'><strong>habita</strong></span> <span class='ocrx_word' id='word_1_267' title='bbox 848 2988 945 3043; x_wconf 92' lang='lat' dir='ltr'><strong>fuit</strong></span> <span class='ocrx_word' id='word_1_268' title='bbox 978 3007 989 3041; x_wconf 91' lang='lat'>:</span> <span class='ocrx_word' id='word_1_269' title='bbox 1020 2989 1172 3058; x_wconf 87' lang='lat' dir='ltr'><strong>cujus</strong></span> <span class='ocrx_word' id='word_1_270' title='bbox 1197 2987 1471 3060; x_wconf 78' lang='lat' dir='ltr'><strong>synodalia</strong></span> <span class='ocrx_word' id='word_1_271' title='bbox 1500 2987 1733 3058; x_wconf 76' lang='lat' dir='ltr'><strong>epistola</strong></span> <span class='ocrx_word' id='word_1_272' title='bbox 1751 2990 1818 3045; x_wconf 90' lang='lat' dir='ltr'><strong>ad</strong></span> 
     </span>
    </p>
   </div>
   <div class='ocr_carea' id='block_1_38' title="bbox 240 3059 1823 3130">
    <p class='ocr_par' dir='ltr' id='par_1_38' title="bbox 240 3059 1823 3130">
     <span class='ocr_line' id='line_1_38' title="bbox 240 3059 1823 3130; baseline 0.003 -19"><span class='ocrx_word' id='word_1_273' title='bbox 240 3059 601 3115; x_wconf 86' lang='lat' dir='ltr'><strong>Innocentium</strong></span> <span class='ocrx_word' id='word_1_274' title='bbox 658 3074 849 3129; x_wconf 87' lang='lat' dir='ltr'><strong>papam</strong></span> <span class='ocrx_word' id='word_1_275' title='bbox 909 3060 1047 3114; x_wconf 91' lang='lat' dir='ltr'><strong>inter</strong></span> <span class='ocrx_word' id='word_1_276' title='bbox 1094 3059 1508 3130; x_wconf 75' lang='lat' dir='ltr'><strong>Augustinianas</strong></span> <span class='ocrx_word' id='word_1_277' title='bbox 1566 3061 1823 3130; x_wconf 85' lang='lat' dir='ltr'><strong>epistolas</strong></span> 
     </span>
    </p>
   </div>
   <div class='ocr_carea' id='block_1_39' title="bbox 236 3129 1819 3201">
    <p class='ocr_par' dir='ltr' id='par_1_39' title="bbox 236 3129 1819 3201">
     <span class='ocr_line' id='line_1_39' title="bbox 236 3129 1819 3201; baseline 0.002 -17"><span class='ocrx_word' id='word_1_278' title='bbox 236 3140 400 3201; x_wconf 80' lang='lat' dir='ltr'><strong>exstat</strong></span> <span class='ocrx_word' id='word_1_279' title='bbox 432 3146 584 3186; x_wconf 89' lang='lat' dir='ltr'><strong>num.</strong></span> <span class='ocrx_word' id='word_1_280' title='bbox 613 3130 751 3194; x_wconf 71' lang='lat'><strong>176;</strong></span> <span class='ocrx_word' id='word_1_281' title='bbox 787 3144 1012 3201; x_wconf 78' lang='lat' dir='ltr'><strong>eamque</strong></span> <span class='ocrx_word' id='word_1_282' title='bbox 1042 3130 1377 3201; x_wconf 78' lang='lat' dir='ltr'><strong>confirmavit</strong></span> <span class='ocrx_word' id='word_1_283' title='bbox 1407 3129 1546 3184; x_wconf 90' lang='lat' dir='ltr'><strong>idem</strong></span> <span class='ocrx_word' id='word_1_284' title='bbox 1579 3132 1819 3201; x_wconf 79' lang='lat' dir='ltr'><strong>pontifex</strong></span> 
     </span>
    </p>
   </div>
   <div class='ocr_carea' id='block_1_40' title="bbox 240 3198 2257 3271">
    <p class='ocr_par' dir='ltr' id='par_1_40' title="bbox 240 3198 2257 3271">
     <span class='ocr_line' id='line_1_40' title="bbox 240 3198 2257 3271; baseline 0.001 -18"><span class='ocrx_word' id='word_1_285' title='bbox 240 3200 424 3255; x_wconf 85' lang='lat' dir='ltr'><strong>ibidem</strong></span> <span class='ocrx_word' id='word_1_286' title='bbox 473 3201 714 3271; x_wconf 88' lang='lat' dir='ltr'><strong>epistolis</strong></span> <span class='ocrx_word' id='word_1_287' title='bbox 754 3198 857 3255; x_wconf 74' lang='grc'><strong>182</strong></span> <span class='ocrx_word' id='word_1_288' title='bbox 890 3198 946 3271; x_wconf 87' lang='lat' dir='ltr'><strong>et</strong></span> <span class='ocrx_word' id='word_1_289' title='bbox 997 3200 1099 3255; x_wconf 79' lang='grc'><strong>185</strong></span> <span class='ocrx_word' id='word_1_290' title='bbox 1139 3200 1391 3255; x_wconf 87' lang='lat' dir='ltr'><strong>editionis</strong></span> <span class='ocrx_word' id='word_1_291' title='bbox 1436 3198 1817 3259; x_wconf 71' lang='lat' dir='ltr'><strong>Benedictinte.</strong></span> <span class='ocrx_word' id='word_1_292' title='bbox 1849 3207 1897 3271; x_wconf 71' lang='grc' dir='ltr'>ρ</span> <span class='ocrx_word' id='word_1_293' title='bbox 1927 3199 2257 3263; x_wconf 87' lang='lat' dir='ltr'><strong>adversario,</strong></span> 
     </span>
    </p>
   </div>
   <div class='ocr_carea' id='block_1_41' title="bbox 242 3270 1822 3355">
    <p class='ocr_par' dir='ltr' id='par_1_41' title="bbox 242 3270 1822 3355">
     <span class='ocr_line' id='line_1_41' title="bbox 242 3270 1822 3355; baseline 0.005 -32"><span class='ocrx_word' id='word_1_294' title='bbox 242 3270 829 3355; x_wconf 55' lang='lat' dir='ltr'><strong>Adeodatusfpiscopus</strong></span> <span class='ocrx_word' id='word_1_295' title='bbox 859 3270 1185 3355; x_wconf 60' lang='lat' dir='ltr'><strong>llilcvitanus</strong></span> <span class='ocrx_word' id='word_1_296' title='bbox 1225 3288 1257 3355; x_wconf 86' lang='lat' dir='ltr'><strong>e</strong></span> <span class='ocrx_word' id='word_1_297' title='bbox 1298 3271 1693 3355; x_wconf 71' lang='lat' dir='ltr'><strong>Donatistarum</strong></span> <span class='ocrx_word' id='word_1_298' title='bbox 1717 3288 1822 3355; x_wconf 81' lang='lat' dir='ltr'><strong>_se-</strong></span> 
     </span>
    </p>
   </div>
   <div class='ocr_carea' id='block_1_42' title="bbox 241 3342 1821 3412">
    <p class='ocr_par' dir='ltr' id='par_1_42' title="bbox 241 3342 1821 3412">
     <span class='ocr_line' id='line_1_42' title="bbox 241 3342 1821 3412; baseline 0.003 -17"><span class='ocrx_word' id='word_1_299' title='bbox 241 3352 318 3395; x_wconf 85' lang='lat' dir='ltr'><strong>cta</strong></span> <span class='ocrx_word' id='word_1_300' title='bbox 347 3358 467 3397; x_wconf 89' lang='lat' dir='ltr'><strong>curn</strong></span> <span class='ocrx_word' id='word_1_301' title='bbox 509 3342 632 3397; x_wconf 89' lang='lat' dir='ltr'><strong>aliis</strong></span> <span class='ocrx_word' id='word_1_302' title='bbox 666 3358 766 3397; x_wconf 83' lang='lat' dir='ltr'><strong>sex</strong></span> <span class='ocrx_word' id='word_1_303' title='bbox 812 3342 1080 3411; x_wconf 90' lang='lat' dir='ltr'><strong>episcopis</strong></span> <span class='ocrx_word' id='word_1_304' title='bbox 1107 3342 1309 3397; x_wconf 91' lang='lat' dir='ltr'><strong>electus</strong></span> <span class='ocrx_word' id='word_1_305' title='bbox 1337 3350 1422 3397; x_wconf 91' lang='lat' dir='ltr'><strong>est</strong></span> <span class='ocrx_word' id='word_1_306' title='bbox 1460 3342 1527 3397; x_wconf 89' lang='lat' dir='ltr'><strong>ad</strong></span> <span class='ocrx_word' id='word_1_307' title='bbox 1562 3344 1821 3412; x_wconf 75' lang='lat' dir='ltr'><strong>agendam</strong></span> 
     </span>
    </p>
   </div>
   <div class='ocr_carea' id='block_1_43' title="bbox 238 3412 1824 3472">
    <p class='ocr_par' dir='ltr' id='par_1_43' title="bbox 238 3412 1824 3472">
     <span class='ocr_line' id='line_1_43' title="bbox 238 3412 1824 3472; baseline 0.004 -7"><span class='ocrx_word' id='word_1_308' title='bbox 238 3428 343 3468; x_wconf 72' lang='lat' dir='ltr'><strong>sate</strong></span> <span class='ocrx_word' id='word_1_309' title='bbox 382 3423 551 3469; x_wconf 74' lang='lat' dir='ltr'><strong>secta:</strong></span> <span class='ocrx_word' id='word_1_310' title='bbox 594 3429 809 3469; x_wconf 87' lang='lat' dir='ltr'><strong>causam</strong></span> <span class='ocrx_word' id='word_1_311' title='bbox 860 3422 1048 3467; x_wconf 91' lang='lat' dir='ltr'><strong>contra</strong></span> <span class='ocrx_word' id='word_1_312' title='bbox 1091 3413 1387 3468; x_wconf 90' lang='lat' dir='ltr'><strong>catholicos</strong></span> <span class='ocrx_word' id='word_1_313' title='bbox 1428 3415 1483 3468; x_wconf 87' lang='lat' dir='ltr'><strong>itt</strong></span> <span class='ocrx_word' id='word_1_314' title='bbox 1526 3412 1824 3472; x_wconf 89' lang='lat' dir='ltr'><strong>Collatione</strong></span> 
     </span>
    </p>
   </div>
   <div class='ocr_carea' id='block_1_44' title="bbox 234 3481 1825 3553">
    <p class='ocr_par' dir='ltr' id='par_1_44' title="bbox 234 3481 1825 3553">
     <span class='ocr_line' id='line_1_44' title="bbox 234 3481 1825 3553; baseline 0.003 -17"><span class='ocrx_word' id='word_1_315' title='bbox 234 3481 663 3553; x_wconf 75' lang='lat' dir='ltr'><strong>Cartltaginensi,</strong></span> <span class='ocrx_word' id='word_1_316' title='bbox 685 3485 737 3538; x_wconf 91' lang='lat' dir='ltr'><strong>in</strong></span> <span class='ocrx_word' id='word_1_317' title='bbox 758 3500 860 3552; x_wconf 88' lang='lat' dir='ltr'><strong>qua</strong></span> <span class='ocrx_word' id='word_1_318' title='bbox 882 3484 1077 3552; x_wconf 77' lang='lat' dir='ltr'><strong>smpius</strong></span> <span class='ocrx_word' id='word_1_319' title='bbox 1102 3483 1456 3539; x_wconf 85' lang='lat' dir='ltr'><strong>interlocutus</strong></span> <span class='ocrx_word' id='word_1_320' title='bbox 1474 3494 1576 3537; x_wconf 90' lang='lat' dir='ltr'><strong>est.</strong></span> <span class='ocrx_word' id='word_1_321' title='bbox 1607 3486 1825 3543; x_wconf 86' lang='lat' dir='ltr'><strong>Seuerus</strong></span> 
     </span>
    </p>
   </div>
   <div class='ocr_carea' id='block_1_45' title="bbox 236 3554 1820 3627">
    <p class='ocr_par' dir='ltr' id='par_1_45' title="bbox 236 3554 1820 3627">
     <span class='ocr_line' id='line_1_45' title="bbox 236 3554 1820 3627; baseline 0.004 -21"><span class='ocrx_word' id='word_1_322' title='bbox 236 3570 376 3621; x_wconf 87' lang='lat' dir='ltr'><strong>vero,</strong></span> <span class='ocrx_word' id='word_1_323' title='bbox 387 3558 634 3627; x_wconf 86' lang='lat' dir='ltr'><strong>ejusdem</strong></span> <span class='ocrx_word' id='word_1_324' title='bbox 660 3556 808 3609; x_wconf 88' lang='lat' dir='ltr'><strong>urbis</strong></span> <span class='ocrx_word' id='word_1_325' title='bbox 832 3556 1114 3627; x_wconf 73' lang='lat' dir='ltr'><strong>episcopus</strong></span> <span class='ocrx_word' id='word_1_326' title='bbox 1138 3554 1633 3627; x_wconf 70' lang='lat' dir='ltr'><strong>catltolicus,paulo</strong></span> <span class='ocrx_word' id='word_1_327' title='bbox 1662 3566 1820 3613; x_wconf 83' lang='lat' dir='ltr'><strong>antea</strong></span> 
     </span>
    </p>
   </div>
   <div class='ocr_carea' id='block_1_46' title="bbox 236 3622 1827 3693">
    <p class='ocr_par' dir='ltr' id='par_1_46' title="bbox 236 3622 1827 3693">
     <span class='ocr_line' id='line_1_46' title="bbox 236 3622 1827 3693; baseline 0.003 -15"><span class='ocrx_word' id='word_1_328' title='bbox 236 3642 263 3678; x_wconf 93' lang='lat' dir='ltr'><strong>e</strong></span> <span class='ocrx_word' id='word_1_329' title='bbox 289 3622 433 3681; x_wconf 74' lang='lat' dir='ltr'><strong>vivis</strong></span> <span class='ocrx_word' id='word_1_330' title='bbox 449 3635 785 3689; x_wconf 60' lang='lat' dir='ltr'><strong>excesserat,</strong></span> <span class='ocrx_word' id='word_1_331' title='bbox 815 3622 1089 3680; x_wconf 26' lang='lat' dir='ltr'><strong>ut‘dicit‘ur</strong></span> <span class='ocrx_word' id='word_1_332' title='bbox 1114 3640 1233 3693; x_wconf 88' lang='lat' dir='ltr'><strong>cap.</strong></span> <span class='ocrx_word' id='word_1_333' title='bbox 1264 3622 1393 3680; x_wconf 83' lang='grc'><strong>215.</strong></span> <span class='ocrx_word' id='word_1_334' title='bbox 1426 3625 1640 3680; x_wconf 78' lang='lat' dir='ltr'><strong>Mileum</strong></span> <span class='ocrx_word' id='word_1_335' title='bbox 1666 3627 1827 3683; x_wconf 83' lang='lat' dir='ltr'><strong>habet</strong></span> 
     </span>
    </p>
   </div>
   <div class='ocr_carea' id='block_1_47' title="bbox 237 3695 1824 3760">
    <p class='ocr_par' dir='ltr' id='par_1_47' title="bbox 237 3695 1824 3760">
     <span class='ocr_line' id='line_1_47' title="bbox 237 3695 1824 3760; baseline 0.004 -11"><span class='ocrx_word' id='word_1_336' title='bbox 237 3700 536 3752; x_wconf 75' lang='lat' dir='ltr'><strong>Antoninus</strong></span> <span class='ocrx_word' id='word_1_337' title='bbox 563 3700 615 3750; x_wconf 91' lang='lat' dir='ltr'><strong>in</strong></span> <span class='ocrx_word' id='word_1_338' title='bbox 637 3696 947 3760; x_wconf 83' lang='lat' dir='ltr'><strong>itinerario;</strong></span> <span class='ocrx_word' id='word_1_339' title='bbox 983 3695 1144 3750; x_wconf 70' lang='lat' dir='ltr'><strong>Mileti</strong></span> <span class='ocrx_word' id='word_1_340' title='bbox 1163 3696 1419 3750; x_wconf 89' lang='lat' dir='ltr'><strong>coloniam</strong></span> <span class='ocrx_word' id='word_1_341' title='bbox 1439 3696 1661 3752; x_wconf 83' lang='lat' dir='ltr'><strong>Tabulae</strong></span> <span class='ocrx_word' id='word_1_342' title='bbox 1687 3698 1824 3755; x_wconf 86' lang='lat' dir='ltr'><strong>Peu-</strong></span> 
     </span>
    </p>
   </div>
   <div class='ocr_carea' id='block_1_48' title="bbox 242 3766 1827 3837">
    <p class='ocr_par' dir='ltr' id='par_1_48' title="bbox 242 3766 1827 3837">
     <span class='ocr_line' id='line_1_48' title="bbox 242 3766 1827 3837; baseline 0.004 -20"><span class='ocrx_word' id='word_1_343' title='bbox 242 3769 555 3837; x_wconf 74' lang='lat' dir='ltr'><strong>tingerianae</strong></span> <span class='ocrx_word' id='word_1_344' title='bbox 581 3810 596 3834; x_wconf 97' lang='lat'><strong>,</strong></span> <span class='ocrx_word' id='word_1_345' title='bbox 635 3777 685 3822; x_wconf 91' lang='lat' dir='ltr'><strong>et</strong></span> <span class='ocrx_word' id='word_1_346' title='bbox 716 3770 770 3821; x_wconf 89' lang='lat' dir='ltr'><strong>in</strong></span> <span class='ocrx_word' id='word_1_347' title='bbox 798 3768 1004 3836; x_wconf 83' lang='lat' dir='ltr'><strong>synodo</strong></span> <span class='ocrx_word' id='word_1_348' title='bbox 1047 3767 1276 3822; x_wconf 87' lang='lat' dir='ltr'><strong>Cirtensi</strong></span> <span class='ocrx_word' id='word_1_349' title='bbox 1316 3766 1598 3823; x_wconf 90' lang='lat' dir='ltr'><strong>Secundus</strong></span> <span class='ocrx_word' id='word_1_350' title='bbox 1625 3769 1827 3837; x_wconf 90' lang='lat' dir='ltr'><strong>primas</strong></span> 
     </span>
    </p>
   </div>
   <div class='ocr_carea' id='block_1_49' title="bbox 242 3836 1828 3907">
    <p class='ocr_par' dir='ltr' id='par_1_49' title="bbox 242 3836 1828 3907">
     <span class='ocr_line' id='line_1_49' title="bbox 242 3836 1828 3907; baseline 0.002 -17"><span class='ocrx_word' id='word_1_351' title='bbox 242 3836 563 3907; x_wconf 89' lang='lat' dir='ltr'><strong>Purpurium</strong></span> <span class='ocrx_word' id='word_1_352' title='bbox 604 3853 632 3891; x_wconf 90' lang='lat' dir='ltr'><strong>a</strong></span> <span class='ocrx_word' id='word_1_353' title='bbox 673 3838 875 3892; x_wconf 86' lang='lat' dir='ltr'><strong>Limata</strong></span> <span class='ocrx_word' id='word_1_354' title='bbox 916 3838 1252 3907; x_wconf 76' lang='lat' dir='ltr'><strong>objurgavit,</strong></span> <span class='ocrx_word' id='word_1_355' title='bbox 1285 3838 1426 3905; x_wconf 85' lang='lat' dir='ltr'><strong>quod</strong></span> <span class='ocrx_word' id='word_1_356' title='bbox 1457 3838 1592 3896; x_wconf 91' lang='lat' dir='ltr'><strong>duos</strong></span> <span class='ocrx_word' id='word_1_357' title='bbox 1622 3836 1828 3894; x_wconf 82' lang='lat' dir='ltr'><strong>sororis</strong></span> 
     </span>
    </p>
   </div>
   <div class='ocr_carea' id='block_1_50' title="bbox 237 3907 1829 3977">
    <p class='ocr_par' dir='ltr' id='par_1_50' title="bbox 237 3907 1829 3977">
     <span class='ocr_line' id='line_1_50' title="bbox 237 3907 1829 3977; baseline 0.002 -16"><span class='ocrx_word' id='word_1_358' title='bbox 237 3923 342 3963; x_wconf 67' lang='lat' dir='ltr'><strong>sua:</strong></span> <span class='ocrx_word' id='word_1_359' title='bbox 368 3910 517 3964; x_wconf 83' lang='lat' dir='ltr'><strong>filios</strong></span> <span class='ocrx_word' id='word_1_360' title='bbox 545 3908 829 3963; x_wconf 77' lang='lat' dir='ltr'><strong>occidisset</strong></span> <span class='ocrx_word' id='word_1_361' title='bbox 866 3907 1030 3970; x_wconf 74' lang='lat' dir='ltr'><strong>Milei,</strong></span> <span class='ocrx_word' id='word_1_362' title='bbox 1052 3924 1213 3977; x_wconf 89' lang='lat' dir='ltr'><strong>quam</strong></span> <span class='ocrx_word' id='word_1_363' title='bbox 1243 3907 1427 3964; x_wconf 89' lang='lat' dir='ltr'><strong>urbem</strong></span> <span class='ocrx_word' id='word_1_364' title='bbox 1456 3924 1486 3963; x_wconf 90' lang='lat' dir='ltr'><strong>a</strong></span> <span class='ocrx_word' id='word_1_365' title='bbox 1515 3910 1689 3965; x_wconf 83' lang='lat' dir='ltr'><strong>Milevi</strong></span> <span class='ocrx_word' id='word_1_366' title='bbox 1716 3910 1829 3964; x_wconf 88' lang='lat' dir='ltr'><strong>dis-</strong></span> 
     </span>
    </p>
   </div>
   <div class='ocr_carea' id='block_1_51' title="bbox 240 3978 1826 4044">
    <p class='ocr_par' dir='ltr' id='par_1_51' title="bbox 240 3978 1826 4044">
     <span class='ocr_line' id='line_1_51' title="bbox 240 3978 1826 4044; baseline 0.003 -13"><span class='ocrx_word' id='word_1_367' title='bbox 240 3980 399 4035; x_wconf 75' lang='lat' dir='ltr'><strong>tinxit</strong></span> <span class='ocrx_word' id='word_1_368' title='bbox 425 3979 653 4034; x_wconf 87' lang='lat' dir='ltr'><strong>Carolus</strong></span> <span class='ocrx_word' id='word_1_369' title='bbox 695 3996 723 4033; x_wconf 89' lang='lat' dir='ltr'><strong>a</strong></span> <span class='ocrx_word' id='word_1_370' title='bbox 763 3979 958 4034; x_wconf 82' lang='lat' dir='ltr'><strong>Sancto</strong></span> <span class='ocrx_word' id='word_1_371' title='bbox 988 3979 1186 4044; x_wconf 86' lang='lat' dir='ltr'><strong>Paulo;</strong></span> <span class='ocrx_word' id='word_1_372' title='bbox 1229 3978 1322 4033; x_wconf 92' lang='lat' dir='ltr'><strong>sed</strong></span> <span class='ocrx_word' id='word_1_373' title='bbox 1358 3980 1449 4035; x_wconf 89' lang='lat' dir='ltr'><strong>alii</strong></span> <span class='ocrx_word' id='word_1_374' title='bbox 1481 3982 1583 4034; x_wconf 90' lang='lat' dir='ltr'><strong>viri</strong></span> <span class='ocrx_word' id='word_1_375' title='bbox 1630 3980 1826 4035; x_wconf 88' lang='lat' dir='ltr'><strong>eruditi</strong></span> 
     </span>
    </p>
   </div>
   <div class='ocr_carea' id='block_1_52' title="bbox 241 4052 601 4116">
    <p class='ocr_par' dir='ltr' id='par_1_52' title="bbox 241 4052 601 4116">
     <span class='ocr_line' id='line_1_52' title="bbox 241 4052 601 4116; baseline 0 -13"><span class='ocrx_word' id='word_1_376' title='bbox 241 4052 601 4116; x_wconf 69' lang='lat' dir='ltr'><strong>refragantur.</strong></span> 
     </span>
    </p>
   </div>
   <div class='ocr_carea' id='block_1_53' title="bbox 305 4118 1827 4190">
    <p class='ocr_par' dir='ltr' id='par_1_53' title="bbox 305 4118 1827 4190">
     <span class='ocr_line' id='line_1_53' title="bbox 305 4118 1827 4190; baseline 0.001 -15"><span class='ocrx_word' id='word_1_377' title='bbox 305 4122 440 4176; x_wconf 78' lang='grc'><strong>115.</strong></span> <span class='ocrx_word' id='word_1_378' title='bbox 480 4121 807 4177; x_wconf 65' lang='grc' dir='ltr'><strong>υιιιτληυε.</strong></span> <span class='ocrx_word' id='word_1_379' title='bbox 837 4118 1018 4176; x_wconf 86' lang='lat' dir='ltr'><strong>Codex</strong></span> <span class='ocrx_word' id='word_1_380' title='bbox 1044 4121 1245 4175; x_wconf 88' lang='lat' dir='ltr'><strong>Halleri</strong></span> <span class='ocrx_word' id='word_1_381' title='bbox 1274 4121 1414 4190; x_wconf 87' lang='lat' dir='ltr'><strong>apud</strong></span> <span class='ocrx_word' id='word_1_382' title='bbox 1443 4123 1701 4178; x_wconf 87' lang='lat' dir='ltr'><strong>Ortelium</strong></span> <span class='ocrx_word' id='word_1_383' title='bbox 1732 4124 1827 4180; x_wconf 90' lang='lat' dir='ltr'><strong>ba-</strong></span> 
     </span>
    </p>
   </div>
   <div class='ocr_carea' id='block_1_54' title="bbox 242 4190 1829 4260">
    <p class='ocr_par' dir='ltr' id='par_1_54' title="bbox 242 4190 1829 4260">
     <span class='ocr_line' id='line_1_54' title="bbox 242 4190 1829 4260; baseline 0.003 -15"><span class='ocrx_word' id='word_1_384' title='bbox 242 4192 328 4246; x_wconf 87' lang='lat' dir='ltr'><strong>bet</strong></span> <span class='ocrx_word' id='word_1_385' title='bbox 358 4190 665 4259; x_wconf 81' lang='lat' dir='ltr'><strong>Vt‘tlitanus,</strong></span> <span class='ocrx_word' id='word_1_386' title='bbox 692 4190 825 4245; x_wconf 87' lang='lat' dir='ltr'><strong>forte</strong></span> <span class='ocrx_word' id='word_1_387' title='bbox 852 4205 950 4260; x_wconf 92' lang='lat' dir='ltr'><strong>pro</strong></span> <span class='ocrx_word' id='word_1_388' title='bbox 988 4190 1299 4255; x_wconf 86' lang='lat' dir='ltr'><strong>Vallitanus,</strong></span> <span class='ocrx_word' id='word_1_389' title='bbox 1327 4202 1384 4247; x_wconf 82' lang='grc' dir='ltr'><strong>ιιι</strong></span> <span class='ocrx_word' id='word_1_390' title='bbox 1408 4204 1593 4247; x_wconf 89' lang='lat' dir='ltr'><strong>censet</strong></span> <span class='ocrx_word' id='word_1_391' title='bbox 1620 4195 1829 4251; x_wconf 88' lang='lat' dir='ltr'><strong>Holste-</strong></span> 
     </span>
    </p>
   </div>
   <div class='ocr_carea' id='block_1_55' title="bbox 239 4260 1826 4320">
    <p class='ocr_par' dir='ltr' id='par_1_55' title="bbox 239 4260 1826 4320">
     <span class='ocr_line' id='line_1_55' title="bbox 239 4260 1826 4320; baseline 0.002 -4"><span class='ocrx_word' id='word_1_392' title='bbox 239 4263 358 4316; x_wconf 90' lang='lat' dir='ltr'><strong>nius</strong></span> <span class='ocrx_word' id='word_1_393' title='bbox 405 4264 457 4317; x_wconf 95' lang='lat' dir='ltr'><strong>in</strong></span> <span class='ocrx_word' id='word_1_394' title='bbox 486 4261 919 4318; x_wconf 86' lang='lat' dir='ltr'><strong>annotationibus</strong></span> <span class='ocrx_word' id='word_1_395' title='bbox 955 4263 1019 4315; x_wconf 90' lang='lat' dir='ltr'><strong>ad</strong></span> <span class='ocrx_word' id='word_1_396' title='bbox 1048 4260 1299 4317; x_wconf 86' lang='lat' dir='ltr'><strong>Carolum</strong></span> <span class='ocrx_word' id='word_1_397' title='bbox 1341 4278 1368 4315; x_wconf 90' lang='lat' dir='ltr'><strong>a</strong></span> <span class='ocrx_word' id='word_1_398' title='bbox 1406 4263 1606 4319; x_wconf 86' lang='lat' dir='ltr'><strong>Sancto</strong></span> <span class='ocrx_word' id='word_1_399' title='bbox 1639 4264 1826 4320; x_wconf 87' lang='lat' dir='ltr'><strong>Paulo.</strong></span> 
     </span>
    </p>
   </div>
   <div class='ocr_carea' id='block_1_56' title="bbox 242 4331 1831 4403">
    <p class='ocr_par' dir='ltr' id='par_1_56' title="bbox 242 4331 1831 4403">
     <span class='ocr_line' id='line_1_56' title="bbox 242 4331 1831 4403; baseline 0.002 -16"><span class='ocrx_word' id='word_1_400' title='bbox 242 4332 309 4387; x_wconf 75' lang='lat' dir='ltr'><strong>Et</strong></span> <span class='ocrx_word' id='word_1_401' title='bbox 334 4334 556 4403; x_wconf 88' lang='lat' dir='ltr'><strong>quidem</strong></span> <span class='ocrx_word' id='word_1_402' title='bbox 579 4332 877 4399; x_wconf 74' lang='lat' dir='ltr'><strong>Bonifacius</strong></span> <span class='ocrx_word' id='word_1_403' title='bbox 905 4334 1167 4403; x_wconf 87' lang='lat' dir='ltr'><strong>episcopus</strong></span> <span class='ocrx_word' id='word_1_404' title='bbox 1194 4331 1352 4403; x_wconf 83' lang='lat' dir='ltr'><strong>plebis</strong></span> <span class='ocrx_word' id='word_1_405' title='bbox 1393 4333 1663 4391; x_wconf 73' lang='lat' dir='ltr'><strong>Vallitana:</strong></span> <span class='ocrx_word' id='word_1_406' title='bbox 1692 4339 1831 4392; x_wconf 86' lang='lat' dir='ltr'><strong>inter</strong></span> 
     </span>
    </p>
   </div>
   <div class='ocr_carea' id='block_1_57' title="bbox 244 4402 1830 4477">
    <p class='ocr_par' dir='ltr' id='par_1_57' title="bbox 244 4402 1830 4477">
     <span class='ocr_line' id='line_1_57' title="bbox 244 4402 1830 4477; baseline 0.003 -19"><span class='ocrx_word' id='word_1_407' title='bbox 244 4402 538 4459; x_wconf 76' lang='lat' dir='ltr'><strong>catholicos</strong></span> <span class='ocrx_word' id='word_1_408' title='bbox 565 4405 749 4477; x_wconf 70' lang='lat' dir='ltr'><strong>Patres</strong></span> <span class='ocrx_word' id='word_1_409' title='bbox 790 4403 841 4457; x_wconf 93' lang='lat' dir='ltr'><strong>in</strong></span> <span class='ocrx_word' id='word_1_410' title='bbox 881 4402 1178 4477; x_wconf 62' lang='lat' dir='ltr'><strong>Callatione</strong></span> <span class='ocrx_word' id='word_1_411' title='bbox 1215 4402 1617 4477; x_wconf 69' lang='lat' dir='ltr'><strong>Carthagiuensi</strong></span> <span class='ocrx_word' id='word_1_412' title='bbox 1658 4407 1830 4477; x_wconf 86' lang='lat' dir='ltr'><strong>capite</strong></span> 
     </span>
    </p>
   </div>
   <div class='ocr_carea' id='block_1_58' title="bbox 246 4472 1828 4541">
    <p class='ocr_par' dir='ltr' id='par_1_58' title="bbox 246 4472 1828 4541">
     <span class='ocr_line' id='line_1_58' title="bbox 246 4472 1828 4541; baseline 0.003 -14"><span class='ocrx_word' id='word_1_413' title='bbox 246 4477 347 4531; x_wconf 80' lang='grc'><strong>155</strong></span> <span class='ocrx_word' id='word_1_414' title='bbox 392 4475 690 4530; x_wconf 80' lang='lat' dir='ltr'><strong>recensitus</strong></span> <span class='ocrx_word' id='word_1_415' title='bbox 734 4482 835 4529; x_wconf 89' lang='lat' dir='ltr'><strong>est.</strong></span> <span class='ocrx_word' id='word_1_416' title='bbox 881 4473 1078 4530; x_wconf 85' lang='lat' dir='ltr'><strong>Victori</strong></span> <span class='ocrx_word' id='word_1_417' title='bbox 1107 4472 1401 4541; x_wconf 87' lang='lat' dir='ltr'><strong>Garbensi,</strong></span> <span class='ocrx_word' id='word_1_418' title='bbox 1434 4472 1828 4532; x_wconf 76' lang='lat' dir='ltr'><strong>Donatistarum</strong></span> 
     </span>
    </p>
   </div>
   <div class='ocr_carea' id='block_1_59' title="bbox 246 4544 1832 4616">
    <p class='ocr_par' dir='ltr' id='par_1_59' title="bbox 246 4544 1832 4616">
     <span class='ocr_line' id='line_1_59' title="bbox 246 4544 1832 4616; baseline 0.003 -19"><span class='ocrx_word' id='word_1_419' title='bbox 246 4544 494 4601; x_wconf 82' lang='lat' dir='ltr'><strong>Romano</strong></span> <span class='ocrx_word' id='word_1_420' title='bbox 520 4546 801 4615; x_wconf 89' lang='lat' dir='ltr'><strong>episeopo,</strong></span> <span class='ocrx_word' id='word_1_421' title='bbox 832 4555 888 4616; x_wconf 88' lang='lat' dir='ltr'><strong>ut</strong></span> <span class='ocrx_word' id='word_1_422' title='bbox 921 4546 1016 4614; x_wconf 90' lang='lat' dir='ltr'><strong>ipsi</strong></span> <span class='ocrx_word' id='word_1_423' title='bbox 1046 4545 1293 4614; x_wconf 86' lang='lat' dir='ltr'><strong>aiebant,</strong></span> <span class='ocrx_word' id='word_1_424' title='bbox 1330 4544 1629 4616; x_wconf 80' lang='lat' dir='ltr'><strong>Bonifacius</strong></span> <span class='ocrx_word' id='word_1_425' title='bbox 1667 4548 1832 4603; x_wconf 81' lang='lat' dir='ltr'><strong>Balli-</strong></span> 
     </span>
    </p>
   </div>
   <div class='ocr_carea' id='block_1_60' title="bbox 246 4590 1913 4684">
    <p class='ocr_par' dir='ltr' id='par_1_60' title="bbox 246 4590 1913 4684">
     <span class='ocr_line' id='line_1_60' title="bbox 246 4590 1913 4684; baseline 0.004 -16"><span class='ocrx_word' id='word_1_426' title='bbox 246 4590 891 4684; x_wconf 51' lang='lat' dir='ltr'><strong>EQBZI&#39;éBcZEsWs&#39;iISbJJ</strong></span> <span class='ocrx_word' id='word_1_427' title='bbox 921 4590 1831 4684; x_wconf 60' lang='grc' dir='ltr'><strong>ὖῇίτιῖἶῶ“ἱίί›ἐυῖἶ.”’λῖ’ῧῦιιῖιῗίῖη</strong></span> <span class='ocrx_word' id='word_1_428' title='bbox 1860 4590 1913 4652; x_wconf 78' lang='grc' dir='ltr'><strong>Ι)</strong></span> 
     </span>
    </p>
   </div>
   <div class='ocr_carea' id='block_1_61' title="bbox 246 4686 1833 4757">
    <p class='ocr_par' dir='ltr' id='par_1_61' title="bbox 246 4686 1833 4757">
     <span class='ocr_line' id='line_1_61' title="bbox 246 4686 1833 4757; baseline 0.002 -18"><span class='ocrx_word' id='word_1_429' title='bbox 246 4688 617 4754; x_wconf 87' lang='lat' dir='ltr'><strong>proconsulari</strong></span> <span class='ocrx_word' id='word_1_430' title='bbox 647 4686 948 4757; x_wconf 82' lang='lat' dir='ltr'><strong>Antoninus</strong></span> <span class='ocrx_word' id='word_1_431' title='bbox 976 4696 1030 4757; x_wconf 88' lang='lat' dir='ltr'><strong>et</strong></span> <span class='ocrx_word' id='word_1_432' title='bbox 1057 4686 1273 4757; x_wconf 77' lang='lat' dir='ltr'><strong>Tabula:</strong></span> <span class='ocrx_word' id='word_1_433' title='bbox 1306 4688 1729 4757; x_wconf 78' lang='lat' dir='ltr'><strong>l’eutingerianze</strong></span> <span class='ocrx_word' id='word_1_434' title='bbox 1756 4692 1833 4742; x_wconf 88' lang='lat' dir='ltr'><strong>lo-</strong></span> 
     </span>
    </p>
   </div>
   <div class='ocr_carea' id='block_1_62' title="bbox 249 4756 1830 4825">
    <p class='ocr_par' dir='ltr' id='par_1_62' title="bbox 249 4756 1830 4825">
     <span class='ocr_line' id='line_1_62' title="bbox 249 4756 1830 4825; baseline 0.003 -16"><span class='ocrx_word' id='word_1_435' title='bbox 249 4768 400 4811; x_wconf 86' lang='lat' dir='ltr'><strong>cant.</strong></span> <span class='ocrx_word' id='word_1_436' title='bbox 439 4760 597 4812; x_wconf 85' lang='lat' dir='ltr'><strong>Certe</strong></span> <span class='ocrx_word' id='word_1_437' title='bbox 625 4757 677 4811; x_wconf 92' lang='lat' dir='ltr'><strong>in</strong></span> <span class='ocrx_word' id='word_1_438' title='bbox 708 4756 934 4811; x_wconf 82' lang='lat' dir='ltr'><strong>concilio</strong></span> <span class='ocrx_word' id='word_1_439' title='bbox 962 4756 1213 4825; x_wconf 84' lang='lat' dir='ltr'><strong>Cartltag.</strong></span> <span class='ocrx_word' id='word_1_440' title='bbox 1255 4759 1355 4812; x_wconf 88' lang='lat' dir='ltr'><strong>sub</strong></span> <span class='ocrx_word' id='word_1_441' title='bbox 1398 4756 1671 4815; x_wconf 83' lang='lat' dir='ltr'><strong>Donifacio</strong></span> <span class='ocrx_word' id='word_1_442' title='bbox 1702 4761 1830 4814; x_wconf 90' lang='lat' dir='ltr'><strong>sub-</strong></span> 
     </span>
    </p>
   </div>
   <div class='ocr_carea' id='block_1_63' title="bbox 249 4827 1832 4897">
    <p class='ocr_par' dir='ltr' id='par_1_63' title="bbox 249 4827 1832 4897">
     <span class='ocr_line' id='line_1_63' title="bbox 249 4827 1832 4897; baseline 0.003 -17"><span class='ocrx_word' id='word_1_443' title='bbox 249 4829 472 4896; x_wconf 83' lang='lat' dir='ltr'><strong>scripsit</strong></span> <span class='ocrx_word' id='word_1_444' title='bbox 498 4827 784 4881; x_wconf 78' lang='lat' dir='ltr'><strong>Restitutus</strong></span> <span class='ocrx_word' id='word_1_445' title='bbox 812 4827 1076 4897; x_wconf 86' lang='lat' dir='ltr'><strong>episcopus</strong></span> <span class='ocrx_word' id='word_1_446' title='bbox 1105 4828 1264 4897; x_wconf 86' lang='lat' dir='ltr'><strong>plebis</strong></span> <span class='ocrx_word' id='word_1_447' title='bbox 1310 4828 1597 4885; x_wconf 79' lang='lat' dir='ltr'><strong>Vallitante.</strong></span> <span class='ocrx_word' id='word_1_448' title='bbox 1647 4830 1752 4886; x_wconf 87' lang='lat' dir='ltr'><strong>Sed</strong></span> <span class='ocrx_word' id='word_1_449' title='bbox 1778 4830 1832 4885; x_wconf 88' lang='lat' dir='ltr'><strong>in</strong></span> 
     </span>
    </p>
   </div>
   <div class='ocr_carea' id='block_1_64' title="bbox 250 4898 1835 4969">
    <p class='ocr_par' dir='ltr' id='par_1_64' title="bbox 250 4898 1835 4969">
     <span class='ocr_line' id='line_1_64' title="bbox 250 4898 1835 4969; baseline 0.003 -19"><span class='ocrx_word' id='word_1_450' title='bbox 250 4899 460 4969; x_wconf 74' lang='lat' dir='ltr'><strong>eadem</strong></span> <span class='ocrx_word' id='word_1_451' title='bbox 490 4900 700 4969; x_wconf 81' lang='lat' dir='ltr'><strong>synodo</strong></span> <span class='ocrx_word' id='word_1_452' title='bbox 758 4909 1119 4951; x_wconf 83' lang='lat' dir='ltr'><strong>memorantur</strong></span> <span class='ocrx_word' id='word_1_453' title='bbox 1172 4898 1453 4969; x_wconf 72' lang='lat' dir='ltr'><strong>Restitutus</strong></span> <span class='ocrx_word' id='word_1_454' title='bbox 1500 4901 1738 4955; x_wconf 87' lang='lat' dir='ltr'><strong>Viltensis</strong></span> <span class='ocrx_word' id='word_1_455' title='bbox 1779 4908 1835 4955; x_wconf 87' lang='lat' dir='ltr'><strong>et</strong></span> 
     </span>
    </p>
   </div>
   <div class='ocr_carea' id='block_1_65' title="bbox 258 4965 1833 5037">
    <p class='ocr_par' dir='ltr' id='par_1_65' title="bbox 258 4965 1833 5037">
     <span class='ocr_line' id='line_1_65' title="bbox 258 4965 1833 5037; baseline 0.006 -21"><span class='ocrx_word' id='word_1_456' title='bbox 258 4965 535 5037; x_wconf 59' lang='lat' dir='ltr'><strong>f’orpirius&#39;</strong></span> <span class='ocrx_word' id='word_1_457' title='bbox 566 4966 818 5022; x_wconf 80' lang='lat' dir='ltr'><strong>Vullensis</strong></span> <span class='ocrx_word' id='word_1_458' title='bbox 844 5008 859 5033; x_wconf 92' lang='lat'><strong>,</strong></span> <span class='ocrx_word' id='word_1_459' title='bbox 890 4984 1116 5037; x_wconf 85' lang='lat' dir='ltr'><strong>quorum</strong></span> <span class='ocrx_word' id='word_1_460' title='bbox 1162 4968 1403 5025; x_wconf 80' lang='lat' dir='ltr'><strong>fortassis</strong></span> <span class='ocrx_word' id='word_1_461' title='bbox 1436 4972 1693 5026; x_wconf 87' lang='lat' dir='ltr'><strong>alteruter</strong></span> <span class='ocrx_word' id='word_1_462' title='bbox 1731 4972 1833 5026; x_wconf 91' lang='lat' dir='ltr'><strong>huc</strong></span> 
     </span>
    </p>
   </div>
   <div class='ocr_carea' id='block_1_66' title="bbox 254 5037 1384 5098">
    <p class='ocr_par' dir='ltr' id='par_1_66' title="bbox 254 5037 1384 5098">
     <span class='ocr_line' id='line_1_66' title="bbox 254 5037 1384 5098; baseline 0.004 -9"><span class='ocrx_word' id='word_1_463' title='bbox 254 5048 403 5092; x_wconf 82' lang='lat' dir='ltr'><strong>esset</strong></span> <span class='ocrx_word' id='word_1_464' title='bbox 430 5039 781 5098; x_wconf 84' lang='lat' dir='ltr'><strong>revocandus,</strong></span> <span class='ocrx_word' id='word_1_465' title='bbox 813 5040 856 5092; x_wconf 88' lang='lat' dir='ltr'><strong>si</strong></span> <span class='ocrx_word' id='word_1_466' title='bbox 886 5053 917 5091; x_wconf 91' lang='lat' dir='ltr'><strong>a</strong></span> <span class='ocrx_word' id='word_1_467' title='bbox 946 5037 1189 5093; x_wconf 86' lang='lat' dir='ltr'><strong>Numidia</strong></span> <span class='ocrx_word' id='word_1_468' title='bbox 1220 5052 1384 5095; x_wconf 86' lang='lat' dir='ltr'><strong>esset.</strong></span> 
     </span>
    </p>
   </div>
   <div class='ocr_carea' id='block_1_67' title="bbox 336 5109 1836 5168">
    <p class='ocr_par' dir='ltr' id='par_1_67' title="bbox 336 5109 1836 5168">
     <span class='ocr_line' id='line_1_67' title="bbox 336 5109 1836 5168; baseline 0.004 -6"><span class='ocrx_word' id='word_1_469' title='bbox 336 5110 457 5163; x_wconf 84' lang='grc'><strong>116.</strong></span> <span class='ocrx_word' id='word_1_470' title='bbox 502 5109 970 5164; x_wconf 63' lang='grc' dir='ltr'><strong>δειιυωλκεηειε.</strong></span> <span class='ocrx_word' id='word_1_471' title='bbox 1018 5110 1250 5163; x_wconf 85' lang='lat' dir='ltr'><strong>Ortelius</strong></span> <span class='ocrx_word' id='word_1_472' title='bbox 1294 5126 1358 5165; x_wconf 82' lang='lat' dir='ltr'><strong>ex</strong></span> <span class='ocrx_word' id='word_1_473' title='bbox 1408 5112 1593 5166; x_wconf 91' lang='lat' dir='ltr'><strong>codice</strong></span> <span class='ocrx_word' id='word_1_474' title='bbox 1639 5112 1836 5168; x_wconf 90' lang='lat' dir='ltr'><strong>llalleri</strong></span> 
     </span>
    </p>
   </div>
   <div class='ocr_carea' id='block_1_68' title="bbox 261 5176 1832 5253">
    <p class='ocr_par' dir='ltr' id='par_1_68' title="bbox 261 5176 1832 5253">
     <span class='ocr_line' id='line_1_68' title="bbox 261 5176 1832 5253; baseline 0.006 -25"><span class='ocrx_word' id='word_1_475' title='bbox 261 5176 423 5233; x_wconf 89' lang='lat' dir='ltr'><strong>habet</strong></span> <span class='ocrx_word' id='word_1_476' title='bbox 447 5180 885 5253; x_wconf 63' lang='lat' dir='ltr'><strong>Seleugiamcnsis.</strong></span> <span class='ocrx_word' id='word_1_477' title='bbox 918 5179 1288 5253; x_wconf 85' lang='lat' dir='ltr'><strong>InCollatione</strong></span> <span class='ocrx_word' id='word_1_478' title='bbox 1308 5180 1559 5250; x_wconf 82' lang='lat' dir='ltr'><strong>Carthag.</strong></span> <span class='ocrx_word' id='word_1_479' title='bbox 1590 5198 1707 5253; x_wconf 89' lang='lat' dir='ltr'><strong>cap.</strong></span> <span class='ocrx_word' id='word_1_480' title='bbox 1737 5183 1832 5238; x_wconf 85' lang='grc'><strong>121</strong></span> 
     </span>
    </p>
   </div>
   <div class='ocr_carea' id='block_1_69' title="bbox 258 5248 1842 5318">
    <p class='ocr_par' dir='ltr' id='par_1_69' title="bbox 258 5248 1842 5318">
     <span class='ocr_line' id='line_1_69' title="bbox 258 5248 1842 5318; baseline 0.004 -18"><span class='ocrx_word' id='word_1_481' title='bbox 258 5252 555 5318; x_wconf 86' lang='lat' dir='ltr'><strong>comparuit</strong></span> <span class='ocrx_word' id='word_1_482' title='bbox 598 5248 864 5303; x_wconf 81' lang='lat' dir='ltr'><strong>Terentius</strong></span> <span class='ocrx_word' id='word_1_483' title='bbox 912 5252 1178 5318; x_wconf 84' lang='lat' dir='ltr'><strong>episcopus</strong></span> <span class='ocrx_word' id='word_1_484' title='bbox 1220 5248 1622 5307; x_wconf 75' lang='lat' dir='ltr'><strong>Seleucianensis</strong></span> <span class='ocrx_word' id='word_1_485' title='bbox 1656 5248 1842 5308; x_wconf 73' lang='lat' dir='ltr'><strong>estho-</strong></span> 
     </span>
    </p>
   </div>
   <div class='ocr_carea' id='block_1_70' title="bbox 261 5317 1841 5395">
    <p class='ocr_par' dir='ltr' id='par_1_70' title="bbox 261 5317 1841 5395">
     <span class='ocr_line' id='line_1_70' title="bbox 261 5317 1841 5395; baseline 0.006 -25"><span class='ocrx_word' id='word_1_486' title='bbox 261 5317 417 5395; x_wconf 79' lang='lat' dir='ltr'><strong>licus,</strong></span> <span class='ocrx_word' id='word_1_487' title='bbox 444 5336 563 5376; x_wconf 90' lang='lat' dir='ltr'><strong>cum</strong></span> <span class='ocrx_word' id='word_1_488' title='bbox 595 5318 856 5395; x_wconf 55' lang='lat' dir='ltr'><strong>Hessiano</strong></span> <span class='ocrx_word' id='word_1_489' title='bbox 889 5317 1163 5395; x_wconf 70' lang='lat' dir='ltr'><strong>[innatista</strong></span> <span class='ocrx_word' id='word_1_490' title='bbox 1190 5322 1354 5389; x_wconf 88' lang='lat' dir='ltr'><strong>ipsius</strong></span> <span class='ocrx_word' id='word_1_491' title='bbox 1384 5324 1721 5395; x_wconf 88' lang='lat' dir='ltr'><strong>adversario,</strong></span> <span class='ocrx_word' id='word_1_492' title='bbox 1750 5325 1841 5395; x_wconf 86' lang='lat' dir='ltr'><strong>qui</strong></span> 
     </span>
    </p>
   </div>
   <div class='ocr_carea' id='block_1_71' title="bbox 262 5389 1842 5461">
    <p class='ocr_par' dir='ltr' id='par_1_71' title="bbox 262 5389 1842 5461">
     <span class='ocr_line' id='line_1_71' title="bbox 262 5389 1842 5461; baseline 0.006 -20"><span class='ocrx_word' id='word_1_493' title='bbox 262 5389 449 5461; x_wconf 71' lang='lat' dir='ltr'><strong>iterum</strong></span> <span class='ocrx_word' id='word_1_494' title='bbox 469 5407 587 5461; x_wconf 90' lang='lat' dir='ltr'><strong>cap.</strong></span> <span class='ocrx_word' id='word_1_495' title='bbox 619 5391 729 5446; x_wconf 90' lang='lat'><strong>206</strong></span> <span class='ocrx_word' id='word_1_496' title='bbox 754 5401 1119 5455; x_wconf 89' lang='lat' dir='ltr'><strong>memoratur;</strong></span> <span class='ocrx_word' id='word_1_497' title='bbox 1154 5393 1220 5445; x_wconf 90' lang='lat' dir='ltr'><strong>ita</strong></span> <span class='ocrx_word' id='word_1_498' title='bbox 1248 5402 1423 5447; x_wconf 88' lang='lat' dir='ltr'><strong>tamen</strong></span> <span class='ocrx_word' id='word_1_499' title='bbox 1456 5402 1512 5446; x_wconf 92' lang='lat' dir='ltr'><strong>ut</strong></span> <span class='ocrx_word' id='word_1_500' title='bbox 1534 5394 1583 5447; x_wconf 95' lang='lat' dir='ltr'><strong>in</strong></span> <span class='ocrx_word' id='word_1_501' title='bbox 1606 5389 1842 5455; x_wconf 75' lang='lat' dir='ltr'><strong>editione</strong></span> 
     </span>
    </p>
   </div>
   <div class='ocr_carea' id='block_1_72' title="bbox 263 5459 1844 5531">
    <p class='ocr_par' dir='ltr' id='par_1_72' title="bbox 263 5459 1844 5531">
     <span class='ocr_line' id='line_1_72' title="bbox 263 5459 1844 5531; baseline 0.006 -21"><span class='ocrx_word' id='word_1_502' title='bbox 263 5459 435 5528; x_wconf 83' lang='lat' dir='ltr'><strong>Papiri</strong></span> <span class='ocrx_word' id='word_1_503' title='bbox 465 5459 699 5518; x_wconf 78' lang='lat' dir='ltr'><strong>Hassoni</strong></span> <span class='ocrx_word' id='word_1_504' title='bbox 729 5475 849 5531; x_wconf 91' lang='lat' dir='ltr'><strong>cap.</strong></span> <span class='ocrx_word' id='word_1_505' title='bbox 886 5462 980 5515; x_wconf 90' lang='grc'><strong>121</strong></span> <span class='ocrx_word' id='word_1_506' title='bbox 1027 5462 1250 5517; x_wconf 90' lang='lat' dir='ltr'><strong>habetur</strong></span> <span class='ocrx_word' id='word_1_507' title='bbox 1294 5464 1734 5525; x_wconf 78' lang='lat' dir='ltr'><strong>Solencianensis.</strong></span> <span class='ocrx_word' id='word_1_508' title='bbox 1788 5473 1844 5520; x_wconf 89' lang='lat' dir='ltr'><strong>et</strong></span> 
     </span>
    </p>
   </div>
   <div class='ocr_carea' id='block_1_73' title="bbox 262 5531 1845 5602">
    <p class='ocr_par' dir='ltr' id='par_1_73' title="bbox 262 5531 1845 5602">
     <span class='ocr_line' id='line_1_73' title="bbox 262 5531 1845 5602; baseline 0.004 -18"><span class='ocrx_word' id='word_1_509' title='bbox 262 5542 380 5602; x_wconf 61' lang='lat' dir='ltr'><strong>gap.</strong></span> <span class='ocrx_word' id='word_1_510' title='bbox 405 5532 506 5587; x_wconf 83' lang='lat'><strong>206</strong></span> <span class='ocrx_word' id='word_1_511' title='bbox 538 5531 960 5588; x_wconf 85' lang='lat' dir='ltr'><strong>Seleuciamensis</strong></span> <span class='ocrx_word' id='word_1_512' title='bbox 979 5573 993 5596; x_wconf 93' lang='lat'><strong>,</strong></span> <span class='ocrx_word' id='word_1_513' title='bbox 1020 5548 1083 5586; x_wconf 81' lang='lat' dir='ltr'><strong>ex</strong></span> <span class='ocrx_word' id='word_1_514' title='bbox 1114 5548 1218 5602; x_wconf 92' lang='lat' dir='ltr'><strong>quo</strong></span> <span class='ocrx_word' id='word_1_515' title='bbox 1244 5534 1483 5589; x_wconf 77' lang='lat' dir='ltr'><strong>fortassis</strong></span> <span class='ocrx_word' id='word_1_516' title='bbox 1512 5534 1699 5590; x_wconf 89' lang='lat' dir='ltr'><strong>ultimo</strong></span> <span class='ocrx_word' id='word_1_517' title='bbox 1724 5536 1845 5590; x_wconf 91' lang='lat' dir='ltr'><strong>loco</strong></span> 
     </span>
    </p>
   </div>
   <div class='ocr_carea' id='block_1_74' title="bbox 264 5598 1844 5672">
    <p class='ocr_par' dir='ltr' id='par_1_74' title="bbox 264 5598 1844 5672">
     <span class='ocr_line' id='line_1_74' title="bbox 264 5598 1844 5672; baseline 0.006 -20"><span class='ocrx_word' id='word_1_518' title='bbox 264 5598 489 5657; x_wconf 85' lang='lat' dir='ltr'><strong>Ortelius</strong></span> <span class='ocrx_word' id='word_1_519' title='bbox 515 5617 711 5657; x_wconf 91' lang='lat' dir='ltr'><strong>nomen</strong></span> <span class='ocrx_word' id='word_1_520' title='bbox 740 5601 896 5670; x_wconf 88' lang='lat' dir='ltr'><strong>hujus</strong></span> <span class='ocrx_word' id='word_1_521' title='bbox 922 5602 1065 5657; x_wconf 91' lang='lat' dir='ltr'><strong>urbis</strong></span> <span class='ocrx_word' id='word_1_522' title='bbox 1094 5598 1374 5672; x_wconf 64' lang='lat' dir='ltr'><strong>eiscripsit</strong></span> <span class='ocrx_word' id='word_1_523' title='bbox 1396 5644 1410 5667; x_wconf 92' lang='lat'><strong>,</strong></span> <span class='ocrx_word' id='word_1_524' title='bbox 1438 5620 1559 5659; x_wconf 88' lang='lat' dir='ltr'><strong>nam</strong></span> <span class='ocrx_word' id='word_1_525' title='bbox 1587 5606 1844 5662; x_wconf 83' lang='lat' dir='ltr'><strong>Collatio-</strong></span> 
     </span>
    </p>
   </div>
   <div class='ocr_carea' id='block_1_75' title="bbox 266 5672 1607 5743">
    <p class='ocr_par' dir='ltr' id='par_1_75' title="bbox 266 5672 1607 5743">
     <span class='ocr_line' id='line_1_75' title="bbox 266 5672 1607 5743; baseline 0.006 -21"><span class='ocrx_word' id='word_1_526' title='bbox 266 5683 390 5743; x_wconf 71' lang='lat' dir='ltr'><strong>nent</strong></span> <span class='ocrx_word' id='word_1_527' title='bbox 412 5672 667 5743; x_wconf 76' lang='lat' dir='ltr'><strong>Carthag.</strong></span> <span class='ocrx_word' id='word_1_528' title='bbox 698 5674 855 5727; x_wconf 88' lang='lat' dir='ltr'><strong>simul</strong></span> <span class='ocrx_word' id='word_1_529' title='bbox 886 5689 1006 5727; x_wconf 89' lang='lat' dir='ltr'><strong>cum</strong></span> <span class='ocrx_word' id='word_1_530' title='bbox 1040 5672 1249 5729; x_wconf 82' lang='lat' dir='ltr'><strong>Victore</strong></span> <span class='ocrx_word' id='word_1_531' title='bbox 1277 5690 1377 5728; x_wconf 85' lang='lat' dir='ltr'><strong>ms.</strong></span> <span class='ocrx_word' id='word_1_532' title='bbox 1408 5676 1607 5730; x_wconf 86' lang='lat' dir='ltr'><strong>laudat.</strong></span> 
     </span>
    </p>
   </div>
   <div class='ocr_carea' id='block_1_76' title="bbox 344 5740 1839 5873">
    <p class='ocr_par' dir='ltr' id='par_1_76' title="bbox 344 5740 1839 5873">
     <span class='ocr_line' id='line_1_76' title="bbox 344 5740 1839 5873; baseline 0.003 -76"><span class='ocrx_word' id='word_1_533' title='bbox 344 5740 465 5873; x_wconf 52' lang='lat'><strong>$7.7</strong></span> <span class='ocrx_word' id='word_1_534' title='bbox 495 5740 776 5798; x_wconf 66' lang='lat' dir='ltr'><strong>Vltoitvsts.</strong></span> <span class='ocrx_word' id='word_1_535' title='bbox 822 5743 976 5798; x_wconf 78' lang='lat' dir='ltr'><strong>Plura</strong></span> <span class='ocrx_word' id='word_1_536' title='bbox 1014 5746 1081 5799; x_wconf 89' lang='lat' dir='ltr'><strong>de</strong></span> <span class='ocrx_word' id='word_1_537' title='bbox 1118 5744 1215 5800; x_wconf 88' lang='lat' dir='ltr'><strong>hac</strong></span> <span class='ocrx_word' id='word_1_538' title='bbox 1251 5746 1381 5802; x_wconf 89' lang='lat' dir='ltr'><strong>urbe</strong></span> <span class='ocrx_word' id='word_1_539' title='bbox 1421 5747 1649 5804; x_wconf 83' lang='lat' dir='ltr'><strong>diximus</strong></span> <span class='ocrx_word' id='word_1_540' title='bbox 1680 5763 1839 5821; x_wconf 85' lang='lat' dir='ltr'><strong>supra</strong></span> 
     </span>
    </p>
   </div>
   <div class='ocr_carea' id='block_1_77' title="bbox 1193 274 2538 380">
    <p class='ocr_par' dir='ltr' id='par_1_77' title="bbox 1193 274 2538 380">
     <span class='ocr_line' id='line_1_77' title="bbox 1193 274 2538 380; baseline 0.006 -8"><span class='ocrx_word' id='word_1_541' title='bbox 1193 274 1725 373; x_wconf 74' lang='lat' dir='ltr'><strong>ANNOTATIONES</strong></span> <span class='ocrx_word' id='word_1_542' title='bbox 1767 316 1829 373; x_wconf 86' lang='lat' dir='ltr'><strong>IN</strong></span> <span class='ocrx_word' id='word_1_543' title='bbox 1872 319 2200 376; x_wconf 81' lang='lat' dir='ltr'><strong>NOTITIAM</strong></span> <span class='ocrx_word' id='word_1_544' title='bbox 2243 322 2538 380; x_wconf 64' lang='lat' dir='ltr'><strong>AFRICIE.</strong></span> 
     </span>
    </p>
   </div>
   <div class='ocr_carea' id='block_1_78' title="bbox 214 433 1887 505">
    <p class='ocr_par' dir='ltr' id='par_1_78' title="bbox 214 433 1887 505">
     <span class='ocr_line' id='line_1_78' title="bbox 214 433 1887 505; baseline 0.001 -10"><span class='ocrx_word' id='word_1_545' title='bbox 214 440 536 500; x_wconf 75' lang='lat' dir='ltr'><strong>Donatistas,</strong></span> <span class='ocrx_word' id='word_1_546' title='bbox 566 449 689 505; x_wconf 90' lang='lat' dir='ltr'><strong>cap.</strong></span> <span class='ocrx_word' id='word_1_547' title='bbox 723 434 811 505; x_wconf 84' lang='grc'><strong>59.</strong></span> <span class='ocrx_word' id='word_1_548' title='bbox 846 433 946 492; x_wconf 79' lang='lat' dir='ltr'><strong>H‘ic</strong></span> <span class='ocrx_word' id='word_1_549' title='bbox 972 446 1145 491; x_wconf 90' lang='lat' dir='ltr'><strong>tamen</strong></span> <span class='ocrx_word' id='word_1_550' title='bbox 1178 436 1229 491; x_wconf 90' lang='lat' dir='ltr'><strong>in</strong></span> <span class='ocrx_word' id='word_1_551' title='bbox 1256 438 1495 492; x_wconf 86' lang='lat' dir='ltr'><strong>editione</strong></span> <span class='ocrx_word' id='word_1_552' title='bbox 1515 437 1807 493; x_wconf 78' lang='lat' dir='ltr'><strong>Oxoniensi</strong></span> <span class='ocrx_word' id='word_1_553' title='bbox 1842 441 1887 497; x_wconf 86' lang='lat' dir='ltr'><strong>A</strong></span> 
     </span>
    </p>
   </div>
   <div class='ocr_carea' id='block_1_79' title="bbox 3404 322 3509 385">
    <p class='ocr_par' dir='ltr' id='par_1_79' title="bbox 3404 322 3509 385">
     <span class='ocr_line' id='line_1_79' title="bbox 3404 322 3509 385; baseline 0.029 -3"><span class='ocrx_word' id='word_1_554' title='bbox 3404 322 3509 385; x_wconf 72' lang='lat' dir='ltr'><strong>3M</strong></span> 
     </span>
    </p>
   </div>
   <div class='ocr_carea' id='block_1_80' title="bbox 1994 440 3506 511">
    <p class='ocr_par' dir='ltr' id='par_1_80' title="bbox 1994 440 3506 511">
     <span class='ocr_line' id='line_1_80' title="bbox 1994 440 3506 511; baseline 0.004 -18"><span class='ocrx_word' id='word_1_555' title='bbox 1994 440 2113 495; x_wconf 90' lang='grc'><strong>118.</strong></span> <span class='ocrx_word' id='word_1_556' title='bbox 2157 440 2535 496; x_wconf 71' lang='lat' dir='ltr'><strong>TAGASTFNSIS.</strong></span> <span class='ocrx_word' id='word_1_557' title='bbox 2588 441 2766 496; x_wconf 87' lang='lat' dir='ltr'><strong>Codex</strong></span> <span class='ocrx_word' id='word_1_558' title='bbox 2816 442 3011 497; x_wconf 78' lang='lat' dir='ltr'><strong>llalleri</strong></span> <span class='ocrx_word' id='word_1_559' title='bbox 3051 443 3189 511; x_wconf 90' lang='lat' dir='ltr'><strong>apud</strong></span> <span class='ocrx_word' id='word_1_560' title='bbox 3220 441 3506 507; x_wconf 89' lang='lat' dir='ltr'><strong>Ortelium.</strong></span> 
     </span>
    </p>
   </div>
   <div class='ocr_carea' id='block_1_81' title="bbox 1917 508 3510 585">
    <p class='ocr_par' dir='ltr' id='par_1_81' title="bbox 1917 508 3510 585">
     <span class='ocr_line' id='line_1_81' title="bbox 1917 508 3510 585; baseline 0.005 -24"><span class='ocrx_word' id='word_1_561' title='bbox 1917 508 2267 585; x_wconf 70' lang='lat' dir='ltr'><strong>Tagartensis.</strong></span> <span class='ocrx_word' id='word_1_562' title='bbox 2300 511 2538 568; x_wconf 90' lang='lat' dir='ltr'><strong>Celebris</strong></span> <span class='ocrx_word' id='word_1_563' title='bbox 2564 524 2617 585; x_wconf 82' lang='lat' dir='ltr'><strong>et</strong></span> <span class='ocrx_word' id='word_1_564' title='bbox 2643 514 2907 585; x_wconf 82' lang='lat' dir='ltr'><strong>fortunata</strong></span> <span class='ocrx_word' id='word_1_565' title='bbox 2933 508 3143 580; x_wconf 78' lang='lat' dir='ltr'><strong>civitas,</strong></span> <span class='ocrx_word' id='word_1_566' title='bbox 3171 529 3290 585; x_wconf 74' lang='lat' dir='ltr'><strong>qua:</strong></span> <span class='ocrx_word' id='word_1_567' title='bbox 3318 531 3510 584; x_wconf 67' lang='lat' dir='ltr'><strong>magno</strong></span> 
     </span>
    </p>
   </div>
   <div class='ocr_carea' id='block_1_82' title="bbox 1919 581 3513 655">
    <p class='ocr_par' dir='ltr' id='par_1_82' title="bbox 1919 581 3513 655">
     <span class='ocr_line' id='line_1_82' title="bbox 1919 581 3513 655; baseline 0.004 -21"><span class='ocrx_word' id='word_1_568' title='bbox 1919 581 2216 655; x_wconf 77' lang='lat' dir='ltr'><strong>Augustino</strong></span> <span class='ocrx_word' id='word_1_569' title='bbox 2244 594 2422 655; x_wconf 86' lang='lat' dir='ltr'><strong>ortum</strong></span> <span class='ocrx_word' id='word_1_570' title='bbox 2454 583 2678 655; x_wconf 69' lang='lat' dir='ltr'><strong>prtebuit</strong></span> <span class='ocrx_word' id='word_1_571' title='bbox 2697 625 2712 647; x_wconf 93' lang='lat'><strong>,</strong></span> <span class='ocrx_word' id='word_1_572' title='bbox 2743 594 2796 637; x_wconf 84' lang='lat' dir='ltr'><strong>et</strong></span> <span class='ocrx_word' id='word_1_573' title='bbox 2826 583 3030 654; x_wconf 75' lang='lat' dir='ltr'><strong>Alpium</strong></span> <span class='ocrx_word' id='word_1_574' title='bbox 3058 581 3301 653; x_wconf 84' lang='lat' dir='ltr'><strong>ejusdem</strong></span> <span class='ocrx_word' id='word_1_575' title='bbox 3334 581 3513 655; x_wconf 72' lang='lat' dir='ltr'><strong>Augu—</strong></span> 
     </span>
    </p>
   </div>
   <div class='ocr_carea' id='block_1_83' title="bbox 1919 650 3515 711">
    <p class='ocr_par' dir='ltr' id='par_1_83' title="bbox 1919 650 3515 711">
     <span class='ocr_line' id='line_1_83' title="bbox 1919 650 3515 711; baseline 0.002 -3"><span class='ocrx_word' id='word_1_576' title='bbox 1919 650 2045 708; x_wconf 86' lang='lat' dir='ltr'><strong>stini</strong></span> <span class='ocrx_word' id='word_1_577' title='bbox 2074 654 2305 708; x_wconf 91' lang='lat' dir='ltr'><strong>amicum</strong></span> <span class='ocrx_word' id='word_1_578' title='bbox 2340 650 2523 708; x_wconf 85' lang='lat' dir='ltr'><strong>habuit</strong></span> <span class='ocrx_word' id='word_1_579' title='bbox 2554 655 2867 710; x_wconf 90' lang='lat' dir='ltr'><strong>antistitem.</strong></span> <span class='ocrx_word' id='word_1_580' title='bbox 2891 650 3007 709; x_wconf 41' lang='lat' dir='ltr'><strong>&#39;Isle</strong></span> <span class='ocrx_word' id='word_1_581' title='bbox 3046 650 3206 710; x_wconf 74' lang='lat' dir='ltr'><strong>variis</strong></span> <span class='ocrx_word' id='word_1_582' title='bbox 3248 650 3515 711; x_wconf 56' lang='lat' dir='ltr'><strong>Africa&#39;nte</strong></span> 
     </span>
    </p>
   </div>
   <div class='ocr_carea' id='block_1_84' title="bbox 1920 722 3516 794">
    <p class='ocr_par' dir='ltr' id='par_1_84' title="bbox 1920 722 3516 794">
     <span class='ocr_line' id='line_1_84' title="bbox 1920 722 3516 794; baseline 0.004 -17"><span class='ocrx_word' id='word_1_583' title='bbox 1920 722 2181 794; x_wconf 56' lang='lat' dir='ltr'><strong>Ecclesiae</strong></span> <span class='ocrx_word' id='word_1_584' title='bbox 2210 725 2452 780; x_wconf 89' lang='lat' dir='ltr'><strong>conciliis</strong></span> <span class='ocrx_word' id='word_1_585' title='bbox 2484 724 2749 792; x_wconf 80' lang='lat' dir='ltr'><strong>interfuit,</strong></span> <span class='ocrx_word' id='word_1_586' title='bbox 2787 725 3092 794; x_wconf 80' lang='lat' dir='ltr'><strong>passimque</strong></span> <span class='ocrx_word' id='word_1_587' title='bbox 3128 728 3177 779; x_wconf 85' lang='lat' dir='ltr'><strong>in</strong></span> <span class='ocrx_word' id='word_1_588' title='bbox 3220 726 3516 783; x_wconf 78' lang='lat' dir='ltr'><strong>Collatione</strong></span> 
     </span>
    </p>
   </div>
   <div class='ocr_carea' id='block_1_85' title="bbox 1920 790 3513 867">
    <p class='ocr_par' dir='ltr' id='par_1_85' title="bbox 1920 790 3513 867">
     <span class='ocr_line' id='line_1_85' title="bbox 1920 790 3513 867; baseline 0.003 -18"><span class='ocrx_word' id='word_1_589' title='bbox 1920 790 2334 867; x_wconf 77' lang='lat' dir='ltr'><strong>Carthaginensi</strong></span> <span class='ocrx_word' id='word_1_590' title='bbox 2372 796 2721 867; x_wconf 80' lang='lat' dir='ltr'><strong>interlocutus</strong></span> <span class='ocrx_word' id='word_1_591' title='bbox 2739 790 2849 867; x_wconf 82' lang='lat' dir='ltr'><strong>est,</strong></span> <span class='ocrx_word' id='word_1_592' title='bbox 2883 796 2941 867; x_wconf 80' lang='lat' dir='ltr'><strong>in</strong></span> <span class='ocrx_word' id='word_1_593' title='bbox 2962 790 3064 866; x_wconf 83' lang='lat' dir='ltr'><strong>qua</strong></span> <span class='ocrx_word' id='word_1_594' title='bbox 3094 813 3229 852; x_wconf 87' lang='lat' dir='ltr'><strong>unus</strong></span> <span class='ocrx_word' id='word_1_595' title='bbox 3252 814 3283 852; x_wconf 91' lang='lat' dir='ltr'><strong>e</strong></span> <span class='ocrx_word' id='word_1_596' title='bbox 3308 808 3513 867; x_wconf 89' lang='lat' dir='ltr'><strong>septem</strong></span> 
     </span>
    </p>
   </div>
   <div class='ocr_carea' id='block_1_86' title="bbox 1922 864 3515 948">
    <p class='ocr_par' dir='ltr' id='par_1_86' title="bbox 1922 864 3515 948">
     <span class='ocr_line' id='line_1_86' title="bbox 1922 864 3515 948; baseline 0.003 -30"><span class='ocrx_word' id='word_1_597' title='bbox 1922 864 2021 919; x_wconf 92' lang='lat' dir='ltr'><strong>fttit</strong></span> <span class='ocrx_word' id='word_1_598' title='bbox 2065 864 2333 948; x_wconf 73' lang='lat' dir='ltr'><strong>episcopis</strong></span> <span class='ocrx_word' id='word_1_599' title='bbox 2394 865 2629 948; x_wconf 78' lang='lat' dir='ltr'><strong>qui_pro</strong></span> <span class='ocrx_word' id='word_1_600' title='bbox 2681 864 3182 948; x_wconf 76' lang='lat' dir='ltr'><strong>t_uenda_Ec_clesi:e</strong></span> <span class='ocrx_word' id='word_1_601' title='bbox 3237 864 3515 948; x_wconf 55' lang='lat' dir='ltr'><strong>catlt_o_licaf.</strong></span> 
     </span>
    </p>
   </div>
   <div class='ocr_carea' id='block_1_87' title="bbox 1921 935 3514 996">
    <p class='ocr_par' dir='ltr' id='par_1_87' title="bbox 1921 935 3514 996">
     <span class='ocr_line' id='line_1_87' title="bbox 1921 935 3514 996; baseline 0.004 -8"><span class='ocrx_word' id='word_1_602' title='bbox 1921 935 2812 993; x_wconf 44' lang='lat' dir='ltr'><strong>causa&#39;adversus&#39;scbisntaticos</strong></span> <span class='ocrx_word' id='word_1_603' title='bbox 2859 936 3015 992; x_wconf 88' lang='lat' dir='ltr'><strong>electi</strong></span> <span class='ocrx_word' id='word_1_604' title='bbox 3066 938 3297 996; x_wconf 88' lang='lat' dir='ltr'><strong>fuerant.</strong></span> <span class='ocrx_word' id='word_1_605' title='bbox 3348 939 3514 995; x_wconf 85' lang='lat' dir='ltr'><strong>Firmi</strong></span> 
     </span>
    </p>
   </div>
   <div class='ocr_carea' id='block_1_88' title="bbox 1923 1005 3515 1079">
    <p class='ocr_par' dir='ltr' id='par_1_88' title="bbox 1923 1005 3515 1079">
     <span class='ocr_line' id='line_1_88' title="bbox 1923 1005 3515 1079; baseline 0.003 -19"><span class='ocrx_word' id='word_1_606' title='bbox 1923 1005 2267 1079; x_wconf 78' lang='lat' dir='ltr'><strong>Tagastensis</strong></span> <span class='ocrx_word' id='word_1_607' title='bbox 2292 1008 2533 1079; x_wconf 83' lang='lat' dir='ltr'><strong>episcopi</strong></span> <span class='ocrx_word' id='word_1_608' title='bbox 2567 1008 2920 1063; x_wconf 89' lang='lat' dir='ltr'><strong>constantiam</strong></span> <span class='ocrx_word' id='word_1_609' title='bbox 2958 1008 3138 1063; x_wconf 88' lang='lat' dir='ltr'><strong>laudat</strong></span> <span class='ocrx_word' id='word_1_610' title='bbox 3167 1011 3307 1065; x_wconf 91' lang='lat' dir='ltr'><strong>idem</strong></span> <span class='ocrx_word' id='word_1_611' title='bbox 3338 1009 3515 1079; x_wconf 81' lang='lat' dir='ltr'><strong>Augu-</strong></span> 
     </span>
    </p>
   </div>
   <div class='ocr_carea' id='block_1_89' title="bbox 1922 1076 3515 1150">
    <p class='ocr_par' dir='ltr' id='par_1_89' title="bbox 1922 1076 3515 1150">
     <span class='ocr_line' id='line_1_89' title="bbox 1922 1076 3515 1150; baseline 0.004 -19"><span class='ocrx_word' id='word_1_612' title='bbox 1922 1076 2098 1150; x_wconf 88' lang='lat' dir='ltr'><strong>stinus</strong></span> <span class='ocrx_word' id='word_1_613' title='bbox 2126 1078 2263 1133; x_wconf 89' lang='lat' dir='ltr'><strong>libro</strong></span> <span class='ocrx_word' id='word_1_614' title='bbox 2286 1076 2353 1133; x_wconf 86' lang='lat' dir='ltr'><strong>de</strong></span> <span class='ocrx_word' id='word_1_615' title='bbox 2383 1076 2681 1143; x_wconf 83' lang='lat' dir='ltr'><strong>Mendacio,</strong></span> <span class='ocrx_word' id='word_1_616' title='bbox 2714 1095 2833 1148; x_wconf 88' lang='lat' dir='ltr'><strong>cap.</strong></span> <span class='ocrx_word' id='word_1_617' title='bbox 2867 1080 2933 1133; x_wconf 89' lang='grc'><strong>15</strong></span> <span class='ocrx_word' id='word_1_618' title='bbox 2954 1122 2968 1144; x_wconf 91' lang='lat'><strong>,</strong></span> <span class='ocrx_word' id='word_1_619' title='bbox 2997 1080 3136 1150; x_wconf 93' lang='lat' dir='ltr'><strong>quod</strong></span> <span class='ocrx_word' id='word_1_620' title='bbox 3175 1095 3273 1135; x_wconf 90' lang='lat' dir='ltr'><strong>nec</strong></span> <span class='ocrx_word' id='word_1_621' title='bbox 3302 1076 3515 1137; x_wconf 74' lang='lat' dir='ltr'><strong>mentiri</strong></span> 
     </span>
    </p>
   </div>
   <div class='ocr_carea' id='block_1_90' title="bbox 1923 1149 3514 1219">
    <p class='ocr_par' dir='ltr' id='par_1_90' title="bbox 1923 1149 3514 1219">
     <span class='ocr_line' id='line_1_90' title="bbox 1923 1149 3514 1219; baseline 0.004 -19"><span class='ocrx_word' id='word_1_622' title='bbox 1923 1149 2175 1219; x_wconf 88' lang='lat' dir='ltr'><strong>voluerit,</strong></span> <span class='ocrx_word' id='word_1_623' title='bbox 2226 1164 2323 1205; x_wconf 90' lang='lat' dir='ltr'><strong>nec</strong></span> <span class='ocrx_word' id='word_1_624' title='bbox 2372 1150 2654 1204; x_wconf 88' lang='lat' dir='ltr'><strong>tormentis</strong></span> <span class='ocrx_word' id='word_1_625' title='bbox 2697 1152 2859 1206; x_wconf 89' lang='lat' dir='ltr'><strong>etiam</strong></span> <span class='ocrx_word' id='word_1_626' title='bbox 2890 1149 3236 1205; x_wconf 85' lang='lat' dir='ltr'><strong>atrocissimis</strong></span> <span class='ocrx_word' id='word_1_627' title='bbox 3282 1167 3514 1219; x_wconf 85' lang='lat' dir='ltr'><strong>unquam</strong></span> 
     </span>
    </p>
   </div>
   <div class='ocr_carea' id='block_1_91' title="bbox 1922 1218 3515 1291">
    <p class='ocr_par' dir='ltr' id='par_1_91' title="bbox 1922 1218 3515 1291">
     <span class='ocr_line' id='line_1_91' title="bbox 1922 1218 3515 1291; baseline 0.003 -20"><span class='ocrx_word' id='word_1_628' title='bbox 1922 1218 2060 1291; x_wconf 82' lang='lat' dir='ltr'><strong>adigi</strong></span> <span class='ocrx_word' id='word_1_629' title='bbox 2093 1221 2327 1289; x_wconf 91' lang='lat' dir='ltr'><strong>potuerit</strong></span> <span class='ocrx_word' id='word_1_630' title='bbox 2370 1222 2437 1274; x_wconf 90' lang='lat' dir='ltr'><strong>ad</strong></span> <span class='ocrx_word' id='word_1_631' title='bbox 2488 1221 2759 1276; x_wconf 90' lang='lat' dir='ltr'><strong>hominem</strong></span> <span class='ocrx_word' id='word_1_632' title='bbox 2805 1236 2965 1291; x_wconf 91' lang='lat' dir='ltr'><strong>quem</strong></span> <span class='ocrx_word' id='word_1_633' title='bbox 3012 1218 3515 1290; x_wconf 79' lang='lat' dir='ltr'><strong>occultaveratpro-</strong></span> 
     </span>
    </p>
   </div>
   <div class='ocr_carea' id='block_1_92' title="bbox 1923 1289 3519 1363">
    <p class='ocr_par' dir='ltr' id='par_1_92' title="bbox 1923 1289 3519 1363">
     <span class='ocr_line' id='line_1_92' title="bbox 1923 1289 3519 1363; baseline 0.004 -21"><span class='ocrx_word' id='word_1_634' title='bbox 1923 1289 2176 1363; x_wconf 67' lang='lat' dir='ltr'><strong>gendum.</strong></span> <span class='ocrx_word' id='word_1_635' title='bbox 2216 1291 2544 1363; x_wconf 76' lang='lat' dir='ltr'><strong>Celebratur</strong></span> <span class='ocrx_word' id='word_1_636' title='bbox 2588 1293 2707 1363; x_wconf 82' lang='lat' dir='ltr'><strong>ejus</strong></span> <span class='ocrx_word' id='word_1_637' title='bbox 2750 1289 3008 1346; x_wconf 87' lang='lat' dir='ltr'><strong>memoria</strong></span> <span class='ocrx_word' id='word_1_638' title='bbox 3028 1293 3099 1363; x_wconf 85' lang='lat' dir='ltr'><strong>in</strong></span> <span class='ocrx_word' id='word_1_639' title='bbox 3140 1289 3519 1363; x_wconf 81' lang='lat' dir='ltr'><strong>martyrologio</strong></span> 
     </span>
    </p>
   </div>
   <div class='ocr_carea' id='block_1_93' title="bbox 1925 1358 3518 1432">
    <p class='ocr_par' dir='ltr' id='par_1_93' title="bbox 1925 1358 3518 1432">
     <span class='ocr_line' id='line_1_93' title="bbox 1925 1358 3518 1432; baseline 0.004 -19"><span class='ocrx_word' id='word_1_640' title='bbox 1925 1358 2169 1416; x_wconf 83' lang='lat' dir='ltr'><strong>Romano</strong></span> <span class='ocrx_word' id='word_1_641' title='bbox 2187 1362 2282 1417; x_wconf 83' lang='lat' dir='ltr'><strong>‘die</strong></span> <span class='ocrx_word' id='word_1_642' title='bbox 2308 1363 2373 1418; x_wconf 89' lang='grc'><strong>51</strong></span> <span class='ocrx_word' id='word_1_643' title='bbox 2407 1361 2556 1417; x_wconf 82' lang='lat' dir='ltr'><strong>Julii.</strong></span> <span class='ocrx_word' id='word_1_644' title='bbox 2588 1358 2747 1417; x_wconf 86' lang='lat' dir='ltr'><strong>Plura</strong></span> <span class='ocrx_word' id='word_1_645' title='bbox 2774 1378 2904 1417; x_wconf 86' lang='lat' dir='ltr'><strong>vero</strong></span> <span class='ocrx_word' id='word_1_646' title='bbox 2930 1363 2999 1418; x_wconf 90' lang='lat' dir='ltr'><strong>de</strong></span> <span class='ocrx_word' id='word_1_647' title='bbox 3021 1362 3244 1431; x_wconf 82' lang='lat' dir='ltr'><strong>Tagasta</strong></span> <span class='ocrx_word' id='word_1_648' title='bbox 3277 1358 3518 1432; x_wconf 72' lang='lat' dir='ltr'><strong>proferre</strong></span> 
     </span>
    </p>
   </div>
   <div class='ocr_carea' id='block_1_94' title="bbox 1924 1433 3518 1498">
    <p class='ocr_par' dir='ltr' id='par_1_94' title="bbox 1924 1433 3518 1498">
     <span class='ocr_line' id='line_1_94' title="bbox 1924 1433 3518 1498; baseline 0.003 -13"><span class='ocrx_word' id='word_1_649' title='bbox 1924 1445 2382 1498; x_wconf 90' lang='lat' dir='ltr'><strong>supervacaneum</strong></span> <span class='ocrx_word' id='word_1_650' title='bbox 2432 1444 2595 1489; x_wconf 90' lang='lat' dir='ltr'><strong>esset.</strong></span> <span class='ocrx_word' id='word_1_651' title='bbox 2645 1436 2698 1488; x_wconf 93' lang='lat' dir='ltr'><strong>In</strong></span> <span class='ocrx_word' id='word_1_652' title='bbox 2757 1433 3010 1488; x_wconf 86' lang='lat' dir='ltr'><strong>Antonini</strong></span> <span class='ocrx_word' id='word_1_653' title='bbox 3060 1433 3337 1487; x_wconf 82' lang='lat' dir='ltr'><strong>Itinerario</strong></span> <span class='ocrx_word' id='word_1_654' title='bbox 3381 1435 3518 1490; x_wconf 90' lang='lat' dir='ltr'><strong>inter</strong></span> 
     </span>
    </p>
   </div>
   <div class='ocr_carea' id='block_1_95' title="bbox 1933 1501 3440 1573">
    <p class='ocr_par' dir='ltr' id='par_1_95' title="bbox 1933 1501 3440 1573">
     <span class='ocr_line' id='line_1_95' title="bbox 1933 1501 3440 1573; baseline 0.001 -17"><span class='ocrx_word' id='word_1_655' title='bbox 1933 1501 2229 1571; x_wconf 85' lang='lat' dir='ltr'><strong>Hipponem</strong></span> <span class='ocrx_word' id='word_1_656' title='bbox 2260 1504 2481 1573; x_wconf 77' lang='lat' dir='ltr'><strong>[legium</strong></span> <span class='ocrx_word' id='word_1_657' title='bbox 2512 1513 2567 1559; x_wconf 92' lang='lat' dir='ltr'><strong>et</strong></span> <span class='ocrx_word' id='word_1_658' title='bbox 2594 1503 2952 1573; x_wconf 80' lang='lat' dir='ltr'><strong>Naraggaratn</strong></span> <span class='ocrx_word' id='word_1_659' title='bbox 2998 1504 3175 1573; x_wconf 91' lang='lat' dir='ltr'><strong>media</strong></span> <span class='ocrx_word' id='word_1_660' title='bbox 3216 1504 3440 1558; x_wconf 85' lang='lat' dir='ltr'><strong>locatur.</strong></span> 
     </span>
    </p>
   </div>
   <div class='ocr_carea' id='block_1_96' title="bbox 1998 1572 3514 1643">
    <p class='ocr_par' dir='ltr' id='par_1_96' title="bbox 1998 1572 3514 1643">
     <span class='ocr_line' id='line_1_96' title="bbox 1998 1572 3514 1643; baseline 0.001 -17"><span class='ocrx_word' id='word_1_661' title='bbox 1998 1574 2121 1629; x_wconf 87' lang='grc'><strong>119.</strong></span> <span class='ocrx_word' id='word_1_662' title='bbox 2166 1572 2607 1629; x_wconf 67' lang='grc' dir='ltr'><strong>ΜΑχιιιίΑΝεΝειε.</strong></span> <span class='ocrx_word' id='word_1_663' title='bbox 2636 1572 2818 1629; x_wconf 82' lang='lat' dir='ltr'><strong>Codex</strong></span> <span class='ocrx_word' id='word_1_664' title='bbox 2850 1575 3070 1643; x_wconf 85' lang='lat' dir='ltr'><strong>llalleri,</strong></span> <span class='ocrx_word' id='word_1_665' title='bbox 3104 1572 3514 1629; x_wconf 76' lang='lat' dir='ltr'><strong>Maxintinensis.</strong></span> 
     </span>
    </p>
   </div>
   <div class='ocr_carea' id='block_1_97' title="bbox 1931 1642 3517 1715">
    <p class='ocr_par' dir='ltr' id='par_1_97' title="bbox 1931 1642 3517 1715">
     <span class='ocr_line' id='line_1_97' title="bbox 1931 1642 3517 1715; baseline 0.001 -18"><span class='ocrx_word' id='word_1_666' title='bbox 1931 1642 2124 1715; x_wconf 68' lang='lat' dir='ltr'><strong>Petrus</strong></span> <span class='ocrx_word' id='word_1_667' title='bbox 2152 1644 2318 1699; x_wconf 88' lang='lat' dir='ltr'><strong>abbas</strong></span> <span class='ocrx_word' id='word_1_668' title='bbox 2349 1646 2400 1700; x_wconf 94' lang='lat' dir='ltr'><strong>in</strong></span> <span class='ocrx_word' id='word_1_669' title='bbox 2434 1646 2664 1700; x_wconf 93' lang='lat' dir='ltr'><strong>concilio</strong></span> <span class='ocrx_word' id='word_1_670' title='bbox 2691 1644 2943 1715; x_wconf 82' lang='lat' dir='ltr'><strong>Carthag.</strong></span> <span class='ocrx_word' id='word_1_671' title='bbox 2978 1642 3119 1699; x_wconf 89' lang='lat' dir='ltr'><strong>anno</strong></span> <span class='ocrx_word' id='word_1_672' title='bbox 3146 1644 3251 1699; x_wconf 83' lang='grc'><strong>525</strong></span> <span class='ocrx_word' id='word_1_673' title='bbox 3285 1644 3385 1699; x_wconf 89' lang='lat' dir='ltr'><strong>sub</strong></span> <span class='ocrx_word' id='word_1_674' title='bbox 3419 1646 3517 1699; x_wconf 86' lang='lat' dir='ltr'><strong>Bo-</strong></span> 
     </span>
    </p>
   </div>
   <div class='ocr_carea' id='block_1_98' title="bbox 1925 1713 3518 1784">
    <p class='ocr_par' dir='ltr' id='par_1_98' title="bbox 1925 1713 3518 1784">
     <span class='ocr_line' id='line_1_98' title="bbox 1925 1713 3518 1784; baseline 0.003 -17"><span class='ocrx_word' id='word_1_675' title='bbox 1925 1713 2123 1769; x_wconf 88' lang='lat' dir='ltr'><strong>uifacio</strong></span> <span class='ocrx_word' id='word_1_676' title='bbox 2149 1756 2163 1779; x_wconf 94' lang='lat'><strong>,</strong></span> <span class='ocrx_word' id='word_1_677' title='bbox 2201 1730 2298 1784; x_wconf 92' lang='lat' dir='ltr'><strong>pro</strong></span> <span class='ocrx_word' id='word_1_678' title='bbox 2338 1717 2535 1771; x_wconf 84' lang='lat' dir='ltr'><strong>tuenda</strong></span> <span class='ocrx_word' id='word_1_679' title='bbox 2575 1713 3017 1771; x_wconf 56' lang='lat' dir='ltr'><strong>monasterii&#39;sui</strong></span> <span class='ocrx_word' id='word_1_680' title='bbox 3057 1716 3302 1771; x_wconf 87' lang='lat' dir='ltr'><strong>libertate</strong></span> <span class='ocrx_word' id='word_1_681' title='bbox 3330 1732 3518 1771; x_wconf 80' lang='lat' dir='ltr'><strong>exem-</strong></span> 
     </span>
    </p>
   </div>
   <div class='ocr_carea' id='block_1_99' title="bbox 1925 1784 3514 1856">
    <p class='ocr_par' dir='ltr' id='par_1_99' title="bbox 1925 1784 3514 1856">
     <span class='ocr_line' id='line_1_99' title="bbox 1925 1784 3514 1856; baseline 0.002 -19"><span class='ocrx_word' id='word_1_682' title='bbox 1925 1784 2071 1853; x_wconf 90' lang='lat' dir='ltr'><strong>plum</strong></span> <span class='ocrx_word' id='word_1_683' title='bbox 2100 1787 2277 1840; x_wconf 90' lang='lat' dir='ltr'><strong>attulit</strong></span> <span class='ocrx_word' id='word_1_684' title='bbox 2306 1784 2577 1841; x_wconf 87' lang='lat' dir='ltr'><strong>Baccensis</strong></span> <span class='ocrx_word' id='word_1_685' title='bbox 2604 1789 2933 1853; x_wconf 88' lang='lat' dir='ltr'><strong>monasterii,</strong></span> <span class='ocrx_word' id='word_1_686' title='bbox 2985 1785 3125 1856; x_wconf 92' lang='lat' dir='ltr'><strong>quod</strong></span> <span class='ocrx_word' id='word_1_687' title='bbox 3172 1785 3299 1840; x_wconf 89' lang='lat' dir='ltr'><strong>licet</strong></span> <span class='ocrx_word' id='word_1_688' title='bbox 3342 1785 3514 1840; x_wconf 74' lang='lat' dir='ltr'><strong>Maxi-</strong></span> 
     </span>
    </p>
   </div>
   <div class='ocr_carea' id='block_1_100' title="bbox 1927 1856 3519 1923">
    <p class='ocr_par' dir='ltr' id='par_1_100' title="bbox 1927 1856 3519 1923">
     <span class='ocr_line' id='line_1_100' title="bbox 1927 1856 3519 1923; baseline 0.003 -15"><span class='ocrx_word' id='word_1_689' title='bbox 1927 1856 2179 1912; x_wconf 87' lang='lat' dir='ltr'><strong>mianensi</strong></span> <span class='ocrx_word' id='word_1_690' title='bbox 2222 1856 2464 1912; x_wconf 79' lang='lat' dir='ltr'><strong>Ecclesia:</strong></span> <span class='ocrx_word' id='word_1_691' title='bbox 2506 1858 2729 1911; x_wconf 84' lang='lat' dir='ltr'><strong>vicinum</strong></span> <span class='ocrx_word' id='word_1_692' title='bbox 2774 1858 2973 1923; x_wconf 91' lang='lat' dir='ltr'><strong>fuerit,</strong></span> <span class='ocrx_word' id='word_1_693' title='bbox 3010 1858 3076 1911; x_wconf 83' lang='lat' dir='ltr'><strong>ad</strong></span> <span class='ocrx_word' id='word_1_694' title='bbox 3122 1856 3519 1912; x_wconf 84' lang='lat' dir='ltr'><strong>consolationem</strong></span> 
     </span>
    </p>
   </div>
   <div class='ocr_carea' id='block_1_101' title="bbox 1926 1926 3517 2009">
    <p class='ocr_par' dir='ltr' id='par_1_101' title="bbox 1926 1926 3517 2009">
     <span class='ocr_line' id='line_1_101' title="bbox 1926 1926 3517 2009; baseline 0.003 -32"><span class='ocrx_word' id='word_1_695' title='bbox 1926 1926 2284 2009; x_wconf 48' lang='lat' dir='ltr'><strong>tantenlﬁl</strong></span> <span class='ocrx_word' id='word_1_696' title='bbox 2317 1929 2548 1999; x_wconf 86' lang='lat' dir='ltr'><strong>primatis</strong></span> <span class='ocrx_word' id='word_1_697' title='bbox 2578 1927 3159 2009; x_wconf 51' lang='lat' dir='ltr'><strong>provinciaanyzacenw</strong></span> <span class='ocrx_word' id='word_1_698' title='bbox 3191 1944 3255 2009; x_wconf 40' lang='grc' dir='ltr'><strong>ἰε</strong></span> <span class='ocrx_word' id='word_1_699' title='bbox 3290 1928 3517 2009; x_wconf 72' lang='lat' dir='ltr'><strong>confere-</strong></span> 
     </span>
    </p>
   </div>
   <div class='ocr_carea' id='block_1_102' title="bbox 1927 1996 3518 2068">
    <p class='ocr_par' dir='ltr' id='par_1_102' title="bbox 1927 1996 3518 2068">
     <span class='ocr_line' id='line_1_102' title="bbox 1927 1996 3518 2068; baseline 0.002 -18"><span class='ocrx_word' id='word_1_700' title='bbox 1927 1996 2031 2052; x_wconf 88' lang='lat' dir='ltr'><strong>bat.</strong></span> <span class='ocrx_word' id='word_1_701' title='bbox 2068 1996 2789 2054; x_wconf 60' lang='lat' dir='ltr'><strong>MExinﬁ‘anensesmemorat</strong></span> <span class='ocrx_word' id='word_1_702' title='bbox 2819 1996 3099 2054; x_wconf 87' lang='lat' dir='ltr'><strong>Liberatus</strong></span> <span class='ocrx_word' id='word_1_703' title='bbox 3125 1998 3326 2066; x_wconf 84' lang='lat' dir='ltr'><strong>primas</strong></span> <span class='ocrx_word' id='word_1_704' title='bbox 3354 1996 3518 2068; x_wconf 84' lang='lat' dir='ltr'><strong>Byza-</strong></span> 
     </span>
    </p>
   </div>
   <div class='ocr_carea' id='block_1_103' title="bbox 1925 2069 3518 2138">
    <p class='ocr_par' dir='ltr' id='par_1_103' title="bbox 1925 2069 3518 2138">
     <span class='ocr_line' id='line_1_103' title="bbox 1925 2069 3518 2138; baseline 0.002 -15"><span class='ocrx_word' id='word_1_705' title='bbox 1925 2082 2073 2123; x_wconf 82' lang='lat' dir='ltr'><strong>cenae</strong></span> <span class='ocrx_word' id='word_1_706' title='bbox 2123 2070 2174 2122; x_wconf 94' lang='lat' dir='ltr'><strong>in</strong></span> <span class='ocrx_word' id='word_1_707' title='bbox 2220 2069 2379 2138; x_wconf 89' lang='lat' dir='ltr'><strong>epist.</strong></span> <span class='ocrx_word' id='word_1_708' title='bbox 2427 2070 2494 2124; x_wconf 91' lang='lat' dir='ltr'><strong>ad</strong></span> <span class='ocrx_word' id='word_1_709' title='bbox 2542 2069 2873 2125; x_wconf 87' lang='lat' dir='ltr'><strong>Bonifacium</strong></span> <span class='ocrx_word' id='word_1_710' title='bbox 2922 2069 3174 2138; x_wconf 78' lang='lat' dir='ltr'><strong>Carthag.</strong></span> <span class='ocrx_word' id='word_1_711' title='bbox 3206 2070 3256 2122; x_wconf 89' lang='lat' dir='ltr'><strong>in</strong></span> <span class='ocrx_word' id='word_1_712' title='bbox 3286 2070 3518 2127; x_wconf 92' lang='lat' dir='ltr'><strong>concilio</strong></span> 
     </span>
    </p>
   </div>
   <div class='ocr_carea' id='block_1_104' title="bbox 1924 2138 3517 2209">
    <p class='ocr_par' dir='ltr' id='par_1_104' title="bbox 1924 2138 3517 2209">
     <span class='ocr_line' id='line_1_104' title="bbox 1924 2138 3517 2209; baseline 0.001 -16"><span class='ocrx_word' id='word_1_713' title='bbox 1924 2138 2199 2194; x_wconf 85' lang='lat' dir='ltr'><strong>Juncensi.</strong></span> <span class='ocrx_word' id='word_1_714' title='bbox 2236 2138 2382 2196; x_wconf 86' lang='lat' dir='ltr'><strong>Hanc</strong></span> <span class='ocrx_word' id='word_1_715' title='bbox 2412 2155 2543 2194; x_wconf 83' lang='lat' dir='ltr'><strong>vero</strong></span> <span class='ocrx_word' id='word_1_716' title='bbox 2568 2141 2755 2195; x_wconf 92' lang='lat' dir='ltr'><strong>urbem</strong></span> <span class='ocrx_word' id='word_1_717' title='bbox 2798 2157 2828 2193; x_wconf 89' lang='lat' dir='ltr'><strong>a</strong></span> <span class='ocrx_word' id='word_1_718' title='bbox 2870 2139 3133 2206; x_wconf 82' lang='lat' dir='ltr'><strong>Rttspensi</strong></span> <span class='ocrx_word' id='word_1_719' title='bbox 3165 2140 3302 2193; x_wconf 90' lang='lat' dir='ltr'><strong>baud</strong></span> <span class='ocrx_word' id='word_1_720' title='bbox 3331 2141 3517 2209; x_wconf 80' lang='lat' dir='ltr'><strong>procul</strong></span> 
     </span>
    </p>
   </div>
   <div class='ocr_carea' id='block_1_105' title="bbox 1925 2209 3511 2279">
    <p class='ocr_par' dir='ltr' id='par_1_105' title="bbox 1925 2209 3511 2279">
     <span class='ocr_line' id='line_1_105' title="bbox 1925 2209 3511 2279; baseline 0.002 -17"><span class='ocrx_word' id='word_1_721' title='bbox 1925 2209 2163 2264; x_wconf 90' lang='lat' dir='ltr'><strong>abfuisse</strong></span> <span class='ocrx_word' id='word_1_722' title='bbox 2208 2210 2480 2279; x_wconf 76' lang='lat' dir='ltr'><strong>colligitur</strong></span> <span class='ocrx_word' id='word_1_723' title='bbox 2506 2226 2571 2265; x_wconf 85' lang='lat' dir='ltr'><strong>ex</strong></span> <span class='ocrx_word' id='word_1_724' title='bbox 2614 2210 2730 2263; x_wconf 87' lang='lat' dir='ltr'><strong>Vita</strong></span> <span class='ocrx_word' id='word_1_725' title='bbox 2762 2211 2931 2265; x_wconf 90' lang='lat' dir='ltr'><strong>sancti</strong></span> <span class='ocrx_word' id='word_1_726' title='bbox 2970 2210 3230 2278; x_wconf 72' lang='lat' dir='ltr'><strong>Fulgentii</strong></span> <span class='ocrx_word' id='word_1_727' title='bbox 3267 2226 3383 2279; x_wconf 86' lang='lat' dir='ltr'><strong>cap.</strong></span> <span class='ocrx_word' id='word_1_728' title='bbox 3417 2210 3511 2278; x_wconf 89' lang='lat'><strong>29,</strong></span> 
     </span>
    </p>
   </div>
   <div class='ocr_carea' id='block_1_106' title="bbox 1926 2280 3513 2350">
    <p class='ocr_par' dir='ltr' id='par_1_106' title="bbox 1926 2280 3513 2350">
     <span class='ocr_line' id='line_1_106' title="bbox 1926 2280 3513 2350; baseline 0.002 -17"><span class='ocrx_word' id='word_1_729' title='bbox 1926 2280 2017 2334; x_wconf 93' lang='lat' dir='ltr'><strong>ubi</strong></span> <span class='ocrx_word' id='word_1_730' title='bbox 2047 2291 2265 2335; x_wconf 90' lang='lat' dir='ltr'><strong>sanctus</strong></span> <span class='ocrx_word' id='word_1_731' title='bbox 2294 2282 2385 2335; x_wconf 90' lang='lat' dir='ltr'><strong>ille</strong></span> <span class='ocrx_word' id='word_1_732' title='bbox 2421 2280 2658 2350; x_wconf 82' lang='lat' dir='ltr'><strong>pontifex</strong></span> <span class='ocrx_word' id='word_1_733' title='bbox 2699 2282 2769 2335; x_wconf 94' lang='lat' dir='ltr'><strong>ob</strong></span> <span class='ocrx_word' id='word_1_734' title='bbox 2802 2295 3140 2347; x_wconf 69' lang='lat' dir='ltr'><strong>compressas</strong></span> <span class='ocrx_word' id='word_1_735' title='bbox 3167 2280 3513 2350; x_wconf 86' lang='lat' dir='ltr'><strong>finitimarum</strong></span> 
     </span>
    </p>
   </div>
   <div class='ocr_carea' id='block_1_107' title="bbox 1928 2349 3515 2419">
    <p class='ocr_par' dir='ltr' id='par_1_107' title="bbox 1928 2349 3515 2419">
     <span class='ocr_line' id='line_1_107' title="bbox 1928 2349 3515 2419; baseline -0.001 -14"><span class='ocrx_word' id='word_1_736' title='bbox 1928 2351 2162 2418; x_wconf 89' lang='lat' dir='ltr'><strong>plebium</strong></span> <span class='ocrx_word' id='word_1_737' title='bbox 2192 2353 2333 2408; x_wconf 81' lang='lat' dir='ltr'><strong>rixas</strong></span> <span class='ocrx_word' id='word_1_738' title='bbox 2365 2349 2610 2406; x_wconf 87' lang='lat' dir='ltr'><strong>laudatur</strong></span> <span class='ocrx_word' id='word_1_739' title='bbox 2632 2392 2648 2415; x_wconf 89' lang='lat'><strong>,</strong></span> <span class='ocrx_word' id='word_1_740' title='bbox 2699 2360 2753 2406; x_wconf 92' lang='lat' dir='ltr'><strong>et</strong></span> <span class='ocrx_word' id='word_1_741' title='bbox 2794 2350 3125 2418; x_wconf 91' lang='lat' dir='ltr'><strong>potissimum</strong></span> <span class='ocrx_word' id='word_1_742' title='bbox 3161 2351 3302 2419; x_wconf 90' lang='lat' dir='ltr'><strong>quod</strong></span> <span class='ocrx_word' id='word_1_743' title='bbox 3342 2349 3515 2404; x_wconf 73' lang='lat' dir='ltr'><strong>Maxi-</strong></span> 
     </span>
    </p>
   </div>
   <div class='ocr_carea' id='block_1_108' title="bbox 1928 2421 3515 2490">
    <p class='ocr_par' dir='ltr' id='par_1_108' title="bbox 1928 2421 3515 2490">
     <span class='ocr_line' id='line_1_108' title="bbox 1928 2421 3515 2490; baseline 0.002 -17"><span class='ocrx_word' id='word_1_744' title='bbox 1928 2422 2202 2476; x_wconf 87' lang='lat' dir='ltr'><strong>ntianensis</strong></span> <span class='ocrx_word' id='word_1_745' title='bbox 2248 2423 2621 2477; x_wconf 83' lang='lat' dir='ltr'><strong>animositatem</strong></span> <span class='ocrx_word' id='word_1_746' title='bbox 2671 2421 2867 2490; x_wconf 85' lang='lat' dir='ltr'><strong>plebis,</strong></span> <span class='ocrx_word' id='word_1_747' title='bbox 2919 2438 3033 2487; x_wconf 77' lang='lat' dir='ltr'><strong>aute</strong></span> <span class='ocrx_word' id='word_1_748' title='bbox 3076 2424 3365 2475; x_wconf 86' lang='lat' dir='ltr'><strong>ordinatum</strong></span> <span class='ocrx_word' id='word_1_749' title='bbox 3418 2422 3515 2476; x_wconf 83' lang='lat' dir='ltr'><strong>sibi</strong></span> 
     </span>
    </p>
   </div>
   <div class='ocr_carea' id='block_1_109' title="bbox 1924 2490 3516 2563">
    <p class='ocr_par' dir='ltr' id='par_1_109' title="bbox 1924 2490 3516 2563">
     <span class='ocr_line' id='line_1_109' title="bbox 1924 2490 3516 2563; baseline 0 -17"><span class='ocrx_word' id='word_1_750' title='bbox 1924 2494 2213 2563; x_wconf 80' lang='lat' dir='ltr'><strong>cpiscOpum</strong></span> <span class='ocrx_word' id='word_1_751' title='bbox 2242 2494 2463 2561; x_wconf 83' lang='lat' dir='ltr'><strong>recipere</strong></span> <span class='ocrx_word' id='word_1_752' title='bbox 2487 2492 2731 2554; x_wconf 88' lang='lat' dir='ltr'><strong>nolebat,</strong></span> <span class='ocrx_word' id='word_1_753' title='bbox 2772 2492 3058 2547; x_wconf 83' lang='lat' dir='ltr'><strong>sedaverit.</strong></span> <span class='ocrx_word' id='word_1_754' title='bbox 3104 2491 3387 2559; x_wconf 63' lang='lat' dir='ltr'><strong>Synodicae</strong></span> <span class='ocrx_word' id='word_1_755' title='bbox 3417 2490 3516 2563; x_wconf 71' lang='lat' dir='ltr'><strong>Pa-</strong></span> 
     </span>
    </p>
   </div>
   <div class='ocr_carea' id='block_1_110' title="bbox 1925 2561 3516 2633">
    <p class='ocr_par' dir='ltr' id='par_1_110' title="bbox 1925 2561 3516 2633">
     <span class='ocr_line' id='line_1_110' title="bbox 1925 2561 3516 2633; baseline 0.001 -18"><span class='ocrx_word' id='word_1_756' title='bbox 1925 2571 2063 2617; x_wconf 93' lang='lat' dir='ltr'><strong>trum</strong></span> <span class='ocrx_word' id='word_1_757' title='bbox 2093 2561 2400 2632; x_wconf 55' lang='lat' dir='ltr'><strong>&#39;provinciae</strong></span> <span class='ocrx_word' id='word_1_758' title='bbox 2446 2566 2734 2633; x_wconf 77' lang='lat' dir='ltr'><strong>Byzacente</strong></span> <span class='ocrx_word' id='word_1_759' title='bbox 2759 2576 2878 2632; x_wconf 73' lang='lat' dir='ltr'><strong>qua:</strong></span> <span class='ocrx_word' id='word_1_760' title='bbox 2925 2564 3059 2616; x_wconf 89' lang='lat' dir='ltr'><strong>lecta</strong></span> <span class='ocrx_word' id='word_1_761' title='bbox 3090 2572 3174 2617; x_wconf 92' lang='lat' dir='ltr'><strong>est</strong></span> <span class='ocrx_word' id='word_1_762' title='bbox 3202 2563 3262 2633; x_wconf 89' lang='lat' dir='ltr'><strong>iu</strong></span> <span class='ocrx_word' id='word_1_763' title='bbox 3286 2561 3516 2617; x_wconf 90' lang='lat' dir='ltr'><strong>concilio</strong></span> 
     </span>
    </p>
   </div>
   <div class='ocr_carea' id='block_1_111' title="bbox 1928 2632 3518 2689">
    <p class='ocr_par' dir='ltr' id='par_1_111' title="bbox 1928 2632 3518 2689">
     <span class='ocr_line' id='line_1_111' title="bbox 1928 2632 3518 2689; baseline 0.003 -4"><span class='ocrx_word' id='word_1_764' title='bbox 1928 2634 2175 2689; x_wconf 76' lang='lat' dir='ltr'><strong>Lateran.</strong></span> <span class='ocrx_word' id='word_1_765' title='bbox 2221 2634 2320 2688; x_wconf 87' lang='lat' dir='ltr'><strong>sub</strong></span> <span class='ocrx_word' id='word_1_766' title='bbox 2364 2644 2552 2689; x_wconf 89' lang='lat' dir='ltr'><strong>sancto</strong></span> <span class='ocrx_word' id='word_1_767' title='bbox 2599 2633 2825 2688; x_wconf 82' lang='lat' dir='ltr'><strong>Martino</strong></span> <span class='ocrx_word' id='word_1_768' title='bbox 2870 2634 3079 2687; x_wconf 90' lang='lat' dir='ltr'><strong>actione</strong></span> <span class='ocrx_word' id='word_1_769' title='bbox 3116 2633 3152 2686; x_wconf 90' lang='grc'><strong>2</strong></span> <span class='ocrx_word' id='word_1_770' title='bbox 3197 2632 3336 2688; x_wconf 92' lang='lat' dir='ltr'><strong>inter</strong></span> <span class='ocrx_word' id='word_1_771' title='bbox 3382 2633 3518 2689; x_wconf 80' lang='lat' dir='ltr'><strong>alios</strong></span> 
     </span>
    </p>
   </div>
   <div class='ocr_carea' id='block_1_112' title="bbox 1924 2702 3515 2776">
    <p class='ocr_par' dir='ltr' id='par_1_112' title="bbox 1924 2702 3515 2776">
     <span class='ocr_line' id='line_1_112' title="bbox 1924 2702 3515 2776; baseline -0.002 -16"><span class='ocrx_word' id='word_1_772' title='bbox 1924 2702 2240 2776; x_wconf 77' lang='lat' dir='ltr'><strong>subscripsit</strong></span> <span class='ocrx_word' id='word_1_773' title='bbox 2278 2704 2575 2775; x_wconf 76' lang='lat' dir='ltr'><strong>Bonifacius</strong></span> <span class='ocrx_word' id='word_1_774' title='bbox 2610 2705 2879 2776; x_wconf 85' lang='lat' dir='ltr'><strong>cpiscopus</strong></span> <span class='ocrx_word' id='word_1_775' title='bbox 2924 2713 3114 2759; x_wconf 74' lang='lat' dir='ltr'><strong>sancta:</strong></span> <span class='ocrx_word' id='word_1_776' title='bbox 3146 2702 3389 2759; x_wconf 59' lang='lat' dir='ltr'><strong>Ecclesia</strong></span> <span class='ocrx_word' id='word_1_777' title='bbox 3416 2702 3515 2758; x_wconf 80' lang='lat' dir='ltr'><strong>Ju-</strong></span> 
     </span>
    </p>
   </div>
   <div class='ocr_carea' id='block_1_113' title="bbox 1924 2774 2653 2832">
    <p class='ocr_par' dir='ltr' id='par_1_113' title="bbox 1924 2774 2653 2832">
     <span class='ocr_line' id='line_1_113' title="bbox 1924 2774 2653 2832; baseline 0.001 -4"><span class='ocrx_word' id='word_1_778' title='bbox 1924 2776 2043 2828; x_wconf 84' lang='lat' dir='ltr'><strong>stini</strong></span> <span class='ocrx_word' id='word_1_779' title='bbox 2070 2786 2117 2829; x_wconf 87' lang='lat' dir='ltr'><strong>et</strong></span> <span class='ocrx_word' id='word_1_780' title='bbox 2148 2774 2203 2832; x_wconf 83' lang='grc' dir='ltr'><em>Μ</em></span> <span class='ocrx_word' id='word_1_781' title='bbox 2207 2776 2521 2831; x_wconf 76' lang='lat' dir='ltr'><strong>aximiensis.</strong></span> <span class='ocrx_word' id='word_1_782' title='bbox 2650 2828 2653 2829; x_wconf 30' lang='grc' dir='ltr'><em>ν</em></span> 
     </span>
    </p>
   </div>
   <div class='ocr_carea' id='block_1_114' title="bbox 1998 2844 3513 2913">
    <p class='ocr_par' dir='ltr' id='par_1_114' title="bbox 1998 2844 3513 2913">
     <span class='ocr_line' id='line_1_114' title="bbox 1998 2844 3513 2913; baseline -0.001 -12"><span class='ocrx_word' id='word_1_783' title='bbox 1998 2845 2121 2902; x_wconf 90' lang='grc'><strong>120.</strong></span> <span class='ocrx_word' id='word_1_784' title='bbox 2173 2845 2557 2902; x_wconf 63' lang='grc' dir='ltr'><strong>ΖΑιιΑυτΑΝεις.</strong></span> <span class='ocrx_word' id='word_1_785' title='bbox 2611 2845 2700 2903; x_wconf 92' lang='lat' dir='ltr'><strong>Sic</strong></span> <span class='ocrx_word' id='word_1_786' title='bbox 2746 2844 2971 2913; x_wconf 71' lang='lat' dir='ltr'><strong>uterq’ue</strong></span> <span class='ocrx_word' id='word_1_787' title='bbox 3000 2844 3166 2901; x_wconf 81' lang='lat' dir='ltr'><strong>codex</strong></span> <span class='ocrx_word' id='word_1_788' title='bbox 3216 2860 3349 2910; x_wconf 87' lang='lat' dir='ltr'><strong>ms.,</strong></span> <span class='ocrx_word' id='word_1_789' title='bbox 3383 2844 3513 2901; x_wconf 89' lang='lat' dir='ltr'><strong>editi</strong></span> 
     </span>
    </p>
   </div>
   <div class='ocr_carea' id='block_1_115' title="bbox 1924 2915 3504 2983">
    <p class='ocr_par' dir='ltr' id='par_1_115' title="bbox 1924 2915 3504 2983">
     <span class='ocr_line' id='line_1_115' title="bbox 1924 2915 3504 2983; baseline -0.001 -12"><span class='ocrx_word' id='word_1_790' title='bbox 1924 2932 2052 2971; x_wconf 91' lang='lat' dir='ltr'><strong>vero</strong></span> <span class='ocrx_word' id='word_1_791' title='bbox 2082 2916 2429 2972; x_wconf 82' lang='lat' dir='ltr'><strong>Zaradtcnsis.</strong></span> <span class='ocrx_word' id='word_1_792' title='bbox 2456 2918 2658 2972; x_wconf 78' lang='lat' dir='ltr'><strong>Laudat</strong></span> <span class='ocrx_word' id='word_1_793' title='bbox 2676 2917 2922 2971; x_wconf 82' lang='lat' dir='ltr'><strong>Baluzius</strong></span> <span class='ocrx_word' id='word_1_794' title='bbox 2948 2916 3236 2971; x_wconf 83' lang='lat' dir='ltr'><strong>concilium</strong></span> <span class='ocrx_word' id='word_1_795' title='bbox 3254 2915 3504 2983; x_wconf 79' lang='lat' dir='ltr'><strong>Carthag.</strong></span> 
     </span>
    </p>
   </div>
   <div class='ocr_carea' id='block_1_116' title="bbox 1926 2985 3511 3057">
    <p class='ocr_par' dir='ltr' id='par_1_116' title="bbox 1926 2985 3511 3057">
     <span class='ocr_line' id='line_1_116' title="bbox 1926 2985 3511 3057; baseline 0.001 -17"><span class='ocrx_word' id='word_1_796' title='bbox 1926 2988 2051 3042; x_wconf 89' lang='lat' dir='ltr'><strong>anni</strong></span> <span class='ocrx_word' id='word_1_797' title='bbox 2079 2988 2206 3053; x_wconf 83' lang='grc'><strong>525,</strong></span> <span class='ocrx_word' id='word_1_798' title='bbox 2240 2988 2336 3043; x_wconf 90' lang='lat' dir='ltr'><strong>sed</strong></span> <span class='ocrx_word' id='word_1_799' title='bbox 2384 2988 2455 3043; x_wconf 91' lang='lat' dir='ltr'><strong>ibi</strong></span> <span class='ocrx_word' id='word_1_800' title='bbox 2488 2987 2807 3057; x_wconf 83' lang='lat' dir='ltr'><strong>subscripsit</strong></span> <span class='ocrx_word' id='word_1_801' title='bbox 2853 2988 3119 3056; x_wconf 83' lang='lat' dir='ltr'><strong>episcOpus</strong></span> <span class='ocrx_word' id='word_1_802' title='bbox 3167 2985 3511 3057; x_wconf 77' lang='lat' dir='ltr'><strong>Zactarcnsis.</strong></span> 
     </span>
    </p>
   </div>
   <div class='ocr_carea' id='block_1_117' title="bbox 1925 3056 3512 3128">
    <p class='ocr_par' dir='ltr' id='par_1_117' title="bbox 1925 3056 3512 3128">
     <span class='ocr_line' id='line_1_117' title="bbox 1925 3056 3512 3128; baseline -0.001 -16"><span class='ocrx_word' id='word_1_803' title='bbox 1925 3064 1993 3112; x_wconf 85' lang='lat' dir='ltr'><strong>At</strong></span> <span class='ocrx_word' id='word_1_804' title='bbox 2010 3058 2063 3112; x_wconf 91' lang='lat' dir='ltr'><strong>in</strong></span> <span class='ocrx_word' id='word_1_805' title='bbox 2079 3059 2365 3114; x_wconf 86' lang='lat' dir='ltr'><strong>collatione</strong></span> <span class='ocrx_word' id='word_1_806' title='bbox 2384 3058 2639 3128; x_wconf 76' lang='lat' dir='ltr'><strong>Cartltag.</strong></span> <span class='ocrx_word' id='word_1_807' title='bbox 2660 3056 2781 3128; x_wconf 88' lang='lat' dir='ltr'><strong>cap.</strong></span> <span class='ocrx_word' id='word_1_808' title='bbox 2802 3057 2906 3113; x_wconf 90' lang='grc'><strong>128</strong></span> <span class='ocrx_word' id='word_1_809' title='bbox 2930 3058 3225 3113; x_wconf 89' lang='lat' dir='ltr'><strong>recensitus</strong></span> <span class='ocrx_word' id='word_1_810' title='bbox 3245 3057 3341 3112; x_wconf 88' lang='lat' dir='ltr'><strong>fuit</strong></span> <span class='ocrx_word' id='word_1_811' title='bbox 3363 3056 3512 3111; x_wconf 60' lang='lat' dir='ltr'><strong>Cres.</strong></span> 
     </span>
    </p>
   </div>
   <div class='ocr_carea' id='block_1_118' title="bbox 1924 3128 3513 3200">
    <p class='ocr_par' dir='ltr' id='par_1_118' title="bbox 1924 3128 3513 3200">
     <span class='ocr_line' id='line_1_118' title="bbox 1924 3128 3513 3200; baseline -0.001 -17"><span class='ocrx_word' id='word_1_812' title='bbox 1924 3130 2099 3200; x_wconf 86' lang='lat' dir='ltr'><strong>conius</strong></span> <span class='ocrx_word' id='word_1_813' title='bbox 2120 3131 2383 3200; x_wconf 83' lang='lat' dir='ltr'><strong>episcopus</strong></span> <span class='ocrx_word' id='word_1_814' title='bbox 2417 3130 2574 3200; x_wconf 85' lang='lat' dir='ltr'><strong>plebis</strong></span> <span class='ocrx_word' id='word_1_815' title='bbox 2600 3129 2911 3200; x_wconf 68' lang='lat' dir='ltr'><strong>lat-aitensis</strong></span> <span class='ocrx_word' id='word_1_816' title='bbox 2933 3172 2947 3195; x_wconf 92' lang='lat'><strong>,</strong></span> <span class='ocrx_word' id='word_1_817' title='bbox 2971 3143 3093 3200; x_wconf 86' lang='lat' dir='ltr'><strong>cum</strong></span> <span class='ocrx_word' id='word_1_818' title='bbox 3122 3128 3322 3198; x_wconf 83' lang='lat' dir='ltr'><strong>Rogato</strong></span> <span class='ocrx_word' id='word_1_819' title='bbox 3346 3128 3513 3197; x_wconf 85' lang='lat' dir='ltr'><strong>ipsius</strong></span> 
     </span>
    </p>
   </div>
   <div class='ocr_carea' id='block_1_119' title="bbox 2330 3198 3514 3269">
    <p class='ocr_par' dir='ltr' id='par_1_119' title="bbox 2330 3198 3514 3269">
     <span class='ocr_line' id='line_1_119' title="bbox 2330 3198 3514 3269; baseline 0 -18"><span class='ocrx_word' id='word_1_820' title='bbox 2330 3201 2388 3254; x_wconf 69' lang='lat' dir='ltr'><strong>’ui</strong></span> <span class='ocrx_word' id='word_1_821' title='bbox 2418 3198 2473 3255; x_wconf 86' lang='lat' dir='ltr'><strong>et</strong></span> <span class='ocrx_word' id='word_1_822' title='bbox 2499 3215 2619 3269; x_wconf 87' lang='lat' dir='ltr'><strong>cap.</strong></span> <span class='ocrx_word' id='word_1_823' title='bbox 2652 3198 2757 3255; x_wconf 92' lang='grc'><strong>205</strong></span> <span class='ocrx_word' id='word_1_824' title='bbox 2797 3200 2938 3253; x_wconf 91' lang='lat' dir='ltr'><strong>inter</strong></span> <span class='ocrx_word' id='word_1_825' title='bbox 2970 3199 3268 3269; x_wconf 82' lang='lat' dir='ltr'><strong>Donatistas</strong></span> <span class='ocrx_word' id='word_1_826' title='bbox 3295 3213 3514 3267; x_wconf 87' lang='lat' dir='ltr'><strong>compa-</strong></span> 
     </span>
    </p>
   </div>
   <div class='ocr_carea' id='block_1_120' title="bbox 1928 3268 3511 3340">
    <p class='ocr_par' dir='ltr' id='par_1_120' title="bbox 1928 3268 3511 3340">
     <span class='ocr_line' id='line_1_120' title="bbox 1928 3268 3511 3340; baseline 0 -16"><span class='ocrx_word' id='word_1_827' title='bbox 1928 3271 2053 3325; x_wconf 92' lang='lat' dir='ltr'><strong>ruit.</strong></span> <span class='ocrx_word' id='word_1_828' title='bbox 2100 3271 2260 3340; x_wconf 83' lang='lat' dir='ltr'><strong>Apud</strong></span> <span class='ocrx_word' id='word_1_829' title='bbox 2307 3268 2655 3326; x_wconf 77' lang='lat' dir='ltr'><strong>Ptolemteum</strong></span> <span class='ocrx_word' id='word_1_830' title='bbox 2699 3268 3323 3340; x_wconf 28' lang='lat' dir='ltr'><strong>memoratur‘Zaratlta,</strong></span> <span class='ocrx_word' id='word_1_831' title='bbox 3353 3282 3511 3335; x_wconf 81' lang='lat' dir='ltr'><strong>quam</strong></span> 
     </span>
    </p>
   </div>
   <div class='ocr_carea' id='block_1_121' title="bbox 1930 3337 3511 3409">
    <p class='ocr_par' dir='ltr' id='par_1_121' title="bbox 1930 3337 3511 3409">
     <span class='ocr_line' id='line_1_121' title="bbox 1930 3337 3511 3409; baseline -0.003 -13"><span class='ocrx_word' id='word_1_832' title='bbox 1930 3342 2069 3397; x_wconf 89' lang='lat' dir='ltr'><strong>inter</strong></span> <span class='ocrx_word' id='word_1_833' title='bbox 2119 3337 2449 3397; x_wconf 56' lang='lat' dir='ltr'><strong>Mauritaniae</strong></span> <span class='ocrx_word' id='word_1_834' title='bbox 2490 3342 2649 3397; x_wconf 89' lang='lat' dir='ltr'><strong>urbes</strong></span> <span class='ocrx_word' id='word_1_835' title='bbox 2698 3348 2966 3396; x_wconf 80' lang='lat' dir='ltr'><strong>recenset.</strong></span> <span class='ocrx_word' id='word_1_836' title='bbox 3018 3337 3150 3394; x_wconf 83' lang='lat' dir='ltr'><strong>Huic</strong></span> <span class='ocrx_word' id='word_1_837' title='bbox 3178 3339 3298 3393; x_wconf 92' lang='lat' dir='ltr'><strong>loco</strong></span> <span class='ocrx_word' id='word_1_838' title='bbox 3341 3340 3511 3409; x_wconf 76' lang='lat' dir='ltr'><strong>magis</strong></span> 
     </span>
    </p>
   </div>
   <div class='ocr_carea' id='block_1_122' title="bbox 1926 3410 3508 3479">
    <p class='ocr_par' dir='ltr' id='par_1_122' title="bbox 1926 3410 3508 3479">
     <span class='ocr_line' id='line_1_122' title="bbox 1926 3410 3508 3479; baseline -0.003 -11"><span class='ocrx_word' id='word_1_839' title='bbox 1926 3415 2178 3468; x_wconf 86' lang='lat' dir='ltr'><strong>convenit</strong></span> <span class='ocrx_word' id='word_1_840' title='bbox 2202 3414 2362 3467; x_wconf 89' lang='lat' dir='ltr'><strong>Zarat</strong></span> <span class='ocrx_word' id='word_1_841' title='bbox 2392 3412 2521 3468; x_wconf 91' lang='lat' dir='ltr'><strong>urbs</strong></span> <span class='ocrx_word' id='word_1_842' title='bbox 2543 3413 2595 3467; x_wconf 92' lang='lat' dir='ltr'><strong>in</strong></span> <span class='ocrx_word' id='word_1_843' title='bbox 2624 3410 2893 3477; x_wconf 88' lang='lat' dir='ltr'><strong>Numidia,</strong></span> <span class='ocrx_word' id='word_1_844' title='bbox 2924 3426 3082 3479; x_wconf 90' lang='lat' dir='ltr'><strong>quam</strong></span> <span class='ocrx_word' id='word_1_845' title='bbox 3119 3424 3310 3478; x_wconf 90' lang='lat' dir='ltr'><strong>nempe</strong></span> <span class='ocrx_word' id='word_1_846' title='bbox 3340 3424 3508 3479; x_wconf 90' lang='lat' dir='ltr'><strong>prope</strong></span> 
     </span>
    </p>
   </div>
   <div class='ocr_carea' id='block_1_123' title="bbox 1930 3481 3147 3539">
    <p class='ocr_par' dir='ltr' id='par_1_123' title="bbox 1930 3481 3147 3539">
     <span class='ocr_line' id='line_1_123' title="bbox 1930 3481 3147 3539; baseline -0.003 0"><span class='ocrx_word' id='word_1_847' title='bbox 1930 3484 2247 3539; x_wconf 83' lang='lat' dir='ltr'><strong>Lamasbam</strong></span> <span class='ocrx_word' id='word_1_848' title='bbox 2282 3487 2419 3539; x_wconf 86' lang='lat' dir='ltr'><strong>locat</strong></span> <span class='ocrx_word' id='word_1_849' title='bbox 2440 3482 2742 3538; x_wconf 86' lang='lat' dir='ltr'><strong>Antoninus</strong></span> <span class='ocrx_word' id='word_1_850' title='bbox 2763 3482 2815 3537; x_wconf 92' lang='lat' dir='ltr'><strong>in</strong></span> <span class='ocrx_word' id='word_1_851' title='bbox 2848 3481 3147 3537; x_wconf 90' lang='lat' dir='ltr'><strong>ltinerario.</strong></span> 
     </span>
    </p>
   </div>
   <div class='ocr_carea' id='block_1_124' title="bbox 2006 3550 3506 3622">
    <p class='ocr_par' dir='ltr' id='par_1_124' title="bbox 2006 3550 3506 3622">
     <span class='ocr_line' id='line_1_124' title="bbox 2006 3550 3506 3622; baseline -0.003 -13"><span class='ocrx_word' id='word_1_852' title='bbox 2006 3555 2124 3610; x_wconf 82' lang='grc'><strong>121.</strong></span> <span class='ocrx_word' id='word_1_853' title='bbox 2161 3555 2238 3609; x_wconf 75' lang='lat' dir='ltr'><strong>De</strong></span> <span class='ocrx_word' id='word_1_854' title='bbox 2269 3556 2405 3611; x_wconf 89' lang='lat' dir='ltr'><strong>thu</strong></span> <span class='ocrx_word' id='word_1_855' title='bbox 2436 3554 2657 3610; x_wconf 72' lang='lat' dir='ltr'><strong>Tuum.</strong></span> <span class='ocrx_word' id='word_1_856' title='bbox 2690 3554 2837 3611; x_wconf 87' lang='lat' dir='ltr'><strong>Hanc</strong></span> <span class='ocrx_word' id='word_1_857' title='bbox 2866 3553 3054 3608; x_wconf 91' lang='lat' dir='ltr'><strong>urbem</strong></span> <span class='ocrx_word' id='word_1_858' title='bbox 3074 3551 3217 3622; x_wconf 89' lang='lat' dir='ltr'><strong>apud</strong></span> <span class='ocrx_word' id='word_1_859' title='bbox 3241 3550 3506 3608; x_wconf 87' lang='lat' dir='ltr'><strong>Ortelium</strong></span> 
     </span>
    </p>
   </div>
   <div class='ocr_carea' id='block_1_125' title="bbox 1929 3625 3283 3695">
    <p class='ocr_par' dir='ltr' id='par_1_125' title="bbox 1929 3625 3283 3695">
     <span class='ocr_line' id='line_1_125' title="bbox 1929 3625 3283 3695; baseline -0.004 -13"><span class='ocrx_word' id='word_1_860' title='bbox 1929 3641 1998 3682; x_wconf 83' lang='lat' dir='ltr'><strong>ex</strong></span> <span class='ocrx_word' id='word_1_861' title='bbox 2042 3626 2228 3681; x_wconf 90' lang='lat' dir='ltr'><strong>codice</strong></span> <span class='ocrx_word' id='word_1_862' title='bbox 2256 3626 2452 3681; x_wconf 84' lang='lat' dir='ltr'><strong>llalleri</strong></span> <span class='ocrx_word' id='word_1_863' title='bbox 2482 3626 2721 3695; x_wconf 87' lang='lat' dir='ltr'><strong>reperire</strong></span> <span class='ocrx_word' id='word_1_864' title='bbox 2748 3639 2852 3679; x_wconf 93' lang='lat' dir='ltr'><strong>non</strong></span> <span class='ocrx_word' id='word_1_865' title='bbox 2883 3625 3048 3679; x_wconf 86' lang='lat' dir='ltr'><strong>licuit.</strong></span> <span class='ocrx_word' id='word_1_866' title='bbox 3280 3638 3283 3643; x_wconf 56' lang='grc' dir='ltr'><strong><em>ί</em></strong></span> 
     </span>
    </p>
   </div>
   <div class='ocr_carea' id='block_1_126' title="bbox 2004 3694 3507 3763">
    <p class='ocr_par' dir='ltr' id='par_1_126' title="bbox 2004 3694 3507 3763">
     <span class='ocr_line' id='line_1_126' title="bbox 2004 3694 3507 3763; baseline -0.001 -14"><span class='ocrx_word' id='word_1_867' title='bbox 2004 3696 2123 3750; x_wconf 84' lang='grc'><strong>122.</strong></span> <span class='ocrx_word' id='word_1_868' title='bbox 2160 3694 2586 3753; x_wconf 72' lang='lat' dir='ltr'><strong>LAIIGGIGBNSIS.</strong></span> <span class='ocrx_word' id='word_1_869' title='bbox 2624 3697 2698 3751; x_wconf 94' lang='lat' dir='ltr'><strong>De</strong></span> <span class='ocrx_word' id='word_1_870' title='bbox 2740 3694 2840 3749; x_wconf 92' lang='lat' dir='ltr'><strong>hac</strong></span> <span class='ocrx_word' id='word_1_871' title='bbox 2876 3695 3005 3750; x_wconf 91' lang='lat' dir='ltr'><strong>sede</strong></span> <span class='ocrx_word' id='word_1_872' title='bbox 3031 3703 3205 3750; x_wconf 86' lang='lat' dir='ltr'><strong>actum</strong></span> <span class='ocrx_word' id='word_1_873' title='bbox 3236 3701 3318 3749; x_wconf 91' lang='lat' dir='ltr'><strong>est</strong></span> <span class='ocrx_word' id='word_1_874' title='bbox 3347 3707 3507 3763; x_wconf 83' lang='lat' dir='ltr'><strong>supra</strong></span> 
     </span>
    </p>
   </div>
   <div class='ocr_carea' id='block_1_127' title="bbox 1932 3768 2234 3823">
    <p class='ocr_par' dir='ltr' id='par_1_127' title="bbox 1932 3768 2234 3823">
     <span class='ocr_line' id='line_1_127' title="bbox 1932 3768 2234 3823; baseline 0 -2"><span class='ocrx_word' id='word_1_875' title='bbox 1932 3784 2078 3823; x_wconf 88' lang='lat' dir='ltr'><strong>num.</strong></span> <span class='ocrx_word' id='word_1_876' title='bbox 2111 3768 2234 3823; x_wconf 84' lang='grc'><strong>101.</strong></span> 
     </span>
    </p>
   </div>
   <div class='ocr_carea' id='block_1_128' title="bbox 2004 3833 3507 3906">
    <p class='ocr_par' dir='ltr' id='par_1_128' title="bbox 2004 3833 3507 3906">
     <span class='ocr_line' id='line_1_128' title="bbox 2004 3833 3507 3906; baseline -0.002 -14"><span class='ocrx_word' id='word_1_877' title='bbox 2004 3840 2124 3893; x_wconf 87' lang='grc'><strong>125.</strong></span> <span class='ocrx_word' id='word_1_878' title='bbox 2160 3838 2558 3893; x_wconf 76' lang='lat' dir='ltr'><strong>VlCOPACENSIS.</strong></span> <span class='ocrx_word' id='word_1_879' title='bbox 2619 3837 2784 3902; x_wconf 90' lang='lat' dir='ltr'><strong>Hujus</strong></span> <span class='ocrx_word' id='word_1_880' title='bbox 2827 3836 3009 3906; x_wconf 92' lang='lat' dir='ltr'><strong>oppidi</strong></span> <span class='ocrx_word' id='word_1_881' title='bbox 3052 3851 3245 3891; x_wconf 92' lang='lat' dir='ltr'><strong>nomen</strong></span> <span class='ocrx_word' id='word_1_882' title='bbox 3292 3844 3407 3899; x_wconf 89' lang='lat' dir='ltr'><strong>est,</strong></span> <span class='ocrx_word' id='word_1_883' title='bbox 3452 3833 3507 3889; x_wconf 90' lang='lat' dir='ltr'><strong>ni</strong></span> 
     </span>
    </p>
   </div>
   <div class='ocr_carea' id='block_1_129' title="bbox 1933 3906 3509 3975">
    <p class='ocr_par' dir='ltr' id='par_1_129' title="bbox 1933 3906 3509 3975">
     <span class='ocr_line' id='line_1_129' title="bbox 1933 3906 3509 3975; baseline -0.003 -11"><span class='ocrx_word' id='word_1_884' title='bbox 1933 3909 2107 3975; x_wconf 90' lang='lat' dir='ltr'><strong>fallor,</strong></span> <span class='ocrx_word' id='word_1_885' title='bbox 2140 3908 2294 3962; x_wconf 85' lang='lat' dir='ltr'><strong>Vicus</strong></span> <span class='ocrx_word' id='word_1_886' title='bbox 2318 3908 2492 3961; x_wconf 86' lang='lat' dir='ltr'><strong>Pacis.</strong></span> <span class='ocrx_word' id='word_1_887' title='bbox 2514 3908 2648 3963; x_wconf 91' lang='lat' dir='ltr'><strong>Cod.</strong></span> <span class='ocrx_word' id='word_1_888' title='bbox 2682 3908 2880 3963; x_wconf 86' lang='lat' dir='ltr'><strong>Halleri</strong></span> <span class='ocrx_word' id='word_1_889' title='bbox 2908 3907 3067 3960; x_wconf 88' lang='lat' dir='ltr'><strong>habet</strong></span> <span class='ocrx_word' id='word_1_890' title='bbox 3105 3906 3509 3974; x_wconf 75' lang='lat' dir='ltr'><strong>Vicuspacensis.</strong></span> 
     </span>
    </p>
   </div>
   <div class='ocr_carea' id='block_1_130' title="bbox 1932 3976 3511 4046">
    <p class='ocr_par' dir='ltr' id='par_1_130' title="bbox 1932 3976 3511 4046">
     <span class='ocr_line' id='line_1_130' title="bbox 1932 3976 3511 4046; baseline -0.005 -11"><span class='ocrx_word' id='word_1_891' title='bbox 1932 3980 2115 4035; x_wconf 83' lang='lat' dir='ltr'><strong>Adfuit</strong></span> <span class='ocrx_word' id='word_1_892' title='bbox 2144 3980 2426 4034; x_wconf 85' lang='lat' dir='ltr'><strong>Collatiotti</strong></span> <span class='ocrx_word' id='word_1_893' title='bbox 2458 3978 2711 4046; x_wconf 70' lang='lat' dir='ltr'><strong>Cartltag.</strong></span> <span class='ocrx_word' id='word_1_894' title='bbox 2740 3992 2859 4046; x_wconf 87' lang='lat' dir='ltr'><strong>cap.</strong></span> <span class='ocrx_word' id='word_1_895' title='bbox 2895 3978 2998 4032; x_wconf 75' lang='grc'><strong>145</strong></span> <span class='ocrx_word' id='word_1_896' title='bbox 3040 3977 3269 4030; x_wconf 80' lang='lat' dir='ltr'><strong>Asterius</strong></span> <span class='ocrx_word' id='word_1_897' title='bbox 3311 3976 3511 4046; x_wconf 85' lang='lat' dir='ltr'><strong>episco-</strong></span> 
     </span>
    </p>
   </div>
   <div class='ocr_carea' id='block_1_131' title="bbox 1932 4045 3507 4120">
    <p class='ocr_par' dir='ltr' id='par_1_131' title="bbox 1932 4045 3507 4120">
     <span class='ocr_line' id='line_1_131' title="bbox 1932 4045 3507 4120; baseline -0.004 -16"><span class='ocrx_word' id='word_1_898' title='bbox 1932 4068 2025 4120; x_wconf 87' lang='lat' dir='ltr'><strong>pus</strong></span> <span class='ocrx_word' id='word_1_899' title='bbox 2054 4050 2213 4119; x_wconf 84' lang='lat' dir='ltr'><strong>plebis</strong></span> <span class='ocrx_word' id='word_1_900' title='bbox 2256 4049 2498 4120; x_wconf 82' lang='lat' dir='ltr'><strong>Vicensis.</strong></span> <span class='ocrx_word' id='word_1_901' title='bbox 2522 4064 2643 4103; x_wconf 83' lang='lat' dir='ltr'><strong>cum</strong></span> <span class='ocrx_word' id='word_1_902' title='bbox 2663 4045 2884 4120; x_wconf 79' lang='lat' dir='ltr'><strong>Urbano</strong></span> <span class='ocrx_word' id='word_1_903' title='bbox 2911 4047 3166 4120; x_wconf 82' lang='lat' dir='ltr'><strong>episcopo</strong></span> <span class='ocrx_word' id='word_1_904' title='bbox 3200 4045 3474 4099; x_wconf 88' lang='lat' dir='ltr'><strong>Donatista</strong></span> <span class='ocrx_word' id='word_1_905' title='bbox 3492 4084 3507 4108; x_wconf 88' lang='lat'><strong>,</strong></span> 
     </span>
    </p>
   </div>
   <div class='ocr_carea' id='block_1_132' title="bbox 1932 4118 3511 4244">
    <p class='ocr_par' dir='ltr' id='par_1_132' title="bbox 1932 4118 3511 4244">
     <span class='ocr_line' id='line_1_132' title="bbox 1932 4118 3511 4244; baseline -0.002 -70"><span class='ocrx_word' id='word_1_906' title='bbox 1932 4118 2019 4190; x_wconf 85' lang='lat' dir='ltr'><strong>qui</strong></span> <span class='ocrx_word' id='word_1_907' title='bbox 2051 4135 2168 4244; x_wconf 74' lang='lat' dir='ltr'><strong>cap.</strong></span> <span class='ocrx_word' id='word_1_908' title='bbox 2207 4119 2315 4176; x_wconf 88' lang='grc'><strong>206</strong></span> <span class='ocrx_word' id='word_1_909' title='bbox 2350 4120 2620 4190; x_wconf 79' lang='lat' dir='ltr'><strong>episcOpus</strong></span> <span class='ocrx_word' id='word_1_910' title='bbox 2662 4119 2884 4174; x_wconf 86' lang='lat' dir='ltr'><strong>Vicensis</strong></span> <span class='ocrx_word' id='word_1_911' title='bbox 2926 4118 3151 4199; x_wconf 77' lang='lat' dir='ltr'><strong>dicitur,</strong></span> <span class='ocrx_word' id='word_1_912' title='bbox 3196 4131 3295 4198; x_wconf 81' lang='lat' dir='ltr'><strong>nec</strong></span> <span class='ocrx_word' id='word_1_913' title='bbox 3334 4125 3511 4171; x_wconf 85' lang='lat' dir='ltr'><strong>tamen</strong></span> 
     </span>
     <span class='ocr_line' id='line_1_133' title="bbox 1932 4186 3511 4244; baseline -0.003 0"><span class='ocrx_word' id='word_1_914' title='bbox 1932 4207 2052 4244; x_wconf 89' lang='lat' dir='ltr'><strong>sese</strong></span> <span class='ocrx_word' id='word_1_915' title='bbox 2081 4207 2109 4244; x_wconf 87' lang='lat' dir='ltr'><strong>a</strong></span> <span class='ocrx_word' id='word_1_916' title='bbox 2138 4200 2394 4244; x_wconf 90' lang='lat' dir='ltr'><strong>terutrum</strong></span> <span class='ocrx_word' id='word_1_917' title='bbox 2428 4199 2706 4244; x_wconf 85' lang='lat' dir='ltr'><strong>noverant.</strong></span> <span class='ocrx_word' id='word_1_918' title='bbox 2740 4188 2833 4243; x_wconf 89' lang='lat' dir='ltr'><strong>His</strong></span> <span class='ocrx_word' id='word_1_919' title='bbox 2859 4189 2991 4243; x_wconf 89' lang='lat' dir='ltr'><strong>locis</strong></span> <span class='ocrx_word' id='word_1_920' title='bbox 3023 4195 3379 4244; x_wconf 84' lang='lat' dir='ltr'><strong>tnsusmcatur</strong></span> <span class='ocrx_word' id='word_1_921' title='bbox 3411 4186 3511 4240; x_wconf 87' lang='lat' dir='ltr'><strong>Ba-</strong></span> 
     </span>
    </p>
   </div>
   <div class='ocr_carea' id='block_1_133' title="bbox 1932 4186 3511 4256">
    <p class='ocr_par' dir='ltr' id='par_1_133' title="bbox 1932 4186 3511 4256">
     <span class='ocr_line' id='line_1_134' title="bbox 1932 4186 3511 4256; baseline -0.004 -10"><span class='ocrx_word' id='word_1_922' title='bbox 1932 4186 2052 4246; x_wconf 80' lang='lat' dir='ltr'><strong>sese</strong></span> <span class='ocrx_word' id='word_1_923' title='bbox 2081 4186 2394 4245; x_wconf 85' lang='lat' dir='ltr'><strong>alterutrum</strong></span> <span class='ocrx_word' id='word_1_924' title='bbox 2428 4186 2706 4245; x_wconf 75' lang='lat' dir='ltr'><strong>noverant.</strong></span> <span class='ocrx_word' id='word_1_925' title='bbox 2740 4188 2833 4243; x_wconf 89' lang='lat' dir='ltr'><strong>His</strong></span> <span class='ocrx_word' id='word_1_926' title='bbox 2859 4189 2991 4243; x_wconf 89' lang='lat' dir='ltr'><strong>locis</strong></span> <span class='ocrx_word' id='word_1_927' title='bbox 3023 4187 3379 4256; x_wconf 86' lang='lat' dir='ltr'><strong>insuspicatur</strong></span> <span class='ocrx_word' id='word_1_928' title='bbox 3411 4186 3511 4240; x_wconf 87' lang='lat' dir='ltr'><strong>Ba-</strong></span> 
     </span>
    </p>
   </div>
   <div class='ocr_carea' id='block_1_134' title="bbox 1937 4256 3510 4332">
    <p class='ocr_par' dir='ltr' id='par_1_134' title="bbox 1937 4256 3510 4332">
     <span class='ocr_line' id='line_1_135' title="bbox 1937 4256 3510 4332; baseline -0.004 -15"><span class='ocrx_word' id='word_1_929' title='bbox 1937 4263 2107 4317; x_wconf 82' lang='lat' dir='ltr'><strong>luzius</strong></span> <span class='ocrx_word' id='word_1_930' title='bbox 2150 4261 2497 4332; x_wconf 82' lang='lat' dir='ltr'><strong>Vicipacensis</strong></span> <span class='ocrx_word' id='word_1_931' title='bbox 2541 4262 2850 4332; x_wconf 87' lang='lat' dir='ltr'><strong>episcopum</strong></span> <span class='ocrx_word' id='word_1_932' title='bbox 2899 4257 3170 4332; x_wconf 68' lang='lat' dir='ltr'><strong>designari</strong></span> <span class='ocrx_word' id='word_1_933' title='bbox 3188 4298 3221 4332; x_wconf 85' lang='lat'><strong>,_</strong></span> <span class='ocrx_word' id='word_1_934' title='bbox 3245 4256 3510 4332; x_wconf 62' lang='lat' dir='ltr'><strong>quamvis,</strong></span> 
     </span>
    </p>
   </div>
   <div class='ocr_carea' id='block_1_135' title="bbox 1936 4325 3513 4403">
    <p class='ocr_par' dir='ltr' id='par_1_135' title="bbox 1936 4325 3513 4403">
     <span class='ocr_line' id='line_1_136' title="bbox 1936 4325 3513 4403; baseline -0.006 -15"><span class='ocrx_word' id='word_1_935' title='bbox 1936 4343 1993 4389; x_wconf 92' lang='lat' dir='ltr'><strong>ut</strong></span> <span class='ocrx_word' id='word_1_936' title='bbox 2018 4335 2243 4403; x_wconf 86' lang='lat' dir='ltr'><strong>ipsemet</strong></span> <span class='ocrx_word' id='word_1_937' title='bbox 2266 4325 2635 4401; x_wconf 83' lang='lat' dir='ltr'><strong>prosequitur,</strong></span> <span class='ocrx_word' id='word_1_938' title='bbox 2664 4325 2782 4385; x_wconf 59' lang='lat' dir='ltr'><strong>alia:</strong></span> <span class='ocrx_word' id='word_1_939' title='bbox 2803 4329 2911 4403; x_wconf 90' lang='lat' dir='ltr'><strong>si_nt</strong></span> <span class='ocrx_word' id='word_1_940' title='bbox 2934 4325 3096 4384; x_wconf 84' lang='lat' dir='ltr'><strong>urbes</strong></span> <span class='ocrx_word' id='word_1_941' title='bbox 3123 4329 3173 4381; x_wconf 90' lang='lat' dir='ltr'><strong>in</strong></span> <span class='ocrx_word' id='word_1_942' title='bbox 3196 4325 3373 4403; x_wconf 71' lang='lat' dir='ltr'><strong>Africa</strong></span> <span class='ocrx_word' id='word_1_943' title='bbox 3403 4325 3513 4380; x_wconf 85' lang='lat' dir='ltr'><strong>Vici</strong></span> 
     </span>
    </p>
   </div>
   <div class='ocr_carea' id='block_1_136' title="bbox 1934 4397 3509 4468">
    <p class='ocr_par' dir='ltr' id='par_1_136' title="bbox 1934 4397 3509 4468">
     <span class='ocr_line' id='line_1_137' title="bbox 1934 4397 3509 4468; baseline -0.006 -9"><span class='ocrx_word' id='word_1_944' title='bbox 1934 4397 2108 4459; x_wconf 67' lang='lat' dir='ltr'><strong>dictaa.</strong></span> <span class='ocrx_word' id='word_1_945' title='bbox 2142 4397 2331 4458; x_wconf 80' lang='lat' dir='ltr'><strong>Melius</strong></span> <span class='ocrx_word' id='word_1_946' title='bbox 2362 4397 2465 4456; x_wconf 77' lang='lat' dir='ltr'><strong>huc</strong></span> <span class='ocrx_word' id='word_1_947' title='bbox 2508 4412 2786 4457; x_wconf 90' lang='lat' dir='ltr'><strong>revocatur</strong></span> <span class='ocrx_word' id='word_1_948' title='bbox 2824 4398 3191 4455; x_wconf 85' lang='lat' dir='ltr'><strong>Florentianus</strong></span> <span class='ocrx_word' id='word_1_949' title='bbox 3224 4397 3509 4468; x_wconf 83' lang='lat' dir='ltr'><strong>Vicopaca-</strong></span> 
     </span>
    </p>
   </div>
   <div class='ocr_carea' id='block_1_137' title="bbox 1935 4468 3513 4543">
    <p class='ocr_par' dir='ltr' id='par_1_137' title="bbox 1935 4468 3513 4543">
     <span class='ocr_line' id='line_1_138' title="bbox 1935 4468 3513 4543; baseline -0.004 -14"><span class='ocrx_word' id='word_1_950' title='bbox 1935 4476 2088 4529; x_wconf 80' lang='lat' dir='ltr'><strong>tensis</strong></span> <span class='ocrx_word' id='word_1_951' title='bbox 2107 4490 2171 4529; x_wconf 81' lang='lat' dir='ltr'><strong>ex</strong></span> <span class='ocrx_word' id='word_1_952' title='bbox 2187 4473 2434 4529; x_wconf 88' lang='lat' dir='ltr'><strong>Numidia</strong></span> <span class='ocrx_word' id='word_1_953' title='bbox 2455 4473 2658 4543; x_wconf 73' lang='lat' dir='ltr'><strong>legatus</strong></span> <span class='ocrx_word' id='word_1_954' title='bbox 2677 4474 2729 4527; x_wconf 94' lang='lat' dir='ltr'><strong>in</strong></span> <span class='ocrx_word' id='word_1_955' title='bbox 2750 4472 2980 4543; x_wconf 89' lang='lat' dir='ltr'><strong>concilio</strong></span> <span class='ocrx_word' id='word_1_956' title='bbox 2992 4468 3394 4543; x_wconf 67' lang='lat' dir='ltr'><strong>Carthagittensi</strong></span> <span class='ocrx_word' id='word_1_957' title='bbox 3412 4469 3513 4523; x_wconf 90' lang='lat' dir='ltr'><strong>sub</strong></span> 
     </span>
    </p>
   </div>
   <div class='ocr_carea' id='block_1_138' title="bbox 1938 4540 3437 4612">
    <p class='ocr_par' dir='ltr' id='par_1_138' title="bbox 1938 4540 3437 4612">
     <span class='ocr_line' id='line_1_139' title="bbox 1938 4540 3437 4612; baseline -0.004 -13"><span class='ocrx_word' id='word_1_958' title='bbox 1938 4545 2211 4600; x_wconf 80' lang='lat' dir='ltr'><strong>Bonifacio</strong></span> <span class='ocrx_word' id='word_1_959' title='bbox 2240 4559 2382 4598; x_wconf 84' lang='lat' dir='ltr'><strong>anno</strong></span> <span class='ocrx_word' id='word_1_960' title='bbox 2408 4540 2520 4599; x_wconf 62' lang='grc'><strong>525⁷</strong></span> <span class='ocrx_word' id='word_1_961' title='bbox 2538 4544 2627 4612; x_wconf 92' lang='lat' dir='ltr'><strong>qui</strong></span> <span class='ocrx_word' id='word_1_962' title='bbox 2648 4554 2703 4597; x_wconf 93' lang='lat' dir='ltr'><strong>et</strong></span> <span class='ocrx_word' id='word_1_963' title='bbox 2729 4542 2801 4597; x_wconf 92' lang='lat' dir='ltr'><strong>ibi</strong></span> <span class='ocrx_word' id='word_1_964' title='bbox 2832 4543 3027 4597; x_wconf 91' lang='lat' dir='ltr'><strong>dicitur</strong></span> <span class='ocrx_word' id='word_1_965' title='bbox 3060 4540 3437 4607; x_wconf 84' lang='lat' dir='ltr'><strong>Vicopacensis.</strong></span> 
     </span>
    </p>
   </div>
   <div class='ocr_carea' id='block_1_139' title="bbox 2012 4612 3516 4671">
    <p class='ocr_par' dir='ltr' id='par_1_139' title="bbox 2012 4612 3516 4671">
     <span class='ocr_line' id='line_1_140' title="bbox 2012 4612 3516 4671; baseline -0.005 0"><span class='ocrx_word' id='word_1_966' title='bbox 2012 4616 2169 4671; x_wconf 75' lang='grc'><strong>⁸124.</strong></span> <span class='ocrx_word' id='word_1_967' title='bbox 2191 4616 2336 4670; x_wconf 72' lang='lat' dir='ltr'><strong>Sum</strong></span> <span class='ocrx_word' id='word_1_968' title='bbox 2362 4629 2577 4669; x_wconf 62' lang='grc' dir='ltr'><strong>κυριεκο</strong></span> <span class='ocrx_word' id='word_1_969' title='bbox 2602 4614 2726 4669; x_wconf 89' lang='grc'><strong>125.</strong></span> <span class='ocrx_word' id='word_1_970' title='bbox 2748 4613 2947 4668; x_wconf 87' lang='lat' dir='ltr'><strong>Tamen</strong></span> <span class='ocrx_word' id='word_1_971' title='bbox 2972 4613 3179 4667; x_wconf 90' lang='lat' dir='ltr'><strong>nonnisi</strong></span> <span class='ocrx_word' id='word_1_972' title='bbox 3211 4612 3312 4665; x_wconf 75' lang='grc'><strong>125</strong></span> <span class='ocrx_word' id='word_1_973' title='bbox 3331 4624 3516 4666; x_wconf 86' lang='lat' dir='ltr'><strong>recen-</strong></span> 
     </span>
    </p>
   </div>
   <div class='ocr_carea' id='block_1_140' title="bbox 1938 4681 3513 4754">
    <p class='ocr_par' dir='ltr' id='par_1_140' title="bbox 1938 4681 3513 4754">
     <span class='ocr_line' id='line_1_141' title="bbox 1938 4681 3513 4754; baseline -0.004 -11"><span class='ocrx_word' id='word_1_974' title='bbox 1938 4697 2159 4752; x_wconf 88' lang='lat' dir='ltr'><strong>sentur;</strong></span> <span class='ocrx_word' id='word_1_975' title='bbox 2193 4685 2435 4742; x_wconf 92' lang='lat' dir='ltr'><strong>nonnulli</strong></span> <span class='ocrx_word' id='word_1_976' title='bbox 2461 4686 2687 4741; x_wconf 89' lang='lat' dir='ltr'><strong>fortasse</strong></span> <span class='ocrx_word' id='word_1_977' title='bbox 2709 4699 2803 4754; x_wconf 91' lang='lat' dir='ltr'><strong>per</strong></span> <span class='ocrx_word' id='word_1_978' title='bbox 2824 4684 3225 4739; x_wconf 87' lang='lat' dir='ltr'><strong>amanuensium</strong></span> <span class='ocrx_word' id='word_1_979' title='bbox 3255 4681 3513 4737; x_wconf 85' lang='lat' dir='ltr'><strong>incuriam</strong></span> 
     </span>
    </p>
   </div>
   <div class='ocr_carea' id='block_1_141' title="bbox 1937 4758 2205 4814">
    <p class='ocr_par' dir='ltr' id='par_1_141' title="bbox 1937 4758 2205 4814">
     <span class='ocr_line' id='line_1_142' title="bbox 1937 4758 2205 4814; baseline -0.015 0"><span class='ocrx_word' id='word_1_980' title='bbox 1937 4758 2205 4814; x_wconf 88' lang='lat' dir='ltr'><strong>excidere.</strong></span> 
     </span>
    </p>
   </div>
   <div class='ocr_carea' id='block_1_142' title="bbox 2197 4868 3220 4926">
    <p class='ocr_par' dir='ltr' id='par_1_142' title="bbox 2197 4868 3220 4926">
     <span class='ocr_line' id='line_1_143' title="bbox 2197 4868 3220 4926; baseline -0.002 -1"><span class='ocrx_word' id='word_1_981' title='bbox 2197 4871 2287 4925; x_wconf 89' lang='lat' dir='ltr'><strong>AD</strong></span> <span class='ocrx_word' id='word_1_982' title='bbox 2326 4868 2742 4926; x_wconf 79' lang='lat' dir='ltr'><strong>PHOVINCIAM</strong></span> <span class='ocrx_word' id='word_1_983' title='bbox 2783 4869 3220 4926; x_wconf 80' lang='lat' dir='ltr'><strong>BYZACENAM.</strong></span> 
     </span>
    </p>
   </div>
   <div class='ocr_carea' id='block_1_143' title="bbox 2014 4962 3514 5028">
    <p class='ocr_par' dir='ltr' id='par_1_143' title="bbox 2014 4962 3514 5028">
     <span class='ocr_line' id='line_1_144' title="bbox 2014 4962 3514 5028; baseline -0.001 -9"><span class='ocrx_word' id='word_1_984' title='bbox 2014 4965 2031 4986; x_wconf 84' lang='grc'>⁶</span> <span class='ocrx_word' id='word_1_985' title='bbox 2054 4964 2480 5021; x_wconf 65' lang='grc' dir='ltr'><strong>νΑεειιυεεεκειει</strong></span> <span class='ocrx_word' id='word_1_986' title='bbox 2508 4979 2574 5018; x_wconf 79' lang='grc' dir='ltr'><strong>ετ</strong></span> <span class='ocrx_word' id='word_1_987' title='bbox 2601 4966 2783 5028; x_wconf 75' lang='grc' dir='ltr'><strong>Λρυιε.</strong></span> <span class='ocrx_word' id='word_1_988' title='bbox 2815 4963 2939 5019; x_wconf 76' lang='lat' dir='ltr'><strong>Hzec</strong></span> <span class='ocrx_word' id='word_1_989' title='bbox 2968 4964 3129 5019; x_wconf 86' lang='lat' dir='ltr'><strong>verba</strong></span> <span class='ocrx_word' id='word_1_990' title='bbox 3160 4966 3211 5019; x_wconf 89' lang='lat' dir='ltr'><strong>in</strong></span> <span class='ocrx_word' id='word_1_991' title='bbox 3242 4962 3396 5017; x_wconf 89' lang='lat' dir='ltr'><strong>editis</strong></span> <span class='ocrx_word' id='word_1_992' title='bbox 3425 4977 3514 5017; x_wconf 82' lang='lat' dir='ltr'><strong>re-</strong></span> 
     </span>
    </p>
   </div>
   <div class='ocr_carea' id='block_1_144' title="bbox 1944 5032 3517 5105">
    <p class='ocr_par' dir='ltr' id='par_1_144' title="bbox 1944 5032 3517 5105">
     <span class='ocr_line' id='line_1_145' title="bbox 1944 5032 3517 5105; baseline -0.001 -17"><span class='ocrx_word' id='word_1_993' title='bbox 1944 5032 2187 5091; x_wconf 92' lang='lat' dir='ltr'><strong>feruntur</strong></span> <span class='ocrx_word' id='word_1_994' title='bbox 2219 5047 2338 5103; x_wconf 84' lang='lat' dir='ltr'><strong>post</strong></span> <span class='ocrx_word' id='word_1_995' title='bbox 2386 5034 2593 5105; x_wconf 88' lang='lat' dir='ltr'><strong>aliquot</strong></span> <span class='ocrx_word' id='word_1_996' title='bbox 2628 5044 2855 5104; x_wconf 90' lang='lat' dir='ltr'><strong>puncta,</strong></span> <span class='ocrx_word' id='word_1_997' title='bbox 2901 5035 3063 5089; x_wconf 89' lang='lat' dir='ltr'><strong>veluti</strong></span> <span class='ocrx_word' id='word_1_998' title='bbox 3095 5036 3140 5088; x_wconf 91' lang='lat' dir='ltr'><strong>si</strong></span> <span class='ocrx_word' id='word_1_999' title='bbox 3180 5034 3320 5103; x_wconf 89' lang='lat' dir='ltr'><strong>quod</strong></span> <span class='ocrx_word' id='word_1_1000' title='bbox 3373 5034 3517 5102; x_wconf 88' lang='lat' dir='ltr'><strong>prius</strong></span> 
     </span>
    </p>
   </div>
   <div class='ocr_carea' id='block_1_145' title="bbox 1943 5105 3517 5176">
    <p class='ocr_par' dir='ltr' id='par_1_145' title="bbox 1943 5105 3517 5176">
     <span class='ocr_line' id='line_1_146' title="bbox 1943 5105 3517 5176; baseline -0.001 -15"><span class='ocrx_word' id='word_1_1001' title='bbox 1943 5115 2061 5161; x_wconf 87' lang='lat' dir='ltr'><strong>erat</strong></span> <span class='ocrx_word' id='word_1_1002' title='bbox 2086 5107 2137 5161; x_wconf 92' lang='lat' dir='ltr'><strong>in</strong></span> <span class='ocrx_word' id='word_1_1003' title='bbox 2165 5107 2349 5161; x_wconf 77' lang='lat' dir='ltr'><strong>wdice</strong></span> <span class='ocrx_word' id='word_1_1004' title='bbox 2378 5106 2495 5176; x_wconf 79' lang='lat' dir='ltr'><strong>legi-</strong></span> <span class='ocrx_word' id='word_1_1005' title='bbox 2522 5121 2626 5159; x_wconf 87' lang='lat' dir='ltr'><strong>non</strong></span> <span class='ocrx_word' id='word_1_1006' title='bbox 2667 5105 2945 5174; x_wconf 86' lang='lat' dir='ltr'><strong>potuisset.</strong></span> <span class='ocrx_word' id='word_1_1007' title='bbox 2973 5108 3042 5161; x_wconf 92' lang='lat' dir='ltr'><strong>At</strong></span> <span class='ocrx_word' id='word_1_1008' title='bbox 3080 5121 3178 5158; x_wconf 88' lang='lat' dir='ltr'><strong>nos</strong></span> <span class='ocrx_word' id='word_1_1009' title='bbox 3222 5122 3287 5159; x_wconf 81' lang='lat' dir='ltr'><strong>ea</strong></span> <span class='ocrx_word' id='word_1_1010' title='bbox 3329 5106 3517 5159; x_wconf 59' lang='lat' dir='ltr'><strong>retuli-</strong></span> 
     </span>
    </p>
   </div>
   <div class='ocr_carea' id='block_1_146' title="bbox 1945 5176 3515 5247">
    <p class='ocr_par' dir='ltr' id='par_1_146' title="bbox 1945 5176 3515 5247">
     <span class='ocr_line' id='line_1_147' title="bbox 1945 5176 3515 5247; baseline -0.002 -16"><span class='ocrx_word' id='word_1_1011' title='bbox 1945 5192 2064 5247; x_wconf 90' lang='lat' dir='ltr'><strong>mus</strong></span> <span class='ocrx_word' id='word_1_1012' title='bbox 2103 5192 2169 5232; x_wconf 91' lang='lat' dir='ltr'><strong>eo</strong></span> <span class='ocrx_word' id='word_1_1013' title='bbox 2199 5192 2417 5247; x_wconf 86' lang='lat' dir='ltr'><strong>prorsus</strong></span> <span class='ocrx_word' id='word_1_1014' title='bbox 2456 5176 2616 5247; x_wconf 90' lang='lat' dir='ltr'><strong>modo</strong></span> <span class='ocrx_word' id='word_1_1015' title='bbox 2655 5191 2761 5246; x_wconf 90' lang='lat' dir='ltr'><strong>quo</strong></span> <span class='ocrx_word' id='word_1_1016' title='bbox 2802 5176 2857 5231; x_wconf 90' lang='lat' dir='ltr'><strong>in</strong></span> <span class='ocrx_word' id='word_1_1017' title='bbox 2904 5192 3005 5231; x_wconf 92' lang='lat' dir='ltr'><strong>ms.</strong></span> <span class='ocrx_word' id='word_1_1018' title='bbox 3038 5176 3377 5233; x_wconf 84' lang='lat' dir='ltr'><strong>Laudunettsi</strong></span> <span class='ocrx_word' id='word_1_1019' title='bbox 3418 5178 3515 5230; x_wconf 63' lang='lat' dir='ltr'><strong>ba.</strong></span> 
     </span>
    </p>
   </div>
   <div class='ocr_carea' id='block_1_147' title="bbox 1946 5246 3516 5314">
    <p class='ocr_par' dir='ltr' id='par_1_147' title="bbox 1946 5246 3516 5314">
     <span class='ocr_line' id='line_1_148' title="bbox 1946 5246 3516 5314; baseline -0.001 -12"><span class='ocrx_word' id='word_1_1020' title='bbox 1946 5246 2161 5314; x_wconf 88' lang='lat' dir='ltr'><strong>bentur,</strong></span> <span class='ocrx_word' id='word_1_1021' title='bbox 2194 5246 2379 5314; x_wconf 86' lang='lat' dir='ltr'><strong>inquo</strong></span> <span class='ocrx_word' id='word_1_1022' title='bbox 2427 5246 2557 5302; x_wconf 90' lang='lat' dir='ltr'><strong>nihil</strong></span> <span class='ocrx_word' id='word_1_1023' title='bbox 2596 5248 2816 5301; x_wconf 92' lang='lat' dir='ltr'><strong>omnino</strong></span> <span class='ocrx_word' id='word_1_1024' title='bbox 2854 5248 3107 5302; x_wconf 90' lang='lat' dir='ltr'><strong>detritum</strong></span> <span class='ocrx_word' id='word_1_1025' title='bbox 3148 5258 3241 5302; x_wconf 87' lang='lat' dir='ltr'><strong>aut</strong></span> <span class='ocrx_word' id='word_1_1026' title='bbox 3288 5252 3516 5301; x_wconf 87' lang='lat' dir='ltr'><strong>lacerum</strong></span> 
     </span>
    </p>
   </div>
   <div class='ocr_carea' id='block_1_148' title="bbox 1946 5317 3519 5387">
    <p class='ocr_par' dir='ltr' id='par_1_148' title="bbox 1946 5317 3519 5387">
     <span class='ocr_line' id='line_1_149' title="bbox 1946 5317 3519 5387; baseline 0 -16"><span class='ocrx_word' id='word_1_1027' title='bbox 1946 5329 2195 5386; x_wconf 87' lang='lat' dir='ltr'><strong>apparet,</strong></span> <span class='ocrx_word' id='word_1_1028' title='bbox 2230 5318 2593 5384; x_wconf 88' lang='lat' dir='ltr'><strong>relinquentes</strong></span> <span class='ocrx_word' id='word_1_1029' title='bbox 2634 5317 2921 5386; x_wconf 88' lang='lat' dir='ltr'><strong>unicuique</strong></span> <span class='ocrx_word' id='word_1_1030' title='bbox 2955 5319 3080 5387; x_wconf 90' lang='lat' dir='ltr'><strong>qttid</strong></span> <span class='ocrx_word' id='word_1_1031' title='bbox 3115 5334 3177 5373; x_wconf 87' lang='lat' dir='ltr'><strong>ea</strong></span> <span class='ocrx_word' id='word_1_1032' title='bbox 3219 5320 3286 5373; x_wconf 89' lang='lat' dir='ltr'><strong>de</strong></span> <span class='ocrx_word' id='word_1_1033' title='bbox 3326 5335 3384 5373; x_wconf 87' lang='lat' dir='ltr'><strong>re</strong></span> <span class='ocrx_word' id='word_1_1034' title='bbox 3427 5332 3519 5371; x_wconf 76' lang='lat' dir='ltr'><strong>vo-</strong></span> 
     </span>
    </p>
   </div>
   <div class='ocr_carea' id='block_1_149' title="bbox 1947 5388 3518 5459">
    <p class='ocr_par' dir='ltr' id='par_1_149' title="bbox 1947 5388 3518 5459">
     <span class='ocr_line' id='line_1_150' title="bbox 1947 5388 3518 5459; baseline 0.001 -18"><span class='ocrx_word' id='word_1_1035' title='bbox 1947 5389 2107 5443; x_wconf 91' lang='lat' dir='ltr'><strong>luerit</strong></span> <span class='ocrx_word' id='word_1_1036' title='bbox 2140 5388 2411 5459; x_wconf 90' lang='lat' dir='ltr'><strong>judicandi</strong></span> <span class='ocrx_word' id='word_1_1037' title='bbox 2441 5388 2762 5443; x_wconf 86' lang='lat' dir='ltr'><strong>libertatem.</strong></span> <span class='ocrx_word' id='word_1_1038' title='bbox 2796 5388 2895 5443; x_wconf 76' lang='lat' dir='ltr'><strong>Vix</strong></span> <span class='ocrx_word' id='word_1_1039' title='bbox 2925 5398 3101 5444; x_wconf 86' lang='lat' dir='ltr'><strong>tamen</strong></span> <span class='ocrx_word' id='word_1_1040' title='bbox 3142 5390 3360 5443; x_wconf 87' lang='lat' dir='ltr'><strong>dubium</strong></span> <span class='ocrx_word' id='word_1_1041' title='bbox 3398 5401 3518 5443; x_wconf 74' lang='lat' dir='ltr'><strong>esse</strong></span> 
     </span>
    </p>
   </div>
   <div class='ocr_carea' id='block_1_150' title="bbox 1950 5459 3516 5530">
    <p class='ocr_par' dir='ltr' id='par_1_150' title="bbox 1950 5459 3516 5530">
     <span class='ocr_line' id='line_1_151' title="bbox 1950 5459 3516 5530; baseline 0 -19"><span class='ocrx_word' id='word_1_1042' title='bbox 1950 5469 2127 5526; x_wconf 88' lang='lat' dir='ltr'><strong>potest</strong></span> <span class='ocrx_word' id='word_1_1043' title='bbox 2169 5462 2295 5530; x_wconf 91' lang='lat' dir='ltr'><strong>quin</strong></span> <span class='ocrx_word' id='word_1_1044' title='bbox 2338 5459 2422 5514; x_wconf 88' lang='lat' dir='ltr'><strong>bis</strong></span> <span class='ocrx_word' id='word_1_1045' title='bbox 2464 5459 2683 5517; x_wconf 80' lang='lat' dir='ltr'><strong>vocibus</strong></span> <span class='ocrx_word' id='word_1_1046' title='bbox 2720 5460 2839 5513; x_wconf 66' lang='lat' dir='ltr'><strong>duae</strong></span> <span class='ocrx_word' id='word_1_1047' title='bbox 2889 5461 3045 5515; x_wconf 91' lang='lat' dir='ltr'><strong>sedes</strong></span> <span class='ocrx_word' id='word_1_1048' title='bbox 3091 5460 3377 5529; x_wconf 66' lang='lat' dir='ltr'><strong>designata:</strong></span> <span class='ocrx_word' id='word_1_1049' title='bbox 3417 5459 3516 5511; x_wconf 88' lang='lat' dir='ltr'><strong>ali-</strong></span> 
     </span>
    </p>
   </div>
   <div class='ocr_carea' id='block_1_151' title="bbox 1946 5530 3515 5608">
    <p class='ocr_par' dir='ltr' id='par_1_151' title="bbox 1946 5530 3515 5608">
     <span class='ocr_line' id='line_1_152' title="bbox 1946 5530 3515 5608; baseline -0.005 -22"><span class='ocrx_word' id='word_1_1050' title='bbox 1946 5530 2159 5608; x_wconf 85' lang='lat' dir='ltr'><strong>quando</strong></span> <span class='ocrx_word' id='word_1_1051' title='bbox 2190 5530 2625 5608; x_wconf 29' lang='lat' dir='ltr'><strong>_fuerint.‘Porr.o</strong></span> <span class='ocrx_word' id='word_1_1052' title='bbox 2669 5530 2905 5608; x_wconf 78' lang='lat' dir='ltr'><strong>Qrtelius</strong></span> <span class='ocrx_word' id='word_1_1053' title='bbox 2949 5530 3515 5608; x_wconf 37' lang='lat' dir='ltr'><strong>cita_t__Africt§Llorum</strong></span> 
     </span>
    </p>
   </div>
   <div class='ocr_carea' id='block_1_152' title="bbox 1945 5598 3515 5672">
    <p class='ocr_par' dir='ltr' id='par_1_152' title="bbox 1945 5598 3515 5672">
     <span class='ocr_line' id='line_1_153' title="bbox 1945 5598 3515 5672; baseline -0.006 -14"><span class='ocrx_word' id='word_1_1054' title='bbox 1945 5598 2279 5672; x_wconf 73' lang='lat' dir='ltr'><strong>episcopalem</strong></span> <span class='ocrx_word' id='word_1_1055' title='bbox 2311 5602 2525 5657; x_wconf 82' lang='lat' dir='ltr'><strong>nomine</strong></span> <span class='ocrx_word' id='word_1_1056' title='bbox 2562 5600 2915 5666; x_wconf 84' lang='lat' dir='ltr'><strong>Vassitanum,</strong></span> <span class='ocrx_word' id='word_1_1057' title='bbox 2939 5618 3006 5656; x_wconf 84' lang='lat' dir='ltr'><strong>ex</strong></span> <span class='ocrx_word' id='word_1_1058' title='bbox 3044 5598 3515 5672; x_wconf 66' lang='lat' dir='ltr'><strong>Victorellticensi,</strong></span> 
     </span>
    </p>
   </div>
   <div class='ocr_carea' id='block_1_153' title="bbox 1946 5667 3520 5743">
    <p class='ocr_par' dir='ltr' id='par_1_153' title="bbox 1946 5667 3520 5743">
     <span class='ocr_line' id='line_1_154' title="bbox 1946 5667 3520 5743; baseline -0.004 -14"><span class='ocrx_word' id='word_1_1059' title='bbox 1946 5667 2035 5743; x_wconf 76' lang='lat' dir='ltr'><strong>qui</strong></span> <span class='ocrx_word' id='word_1_1060' title='bbox 2065 5667 2197 5727; x_wconf 84' lang='lat' dir='ltr'><strong>alias</strong></span> <span class='ocrx_word' id='word_1_1061' title='bbox 2229 5675 2280 5727; x_wconf 95' lang='lat' dir='ltr'><strong>in</strong></span> <span class='ocrx_word' id='word_1_1062' title='bbox 2319 5672 2513 5727; x_wconf 90' lang='lat' dir='ltr'><strong>Notitia</strong></span> <span class='ocrx_word' id='word_1_1063' title='bbox 2542 5686 2647 5743; x_wconf 89' lang='lat' dir='ltr'><strong>non</strong></span> <span class='ocrx_word' id='word_1_1064' title='bbox 2676 5672 2929 5743; x_wconf 89' lang='lat' dir='ltr'><strong>occurrit.</strong></span> <span class='ocrx_word' id='word_1_1065' title='bbox 2958 5667 3520 5743; x_wconf 23' lang='lat' dir='ltr'><strong>Concilio‘Cltalc‘edo-</strong></span> 
     </span>
    </p>
   </div>
   <div class='ocr_carea' id='block_1_154' title="bbox 1946 5738 3521 5815">
    <p class='ocr_par' dir='ltr' id='par_1_154' title="bbox 1946 5738 3521 5815">
     <span class='ocr_line' id='line_1_155' title="bbox 1946 5738 3521 5815; baseline -0.003 -18"><span class='ocrx_word' id='word_1_1066' title='bbox 1946 5738 2098 5799; x_wconf 82' lang='lat' dir='ltr'><strong>tieusi</strong></span> <span class='ocrx_word' id='word_1_1067' title='bbox 2135 5752 2239 5798; x_wconf 87' lang='lat' dir='ltr'><strong>act.</strong></span> <span class='ocrx_word' id='word_1_1068' title='bbox 2272 5745 2339 5798; x_wconf 86' lang='grc'><strong>15</strong></span> <span class='ocrx_word' id='word_1_1069' title='bbox 2377 5742 2689 5815; x_wconf 87' lang='lat' dir='ltr'><strong>subscripsit</strong></span> <span class='ocrx_word' id='word_1_1070' title='bbox 2732 5742 3032 5797; x_wconf 77' lang='lat' dir='ltr'><strong>Valerianus</strong></span> <span class='ocrx_word' id='word_1_1071' title='bbox 3067 5738 3423 5793; x_wconf 79' lang='lat' dir='ltr'><strong>Bassianensis</strong></span> <span class='ocrx_word' id='word_1_1072' title='bbox 3450 5754 3521 5799; x_wconf 72' lang='lat' dir='ltr'><strong>ex</strong></span> 
     </span>
    </p>
   </div>
   <div class='ocr_carea' id='block_1_155' title="bbox 1948 5817 3511 5872">
    <p class='ocr_par' dir='ltr' id='par_1_155' title="bbox 1948 5817 3511 5872">
     <span class='ocr_line' id='line_1_156' title="bbox 1948 5817 3511 5872; baseline 0.001 0"><span class='ocrx_word' id='word_1_1073' title='bbox 1948 5817 2144 5872; x_wconf 83' lang='lat' dir='ltr'><strong>Africa.</strong></span> <span class='ocrx_word' id='word_1_1074' title='bbox 3508 5852 3511 5853; x_wconf 52' lang='grc' dir='ltr'><em>ν</em></span> 
     </span>
    </p>
   </div>
  </div>
