3988 6344
234 398 319 457 525
1138 388 1665 450 ‘ANNOTATIONES
1706 389 1769 445 IN
1816 388 2145 447 NOTITIAM
2184 390 2479 450 AFRICE.

2146 316 2167 323 ί
2176 316 2201 322 ι-
2218 311 2331 325 κίων...

3309 398 3319 407 ’
3343 394 3447 452 326

289 512 362 569 57.
399 507 881 565 uenerem-rimus.
913 506 968 559 in
1013 504 1308 559 Collatione
1357 504 1611 576 Carthag.
1642 519 1761 573 cap.
1789 505 1841 565 Α
1869 503 2144 558 Donatista
2176 503 2435 560 habeatur
2462 507 2515 561 in
2570 506 2757 576 eadem
2782 506 3109 571 Collatiam,
3163 506 3230 561 de
3258 514 3357 576 qua
3391 525 3448 564 re

233 585 315 639 l55
341 591 648 635 memoratur
676 578 963 631 Mensurius
989 577 1251 643 episcOpus
1278 576 1437 645 plebis
1468 575 1765 644 Medefea‘si-

230 666 357 716 tante,
385 650 578 718 vulgari
604 650 795 703 litterae
818 666 847 699 η
871 649 924 701 in
952 649 984 699 d
1025 649 1335 718 mutatione.
1366 646 1555 718 Nostra
1587 656 1760 699 autem

231 727 362 783 lectio
381 716 718 776 conﬁrmatur
739 734 801 772 ex
827 718 1084 786 Procopio
1113 717 1206 771 lib.
1233 734 1266 770 ιι
1293 716 1359 770 de
1386 717 1533 770 Bello
1559 717 1764 770 Vanita-

228 796 325 855 lio,
348 792 506 857 capite
532 790 631 853 25;
665 790 751 842 ubi
784 789 1068 857 illenefesen
1097 789 1147 840 in
1183 788 1406 858 Byzacio
1435 788 1619 840 urbem
1653 802 1764 840 nte-

227 875 387 921 morat.
415 862 724 928 Menogeth
747 859 907 912 habet
936 860 1237 912 Antoninus
1276 864 1326 911 in
1356 858 1647 921 ltinerariu,
1686 862 1760 909 in-

226 948 292 992 ter
327 932 675 1003 Vergersallum
706 939 760 984 et
801 928 1073 982 Tlievesten
1100 930 1279 982 sitam.

281 1028 355 1084 58.
385 1026 600 1080 CASCLIS
620 1022 990 1077 CARIANtNSlS.
1017 1020 1147 1075 Huic
1174 1020 1291 1076 urbi
1324 1019 1554 1090 prmluit,
1589 1027 1644 1073 ut
1668 1034 1762 1089 pu-

223 1109 283 1153 tat
307 1098 362 1153 V.
383 1096 437 1150 C.
474 1096 733 1157 Baluzins,
771 1091 1014 1147 Silvanus
1044 1092 1313 1161 episcopus
1345 1091 1674 1145 Carianens’s
1709 1108 1759 1143 ill

224 1170 483 1225 Collatione
502 1166 753 1233 Cztrtbag.
788 1179 907 1232 cap.
948 1163 1044 1218 ηδ
1086 1172 1431 1217 memoratus.
1464 1162 1549 1233 lbi
1585 1174 1760 1215 tamen

222 1238 491 1296 Holstenins
521 1237 646 1305 legit
674 1234 1022 1305 Carlanensis,
1049 1243 1110 1286 ut
1138 1232 1453 1305 Cartennamr
1473 1232 1660 1305 urbem
1688 1232 1761 1285 in-

224 1312 413 1368 veniret.
438 1308 531 1361 sed
563 1304 857 1373 perperam.
884 1304 1125 1359 Casulam
1149 1313 1407 1358 memorat
1432 1304 1753 1369 Antoninus,

220 1384 260 1435 in
286 1380 627 1449 proconsulari
663 1378 929 1449 provincia
961 1376 1138 1428 sitam.
1160 1376 1235 1449 __ln
1270 1377 1525 1449 alterutra
1552 1388 1614 1427 ex
1645 1373 1760 1429 istis

221 1445 426 1507 urbibus.
456 1449 727 1502 studiosus
750 1446 964 1512 quidam
992 1445 1220 1499 contulit
1246 1445 1484 1498 codicem
1510 1460 1609 1498 ms.
1634 1459 1762 1511 ope-

221 1539 311 1575 rnui
337 1522 499 1575 sancti
527 1518 729 1582 llitarii,
756 1516 908 1588 153
932 1517 1145 1571 ineunte
1169 1516 1365 1570 szeculo
1387 1524 1558 1588 sexto,
1585 1526 1635 1567 ut
1667 1530 1760 1588 ap-

220 1603 340 1661 paret
369 1608 428 1645 cx
457 1590 631 1661 veteri
660 1585 1047 1661 inse—ri'ptione,
1062 1601 1225 1661 quam
1252 1600 1319 1661 ex
1352 1585 1539 1661 eodem
1576 1586 1759 1661 conice

219 1655 499 1717 delineatam
523 1660 748 1715 domnus
770 1655 1003 1713 Joannes
1031 1656 1365 1711 Mabillonius
1397 1657 1446 1708 in
1471 1655 1609 1709 libro
1640 1671 1665 1706 v
1692 1659 1759 1711 de

220 1732 279 1787 lle
308 1733 660 1800 diplomatica,
694 1744 812 1797 pag.
853 1727 986 1794 555,
1010 1726 1216 1800 retulit.
1245 1725 1447 1800 Contuli
1472 1727 1525 1778 in
1557 1727 1760 1779 nomine

221 1797 389 1856 Domini
430 1801 561 1854 Jesu
606 1800 792 1854 Christi
836 1809 957 1868 aput
1005 1797 1214 1851 lt'usulis
1259 1798 1592 1868 constitutus,
1623 1813 1757 1868 anno

218 1873 578 1947 quartodecimo
601 1867 939 1947 Trasamundi
964 1869 1310 1947 regis..Purro
1343 1867 1481 1947 idem
1513 1867 1757 1947 Mabillo~
1790 1885 1839 1947 Β

216 1939 309 1998 nius
322 1952 367 1999 et
382 1943 679 1998 DMichaet
695 1939 992 1994 Germanus
1006 1941 1055 1992 in
1074 1939 1265 1993 Itinere
1283 1939 1479 2000 Italico,
1500 1939 1752 2008 pagi“,

215 2022 440 2069 testantur
460 2029 526 2068 se
548 2012 729 2065 Romae
753 2011 943 2064 vidisse
964 2010 1251 2078 pretiosmn
1275 2008 1411 2062 istud
1438 2023 1599 2063 εδει-,η
1621 2011 1757 2061 anti-

215 2087 395 2155 quitatis
419 2090 845 2155 monumentum,
863 2082 929 2135 ab
945 2082 1098 2155 annis
1121 2082 1232 2134 t'ere
1251 2080 1397 2133 mille
1420 2090 1471 2133 et
1491 2079 1753 2155 ducentis,

214 2152 254 2209 id
284 2166 354 2210 est
379 2156 556 2210 medio
586 2154 799 2207 circiter
843 2154 1038 2204 saeculo
1076 2163 1359 2211 antequam
1398 2152 1755 2211 conferretur,

215 2228 431 2296 scriptum
472 2244 490 2277 :
538 2224 683 2292 quod
734 2226 784 2276 in
835 2221 1157 2276 bibliotheca
1201 2220 1471 2275 Vaticana:
1516 2220 1757 2274 θεοιυειεε

216 2300 392 2366 propria
417 2303 743 2350 asservatnr.

274 2389 349 2444 59.
376 2390 729 2443 Acouusus.
762 2383 1027 2439 Scribitnr
1055 2386 1374 2452 quaniloqne
1403 2398 1523 2438 cum
1557 2385 1759 2454 aspira-

219 2460 336 2514 tione
366 2458 579 2512 Acholn.
612 2458 701 2511 Sic
750 2454 1067 2509 Ptolemaeus
1112 2455 1204 2508 lib.
1251 2469 1323 2519 tv,
1349 2468 1466 2522 cap.
1495 2457 1546 2507 ἵ).
1571 2456 1760 2510 Strabo

215 2532 288 2584 lib.
336 2546 434 2583 xvn
483 2528 737 2582 Acholam
782 2526 921 2579 inter
961 2524 1204 2579 civitates
1233 2524 1430 2579 liberas
1479 2536 1755 2579 recenset:

214 2601 586 2670 quam'l‘abula:
627 2596 1065 2670 rl’eutingeriana:
1112 2597 1248 2670 inter
1266 2594 1511 2670 _'_l‘apsnm
1561 2606 1613 2649 ct
1647 2596 1763 2670 llu-

219 2666 344 2741 sp.im
369 2672 561 2725 locant.
602 2669 822 2741 Quintus
852 2668 1117 2741 episcopus
1148 2666 1471 2741 Aeolitaneus
1493 2668 1762 2741 synodica:

217 2734 584 2803 Byzaceuorum
617 2739 929 2803 subscripsit
960 2738 1011 2789 in
1042 2737 1267 2790 concilio
1294 2734 1638 2791 Lateraucnsi
1663 2738 1761 2791 sub

215 2802 378 2866 sancto
418 2812 681 2881 Martyno,
715 2802 921 2862 actione
958 2806 1014 2859 ἓ.
1036 2806 1253 2881 Aeolum
1288 2817 1763 2881 recensetanony-

224 2900 329 2937 tuus
354 2878 615 2936 liavcnnas
647 2881 740 2935 lib.
772 2895 825 2943 ν,
852 2894 1001 2933 num.
1032 2878 1085 2933 5.
1119 2878 1264 2931 llattc
1294 2892 1414 2932 esse
1437 2878 1653 2931 Acillam
1696 2878 1762 2932 ab

218 2953 371 3007 llirtio
397 2962 730 3007 memoratam
767 2960 949 3016 putant
980 2948 1284 3003 llolstenius
1312 2951 1365 3002 in
1403 2951 1545 3003 notis
1570 2950 1637 3002 ad
1662 2950 1765 3004 Ca-

215 3025 363 3077 rolum
392 3040 417 3076 a
439 3026 628 3079 Sincto
646 3021 833 3085 Paulo,
863 3032 916 3075 ct
941 3020 1239 3073 llarduinus
1271 3019 1322 3072 in
1354 3020 1490 3074 nutis
1518 3020 1583 3073 ad
1610 3019 1765 3075 Plinii

210 3096 289 3149 lib.
337 3111 380 3160 ν,
410 3110 522 3163 c.-ip.
550 3096 619 3157 ὂς
652 3094 741 3147 ubi
791 3092 1038 3160 Oppidum
1066 3091 1389 3163 Aeolitanum
1428 3092 1565 3145 inter
1606 3094 1765 3145 libera

212 3160 505 3220 reccnsetur.
536 3164 643 3219 Sed
671 3180 730 3217 ca
764 3163 829 3217 de
862 3179 919 3217 re
948 3160 1256 3216 subdubitat
1285 3160 1518 3216 Ortelius
1543 3163 1597 3215 in
1623 3164 1763 3216 Tlte-

213 3250 346 3290 sanro
377 3235 751 3305 geographico.
788 3234 1058 3305 llnlstenio
1081 3243 1135 3285 et
1170 3231 1647 3305 llarduino-lavere
1680 3234 1760 3286 vi-

212 3306 343 3361 detur
366 3302 508 3362 Titus
538 3302 746 3371 Livius,
782 3307 869 3373 qni
894 3304 965 3359 lib
988 3319 1153 3373 xxxnt
1182 3303 1414 3373 Acyllam
1442 3302 1582 3356 haud
1608 3306 1762 3373 longe

212 3392 235 3429 a
263 3377 451 3449 Tliapso
480 3390 533 3433 et
564 3393 598 3430 a
630 3372 851 3430 Cercina
884 3374 1050 3428 insula
1084 3372 1269 3449 luisse
1284 3374 1490 3449 scribit.
1521 3373 1765 3449 Thapsus

210 3444 437 3503 autent’in
470 3450 747 3519 Byzaccna
775 3454 907 3511 crat,
938 3455 991 3499 et
1034 3444 1099 3498 ad
1148 3445 1415 3519 eamdetn_
1438 3445 1765 3519 provinciam

208 3514 529 3574 revocabatur
561 3518 822 3581 Cercina,
855 3527 910 3570 ut
959 3526 1099 3584 patet
1142 3530 1205 3569 ex
1260 3514 1359 3569 hac
1403 3516 1513 3583 ipsa
1543 3515 1760 3581 Notitia,

208 3604 342 3656 snpra
374 3608 517 3644 num.
553 3591 647 3644 47.
676 3588 826 3643 Unde
851 3587 1100 3656 Sigonius
1128 3597 1183 3641 et
1223 3585 1515 3640 Glaremus
1538 3587 1590 3640 in
1625 3596 1765 3641 llOltS

206 3662 259 3714 ad
302 3663 431 3715 hunc
458 3661 602 3715 Livii
654 3660 825 3712 locum
854 3658 1106 3711 Achulaiu
1157 3665 1211 3711 et
1238 3656 1477 3725 Acyllam
1522 3661 1764 3712 eamdem

206 3745 305 3786 esse
350 3733 533 3787 urbem
577 3740 942 3785 asserncrunt.
975 3727 1226 3795 Ejusdem
1271 3727 1371 3781 loci
1404 3729 1547 3781 cives
1603 3730 1767 3783 fuisse

206 3801 519 3871 .lquilittmos,
572 3801 714 3871 apud
742 3800 1025 3871 Gruterun
1062 3813 1187 3871 mut,
1232 3812 1351 3871 cum
1388 3798 1681 3866 Leptitanis
1711 3810 1766 3855 et

206 3870 484 3927 Us;illitanis
511 3868 735 3943 jun’ctos
765 3880 950 3925 censet
980 3868 1117 3923 idem
1147 3868 1480 3926 Holstenius.

262 3966 341 4019 60.
370 3965 723 4020 VINDI-LIUAIJS
743 3960 1043 4017 Carsessm.
1081 3961 1156 4014 De
1181 3962 1283 4014 hoc
1310 3961 1650 4017 sanctissimo
1671 3978 1766 4016 an-

205 4034 345 4089 tistite
375 4039 522 4103 plura
558 4035 810 4089 dicentur
838 4036 886 4085 in
915 4033 1309 4103 Commentario
1339 4032 1595 4085 historico
1644 4049 1761 4101 cap.

201 4101 446 4173 ἄμπυκι·
499 4122 566 4161 ea
600 4120 720 4173 quae
762 4103 1024 4164 habentur
1066 4105 1118 4157 in
1168 4101 1418 4155 Passione
1458 4117 1765 4158 sanctOrmn

201 4172 570 4231 monachorum
600 4172 688 4245 qui
714 4176 764 4228 in
788 4172 1042 4241 Capsen~i
1059 4174 1335 4245 territorio
1359 4176 1766 4229 commoraban-

201 4253 288 4309 tur,
317 4264 470 4316 supra
508 4242 637 4315 pag.
665 4246 1030 4316 55(nobiscol.
1052 4242 1200 4312 265).
1226 4242 1393 4316 Porro
1417 4245 1500 4295 hic
1518 4246 1768 4316 proCap-

199 4320 353 4380 sensit,
382 4313 561 4373 codex
584 4313 687 4371 ius.
716 4313 1165 4373 liabetCabsensis.
1191 4313 1283 4368 sed
1309 4313 1446 4366 idem
1468 4324 1569 4369 est.
1594 4314 1764 4383 Capsa

200 4400 305 4440 vero
326 4391 449 4443 urbs
462 4387 702 4443 celebris
716 4386 830 4450 fuit,
846 4400 1001 4454 quam
1020 4384 1334 4439 Ptolemaeus
1356 4385 1447 4437 lib.
1471 4401 1542 4447 tv,
1560 4402 1676 4453 cap.
1710 4390 1763 4452 5,

198 4456 314 4513 inter
330 4462 490 4514 urbes
506 4461 607 4513 sub
619 4456 1164 4520 Adrumetokeonstitut
1176 4466 1497 4510 asrccenset.
1514 4455 1706 4511 Munita
1716 4475 1765 4512 ιιι

198 4527 339 4584 fuisse
366 4545 433 4584 ex
460 4546 532 4586 eo
558 4537 704 4595 patet
722 4530 861 4597 quod
886 4528 939 4579 in
962 4542 1023 4580 ea
1046 4525 1319 4593 Jugurtha:
1344 4527 1483 4594 regis
1507 4527 1763 4591 thesauri,

196 4606 311 4654 teste
360 4600 642 4655 Strabone
690 4599 779 4652 lib.
835 4613 963 4660 xvu,
992 4605 1415 4651 asseivarentur.
1450 4598 1524 4651 De
1574 4598 1764 4653 eadem

142 4688 143 4693 π
193 4670 305 4724 urbe
336 4672 634 4728 Sallustius
678 4674 728 4724 in
756 4669 893 4722 libro
921 4668 988 4722 dc
1021 4667 1166 4721 Bello
1190 4667 1508 4735 Jugurthino
1535 4668 1719 4722 scribit
1751 4688 1763 4721 :

195 4738 299 4793 Erat
328 4744 460 4795 inter
481 4743 716 4809 ingentes
743 4740 1040 4793 solitudines
1083 4738 1325 4808 Oppidum
1354 4754 1590 4807 magnum
1621 4750 1772 4809 atque

192 4813 345 4866 pilans
376 4808 596 4866 nomine
617 4808 825 4879 Capsa:
856 4810 1020 4875 ipsius
1044 4809 1307 4862 excidium
1345 4820 1530 4877 postea
1567 4808 1767 4863 descri-

193 4882 271 4937 hit.
303 4884 359 4936 sit
384 4900 440 4936 nt
472 4898 526 4937 et
565 4882 758 4937 Florus
788 4880 882 4950 lib.
912 4896 998 4941 tn.
1032 4894 1150 4947 cap.
1201 4880 1248 4936 1.
1284 4880 1484 4932 Plinius
1514 4895 1644 4932 vero
1674 4882 1764 4935 lib.

192 4964 233 5009 γ.
257 4968 367 5021 cap.
392 4956 427 5008 4
445 4996 462 5022 ,
489 4954 797 5018 Cupsitanos
827 4960 1176 5022 memoratos
1207 4953 1268 5003 iis
1290 4952 1378 5018 qni
1410 4966 1509 5022 non
1541 4951 1767 5005 civitates

191 5031 388 5093 tantum,
416 5021 514 5079 sed
536 5028 794 5093 pleneque
814 5024 962 5075 etiam
992 5021 1221 5093 nationes
1239 5026 1359 5093 jure
1389 5021 1491 5072 dici
1526 5033 1761 5093 possunt.

191 5090 394 5159 Capsam
444 5090 713 5148 coloniam
778 5094 974 5145 habent
1039 5091 1463 5157 Peutingeriana:
1525 5090 1754 5145 Tabulae.

188 5160 442 5230 Capsensis
488 5165 715 5219 civitatis
746 5164 992 5217 meminit
1019 5170 1234 5214 sanctus
1260 5162 1557 5232 Cyprianus
1586 5176 1669 5229 ep.
1697 5162 1765 5217 56

186 5237 244 5286 ad
292 5236 659 5291 Fortunatutn
711 5234 950 5300 aliosque
1002 5234 1302 5299 episcopos.
1347 5232 1412 5285 Et
1450 5232 1501 5284 in
1540 5232 1765 5288 concilio

187 5300 422 5376 Carthag.
470 5307 585 5360 sub
634 5304 823 5376 eodem
860 5303 1321 5376 Cypriauo_inter
1373 5301 1768 5376 rebaptizautes

186 5375 311 5430 sedit
372 5370 539 5431 itum.
593 5375 661 5428 69
711 5370 998 5427 Donatulus
1048 5391 1079 5424 α
1126 5370 1308 5439 Capse.
1364 5370 1766 5427 Fortunatianus

185 5442 487 5514 Capsitanus
548 5446 717 5499 adluit
762 5444 989 5499 concilio
1019 5442 1272 5514 Carthag.
1325 5443 1423 5496 sub
1475 5442 1658 5497 Grato.
1704 5445 1770 5497 Et

188 5513 313 5572 inter
362 5517 682 5572 Douatistas
731 5516 960 5570 concilio
998 5513 1437 5568 Cabarsus~itano
1485 5527 1625 5566 anno
1662 5514 1768 5567 595

185 5589 503 5657 subscripsit
540 5587 839 5657 Quintasius
865 5583 1149 5655 Capsensis.
1182 5583 1235 5635 In
1266 5585 1561 5657 Collatiam:
1588 5594 1765 5657 autem

185 5653 601 5728 Carttiaiinettsi
638 5653 1262 5728 orlunatusepisfopus
1296 5654 1455 5723 plebis
1478 5653 1768 5728 _Caps_ensis

186 5724 411 5786 oecurri't
444 5744 578 5797 cap.
621 5727 717 5782 126
736 5742 856 5783 cum
883 5724 1052 5780 Celeie
1080 5726 1350 5797 Donatista
1392 5725 1556 5792 ipsius
1576 5725 1769 5778 adver-

184 5806 338 5868 sario,
368 5803 463 5870 qui
489 5796 551 5854 et
581 5798 832 5870 cap._206
861 5807 1204 5870 memoratur.
1234 5796 1421 5870 Nescio
1447 5805 1624 5870 autem
1660 5810 1766 5870 quo

188 5864 333 5927 pacto
363 5864 493 5942 cap.
544 5864 656 5923 2υό
693 5868 1007 5923 Donatianus
1045 5868 1307 5937 episcopus
1355 5868 1471 5919 item
1500 5864 1769 5933 Capsensis

1798 4632 1849 4692 D

1869 586 2046 651 tamen
2062 590 2229 651 nemo
2259 583 2347 651 est
2363 574 2728 651 interlocutus.
2758 577 3200 651 Denique‘Capses
3216 574 3450 651 habetur

1868 646 1919 701 in
1951 645 2153 699 Notitia
2185 646 2379 700 Leonis
2424 648 2760 714 imperatoris
2790 645 3447 715 tum—apudanillelmum

1867 716 2234 783 Beveregium,
2266 726 2375 770 tum
2407 717 2460 769 in
2483 718 2713 772 editione
2741 718 2923 774 Jacobi
2952 720 3162 773 Goaris.

1935 788 2021 840 61.
2045 786 2324 859 Dunessrs.
2358 787 2414 840 In
2434 786 2730 842 Collatione
2752 789 3001 855 Carthag.
3023 804 3143 859 cap.
3177 792 3280 845 l9‘l
3310 790 3450 846 inter

1866 855 2170 910 Donatistas
2192 867 2519 927 memoratur
2544 859 2864 911 Antonianas
2884 855 3152 927 episcopus
3175 858 3447 925 Druensis,

1863 936 1918 980 et
1963 942 2081 995 Cap.
2130 929 2372 1000 sequenti
2404 926 2659 1000 Bebianus
2716 926 2981 1000 episcopus
3030 930 3293 1000 llusensis,
3321 938 3448 1000 quin

1864 1007 1919 1051 et
1974 1012 2091 1066 cap.
2153 998 2255 1073 197
2309 996 2921 1073 Paschasius‘episc‘opus
2957 999 3114 1073 154
3144 996 3447 1067 Dusitanus,

1864 1082 2052 1121 omnes
2097 1082 2159 1121 ex
2186 1068 2374 1121 Donati
2416 1079 2587 1137 parte.
2618 1069 2700 1123 An
2755 1068 3047 1137 aliquis};
3072 1068 3154 1125 liis
3203 1073 3449 1129 Durensis

1864 1137 2029 1192 fuerit
2050 1138 2506 1204 aliifdivinabunt.

1935 1207 2022 1261 62.
2056 1210 2437 1294 Curnuasnsrs.
2470 1208 2651 1294 Codex
2684 1209 2879 1294 llalleri
2902 1209 3234 1294 Cufratensis.
3262 1212 3447 1293 Lectio

1865 1290 2060 1353 nostra,
2085 1279 2241 1353 alteri
2275 1278 2601 1353 pracferenda
2622 1290 2732 1353 est.
2764 1281 2895 1333 Nam
2916 1278 3229 1353 AFelirianus
3257 1286 3448 1353 episco—

1865 1366 1959 1421 pus
2009 1348 2164 1414 plebis
2192 1347 2514 1419 Cufrutensis
2539 1350 2708 1405 adfuit
2754 1351 2989 1421 concilio
3024 1347 3451 1421 Carthag.'anno

1864 1420 1988 1483 405,
2025 1422 2188 1492 quiet
2214 1422 2495 1475 Collationi
2524 1421 2775 1492 Carthag.
2809 1437 2908 1491 cap
2933 1420 3037 1475 128
3066 1420 3208 1476 inter
3236 1427 3447 1491 episco-

1865 1504 1961 1559 pos
1982 1490 2274 1545 catholicos
2305 1493 2602 1545 recensitus
2623 1500 2725 1547 est.

1934 1563 2024 1615 b5.
2055 1560 2477 1628 Tasasnmsts,
2510 1577 2606 1617 seu
2639 1561 3000 1617 Tasvaltens's.
3045 1562 3177 1616 llinc
3214 1563 3302 1631 qui
3332 1564 3451 1617 Col-

1863 1630 2078 1685 lationis
2117 1644 2262 1698 gesta
2291 1632 2643 1701 exscripsere,
2670 1650 2696 1685 υ
2729 1634 2832 1701 inf
2865 1645 3093 1697 mula'o,
3126 1630 3268 1702 quod
3299 1650 3449 1690 enm-

1862 1701 1985 1773 dent
2021 1701 2305 1773 redderent
2334 1718 2548 1766 sonum,
2579 1711 2868 1771 posuerunt
2909 1701 3154 1757 Julianus
3179 1706 3449 1773 episcopus

1863 1770 2021 1841 plebis
2042 1770 2399 1841 Tasfaltensis,
2418 1774 2511 1843 qui
2534 1770 2649 1842 cap.
2677 1774 2782 1829 128
2799 1775 2937 1828 inter
2957 1775 3249 1828 catholicos
3266 1770 3450 1831 recenc

1863 1848 1998 1895 situs
2072 1855 2172 1897 est.
2228 1843 2419 1897 Nostra
2470 1844 2630 1897 lectio
2694 1844 3044 1898 conﬁrmatur
3095 1858 3160 1899 ex
3217 1850 3446 1900 COﬂClliU

1863 1911 2113 1985 Carthag.
2158 1915 2256 1966 sub
2287 1923 2473 1968 sancto
2511 1916 2780 1985 Cypriano
2823 1916 3074 1969 editionis
3104 1916 3448 1983 Oxoniensis,

1860 1983 1913 2037 in
1938 1999 2044 2051 quo
2086 1999 2182 2052 pro
2226 1982 2620 2053 rebaptizandis
2672 1982 2942 2040 ltwreticis
2972 1987 3294 2041 sententiam
3327 1982 3449 2042 tulit

1861 2070 2009 2107 num.
2043 2055 2110 2126 55
2140 2054 2370 2123 Adet/ius
2417 2072 2448 2108 a
2479 2055 2786 2126 Tliasbalte;
2837 2056 2921 2111 cui
2954 2058 3282 2126 Augustinus
3332 2073 3449 2112 res-

1862 2126 2046 2193 pondit
2081 2125 2134 2178 in
2178 2126 2311 2177 libro
2358 2140 2411 2178 vr
2463 2125 2529 2180 de
2574 2126 2850 2191 Baptismo
2889 2125 3078 2180 contra
3124 2128 3448 2193 Donatistae,

1860 2210 1982 2263 cap.
2033 2194 2130 2260 42;
2183 2195 2269 2248 ubi
2318 2197 2556 2249 nonnulli
2586 2196 2803 2251 codices
2844 2196 3043 2250 habent
3079 2212 3109 2250 a
3156 2197 3447 2263 Thasvalte,

1862 2265 2005 2319 sicut
2046 2275 2101 2319 et
2136 2265 2385 2335 Cypriani
2432 2266 2696 2321 editiones
2739 2281 2769 2321 a
2808 2266 3045 2321 Parnelio
3072 2279 3127 2320 et
3155 2282 3183 2320 a
3218 2268 3449 2336 Rigaltio

1863 2345 2180 2407 procuratio.
2214 2338 2603 2407 aspirationem
2630 2337 2776 2391 addit
2800 2350 3013 2407 quoque
3056 2338 3223 2391 codex
3250 2339 3446 2393 llalleri

1861 2407 2000 2472 apud
2043 2406 2324 2477 Ortelium,
2357 2407 2442 2460 ubi
2479 2406 2854 2462 Thasbaltensis
2886 2408 3099 2477 legitur.
3142 2410 3443 2465 Antoninus

1863 2477 1917 2529 in
1973 2477 2255 2549 ltincrurio
2284 2476 2574 2549 Tabaltani
2600 2488 2861 2531 memorat
2897 2476 3036 2531 inter
3080 2480 3238 2533 urbes
3288 2480 3450 2549 Byza-

1863 2556 2029 2599 cenzc.
2078 2549 2143 2599 lit
2173 2544 2500 2601 Innocentius
2536 2546 2882 2602 Thebaltensis
2920 2548 3063 2602 inter
3093 2544 3447 2604 cmteros'llo-

1864 2618 1971 2670 nati
1996 2624 2156 2671 secta:
2186 2622 2469 2743 eggscopos
2507 2618 2822 2687 subscripsit
2853 2618 3083 2673 concilio
3111 2619 3450 2676 Caharsussi-

1866 2697 1991 2741 lano
2019 2704 2157 2741 anno
2181 2690 2213 2741 5
2294 2730 2304 2740 .
2748 2722 2755 2733 ι
3357 2741 3360 2743 .

1866 2697 1991 2741 lano
2019 2704 2157 2741 anno
2181 2690 2304 2743 595.
2748 2722 2755 2733 ι
3357 2741 3360 2743 .

1938 2760 2025 2813 64.
2042 2758 2380 2813 (ὶιιιιτλκυε.
2400 2759 2652 2827 Ejusdem
2672 2759 2772 2815 loci
2791 2759 2953 2814 fuisse
2966 2760 3447 2816 videturTertiolus

1865 2830 2129 2901 episcopus
2164 2830 2319 2898 plebis
2349 2829 2606 2885 Cillitana:
2630 2833 2680 2884 in
2712 2829 3014 2885 Collatione
3047 2830 3297 2901 Carthag.
3320 2847 3442 2901 cap.

1868 2900 1971 2953 128
2002 2902 2331 2966 recensitus,
2360 2916 2478 2954 cum
2506 2901 2709 2954 Donato
2751 2901 2919 2970 ipsius
2948 2900 3295 2965 adversario,
3325 2900 3445 2970 cap.

1871 2972 1972 3025 187
2006 2972 2197 3023 iterum
2234 2971 2373 3025 inter
2414 2970 2718 3025 Donatistas
2746 2983 3062 3028 memorato.
3091 2974 3157 3026 At
3185 2972 3449 3025 Privatia~

1867 3056 1968 3094 nus
1994 3041 2276 3109 episcopus
2313 3042 2714 3108 Vegeselitanus
2751 3043 3048 3097 catholicus
3075 3057 3194 3111 cap.
3229 3041 3330 3097 155
3371 3044 3449 3096 ait

1867 3124 1927 3166 se
1967 3112 2165 3166 habere
2196 3112 2559 3167 adversarium
2619 3112 2878 3183 Donatum
2929 3115 3221 3183 episcopum
3247 3112 3450 3167 Cillita-

1868 3198 2012 3247 num,
2038 3184 2129 3252 qui
2154 3184 2389 3236 Donatus
2419 3182 2615 3238 ibidem
2637 3185 2711 3237 ait
2738 3182 3027 3252 Vegeselam
3044 3182 3154 3237 sua:
3175 3198 3294 3237 esse
3322 3185 3449 3238 dim-

1788 3253 1837 3319 ο
1866 3260 2072 3324 ceseos,
2097 3268 2277 3324 seque
2322 3254 2388 3305 ibi
2446 3254 2790 3324 presbyteros
2830 3256 3056 3319 habere;
3106 3254 3249 3308 unde
3295 3255 3450 3309 infert

1868 3323 1935 3378 V.
1977 3323 2040 3377 C.
2090 3323 2334 3377 Balnzius
2365 3323 2672 3393 Vegesela’m
2706 3326 2756 3378 in
2787 3326 3011 3395 Byzacio
3043 3325 3230 3379 urbem
3260 3326 3449 3378 admit-

1870 3395 2086 3448 tendam
2115 3409 2256 3448 esse.
2293 3396 2428 3448 Fieri
2477 3407 2652 3449 tamen
2685 3398 2855 3464 potuit
2883 3406 2939 3449 ut
2986 3395 3223 3450 Donatus
3251 3396 3450 3449 Cillita—

1869 3481 1989 3531 nus,
2023 3465 2241 3519 Tcrtioli
2271 3466 2631 3532 adversarius,
2664 3466 2799 3521 alius
2828 3465 2987 3521 fuerit
3012 3482 3042 3520 a
3076 3468 3279 3519 Donato
3303 3467 3449 3520 Cilli-

1872 3546 2015 3600 tano,
2040 3551 2197 3606 quem
2224 3551 2379 3590 suum
2408 3535 2773 3591 adverSarittm
2796 3537 3087 3605 appellavit
3110 3535 3445 3591 Privatianus

1871 3606 2272 3675 Vegeselitanus
2304 3623 2320 3664 :
2352 3618 2511 3675 atque
2532 3622 2598 3661 eo
2634 3618 2788 3676 pacto
2809 3608 2927 3661 dum
2975 3607 3320 3662 admittenda:
3360 3623 3449 3662 es-

1868 3690 1989 3731 sent
2018 3678 2279 3731 Ciltitana:
2312 3680 2491 3731 urbes.
2539 3678 2801 3733 Caeterum
2832 3679 2972 3732 inter
3009 3679 3191 3733 Patres
3224 3679 3452 3747 Byzacc-

1870 3763 1967 3802 nos
1996 3749 2086 3818 qui
2116 3750 2385 3819 synodicae
2404 3749 2849 3819 subscripserunt
2880 3749 2932 3819 in
2971 3751 3201 3803 concilio
3233 3750 3449 3803 Latera-

1870 3816 2027 3889 nensi
2042 3816 2345 3889 subsancto
2368 3818 2614 3883 Martino,
2630 3816 2870 3889 occurrit
2886 3816 3167 3889 Fortunius
3182 3821 3450 3889 episcopus

1868 3888 2130 3951 Cellensis,
2182 3888 2318 3942 forte
2373 3904 2467 3958 pro
2520 3890 2776 3945 Cillensis.
2829 3887 2996 3942 Cellas
3050 3887 3360 3943 Picentinas'
3396 3890 3450 3943 in

1870 3960 2155 4030 Bysacenae
2179 3967 2233 4012 et
2255 3957 2597 4030 Tripolitani:
2638 3960 2869 4013 contiuio
2918 3958 3073 4013 habet
3123 3962 3296 4012 Anton
3323 3973 3445 4026 nus,

1869 4034 1958 4099 qui
1994 4032 2151 4099 paulo
2184 4040 2300 4096 post
2327 4030 2491 4084 Cellas
2532 4029 2697 4082 vicum
2727 4039 3007 4099 memorat,
3039 4041 3260 4096 utraque
3287 4043 3316 4080 a
3344 4030 3447 4099 Ta-

1869 4098 2005 4168 cupa
2026 4101 2093 4152 Μ.
2121 4099 2180 4152 Ρ.
2205 4116 2306 4153 xxx
2334 4101 2584 4153 distabat.
2617 4102 2758 4154 Idem
2783 4102 2919 4153 forte
2948 4098 3095 4153 locus
3122 4107 3204 4153 est
3230 4099 3328 4152 sub
3344 4098 3446 4153 du-

1870 4172 1991 4239 plici
2046 4170 2282 4225 nomine.
2320 4172 2577 4225 Memorat
2617 4170 2756 4225 idem
2800 4182 2987 4225 auctor
3023 4168 3153 4224 Citio
3200 4170 3255 4224 in
3286 4170 3451 4240 Byca-

1870 4258 2021 4295 cena.

1939 4313 2027 4367 65.
2070 4311 2353 4366 TIZIENSIS.
2394 4310 2588 4366 Censet
2640 4310 2704 4365 ν.
2744 4312 2807 4366 C.
2852 4310 3158 4381 Stephanus
3204 4310 3453 4367 Balnzius

1872 4383 1988 4437 urbi
2018 4383 2139 4437 huic
2170 4383 2448 4450 prazlnisse
2476 4382 2661 4451 Aptum
2690 4384 2981 4452 episcopum
3018 4383 3175 4451 plebis
3204 4381 3451 4451 Tigiensis

1870 4457 1958 4522 qui
1989 4456 2273 4508 Collationi
2311 4453 2565 4523 Curthag.
2598 4454 2735 4506 inter
2769 4453 3063 4523 catholicos
3097 4467 3214 4522 cap.
3248 4452 3348 4507 120
3374 4453 3454 4508 iu-

1872 4527 2073 4580 terl‘nit.
2091 4525 2291 4578 Tamen
2314 4525 2366 4577 in
2394 4522 2537 4579 notis
2563 4524 2625 4576 ad
2644 4534 2801 4592 caput
2824 4522 2946 4590 126,
2968 4524 3022 4577 in
3045 4537 3149 4592 quo
3171 4527 3294 4577 item
3314 4524 3455 4579 inter

1871 4597 2165 4650 catholicos
2211 4598 2441 4649 occurrit
2486 4593 2762 4647 Pascasius
2791 4596 3060 4663 episcOpus
3098 4593 3258 4661 plebis
3301 4592 3455 4663 Tiju‘

1872 4668 2053 4731 rensis,
2088 4674 2269 4720 monet
2297 4664 2619 4719 Honoratum
2648 4667 2934 4735 episcopum
2963 4664 3237 4719 Tisiensem
3267 4664 3317 4717 in
3348 4664 3453 4719 No-

1874 4736 1985 4789 tilia
2012 4738 2217 4791 haberi.
2251 4737 2383 4789 Tum
2412 4736 2590 4790 laudat
2624 4737 3000 4804 Augustinum,
3030 4738 3117 4804 qui
3144 4736 3233 4790 lib.
3266 4744 3452 4790 contra

1873 4807 2179 4861 Donatistas
2221 4820 2338 4876 pDSt
2375 4806 2725 4860 Collationein
2770 4820 2890 4874 cap.
2933 4806 3002 4858 22
3030 4807 3271 4860 meminit
3302 4807 3453 4859 urbis

1871 4877 2075 4940 Tizicte.
2106 4893 2261 4947 quam
2306 4879 2355 4931 in
2395 4878 2760 4945 proconsulari
2788 4877 2964 4947 locari
3014 4876 3203 4930 innuit.
3252 4876 3453 4930 Deinde

1868 4951 1988 5002 aliis
2012 4946 2357 5015 indicandum
2393 4949 2662 5017 relinquit,
2696 4964 2761 5000 an
2784 4946 2956 5000 Tizica
2990 4948 3059 4999 sit
3104 4947 3289 5001 eadem
3322 4952 3450 4999 urbs

1868 5034 1930 5073 ac
1955 5019 2166 5082 Tuiuca.
2194 5020 2334 5072 Sane
2363 5019 2413 5072 in
2443 5019 2707 5081 eiusmodi
2743 5018 2921 5072 dubiis
2946 5018 3110 5071 satius
3134 5026 3216 5072 est
3249 5032 3309 5070 ea
3333 5031 3452 5085 qua:

1870 5094 1922 5143 in
1952 5088 2258 5143 auctoribus
2282 5090 2513 5158 antiquis
2544 5089 2827 5152 habentur,
2845 5088 2896 5141 in
2924 5090 3153 5158 medium
3184 5086 3448 5156 proferre,

1868 5174 2126 5282 ὃπως)εὲξῖ
2195 5157 2425 5213 ἱηιενίηῐ
2463 5162 2749 5214 sententia.
2806 5158 2937 5211 Vide
3000 5157 3212 5213 Maurit.
3271 5158 3452 5213 Caesar

1872 5246 2017 5282 lllllll.
2046 5266 2075 5282 .-
2117 5267 2130 5282 ο

1872 5246 2017 5284 num.
2041 5232 2130 5282 ‘27.

1942 5302 2028 5356 66.
2061 5300 2372 5354 BONIFACIUS
2392 5298 2829 5354 FOBA’I'IANENSIS.
2854 5296 3032 5351 Codex
3057 5312 3156 5353 ms.
3180 5298 3447 5363 Laudun.,

1872 5371 2243 5425 Forlianensis.
2273 5370 2464 5423 llalleri
2495 5384 2640 5433 vero,
2682 5368 3030 5422 Forianensis.
3064 5369 3337 5439 Vulgatam
3368 5377 3453 5424 ta-

1874 5458 1993 5496 men
2024 5443 2302 5495 lectionem
2328 5441 2664 5503 retinuimus,
2690 5454 2808 5508 qua!
2834 5439 3123 5494 conformis
3144 5438 3225 5495 est
3243 5438 3446 5495 Victori

1875 5512 2100 5578 Vitensi,
2131 5512 2267 5580 apud
2295 5526 2450 5580 quem
2483 5509 2800 5580 Bonifacius,
2833 5525 2968 5564 unus
2993 5512 3195 5566 scilicet
3226 5525 3289 5564 ex
3318 5524 3448 5580 quae

1878 5592 1996 5636 tuor
2018 5578 2285 5650 episcop's
2314 5578 2416 5648 qui
2446 5580 2566 5635 fidei
2610 5578 2993 5650 professionem
3027 5581 3289 5636 Hnnerico
3336 5578 3448 5648 regi

1875 5652 2135 5715 obtulere,
2184 5649 2569 5705 Forutianrnsis
2602 5649 2652 5705 in
2697 5651 2944 5705 omnibus
2975 5661 3078 5704 tam
3108 5653 3262 5704 editis
3288 5663 3449 5715 quam

1877 5725 2247 5791 manuscriptis
2276 5724 2589 5789 appellatur.
2623 5723 2756 5775 Hinc
2786 5722 2964 5774 tmrari
3018 5722 3162 5773 subit
3198 5717 3450 5791 Formia-

1877 5809 1994 5847 num
2026 5794 2076 5847 in
2129 5790 2301 5849 indice
2351 5794 2519 5847 sancti
2543 5791 2794 5862 Cypriani
2836 5792 3083 5855 oneribus
3108 5790 3323 5858 praellxo
3368 5794 3454 5846 in-

1877 5876 2037 5919 certa:
2064 5866 2347 5932 provincia:
2378 5866 2591 5919 sedibus
2617 5862 2973 5916 annumerari.
