3988 6344
374 387 477 442 337

376 574 484 625 suis
510 572 644 626 locis
676 570 979 624 dicendum.
1021 568 1098 621 At!
1146 566 1321 620 Novas
1354 567 1512 621 habet
1559 567 1860 620 Antoninus
1895 569 1944 621 in

377 641 678 708 Itinerario,
712 640 851 696 haud
885 641 1064 708 procul
1096 639 1162 692 ab
1199 637 1402 706 Oppido
1435 636 1604 706 Novo,
1630 637 1767 692 intra
1794 653 1943 691 num.

378 714 444 768 61
470 713 522 766 in
555 712 654 765 hac
683 711 797 779 ipsa
831 710 1100 778 provincia
1130 717 1447 761 memorato.

442 783 534 837 20.
555 778 1033 836 Zucaaunt'ritivtis.
1055 780 1107 832 In
1125 780 1418 834 Collatione
1433 778 1681 840 Cartliag.
1705 793 1823 846 cap.
1845 779 1948 833 155

377 853 511 906 inter
553 855 846 905 catholicos
899 851 1082 903 Patres
1136 852 1429 903 recensitus
1468 859 1551 902 est
1601 848 1948 901 Maximianus

375 925 635 993 cpiscopus
658 921 818 993 plebis
841 920 1286 993 Zugabbaritanw,
1321 918 1406 993 qui
1435 921 1501 993 ἰιιΔ
1541 920 1806 993 prioribus
1833 920 1946 993 edi-

379 989 610 1046 ιιοιιίιιιιδ
639 1002 765 1046 ante
799 992 1134 1045 Balnzianatn
1183 989 1655 1043 Suboabburitrntiis
1694 990 1948 1042 mendose

375 1064 670 1118 dicebatur.
703 1068 771 1116 At.
791 1064 870 1116 sic
891 1062 1194 1114 emendavit
1223 1060 1458 1111 eruditus
1492 1059 1759 1122 Baluzius,
1807 1059 1947 1128 quod

377 1131 688 1198 Germanus,
715 1134 802 1199 qui
830 1132 914 1184 hic
950 1131 1251 1185 Maximiani
1277 1130 1610 1182 adversariu~
1638 1145 1699 1183 ex
1733 1130 1948 1182 Donati-

376 1213 576 1256 starum
602 1219 675 1256 set
696 1213 743 1256 tu
773 1202 984 1264 dicitur,
1018 1217 1135 1269 rap.
1170 1199 1270 1252 182
1287 1201 1483 1271 disi-rte
1517 1201 1778 1271 episcOpus
1810 1199 1950 1271 Zug-

376 1275 1058 1344 gabaiitauusnominetur.
1109 1272 1324 1344 Veteres
1357 1270 1509 1323 Plinii
1545 1271 1810 1344 editiones
1851 1270 1943 1325 lib.

381 1340 432 1406 ἧι,
461 1361 578 1410 cap.
605 1343 662 1408 2,
695 1343 956 1398 Succubur
983 1341 1367 1404 memorabant,
1393 1356 1550 1408 quem
1580 1342 1750 1393 locum
1782 1340 1944 1394 Joan-

378 1429 471 1468 nes
493 1415 796 1469 Harduinns
818 1429 880 1467 ex
905 1414 1132 1465 omnibus
1155 1412 1536 1478 manuscriptis,
1565 1414 1634 1464 uti
1653 1416 1744 1476 ait,
1768 1427 1948 1464 emen-

375 1483 557 1550 davit,
615 1487 879 1552 habe-tque
936 1482 1227 1547 Succabar,
1285 1496 1404 1547 quae
1453 1482 1577 1533 urbs
1633 1481 1702 1534 ibi
1753 1483 1948 1535 dieitur

376 1552 590 1608 Colonia
632 1559 875 1623 Augusta.
907 1554 993 1605 Sic
1027 1568 1238 1620 quoque
1269 1552 1566 1623 appellatur
1593 1552 1642 1603 in
1672 1552 1948 1605 'I‘hrsatiro

374 1624 561 1678 Gol~tii
588 1622 854 1693 pag.i258.
882 1623 1190 1676 Ammianus
1212 1622 1450 1693 veru_lib.
1473 1637 1592 1693 χχιι
1613 1622 1946 1686 municipium

377 1690 813 1763 Sugabaritanum
849 1703 1109 1747 memorat
1139 1702 1292 1744 monti
1319 1690 1697 1763 Transcellensi
1713 1693 1944 1763 adcline.

377 1762 694 1819 Ptuleintetis
739 1765 833 1819 lib.
883 1779 954 1827 ιν,
1007 1777 1125 1829 cap.
1156 1763 1211 1824 2,
1247 1762 1405 1816 liabet
1447 1778 1511 1814 ex
1544 1762 1662 1815 cod.
1709 1762 1946 1817 Palatino

375 1838 512 1899 apud
543 1836 776 1889 Bertium
812 1833 1122 1887 Zucltabari.
1168 1831 1304 1884 Editi
1347 1841 1499 1886 antea
1547 1831 1811 1885 habebant
1842 1833 1946 1886 Bu-

377 1905 657 1958 chambari.
704 1906 832 1958 llttic
875 1904 990 1957 urbi
1026 1902 1362 1973 Fortunatam
1392 1920 1422 1954 a
1465 1901 1801 1968 Tucchabori,
1853 1910 1939 1973 qui

379 1976 517 2030 inter
545 1976 937 2045 rebaptizantes
974 1975 1022 2026 in
1057 1975 1282 2045 concilio
1321 1972 1570 2045 Cartltag.
1593 1974 1713 2045 sub
1758 1972 1942 2045 sancto

377 2042 838 2115 Cypriauo,'num.
867 2044 954 2115 17,
987 2043 1188 2115 adfuit,
1222 2042 1500 2112 prtefuisse
1527 2043 1816 2115 arbitratur
1846 2044 1944 2099 Pa-

377 2113 564 2172 m‘e‘lius
586 2118 638 2170 in
665 2117 803 2169 notis
817 2114 880 2168 ad
895 2125 1132 2168 sanctum
1155 2114 1495 2182 Cyprianum,
1521 2113 1614 2166 sed
1640 2130 1937 2181 perperam.

378 2187 505 2240 Nam
537 2187 829 2253 Stephanus
872 2187 1134 2256 episc0pus
1160 2182 1594 2237 Tuccaboricnsi's.
1648 2187 1788 2238 inter
1824 2203 1946 2253 pro-

376 2258 689 2311 consulares
734 2257 960 2309 habetur
989 2258 1076 2321 qui
1118 2256 1386 2324 synodica:
1436 2257 1864 2322 subscripserunt
1891 2258 1940 2310 in

375 2328 606 2382 concilio
636 2327 884 2381 Laterau.
909 2327 1010 2380 sub
1037 2334 1221 2378 sancto
1246 2325 1491 2384 Martino,
1523 2334 1625 2379 act.
1651 2326 1704 2378 2.

440 2399 531 2452 21.
561 2397 946 2453 CESARIENSIS.
991 2396 1116 2448 urbs
1161 2395 1324 2446 totius
1365 2395 1648 2460 provincias
1693 2396 1941 2465 nobilior,

375 2485 439 2522 ex
469 2484 574 2536 qua
601 2469 742 2522 dicta
772 2477 855 2522 est
878 2465 1186 2536 Mauritania
1211 2465 1573 2536 (Laisaricnsis.
1608 2465 1796 2520 Paucis
1825 2483 1944 2521 ver-

376 2539 456 2593 bis
479 2535 712 2607 elogium
741 2539 858 2606 ejus
877 2537 1102 2607 absolvit
1134 2535 1334 2588 Plinius
1366 2535 1456 2587 lib.
1482 2550 1530 2594 ν,
1555 2551 1671 2604 cap.
1701 2537 1753 2592 2.
1784 2538 1944 2606 Oppi-

377 2611 496 2662 dum
535 2606 601 2662 ibi
637 2607 1010 2662 celeberrimum
1039 2606 1303 2666 Καπανέα,
1346 2615 1496 2676 antea
1537 2610 1804 2659 vocitatum
1830 2607 1941 2676 Jol,

375 2678 524 2733 Juba:
552 2680 713 2749 regia,
752 2695 783 2729 a
806 2677 923 2730 divo
943 2676 1170 2749 Claudia
1197 2675 1408 2749 coloniae
1433 2676 1556 2749 iure
1587 2676 1772 2730 donata
1802 2675 1940 2747 ejus-

379 2749 489 2802 dem
511 2745 665 2821 jussu
694 2749 924 2821 deductis
951 2747 1228 2821 veteranisq
1244 2745 1446 2821 Dicitur
1475 2760 1503 2798 a
1527 2745 1938 2821 Ptolemteojib.

377 2835 440 2882 ti,
463 2816 578 2889 cap.
603 2824 660 2885 4,
682 2817 770 2871 J0!
799 2817 1029 2871 Ciesarea
1053 2834 1070 2889 ,f
1098 2818 1178 2889 ab
1203 2816 1471 2889 Autumno
1491 2817 1746 2889 _Ca?sarea
1798 2818 1942 2873 Celo-

381 2885 546 2953 τιήιμὶ
577 2889 868 2956 Pomponio
895 2889 1027 2942 Mela
1061 2887 1151 2941 lib.
1183 2902 1220 2951 i,
1249 2901 1366 2954 cap.
1392 2887 1444 2950 6,
1477 2885 1562 2941 Jol
1585 2889 1652 2940 ad
1674 2905 1812 2943 mare
1842 2892 1938 2943 ali-

379 2963 578 3028 quando
604 2960 866 3030 ignobilis,
910 2975 1040 3011 nunc
1067 2961 1185 3027 quia
1212 2956 1522 3030 J‘ubw‘reU-io
1570 2960 1687 3027 fuit,
1735 2971 1779 3012 et
1808 2963 1943 3029 quod

377 3027 894 3084 Caesareapocitatur
942 3030 1178 3098 illustris,
1233 3027 1424 3081 Bocchi
1480 3044 1689 3096 quoqtte
1742 3027 1939 3098 regiam

371 3101 535 3154 fuisse
561 3101 834 3154 contendit
862 3099 1098 3153 Solinus.
1141 3096 1317 3160 Prius,
1353 3100 1518 3164 inquit
1544 3114 1658 3166 cap.
1691 3099 1781 3163 28,
1808 3096 1943 3155 Boc-

370 3173 452 3223 chi
473 3172 636 3242 regia,
665 3171 986 3242 postmodum
1006 3170 1153 3221 Juba
1171 3167 1493 3242 indulgentia
1525 3172 1699 3235 populi
1725 3171 1943 3226 Romani

1325 380 1845 437 ANNOTATIONES
1884 381 1948 437 IN
1985 380 2311 439 NOTITIAM
2351 383 2647 440 AFRICAS.

376 503 501 564 dito,
539 508 600 554 ut
631 499 779 554 Nova
805 501 1016 567 Sparsa,
1056 498 1197 567 Nova
1227 495 1468 562 Ca’suris,
1496 505 1636 560 etc.;
1666 497 1732 551 de
1754 496 1945 564 quibus
1977 497 2032 558 Α
2058 511 2176 562 nus,

3519 389 3624 440 558

2215 500 2302 566 qui
2334 513 2450 565 cap.
2481 501 2582 555 155
2607 499 3106 555 Subo—abburitcnsis
3134 501 3326 555 dicitur
3355 498 3404 553 in
3426 501 3621 555 editio-

2057 567 2213 622 nibus
2241 569 2582 624 Baluzianam
2611 571 3066 636 antecedentibus,
3109 587 3212 625 non
3244 571 3620 636 Suburitanus,

2053 654 2226 712 neque
2267 639 2666 712 Subbaritanus,
2704 641 2801 712 sed
2846 640 3322 712 Zuggabaritanus,
3363 642 3618 712 appellari

2052 708 2226 779 debet,
2258 711 2330 762 uti
2359 710 2659 764 emendavit
2699 708 3124 767 Baluzius'fVide
3151 727 3311 779 supra
3340 708 3488 766 num.
3526 710 3618 766 20.

2053 778 2342 848 Martyrum
2388 780 2780 835 Suburbitarum
2829 783 3027 837 mentio
3064 778 3357 836 habebatur
3404 786 3455 836 in
3500 796 3619 836 ser-

2055 865 2214 904 mone
2244 850 2316 921 527
2342 852 2505 903 sancti
2539 852 2812 917 Augustini
2842 867 2870 904 a
2905 853 3190 907 Sirmtindo
3219 854 3394 921 edito,
3425 853 3513 920 qui
3539 861 3624 908 est

2053 934 2203 973 nova:
2258 920 2505 973 editionis
2546 922 2668 975 Sta.
2727 922 2798 976 De
2836 923 3024 986 quibus
3055 923 3173 977 vide
3203 920 3620 977 admonitionem

2052 1000 2308 1065 nostram_
2337 992 2386 1065 in
2419 993 2716 1065 passionem
2749 1006 3048 1065 sanctarum
3092 1006 3382 1065 martyrum
3425 993 3621 1059 Perpe-

2053 1068 2158 1141 tua:
2187 1071 2238 1113 ct
2268 1061 2580 1185 Feégitatis,
2615 1077 2759 1116 num.
2783 1063 2838 1127 5,
2870 1065 2920 1115 in
2951 1065 3097 1117 Actis
3118 1061 3405 1135 Martyrum
3447 1064 3620 1119 since-

2053 1146 2146 1185 I'IS.
2183 1146 2296 1185 ttae.
2373 1165 2421 1185 .i.

2052 1146 2146 1193 ris,
2183 1146 2296 1199 pag.
2333 1146 2421 1185 az.

2122 1201 2213 1254 24.
2257 1208 2533 1264 AQUENSIS.
2575 1202 2886 1271 Complures
2915 1212 3066 1258 erant
3087 1203 3244 1273 hujus
3271 1205 3500 1260 nominis
3529 1222 3619 1260 ur-

2050 1271 2144 1325 bes
2171 1273 2220 1324 iit
2250 1274 2460 1345 Africa,
2496 1273 2662 1325 etiam
2685 1285 2880 1341 pr:rter
2910 1290 2998 1327 eas
3039 1271 3170 1343 quae
3195 1277 3374 1345 aliquo
3415 1277 3619 1330 addita-

2054 1353 2234 1395 mento
2260 1344 2736 1411 distinguebantur.
2766 1345 3062 1406 Secundus,
3095 1347 3176 1409 qui
3203 1344 3407 1407 Leporii
3442 1347 3620 1400 libello

2050 1413 2379 1487 subscripsit,
2412 1429 2531 1467 sese
2563 1413 2804 1487 Ecclesia:
2844 1416 3120 1484 Aquensis,
3157 1414 3618 1487 siveMegarmita-

2054 1498 2132 1534 nte
2155 1485 2460 1548 ei.is00ptini
2499 1485 2756 1550 appellat;
2789 1488 2878 1538 sed
2911 1487 2996 1539 hic
3024 1493 3138 1538 erat
3161 1501 3225 1540 ex
3253 1485 3519 1550 Numidis,
3563 1497 3620 1542 ut

2052 1553 2281 1624 divinius
2326 1553 2378 1606 in
2430 1554 2569 1607 notis
2595 1556 2658 1607 ad
2687 1554 2803 1623 ejus
2834 1557 3118 1623 provinciae
3148 1560 3428 1624 episcopos
3466 1573 3617 1613 num.

2055 1622 2174 1676 105.
2205 1624 2386 1676 Adfuit
2426 1622 2992 1695 Collatiuni’Carthag.
3029 1643 3145 1693 cap.
3173 1627 3278 1680 208
3310 1622 3619 1680 Victorinia-

2051 1710 2148 1766 nuit
2166 1711 2439 1766 episcopus
2465 1695 2714 1764 Aquensis
2740 1712 2802 1749 ex
2837 1696 3226 1751 Donatistarum
3249 1705 3388 1751 secta
3411 1743 3424 1761 ,
3459 1713 3619 1766 quem

2051 1765 2115 1815 ad
2141 1763 2528 1836 Arzugitanam
2555 1767 2876 1831 provinciam
2909 1767 3231 1835 pertinuisse
3259 1763 3525 1836 Colligitur
3550 1783 3620 1823 ex

2053 1835 2239 1908 eodem
2286 1836 2773 1908 Collationiiloco.
2821 1837 2904 1890 tibi
2952 1839 3208 1891 Asselicus
3238 1835 3501 1908 episcopus
3532 1853 3620 1891 ca-

2048 1905 2262 1957 tholicus
2291 1906 2551 1973 municipii
2574 1904 2871 1959 Tusuritani
2896 1904 3274 1976 interloquitur'
3287 1925 3346 1962 se
3367 1904 3432 1960 de
3453 1908 3619 1961 Arzu-

2046 1975 2191 2049 gihus
2219 1976 2301 2049 die
2322 1991 2375 2028 ιιι
2404 1976 3014 2049 εαιειιάίιηινηΜιιὶανιιιη
3041 1975 3323 2047 proiectum
3353 1979 3526 2049 fuisse,
3557 1995 3622 2034 ac

2053 2044 2468 2098 Victorinianunt
2510 2046 2562 2098 in
2606 2051 2686 2100 via
2742 2044 3146 2101 Donatistarum.
3177 2044 3405 2104 factione
3454 2048 3622 2104 fuisse

2047 2115 2369 2184 ordinatum.
2418 2117 2745 2170 Recensetur
2773 2127 2826 2171 et
2854 2134 2970 2184 cap.
3020 2119 3118 2173 198
3151 2120 3274 2172 item
3302 2136 3365 2173 ex
3403 2120 3620 2172 Donati-

2045 2186 2141 2237 stis
2164 2183 2464 2258 Cresconius
2488 2188 2747 2258 episwpus
2773 2183 3046 2258 Aquensis;
3077 2188 3169 2242 sed
3196 2189 3435 2243 Numidis
3459 2192 3618 2258 istum

2045 2257 2316 2310 accenseri
2347 2257 2542 2327 debere
2574 2257 2726 2312 facile
2756 2259 2928 2327 colligi
2963 2269 3136 2325 potest
3163 2274 3224 2312 ex
3252 2258 3438 2312 eodem
3469 2257 3610 2323 loco,

2046 2341 2167 2378 naui
2197 2342 2316 2380 cum
2364 2326 2432 2379 ibi
2476 2328 2792 2382 Cresconius
2835 2326 3128 2381 traditorem
3164 2343 3222 2382 se
3264 2344 3365 2381 non
3417 2327 3618 2383 habere

2045 2396 2288 2460 dixisset,
2324 2398 2668 2451 interlocutus
2689 2407 2772 2452 est
2797 2399 3045 2452 Aurelius
3073 2399 3350 2466 cpiscopus
3391 2398 3616 2452 catholi-

2047 2481 2139 2520 cus
2168 2467 2527 2530 Macomadite,
2565 2476 2619 2522 et
2642 2468 2772 2521 dixit
2805 2485 2819 2520 :
2852 2468 3113 2521 Habemus
3141 2469 3218 2521 Ittc
3247 2468 3611 2537 presbyterum,

2045 2553 2164 2608 nam
2211 2547 2257 2590 et
2303 2540 2571 2608 episcopus
2601 2538 2672 2590 ibi
2711 2540 2835 2604 fuit,
2866 2539 3015 2592 modo
3045 2541 3314 2607 defunctus
3343 2548 3442 2602 est,
3474 2547 3521 2591 et
3558 2540 3614 2590 in

2047 2606 2156 2660 loco
2185 2610 2297 2676 ejus
2327 2606 2538 2660 necdum
2568 2617 2642 2662 est
2669 2609 2950 2662 ordinatus.
2995 2606 3266 2662 Aurelium
3297 2617 3470 2665 autem
3503 2608 3616 2662 Ma—

2046 2681 2304 2731 comadia:
2355 2678 2643 2732 Numidiae
2689 2681 2993 2746 episcopum
3058 2679 3220 2732 fuisse
3269 2679 3612 2748 probavimus

2045 2762 2205 2815 supra
2232 2748 2284 2801 in
2312 2750 2448 2802 notis
2469 2749 2533 2803 ad
2556 2750 2705 2803 istius
2730 2749 3012 2816 provincia:
3037 2750 3318 2817 episcopos
3345 2765 3491 2802 num.
3520 2751 3610 2805 84.

2045 2818 2149 2871 Sed
2180 2830 2373 2885 praeter
2422 2820 2517 2872 bos
2561 2834 2746 2873 oinnes
2776 2818 3031 2873 habemus
3076 2820 3248 2872 adhuc
3297 2821 3606 2888 episcopum

2047 2889 2348 2956 Aqtiensem
2385 2905 2450 2943 ex
2479 2890 2806 2956 Collatione,
2853 2889 2971 2958 qui,
3019 2899 3073 2942 ut
3115 2890 3342 2953 videtur,
3391 2889 3615 2958 hujusce

2047 2960 2310 3023 Aqneiisis
2343 2959 2667 3012 Mauritaniae
2698 2960 2843 3012 urbis
2865 2957 3142 3027 episcopus
3164 2959 3279 3012 fuit.
3311 2960 3355 3011 Is
3382 2969 3464 3011 est
3489 2957 3615 3012 Hel-

2046 3029 2216 3097 pidius
2243 3029 2505 3097 episcopus
2527 3029 2686 3096 plebis
2711 3029 2951 3097 Aquensis
2974 3032 3060 3098 qui
3083 3046 3202 3082 cum
3236 3028 3493 3094 Reparato
3515 3044 3614 3082 suo

2045 3100 2351 3153 adversario
2390 3116 2506 3168 cap.
2545 3101 2642 3155 155
2681 3102 2976 3153 recensitus
3020 3109 3129 3165 est;
3179 3101 3266 3169 qui
3317 3098 3612 3169 Reparatus

2046 3170 2236 3224 iterum
2272 3171 2409 3224 inter
2451 3173 2747 3224 Donatistas
2777 3171 2934 3239 capit.
2964 3171 3062 3224 197
3090 3168 3406 3239 comparuit.
3439 3168 3613 3237 Aquas

372 3243 508 3316 dono
528 3239 670 3316 data.
698 3241 942 3316 D_icitnrna
963 3239 1222 3306 Procopio
1241 3240 1427 3316 μεγάλη
1445 3244 1531 3316 uati
1549 3243 1940 3316 noluévﬂpairroc

2050 3241 2191 3316 inter
2227 3239 2444 3316 Sufasar
2482 3250 2535 3294 et
2571 3241 2747 3316 ipsam
2781 3241 3076 3316 Caesaream
3129 3241 3284 3316 habet
3315 3239 3613 3316 AntOtiinus

372 3314 424 3366 ἐκ
451 3315 671 3367 παλαιοῦ
695 3306 847 3366 οὖσα.
878 3310 1112 3362 Caeteros
1156 3306 1403 3375 profanos
1430 3311 1615 3361 omitto
1658 3313 1742 3376 qui
1769 3306 1940 3379 'plura

374 3384 440 3434 de
469 3383 568 3434 bac
591 3384 721 3435 urbe
747 3390 1162 3448 coiigesserunt;
1193 3395 1311 3448 qme
1355 3380 1512 3432 hodie
1562 3394 1831 3447 superest,
1887 3395 1941 3438 ut

373 3454 556 3505 multis
585 3455 782 3520 placet,
815 3453 913 3503 sub
941 3450 1137 3518 Alget-ii
1167 3449 1402 3511 nomine,
1426 3449 1651 3503 celebiis
1682 3455 1826 3519 regni
1853 3469 1942 3507 co»

375 3525 642 3590 gnoniinis
665 3531 852 3588 caput:
874 3537 1025 3586 quain
1061 3530 1233 3572 tamen
1257 3520 1560 3587 opinionem
1584 3521 1805 3575 Samson
1835 3526 1943 3578 alii-

373 3608 477 3662 que
497 3593 783 3661 geographi
807 3591 997 3662 eruditi
1017 3590 1284 3662 rejitriunt.
1301 3592 1436 3642 Uliiu
1456 3590 1623 3642 civi.i‘
1646 3603 1760 3644 erat
1783 3597 1940 3649 totius

372 3661 663 3731 provincia:
701 3661 1031 3729 metropolis,
1074 3661 1212 3727 quod
1257 3675 1460 3732 nomen
1489 3662 1552 3713 ad
1584 3662 1698 3730 ejus
1729 3679 1940 3732 quoque

372 3735 681 3800 episcopum
713 3733 980 3785 transtulit
1005 3741 1219 3785 sanctus
1243 3731 1589 3797 Augustinus,
1621 3736 1730 3800 qui,
1758 3731 1938 3800 titjain

372 3804 505 3856 alias
533 3803 952 3864 observavimus,
1003 3801 1292 3872 Deulerium
1323 3801 1611 3872 episcopum
1644 3807 1938 3872 metropoli.

373 3881 550 3925 (unum
567 3873 924 3927 Caesariensem
950 3871 1182 3940 appellat
1213 3872 1362 3924 initio
1387 3871 1504 3924 libri
1528 3873 1594 3925 de
1610 3872 1789 3926 Gcstis
1819 3890 1938 3927 cuin

377 3943 615 3996 Emerito
665 3942 979 3997 Ctesarieiisi
1033 3943 1425 3995 Donatistarum
1469 3943 1739 4008 epi~copo.
1776 3945 1941 3998 Porro

373 4011 463 4067 bic
488 4014 754 4068 Emeritus
779 4027 916 4064 unus
941 4026 972 4064 e
996 4021 1199 4079 septem
1224 4011 1319 4064 fuit
1345 4012 1608 4078 epiScOpis
1624 4027 1758 4080 quos
1777 4013 1944 4066 Dona-

371 4089 513 4137 tista
544 4099 642 4152 pro
669 4099 777 4138 sua:
803 4097 977 4135 causa:
995 4083 1306 4135 defensione
1329 4082 1527 4152 agenda
1562 4083 1612 4134 in
1646 4083 1941 4139 Collatione

372 4151 1102 4224 Carthaginensielegerant,
1133 4153 1221 4220 qui
1247 4155 1439 4217 passim
1480 4151 1531 4204 in
1559 4167 1619 4205 ea
1654 4153 1942 4206 interlocu-

372 4232 461 4277 tus
489 4226 704 4293 legitur.
743 4225 885 4276 Ideni
916 4238 1150 4290 praesens
1173 4230 1429 4293 eratcum
1463 4224 1623 4275 totius
1655 4224 1940 4290 provinciae

370 4292 640 4363 episcopis
670 4303 722 4348 et
751 4307 993 4346 universa
1018 4295 1190 4360 plebe,
1224 4292 1436 4359 quando
1477 4297 1799 4360 Augustinus
1829 4310 1943 4348 ser-

370 4379 586 4418 monem
621 4364 800 4417 habuit
827 4363 964 4431 apud
991 4365 1308 4427 Caesaream,
1336 4377 1491 4426 qnem
1511 4374 1687 4425 totum,
1717 4373 1776 4416 ttt
1804 4367 1942 4432 ipse-

372 4444 484 4487 met
516 4437 844 4504 Augustinus
889 4435 1050 4486 refert
1097 4435 1230 4486 libro
1263 4447 1297 4504 tt
1328 4432 1779 4504 Retractationttm
1817 4451 1938 4504 cap.

371 4506 462 4568 51,
497 4501 882 4557 ιιοηῖηυειιὶεηε
907 4505 1026 4572 quid
1050 4503 1392 4625 resﬁonderet,
1423 4501 1676 4556 Emeritus
1697 4501 1940 4574 tanquam

372 4589 543 4625 mutus
577 4577 789 4625 audiuit.
824 4580 890 4625 At
921 4587 1067 4625 Vero.
1166 4573 1386 4625 euterius
1413 4573 1654 4625 eiusdem
1679 4578 1822 4625 urbis
1849 4593 1938 4625 ca-

372 4589 543 4627 mutus
577 4577 789 4627 audivit.
824 4580 890 4627 At
921 4587 1067 4638 Vero,
1119 4573 1386 4625 Deuterius
1413 4573 1654 4641 ejusdem
1679 4573 1822 4629 urbis
1849 4593 1938 4630 ca-

369 4645 602 4698 tholicus
627 4649 908 4714 episcopus
951 4645 1003 4696 in
1043 4645 1227 4698 eadem
1268 4645 1562 4698 CollattOne
1607 4659 1741 4698 unus
1782 4647 1879 4700 fuit
1905 4661 1936 4700 e

369 4716 682 4777 custodibus
725 4715 1059 4767 tabularum:
1111 4714 1375 4780 simulque
1422 4726 1833 4781 cotuparuertint
1878 4729 1934 4770 et

370 4801 492 4839 sese
525 4790 748 4838 invicem
788 4793 1120 4851 agnoverunt
1145 4799 1260 4850 cap.
1305 4783 1423 4837 145.
1454 4785 1714 4837 Caeterum
1741 4802 1807 4840 ex
1833 4787 1935 4842 ltoe

369 4855 582 4908 Notitia:
607 4857 724 4909 loro
757 4856 869 4908 falsi
903 4853 1242 4909 convincitur
1271 4869 1454 4906 eorum
1501 4855 1681 4922 opinio
1710 4860 1796 4924 qui
1834 4874 1931 4925 pu-

369 4928 554 4979 tabant
582 4939 676 4979 eos
705 4926 900 4980 Africa:
932 4937 1204 4992 primates,
1236 4925 1394 4976 etiam
1425 4926 1477 4978 in
1511 4927 1629 4978 aliis
1650 4941 1679 4978 a
1710 4941 1935 4990 procon-

369 4998 533 5049 sulari
569 4995 874 5064 provinciis,
918 5011 1013 5062 pro
1043 4995 1247 5049 sedium
1279 5010 1492 5048 suarum
1524 4996 1798 5063 dignitate,
1820 5004 1932 5053 non

367 5079 498 5120 vero
528 5066 820 5120 secundum
845 5065 1196 5118 ordinationis
1244 5075 1452 5132 tempus
1485 5064 1649 5119 fuisse
1672 5072 1930 5122 constitu-

373 5144 458 5205 tos
482 5153 496 5189 :
520 5152 638 5205 qua:
667 5138 904 5205 opinatio
924 5136 1122 5205 jamab
1145 5135 1390 5188 omnibus
1417 5136 1634 5203 explosa
1665 5149 1764 5190 est.

438 5204 526 5259 22.
563 5204 1000 5259 Rusustntnuus.
1035 5204 1273 5258 Rasubus
1305 5207 1442 5272 apud
1473 5208 1708 5259 Urteium
1746 5225 1808 5261 ex
1846 5210 1933 5263 Vi-

368 5284 516 5331 ctore
552 5278 785 5331 Uticensi
819 5292 917 5330 nis.
946 5287 1291 5330 memoratur.
1313 5277 1633 5329 Ptolemaeus
1658 5277 1816 5332 habet
1839 5279 1930 5331 lib.

367 5361 438 5408 tv,
468 5363 584 5414 cap.
617 5351 669 5411 5,
703 5346 992 5409 liusicibar,
1019 5349 1139 5398 vide
1179 5345 1316 5398 infra
1354 5347 1505 5415 167
1539 5349 1788 5402 num.77.
1826 5348 1934 5401 liu-

368 5418 596 5483 sippisiin
627 5416 956 5482 municipium
983 5418 1230 5470 exhibent
1253 5416 1467 5469 Tabula:
1493 5420 1929 5485 Pentingeriante.

440 5487 524 5544 23.
565 5489 986 5540 SUBBARITANUS.
1025 5485 1205 5539 Codex
1265 5486 1458 5538 Halleri
1485 5527 1501 5550 ,
1551 5487 1929 5543 Subarn’tanus.

370 5556 692 5628 Ptulentaeus
720 5559 810 5628 liti.
839 5571 911 5617 iv,
939 5571 1057 5622 cap.
1101 5556 1440 5628 t_,_memorat
1471 5558 1609 5610 inter
1641 5559 1932 5628 Tingitana:

366 5627 610 5680 civitates
643 5627 849 5689 Subur,
885 5643 953 5680 ex
984 5641 1087 5694 qua
1118 5625 1494 5679 Maximianum
1541 5628 1591 5679 in
1636 5625 1934 5684 Collatiniie

365 5696 613 5765 Carttiag.
648 5701 942 5764 episcOpum
982 5698 1349 5750 Suburt‘tanum
1376 5698 1578 5765 dictum
1612 5697 1775 5752 fuisse
1801 5701 1936 5754 scri-

368 5764 448 5818 bit
469 5764 694 5821 Carolus
731 5781 761 5820 a
805 5768 997 5820 Sancto
1025 5767 1208 5820 Paulo.
1235 5773 1299 5818 At
1330 5764 1677 5820 Maximianus
1718 5769 1932 5822 Sabari-

371 5849 521 5895 taumi
548 5846 718 5899 nullus
737 5848 818 5894 est
839 5840 891 5892 in
914 5838 1207 5893 Collatione
1234 5837 1483 5902 Carthag.
1509 5839 1636 5892 Nam
1666 5841 1932 5893 Maximina

2048 3312 2101 3364 in
2135 3310 2444 3375 Itinerario,
2497 3313 2579 3364 cui
2618 3314 2734 3364 loco
2766 3313 2970 3364 videtur
3023 3311 3284 3376 Aquensis
3331 3311 3613 3378 episcopus

2048 3381 2132 3433 hic
2160 3382 2482 3434 memeratus
2514 3382 2805 3451 praefuisise.
2838 3383 3101 3434 Caeterum
3131 3381 3188 3434 V.
3219 3380 3278 3434 C.
3312 3381 3612 3448 Stephanus

2045 3451 2291 3504 Baluzins
2319 3455 2500 3505 urbem
2533 3456 2832 3518 Aquenseiti
2866 3454 2949 3505 liic
2985 3452 3246 3504 laudatam
3287 3466 3401 3505 eam
3443 3451 3612 3518 ipsam

2045 3536 2162 3575 esse
2189 3532 2373 3575 censet
2414 3524 2663 3574 civitatem
2692 3522 2976 3591 Aquitanae
3004 3522 3153 3590 Cujus
3181 3519 3438 3591 Crescens
3468 3524 3518 3572 iii
3550 3520 3612 3573 li-

2046 3592 2143 3644 bro
2174 3607 2187 3644 i
2219 3593 2461 3644 Historite
2491 3592 2714 3646 Viatoris
2750 3589 3011 3656 Vitensis,
3040 3589 3260 3645 numero
3288 3594 3320 3645 7
3352 3589 3612 3660 Metropo-

2045 3663 2234 3714 Iituuus
2278 3664 2436 3715 fui~se
2467 3664 2676 3715 dicitur.
2723 3661 2834 3728 Qua
2879 3664 2946 3716 de
2985 3678 3039 3714 re
3083 3664 3226 3730 plura
3276 3661 3505 3714 diximus
3560 3662 3612 3712 iit

2044 3736 2183 3785 notis
2213 3734 2274 3783 ad
2309 3733 2447 3785 hunc
2479 3733 2703 3786 Victoris
2739 3737 2942 3796 locum,
2988 3729 3133 3785 num.
3157 3731 3247 3784 22.
3271 3730 3429 3785 Certe
3455 3729 3613 3792 Aqui-

2045 3803 2154 3853 tam'
2176 3804 2242 3854 ab
2271 3805 2427 3868 Aquis
2456 3803 2507 3855 in
2538 3803 2706 3855 Gallia
2736 3803 2859 3855 dicti
2901 3813 3022 3854 sunt
3043 3842 3058 3866 ,
3090 3812 3145 3854 ut
3170 3803 3419 3854 observat
3447 3802 3612 3854 Joan-

2044 3887 2141 3924 nes
2188 3873 2485 3926 llarduinus
2516 3873 2565 3924 in
2596 3872 2731 3927 libro
2763 3888 2814 3926 iv
2845 3872 3028 3934 Plinii,
3076 3886 3192 3938 cap.
3241 3871 3326 3935 19,
3368 3871 3457 3938 qui
3490 3870 3612 3923 ideo

2044 3941 2407 3994 indifferenter
2443 3944 2698 4011 Aquenses
2728 3949 2782 3994 et
2803 3942 3070 4008 Aquitani,
3105 3950 3160 3992 tit
3189 3941 3302 4011 vult
3336 3939 3609 4004 Baluzius,

2043 4013 2372 4064 dicebantur.
2400 4008 2615 4065 Baluzio
2635 4013 2794 4065 etiam
2827 4012 3000 4074 favet,
3035 4011 3175 4079 quod
3203 4008 3459 4063 Crescens
3484 4024 3608 4061 cen-

2045 4093 2150 4162 tum
2177 4083 2434 4164 et_i_~iginti
2471 4083 2720 4164 episeopis
2763 4081 3034 4163 przefuisse
3063 4079 3286 4164 .dicatur
3331 4079 3612 4164 :ltotide'm

2044 4151 2183 4205 enim
2229 4147 2560 4206 Mauritania}
2589 4147 2930 4207 Caesariensis
2968 4149 3232 4203 antistites
3264 4147 3527 4203 habentur
3556 4149 3609 4202 in

2043 4222 2255 4287 Notitia,
2304 4231 2496 4289 printer
2524 4238 2616 4277 sex
2656 4222 2782 4275 alias
2810 4222 2993 4290 sedes,
3032 4236 3150 4289 quas
3183 4229 3306 4274 tunc
3342 4219 3603 4289 temporis

2041 4295 2322 4362 episcopos
2351 4308 2453 4346 non
2482 4295 2763 4347 habebant.

2113 4364 2200 4417 25.
2235 4361 2699 4419 'Munusncsssw.
2741 4362 2830 4416 Sic
2867 4377 2997 4418 mss.
3027 4372 3082 4417 et
3108 4361 3260 4416 editi.

2111 4435 2201 4488 26.
2249 4435 2632 4488 VAGALITANUS.
2685 4435 2866 4488 Eidem
2917 4433 3031 4486 urbi
3089 4429 3297 4500 prafuit
3347 4446 3410 4486 ex
3462 4440 3611 4500 parte

2043 4506 2228 4560 Donati
2281 4503 2476 4574 Miggin
2526 4506 2788 4572 episc0pus
2844 4503 3176 4574 Vagalitanus
3219 4504 3269 4556 iit
3320 4502 3612 4574 Collatioue

2045 4573 2446 4642 Carthagineusi
2477 4589 2597 4642 cap.
2624 4575 2730 4628 208
2767 4573 3082 4627 recensitos.
3118 4573 3283 4641 Vaga!
3305 4574 3442 4627 inter
3468 4573 3612 4626 Mau-

2045 4647 2249 4701 ritania:
2279 4647 2471 4711 oppida
2502 4653 2758 4698 memorat
2780 4644 3079 4698 Antoninus
3108 4647 3157 4695 in
3190 4643 3488 4697 Itinerario.

2115 4716 2202 4769 27.
2245 4715 2598 4769 Ticisinsus.
2630 4715 2745 4768 Jam
2770 4714 2995 4767 vidimus
3026 4717 3165 4766 inter
3203 4714 3460 4767 Numidiae
3499 4715 3611 4780 epi-

2043 4801 2234 4855 scopos
2280 4801 2426 4838 num.
2468 4785 2537 4838 89
2585 4783 2914 4854 Tisigitanum
2959 4784 3296 4852 episcopum,
3338 4799 3443 4852 quo
3492 4785 3610 4838 loco

2042 4857 2318 4910 retulimus
2341 4870 2401 4908 ea
2429 4869 2548 4922 quae
2576 4855 2643 4907 de
2673 4869 2893 4923 utraque
2935 4855 3063 4908 urbe
3095 4855 3251 4924 168
3272 4855 3608 4924 cognomine

2041 4928 2290 4994 Colligere
2332 4921 2477 4994 licuit
2507 4940 2667 4993 aqua:
2697 4921 2964 4978 consulas.
2993 4921 3236 4976 enatus
3269 4921 3605 4992 Tigisitanum

2041 4993 2300 5051 memorat
2328 5007 2379 5047 et
2404 4993 2721 5062 Tigistanum
2749 5010 2812 5048 ex
2846 4995 3086 5056 Victore,
3118 5005 3174 5046 ut
3203 4995 3457 5062 loquitur,
3491 4994 3610 5049 Uti-

2041 5067 2208 5120 censi.
2247 5064 2385 5136 Tigi's
2416 5065 2557 5120 inter
2585 5065 2913 5118 Mauritania;
2940 5062 3285 5136 Caesariensis
3325 5064 3486 5119 urbes
3519 5069 3611 5119 ba-

2040 5138 2130 5191 het
2179 5133 2495 5188 Ptolemaitis
2540 5136 2673 5190 libro
2722 5150 2795 5200 iv,
2840 5149 2956 5202 cap.
2982 5135 3036 5187 2.
3070 5133 3284 5206 [igisim
3313 5150 3611 5206 anonymus

2041 5209 2319 5260 Ravennas
2351 5207 2438 5258 lib.
2469 5219 2523 5259 ιιι
2545 5245 2558 5269 ,
2592 5222 2738 5260 ιιιιιιι.
2765 5212 2816 5258 8.
2854 5206 3036 5271 Aptum
3082 5203 3363 5272 Tigiensem
3395 5203 3612 5258 in'Col-

2039 5278 2235 5330 latione
2261 5275 2659 5344 Carthaginensi
2681 5289 2797 5341 cap.
2828 5272 2932 5344 120
2961 5276 3267 5342 episcomim
3290 5274 3607 5328 catholicum

2043 5349 2144 5400 huc
2189 5344 2431 5399 revocari
2473 5349 2668 5399 debere
2695 5353 2880 5398 censet
2908 5343 3078 5397 Lucas
3105 5346 3425 5398 Holsteiiius.
3461 5345 3611 5396 Hunc

2041 5427 2216 5470 tamen
2250 5415 2481 5468 Tiziensi
2530 5415 2582 5468 in
2642 5417 2927 5485 Iiyzacena
2964 5414 3164 5467 civitati
3217 5413 3487 5480 praefuisse
3537 5413 3611 5465 ait

2040 5488 2306 5549 Baluzius,
2341 5494 2396 5537 ut
2417 5485 2654 5538 diximus
2684 5484 2829 5537 num.
2863 5484 2932 5536 65
2963 5485 3102 5539 inter
3132 5485 3450 5552 Byzacenos.

2109 5558 2202 5612 28.
2241 5555 2619 5610 FALLABENSIS.
2675 5555 2821 5608 lianc
2851 5555 3039 5607 urbem
3071 5569 3176 5607 non
3234 5552 3611 5605 memoratOr-

2041 5629 2215 5693 telius,
2247 5628 2388 5694 quod
2415 5627 2467 5680 in
2493 5625 2791 5697 fragmento
2813 5624 3012 5678 Halleri
3042 5623 3279 5678 fortassis
3307 5636 3412 5673 non
3445 5622 3606 5676 babe-
3633 5665 3644 5699 ,

2040 5708 2209 5756 retur.
3635 5706 3645 5725 ‘

2115 5771 2205 5823 29.
2248 5769 2611 5824 USINADENSIS.
2645 5766 2821 5822 Codex
2843 5763 3062 5827 Halleri,
3097 5761 3449 5816 Usidanem‘is.

2114 5841 2199 5894 3.0.
2245 5839 2766 5895 FLUMENZERITANUS.
2801 5836 2886 5885 Sic
2916 5834 3044 5887 editi
3075 5841 3129 5887 et
3158 5845 3284 5884 mss.
