3988 6344
301 339 394 393 311

1231 330 1745 390 ANNOTA'I‘IONES
1788 330 1848 386 ΙΝ
1889 328 2213 386 NOTITIAM
2255 331 2548 388 AFRlC/E.

3431 331 3527 384 7i!

301 453 586 508 Cartinnam
632 451 898 520 Oppidum,
945 458 999 504 ut
1040 465 1103 505 ex
1159 464 1286 503 mss.
1335 449 1606 520 codicibus
1656 449 1857 502 monuit
1885 451 1934 515 Α
1964 458 2017 502 ct
2044 448 2380 520 aliipassim.
2421 451 2620 504 Nomen
2665 451 2761 518 ipsi
2793 459 2838 504 ct
2884 448 3135 516 originum
3173 447 3416 520 uiliuissc
3459 451 3536 502 vi-

299 525 438 579 Isaac
488 519 717 575 Vossius.
777 521 1032 576 Eamdem
1111 521 1294 574 urbem
1353 519 1578 573 Colonias
1648 520 1858 585 Amasti

301 594 442 648 titulo
464 592 708 650 donatam
750 590 912 647 fuisse
951 592 1113 646 refert
1143 590 1341 644 Plinius
1384 589 1517 643 libro
1547 606 1595 654 v,
1637 605 1754 658 cap.
1799 590 1853 644 ἓ.

297 661 653 718 Calendarittm
675 661 1087 729 Carthaginiense
1108 661 1522 713 vetustissimum
1553 661 1637 714 die
1681 675 1729 714 Iv
1766 677 1857 712 na-

295 751 384 799 nas
451 729 720 786 Februarii
765 741 1054 786 sanctorum
1109 729 1501 785 Carteriensium
1545 730 1852 784 memoriam

296 803 473 861 recolit
502 842 517 866 ,
543 803 593 856 in
625 817 846 868 quorum
873 801 959 856 die
1008 803 1146 856 festo
1175 815 1472 855 sermonem
1521 801 1703 856 habuit
1744 800 1853 854 Att-

295 875 548 943 gustinus,
600 889 687 941 per
746 872 938 926 Natale
966 871 1392 943 Cttrtheriensium
1433 872 1768 943 inscriptum,
1800 880 1856 927 ut

298 940 513 998 testatur
537 940 810 996 Possidius
834 942 1050 996 lndiculi
1075 958 1193 1008 cap.
1224 941 1288 1004 9;
1317 957 1449 1010 quos
1473 940 1683 1010 quidem
1717 957 1854 995 mar-

295 1024 425 1085 tyres
449 1015 750 1079 suspicatur
780 1013 1352 1085 nosterMahilloniui,
1385 1019 1529 1085 tumo
1564 1011 1622 1085 I_ll
1656 1012 1851 1085 Anale-

293 1081 502 1145 c'tnrum,
539 1099 655 1151 pag.
688 1086 810 1144 121,
846 1082 908 1137 ad
943 1084 1256 1136 Cartcnnam
1309 1081 1634 1136 Mauritaniae
1664 1082 1847 1136 civita-

295 1164 388 1208 tvm
418 1169 572 1222 posse
602 1155 858 1208 revocari.
890 1153 994 1206 Viri
1024 1153 1213 1206 eruditi
1257 1153 1576 1217 c0njecturtc
1607 1151 1744 1206 favet
1776 1152 1854 1204 lo-

292 1240 375 1278 cus
397 1224 594 1278 codicis
615 1224 1004 1278 Fiscamncnsis
1021 1238 1179 1292 supra
1195 1232 1536 1277 memoratus.
1559 1222 1849 1292 .Iamsnpra

290 1297 577 1348 monuimus
607 1295 660 1348 in
706 1296 846 1348 notis
876 1295 936 1348 ad
974 1291 1291 1364 Byzaceuos,
1350 1309 1496 1364 nunt.
1544 1295 1632 1364 58,
1671 1291 1852 1346 Caria-

289 1379 492 1419 ncnsrm
526 1373 582 1419 et
603 1363 1040 1429 Cartenneusem,
1068 1364 1197 1418 duas
1237 1367 1285 1416 in
1333 1363 1509 1418 Africa
1555 1363 1708 1418 urliei
1740 1364 1852 1426 epi-

289 1436 516 1502 scopales
542 1437 612 1488 ab
631 1436 802 1490 altero
828 1438 941 1489 viro
971 1434 1179 1492 erudito
1202 1433 1256 1486 in
1281 1450 1434 1486 unam
1469 1434 1628 1488 fuisse
1655 1434 1851 1486 contla-

291 1514 379 1570 tas,
410 1508 548 1572 quod
579 1507 687 1574 jam
711 1516 860 1560 antea
893 1505 1196 1558 IInlstenius
1224 1503 1445 1557 fecerat.

349 1571 438 1629 51.
472 1571 758 1632 “mimus.
810 1576 963 1641 Apud
1007 1575 1272 1629 Victorem
1306 1574 1572 1627 Vitensem
1616 1571 1750 1626 libro
1795 1589 1843 1640 t,

286 1661 415 1700 num.
450 1647 543 1711 13,
576 1659 898 1700 memoratur
949 1647 1093 1702 locus
1120 1644 1333 1714 quidam
1376 1647 1592 1698 nomine
1639 1643 1800 1714 Regia
1831 1687 1844 1709 ,

287 1717 462 1780 inquo
515 1717 695 1771 Ariani
739 1728 939 1771 armata
994 1731 1150 1770 manu
1197 1716 1497 1768 ecclesiam
1551 1715 1844 1777 violarunt,

284 1786 658 1855 quemdamque
686 1789 934 1842 lectorem
961 1787 1012 1842 in
1037 1786 1242 1856 pulpito
1259 1797 1535 1840 canentem
1556 1785 1690 1842 inter
1718 1785 1848 1840 alios

283 1856 458 1923 sagitta
485 1858 854 1914 confoderunt.
884 1857 1090 1924 Duplex
1126 1866 1303 1910 autem
1335 1856 1461 1912 urbs
1489 1867 1571 1910 est
1594 1859 1643 1909 in
1673 1857 1846 1909 indice

284 1927 522 1995 Cypriani
562 1929 814 1996 operibus
868 1930 1084 1996 praefixo
1137 1927 1348 1997 Regium
1406 1927 1574 1989 dicta,
1625 1942 1846 1996 quarum

283 2000 427 2052 altera
463 1999 790 2053 Mauritanizc
819 1998 1144 2052 attribuitur.
1184 2000 1255 2052 Ea
1281 1997 1519 2050 fortassis
1546 2008 1626 2050 est
1649 2013 1764 2063 quae
1794 1997 1846 2050 in

283 2069 523 2138 Antonini
570 2067 846 2124 ltinerario
887 2069 966 2122 Ad
1003 2068 1203 2138 Regios.
1241 2067 1369 2122 Vide
1414 2067 1666 2122 Numidas
1697 2083 1844 2122 num.

283 2136 361 2198 9|,
391 2140 480 2192 ubi
521 2138 802 2207 episcopus
831 2136 1185 2194 accisus-nus.

342 2207 836 2279 52:7VANNIDSNSIS.
885 2211 974 2265 Sic
1005 2221 1228 2279 uterque
1252 2208 1420 2265 codex
1453 2223 1554 2264 ms.
1585 2208 1720 2262 Editi
1754 2223 1848 2264 au-

284 2285 373 2331 tem
410 2277 779 2335 Vaunidensis.

343 2349 430 2403 55.
480 2349 793 2405 Caranum.
839 2350 1086 2406 Eremum
1144 2347 1448 2420 Caprapicta
1499 2348 1693 2402 dictam
1734 2365 1848 2404 mc-

282 2430 439 2490 ntnrat
484 2421 597 2490 ipse
642 2420 823 2476 Victor
856 2420 1104 2474 \‘itensis.
1148 2423 1226 2473 An
1269 2436 1332 2473 ex
1363 2435 1447 2486 ea,
1488 2429 1579 2472 aut
1607 2428 1752 2474 certe
1781 2436 1844 2475 ex

283 2489 443 2559 aliquo
489 2489 689 2559 Oppido
739 2490 835 2560 ipsi
885 2491 1200 2558 cognomine
1240 2490 1520 2560 episeoptts
1563 2490 1848 2559 Caprensis

283 2573 460 2616 nomen
505 2559 937 2628 accepit‘t’tlerte
975 2578 1106 2614 n-iva
1149 2561 1374 2614 ecclesia
1409 2562 1460 2613 in
1503 2559 1599 2614 hac
1630 2561 1847 2629 regione

283 2633 501 2754 excitati;
531 2641 854 2686 memoratur
879 2632 1015 2700 apud
1042 2630 1310 2686 laudatum
1341 2643 1611 2686 anetnrem
1645 2631 1782 2684 libro
1807 2647 1842 2695 ι,

283 2713 414 2754 num.
514 2741 528 2753 .

283 2713 414 2754 num.
447 2703 528 2755 11.

345 2769 428 2824 51.
461 2772 683 2826 Marcus
717 2772 1210 2826 Bttsuccratnuus.
1246 2771 1382 2824 Editi
1411 2771 1627 2825 Mstcur.
1658 2771 1843 2826 Eidem

287 2841 391 2892 urbi
421 2841 622 2910 praifuit
672 2841 990 2896 Fortunatus
1021 2844 1282 2911 episcopus
1312 2842 1468 2908 plebis
1509 2840 1846 2894 Rusuccurri-

288 2918 407 2960 tanta
434 2912 750 2976 catholicus,
778 2914 865 2982 qui
904 2915 955 2965 in
991 2913 1284 2966 Collatione
1311 2913 1559 2980 Cartliag.
1593 2928 1709 2981 t'ap.
1745 2913 1845 2967 1.35

287 2985 563 3057 recensitus
592 2994 674 3057 est
697 2999 816 3038 cum
865 2984 1050 3057 Optato
1092 2983 1233 3036 illius
1271 2984 1598 3057 adversario,
1630 2986 1843 3057 iterum

285 3053 410 3106 inter
440 3053 741 3107 Donatistas
786 3069 904 3121 cap.
939 3055 1040 3107 176
1072 3063 1383 3106 memorato.
1433 3053 1546 3107 Huc
1571 3053 1729 3106 etiam
1763 3070 1846 3107 re-

282 3125 534 3178 vocandus
576 3133 659 3179 est
693 3124 920 3178 Nirea'lus
960 3124 1312 3190 Rusurrensis,
1345 3132 1434 3176 aut
1468 3123 1844 3177 ltusurrianen-

1961 520 2090 587 ginti
2123 519 2363 572 Herculis
2404 522 2578 574 socios
2621 528 2799 574 narrat
2841 520 3054 574 Solinus
3101 520 3149 576 in
3198 518 3538 587 Polyhistore

1961 603 2078 656 cap.
2108 589 2196 651 28,
2234 605 2352 643 cum
2384 606 2573 659 nempe
2607 591 2827 644 Hercule
2859 590 2982 644 illac
3021 601 3329 654 transeunte,
3356 599 3411 642 ut
3447 588 3538 641 ille

1961 669 2149 712 auctor
2175 660 2357 723 habet,
2384 661 2558 731 viginti
2587 663 2649 713 ab
2675 665 2784 731 ejus
2813 663 3058 714 comitatu
3087 661 3422 723 descivissent,
3462 661 3537 712 lo-

1961 745 2074 782 cum
2091 730 2339 800 deligunt,
2366 730 2567 797 jaciunt
2592 730 2776 786 mania
2792 747 2811 795 ,'
2837 749 2897 786 ac
2921 748 2982 786 ne
3013 733 3122 800 quis
3150 730 3387 800 imposito
3415 747 3447 784 a
3482 745 3534 780 se

1960 802 2157 852 nomine
2184 801 2425 868 privatim
2456 802 2792 870 gloriaretur,
2839 803 2899 854 de
2943 801 3264 855 condentium
3317 815 3528 870 numero

1958 870 2070 941 urbi
2091 886 2269 923 nomen
2291 869 2472 941 datum
2495 882 2587 926 est.
2613 873 2776 927 Εἷκοτι
2791 873 2982 941 quippe
3003 873 3209 935 Grame,
3231 870 3406 941 uiginti
3429 869 3526 924 La-

1960 939 2070 1010 t_ine
2101 949 2273 994 sonat.
2302 940 2552 1010 Ejusdem
2587 943 2731 997 urbis
2769 939 3049 1010 episcopus
3091 942 3184 996 fuit
3225 939 3525 1010 Laurentius

1956 1007 2245 1080 Icositanus
2265 1051 2279 1076 ,
2303 1007 2520 1080 Legatus
2551 1007 2873 1067 Mauritania:
2899 1007 3220 1067 Caesariensis
3247 1010 3311 1064 ad
3341 1009 3524 1066 conci-

1956 1079 2084 1134 lium
2107 1079 2353 1150 Carthag.
2377 1079 2526 1136 anno
2551 1083 2771 1137 2119suh
2800 1083 3014 1136 Aurelio
3045 1083 3298 1150 habitum,
3335 1090 3390 1132 ut
3415 1095 3525 1133 me-

1955 1159 2197 1204 moratur
2227 1153 2277 1206 in
2307 1149 2492 1206 codice
2525 1153 2787 1207 Africaine
2819 1153 3089 1207 Ecclesia-.
3121 1149 3361 1206 Crescens
3401 1165 3524 1204 vero

1956 1220 2082 1294 item
2114 1220 2398 1294 Icositanus
2422 1224 2709 1294 episcopus,
2733 1222 2824 1278 sed
2848 1240 2910 1275 ex
2946 1223 3333 1294 Donatistarum
3353 1235 3522 1281 secta,

1957 1291 2194 1346 interfuit
2231 1291 2509 1348 Collationi
2547 1295 2798 1362 Carthag.
2830 1307 2950 1359 cap.
2991 1293 3111 1347 197.
3155 1293 3232 1346 Ex
3273 1293 3354 1345 his
3381 1301 3520 1360 patet

1957 1364 2359 1432 expungendam
2391 1378 2512 1419 esse
2549 1380 2613 1420 ett
2640 1365 2844 1418 urbium
2877 1363 3249 1417 Africanarum
3281 1363 3522 1429 catalogo

1954 1431 2228 1500 Leositam,
2255 1450 2490 1501 quamex
2514 1435 2612 1489 hac
2627 1436 2838 1490 Notitia:
2861 1433 3086 1490 lectione
3107 1432 3361 1488 mendosa
3393 1447 3521 1486 non-

1954 1503 2084 1556 nulli
2111 1505 2439 1558 invexerant.

2024 1571 2112 1628 60.
2144 1575 2450 1628 ΤΑιιιΕΝειει
2490 1574 2670 1628 Eidem
2704 1574 2838 1629 forte
2854 1575 2974 1628 urbi
3000 1573 3204 1639 praefuit
3245 1588 3306 1627 ex
3339 1573 3520 1626 Dona-

1955 1643 2094 1714 tistis
2137 1643 2376 1698 Urbanus
2418 1646 2684 1714 episcolms
2715 1644 2945 1700 Talcnsis
2997 1644 3048 1698 in
3080 1644 3373 1699 Collatione
3402 1658 3518 1714 cap.

1958 1713 2056 1768 198
2086 1725 2428 1769 nti-moratus.
2476 1713 2596 1770 lluc’
2617 1715 2922 1771 Holstenins
2946 1725 3162 1770 revocat
3185 1713 3518 1768 timitem.’l‘a-

1955 1785 2233 1839 blaceusem
2265 1787 2312 1838 in
2337 1784 2530 1840 Notitia
2555 1787 2761 1855 Imperii
2790 1794 3163 1842 memoratum.

2025 1858 2110 1910 61.
2150 1856 2424 1916 Ilesrnrvs
2451 1857 2800 1914 LAPIDIENSIS.
2831 1857 2897 1913 Et
2919 1857 3002 1912 hic
3032 1858 3162 1912 editi
3193 1855 3386 1910 habent
3417 1855 3516 1909 Re-

1949 1928 2177 1980 stitutus.
2217 1921 2466 1981 Laudiam
2517 1938 2778 1984 memorat
2807 1929 3123 1984 Ptolemaeus
3153 1928 3245 1982 lib.
3281 1942 3363 1990 iv,
3396 1941 3513 1992 cap.

1948 1999 2005 2061 2,
2030 1999 2115 2050 tibi
2149 1999 2213 2051 de
2245 1999 2574 2056 Mauritaniae
2615 2000 2829 2054 urbibus
2874 2003 3018 2067 agit:
3058 2014 3175 2068 quae
3205 2007 3379 2068 tamen
3415 2012 3514 2049 vox

1949 2069 2139 2122 melius
2175 2068 2453 2134 Lapdensi,
2480 2085 2596 2132 seu,
2628 2079 2686 2123 ut
2713 2070 2764 2123 in
2795 2067 3110 2138 quihusdam
3135 2067 3410 2126 codicibus
3441 2069 3515 2120 ln-

1948 2138 2090 2203 gituv
2117 2179 2130 2200 .
2176 2139 2428 2192 Labdensi
2471 2141 2585 2194 urbi
2626 2149 2995 2208 competeret,
3046 2139 3197 2206 cujus
3241 2139 3515 2208 episcopus

1947 2223 2104 2276 supra
2138 2210 2278 2262 inter
2305 2211 2710 2276 proconsulares
2733 2206 2880 2264 tium.
2900 2209 2966 2264 18
2988 2216 3315 2273 recensetur,
3343 2209 3394 2261 ni
3418 2206 3514 2262 iiii-

1951 2280 2158 2346 peiliret
2191 2279 2582 2348 provinciarum
2614 2281 2857 2334 distantia

2021 2349 2106 2402 62.
2145 2347 2544 2405 VOtvcsnisusts.
2593 2352 2918 2405 Memoratnr
2946 2349 2998 2402 in
3045 2347 3337 2403 Col‘attone
3381 2347 3511 2402 Car—

1951 2418 2094 2488 thag.
2119 2435 2235 2490 cap.
2263 2419 2390 2481 208.
2418 2418 2572 2474 Felix
2591 2422 2858 2490 episcopus
2881 2419 3309 2490 Bantia-remiges
3339 2417 3511 2471 Dona-

1947 2487 2195 2542 tistaruni
2215 2500 2381 2552 secta,
2415 2507 2520 2559 quo
2542 2487 2983 2558 noinine'absque
3011 2489 3172 2542 dubio
3198 2487 3511 2542 Voncarien-

1946 2559 2015 2612 sis
2041 2561 2226 2614 civitas
2253 2563 2336 2614 hic
2363 2569 2653 2614 memorata
2684 2560 3011 2628 designatur.

2025 2631 2111 2684 65.
2141 2630 2539 2686 Itusoumsrtsrs.
2577 2631 2763 2684 Mirum
2791 2640 2872 2684 est
2900 2644 3055 2697 quam
3086 2629 3228 2684 varie
3251 2629 3406 2694 huius
3431 2645 3513 2683 ur-

1947 2700 2029 2754 bis
2063 2718 2250 2769 nomen
2274 2701 2410 2768 apud
2435 2701 2610 2754 varios
2631 2710 2892 2765 auctores,
2915 2702 3024 2754 into
3054 2699 3192 2769 apud
3221 2701 3436 2754 eosdem
3462 2701 3511 2755 in

1945 2767 2120 2824 variis'
2138 2767 2408 2826 codicibus
2427 2813 2440 2832 ,
2466 2771 2723 2841 si-riptum
2753 2767 3182 2838 reperiatur,_uti
3211 2769 3325 2824 fuse
3347 2770 3514 2824 disse-

1946 2842 2268 2897 riteruditus
2293 2843 2537 2896 Baluzius
2571 2846 2621 2896 in
2644 2847 2786 2897 notis
2807 2841 2871 2896 ad
2889 2850 3046 2909 caput
3077 2841 3176 2896 180
3205 2841 3513 2896 Collationis

1945 2911 2399 2979 Carthagiuends,
2423 2914 2704 2967 occisione
2722 2914 2864 2965 vocis
2891 2911 3332 2964 Ternamusensis.
3348 2910 3513 2965 Porro

1947 2981 2297 3036 Numeriauus
2348 2983 2717 3052 Rusgnniensis
2758 2983 3040 3052 episcopus
3064 3020 3076 3040 .
3111 2997 3246 3035 unus
3271 2997 3302 3052 e
3331 2983 3514 3049 legatis

1945 3053 2273 3106 Mauritaniae
2306 3051 2670 3118 Caesariensis,
2703 3053 2867 3106 adfuit
2896 3052 3124 3106 concilio
3145 3051 3391 3119 Carthag.
3416 3053 3514 3105 sub

1946 3124 2162 3178 Aurelio
2189 3139 2328 3176 anno
2347 3122 2471 3177 419.
2510 3124 2706 3177 Eadem
2742 3124 2932 3178 civitas
2973 3122 3371 3176 memoraturin
3403 3125 3513 3174 Au-

281 3191 356 3266 ris,
385 3194 715 3249 Mauritanite
744 3195 1067 3248 Cirsarieusis
1090 3196 1279 3266 legatus
1299 3187 1682 3266 adiconcilium
1716 3195 1843 3248 Car-
1867 3187 1917 3257 Ο
1949 3196 2116 3248 toniui
2166 3195 2438 3248 ltiuerario
2466 3193 2692 3266 Colonia
2721 3194 2934 3248 nomine
2959 3193 3152 3266 donata
3183 3237 3196 3261 ,
3231 3193 3515 3266 ubi,si_cut

281 3261 409 3331 thag.
451 3280 593 3317 anno
625 3268 726 3320 419
764 3268 858 3318 sub
913 3261 1152 3327 Aurelio;
1197 3274 1251 3317 ιιι
1302 3265 1528 3318 refertur
1578 3267 1628 3319 in
1660 3266 1840 3321 codice

281 3331 528 3404 Africana:
554 3335 825 3390 Ecclesizu.
860 3337 921 3388 Et
943 3337 1154 3402 quidem
1184 3335 1197 3388 l
1235 3335 1342 3389 ctio
1375 3336 1652 3390 Labbeana
1677 3339 1841 3404 magis

282 3404 418 3458 nobis
449 3403 606 3465 favet,
640 3408 728 3459 ubi
761 3407 984 3460 habetur
1017 3406 1247 3460 Nivellus
1299 3407 1680 3472 ftascurien.~is,
1713 3409 1838 3462 etin

281 3475 500 3541 margine
554 3477 1005 3538 ltusucruri-ensis,
1038 3477 1118 3528 vel
1155 3477 1550 3542 ltiisccorensis,
1588 3487 1732 3530 tumo
1762 3479 1799 3530 ll
1823 3522 1836 3542 ,

282 3544 369 3616 col.
405 3545 538 3598 1605
561 3558 612 3600 et
643 3547 797 3601 1605.
829 3546 1091 3602 Caeterum
1113 3547 1311 3600 Plinius
1338 3547 1430 3602 lib.
1458 3563 1509 3608 ν.
1544 3562 1662 3615 cap.
1689 3548 1742 3616 ‘2,
1768 3552 1842 3603 ait

283 3610 608 3669 llusucurium
636 3619 831 3671 civitate
859 3619 1161 3670 honoratum
1203 3616 1366 3670 fuisse
1413 3634 1443 3670 a
1473 3610 1708 3672 Claudio.
1731 3610 1842 3672 'Co-

281 3681 457 3756 torrium
489 3688 755 3756 appellant
785 3689 1087 3743 Antoninus
1108 3689 1173 3754 in
1219 3688 1516 3753 Itinerario,
1540 3699 1592 3741 et
1627 3688 1841 3743 Tabula:

285 3751 708 3830 Peutingerianie.
747 3759 822 3812 Ab
848 3760 964 3812 aliis
997 3751 1120 3812 item
1157 3769 1292 3813 aucti
1318 3758 1464 3812 ribus
1494 3751 1837 3825 memoratur,

286 3826 406 3896 apud
439 3826 783 3882 Ptolema‘nm
805 3829 895 3883 lib.
922 3845 992 3892 tv,
1020 3845 1136 3896 cap.
1169 3830 1222 3890 ‘2,
1259 3830 1543 3882 ltusurcore
1567 3830 1720 3884 dicta.

347 3895 426 3950 55.
462 3898 902 3954 ὃρλξιηιειιιειιειεε
943 3900 1032 3954 Sic
1062 3895 1280 3966 uterque
1306 3914 1408 3954 ms.
1441 3914 1559 3952 cum
1593 3900 1768 3952 editis.

347 3966 786 4037 56.0ttet'rsttus.
837 3971 890 4024 In
938 3971 1234 4025 Collatione
1275 3969 1522 4035 Carthag.
1558 3984 1675 4037 cap.
1735 3971 1839 4026 195

287 4035 730 4111 interponatistas
758 4044 1055 4111 comparuit
1083 4043 1232 4111 171
1264 4035 1840 4111 Felicissimus'episco-

288 4124 369 4176 pus
408 4107 666 4164 Obbensis.
704 4107 944 4165 Interfuit
987 4107 1160 4165 etiaTu—
1191 4107 1418 4164 ancilio
1461 4110 1646 4177 quinto
1676 4107 1839 4176 gene-

289 4177 372 4249 rali
413 4178 706 4236 Valerianus
742 4182 1008 4249 episcopus
1043 4182 1213 4244 Ubbw,
1251 4181 1503 4249 Africana:
1549 4184 1838 4247 provinciae,

291 4257 336 4304 ιιι
361 4246 568 4305 habetur
585 4251 638 4304 in
661 4246 796 4306 nova
822 4246 1162 4308 conciliorum
1182 4246 1506 4306 Coll'vctione
1533 4246 1837 4318 Balusiana;

295 4318 340 4369 in
362 4319 579 4391 rditioue
605 4321 882 4375 Lahbeana
913 4322 1106 4376 dicitur
1135 4322 1402 4390 provincia:
1422 4323 1806 4391 proconsularis
1823 4367 1837 4391 ,

295 4398 336 4439 et
379 4389 424 4462 in
461 4393 693 4462 margine
741 4392 1017 4462 Africaine.
1048 4389 1150 4447 Sed
1185 4392 1264 4446 his
1302 4389 1546 4445 omnibus
1576 4389 1843 4462 antiquior

295 4467 360 4531 est
388 4457 856 4531 Paulusvconfessor
875 4464 936 4516 ab
970 4462 1128 4526 Obba,
1153 4463 1239 4531 qui
1265 4465 1318 4516 in
1341 4463 1564 4516 concilio
1585 4457 1834 4531 Carthag.

294 4529 374 4580 sub
392 4540 578 4602 sancto
607 4529 873 4602 Cypriano
905 4548 1000 4600 pro
1049 4529 1308 4601 baptismo
1336 4533 1704 4588 haereticorum
1738 4529 1834 4589 ite-

294 4599 438 4677 rando
473 4599 965 4677 sententialndixit
1013 4599 1158 4677 nutu.
1211 4603 1298 4658 47.
1348 4604 1575 4677 Aliquot_
1615 4620 1742 4658 mss.
1788 4615 1842 4662 et

294 4667 400 4744 editi
423 4670 615 4728 habent
641 4688 684 4744 αῖ
713 4670 909 4738 Bebba,
941 4689 1045 4742 quo
1069 4674 1228 4728 etiam
1269 4674 1428 4727 inodo
1453 4667 1669 4743 ’Iegitur
1698 4678 1838 4744 apud

294 4737 616 4812 Augustinum
674 4743 766 4798 lib.
799 4737 1105 4798 utcontra
1165 4744 1505 4810 Donatisms,
1533 4737 1677 4812 'cap.
1733 4737 1838 4810 '11;

293 4821 435 4884 quam
453 4811 730 4884 lectionem
759 4812 930 4884 editor
954 4813 1272 4868 Omniensis
1300 4829 1518 4882 Operum
1543 4811 1709 4868 sancti
1737 4816 1843 4884 Cy-

292 4881 437 4952 priani
467 4882 773 4952 confirmari
805 4899 956 4951 posse
997 4885 1072 4938 ait
1109 4901 1169 4938 ex
1206 4881 1392 4947 l’linio,
1425 4887 1532 4952 qui,
1566 4893 1622 4938 ut
1649 4881 1840 4952 ipsein

292 4951 410 5006 notis
437 4947 617 5021 refert,
649 4955 701 5006 in
734 4947 1042 5008 Mauritania
1080 4971 1111 5007 a
1141 4954 1268 5008 Μαῖα
1292 4956 1360 5008 40
1392 4947 1468 5008 .11.
1508 4954 1568 5006 Ρ.
1601 4957 1654 5009 in
1673 4947 1841 5009 ’πιεάί-

294 5025 496 5094 terraneo
522 5022 736 5094 Augusti
765 5021 1028 5078 Coloniam
1054 5023 1280 5077 Bobbant
1319 5025 1558 5078 collocat.

351 5088 431 5160 57.
472 5088 862 5148 Ttutusssusm.
887 5094 1064 5148 Codex
1097 5094 1749 5160 llalleri,Timidianensis.

291 5159 434 5284 institi.
459 5160 806 5242 Ii‘noarsttSis.
835 5165 927 5220 Sic
949 5165 1202 5220 scribitur
1231 5166 1285 5220 in
1306 5159 1309 5160 ⁷
1327 5175 1554 5235 utroque
1583 5167 1766 5222 codice
1791 5177 1844 5221 et

361 5245 386 5282 (Ξ
425 5244 528 5284 HIS.

291 5241 333 5280 tn
361 5241 528 5288 editis.

349 5299 429 5354 59.
462 5302 783 5362 Icostrsnus.
813 5304 900 5360 Sic
923 5305 1122 5362 diserte
1150 5305 1312 5362 habet
1336 5305 1503 5361 codex
1549 5322 1648 5360 ms.
1699 5307 1841 5362 Lau-

292 5367 543 5428 dunensis.
582 5372 724 5428 Editi
747 5389 873 5429 vero
893 5376 1146 5432 mendose
1179 5376 1496 5430 Leositanus.
1531 5377 1596 5430 Et
1625 5379 1844 5443 quidem

293 5453 429 5517 uetno
465 5458 565 5497 non
597 5446 748 5499 novit
795 5444 1019 5517 Icosium
1045 5486 1060 5511 ,
1086 5449 1351 5502 celebrem
1384 5447 1521 5516 apud
1545 5448 1840 5517 scriptores

294 5515 385 5590 lum
407 5526 595 5590 sacros
604 5524 716 5590 tum
749 5516 1201 5590 profanosurbem
1223 5534 1341 5590 quae
1358 5515 1602 5590 Coloniai
1622 5515 1840 5573 nomine

293 5586 338 5660 ςι
373 5583 647 5660 privilegiis
685 5586 965 5660 gaudebat.
987 5587 1195 5660 ΔΕειιιι-τιι
1231 5583 1554 5657 Vespasiano
1589 5590 1840 5645 donatam

297 5645 424 5702 latio
452 5645 610 5708 fuisse
639 5645 824 5709 sc'ribit
865 5657 1066 5712 Plinius
1097 5657 1188 5716 lib.
1221 5674 1286 5721 v,
1311 5645 1429 5722 cap.
1455 5661 1508 5713 2.
1556 5661 1700 5714 llanc
1730 5676 1844 5714 me-

295 5733 444 5798 morat
474 5723 808 5798 Ptolemzcus,
836 5725 1350 5796 Pomponius-Mela,
1369 5730 1687 5793 Antoninus,
1717 5734 1841 5784 Am-

293 5794 481 5849 mianus
510 5794 844 5855 Marcellinus
882 5794 982 5853 lib.
1007 5813 1158 5864 uix,
1191 5794 1489 5864 anonymus
1529 5801 1849 5866 Ravennas,

1946 3266 2156 3332 etapud
2198 3279 2520 3335 anonymum
2562 3265 2918 3324 Ravennatem
2959 3265 3049 3320 lib.
3089 3277 3144 3318 ιιι
3181 3272 3291 3319 etv
3325 3262 3514 3317 dicitur

1946 3335 2241 3406 Rusguniaz.
2275 3336 2416 3390 llanc
2449 3337 2749 3390 llarduinus
2777 3346 2927 3405 putat
2951 3351 3069 3391 esse
3109 3335 3373 3388 Coloniam
3413 3339 3515 3386 Au-

1943 3413 2075 3476 gusti
2109 3407 2392 3460 Ilusconias
2421 3424 2447 3459 a
2481 3407 2650 3461 Ptinio
2680 3407 2770 3460 lib.
2797 3424 2860 3473 v,
2890 3424 3006 3474 cap.
3046 3407 3080 3460 ‘2
3099 3447 3112 3464 .
3147 3413 3512 3476 memoratam.

1945 3475 2146 3532 Diettur
2173 3492 2202 3531 a
2234 3477 2518 3532 Ptolemmo
2545 3477 2890 3532 Rustonium:
2921 3487 2974 3531 et
3007 3478 3219 3545 quidem
3258 3476 3310 3528 in
3342 3475 3515 3529 indice

1943 3546 2194 3618 Cypriani
2226 3549 2476 3615 operibus
2494 3549 2710 3617 praefixo
2733 3547 2985 3602 Rustonio
3003 3555 3051 3602 et
3076 3549 3228 3618 172
3248 3546 3512 3615 Rusgonia

1943 3619 2084 3672 idem
2115 3618 2400 3686 signiﬁcari
2425 3618 2638 3672 dicitur.

2015 3689 2102 3743 61.
2137 3691 2434 3742 ΒιεΝΑιιτιυε
2464 3689 2925 3743 Drusonem-mus.
2949 3690 3034 3743 Sic
3059 3689 3225 3742 codex
3252 3701 3352 3740 ms.
3371 3687 3511 3740 Lau-

1943 3760 2223 3814 dunensis.
2254 3759 2394 3813 Editi
2426 3768 2635 3823 autem,
2680 3759 2971 3812 Venantius.
3016 3759 3246 3812 Ortalius
3275 3772 3400 3811 vero
3447 3773 3511 3812 ex

1945 3830 2139 3884 Halleri
2180 3829 2366 3884 codice
2386 3872 2398 3893 ,
2430 3827 2708 3882 Benantius
2729 3829 3135 3897 opidonobeusis,
3166 3841 3270 3896 quo
3300 3829 3540 3883 nominet

1943 3899 2252 3966 designatur
2281 3899 2539 3969 Oppidum
2571 3898 2793 3963 Novum,
2827 3900 2892 3952 de
2923 3914 3026 3965 quo
3054 3898 3256 3969 Plinius
3296 3899 3432 3950 libro
3456 3913 3508 3965 v,

1944 3985 2061 4038 cap.
2089 3969 2154 4034 ες
2173 3968 2484 4038 Antoninus
2506 3970 2557 4021 in
2579 3969 2881 4031 Itinerario;
2907 3983 3206 4037 anonymus
3233 3968 3513 4038 Itavennas

1944 4033 2147 4106 et'alii,’
2169 4041 2360 4108 quibus
2402 4033 2770 4107 adjungendus
2805 4048 2888 4094 est
2922 4033 3240 4090 Ptolémams
3271 4037 3407 4092 libro
3433 4052 3511 4103 iv,

1943 4125 2060 4178 cap.
2091 4112 2157 4172 2;
2191 4111 2278 4163 ubi
2324 4108 2680 4173 Ο’ππινδονιο,
2727 4109 2912 4163 Latine
2956 4108 3338 4178 Oppidoneum,
3374 4108 3512 4177 quod

1943 4177 2170 4262 Colonia:
2199 4180 2352 4235 titqu
2400 4180 2471 4234 ibi
2522 4179 2823 4249 insigniter,
2881 4180 3017 4233 sicut
3070 4188 3122 4232 et
3173 4177 3311 4246 apud
3350 4182 3513 4234 Anto-

1945 4265 2151 4305 mnum.

2017 4323 2104 4378 65.
2135 4320 2452 4378 Csaream-1
2461 4334 2806 4376 ABABITA‘NUS.
2829 4319 2959 4376 Illud
2976 4327 3059 4374 est
3079 4318 3217 4374 forte
3237 4317 3512 4372 Castellum

1945 4393 2298 4464 Aboritanum,
2326 4392 2467 4464 quod
2493 4391 2784 4464 ex_V_ictore
2813 4390 3047 4447 Uticensi
3075 4391 3254 4464 laudat
3281 4390 3513 4464 Ortclius

1942 4462 1998 4528 in
2031 4464 2306 4518 Thesauro
2327 4461 2720 4532 geographica,
2753 4463 2839 4532 qui
2871 4463 3097 4532 aliasﬁex
3125 4461 3317 4516 eodem
3345 4461 3513 4513 Anbo-

1944 4535 2169 4588 ritanum
2209 4531 2504 4603 episcopum
2544 4533 2598 4584 in
2644 4531 2960 4586 Mauritania
2992 4531 3289 4586 Caesariensi
3315 4547 3514 4584 memo-

1944 4617 2045 4658 rat.
2075 4605 2204 4658 Vide
2222 4604 2356 4659 infra
2388 4619 2535 4657 num.
2571 4604 2660 4656 7'2.

2016 4675 2101 4728 66.
2133 4679 2515 4737 AQUISIBENSIS.
2558 4673 2731 4739 Huic,
2762 4684 2818 4726 ut
2856 4673 3141 4728 verisimile
3161 4681 3274 4737 est,
3309 4673 3423 4726 loco
3447 4687 3513 4726 ex

1944 4756 2096 4803 sexta
2121 4746 2515 4800 Donatistarum
2548 4743 2756 4808 praefuit
2787 4743 3088 4797 Honoratus
3109 4743 3378 4812 episcopus
3402 4742 3511 4794 Ad-

1944 4817 2270 4885 quesirensis,
2306 4818 2358 4869 in
2399 4813 2694 4870 Collatione
2718 4814 2964 4882 Cartbag.
2997 4827 3115 4879 cap.
3149 4812 3274 4878 188,
3307 4826 3512 4866 memo-

1943 4897 2108 4942 ratus.

2017 4956 2105 5011 67.
2136 4953 2570 5008 CAL‘I‘ADBIENSIS.
2602 4953 2688 5009 Sic
2718 4968 2847 5008 mss.
2879 4962 2934 5007 et
2960 4952 3088 5008 editi

2019 5024 2109 5078 68.
2155 5025 2527 5079 TIGABITANUS.
2572 5024 2713 5079 Inter
2755 5025 3046 5078 catholicos
3082 5023 3349 5076 antistites
3377 5033 3514 5091 quos

1949 5096 2099 5150 initio
2128 5095 2244 5148 libri
2274 5094 2343 5149 de
2372 5092 2546 5148 Gestis
2573 5109 2692 5148 cum
2728 5094 2962 5147 Emerito
2988 5102 3233 5148 recenset
3259 5095 3514 5161 Augusti-

1949 5180 2068 5232 nus,
2102 5165 2333 5220 occurrit
2363 5163 2633 5219 Palladius
2657 5165 2986 5232 Tigabitanus
3010 5165 3311 5233 episcopus.
3332 5163 3515 5217 Eidem

1947 5240 2059 5292 sedi
2092 5237 2248 5302 paulo
2266 5243 2383 5304 post
2412 5235 2622 5303 praefuit
2649 5236 2969 5299 Honoratus,
2992 5234 3059 5288 ad
3075 5249 3231 5303 quem
3253 5233 3516 5303 egregiam

1949 5307 2226 5375 epistolam
2266 5306 2476 5372 scripsit
2524 5306 2662 5361 idem
2707 5316 2921 5362 sanctus
2959 5307 3322 5374 Augustinus,
3363 5317 3517 5375 novgn

1949 5372 2335 5442 editionis‘NS,
2365 5377 2416 5428 in
2445 5391 2546 5445 qua
2578 5375 2748 5431 fusius
2770 5376 2983 5431 disserit
3011 5372 3077 5428 ait
3109 5377 3267 5431 liceat
3291 5372 3514 5442 pastori-

1943 5449 2060 5510 bus,
2089 5447 2327 5502 fervente
2355 5447 2746 5514 persecutione,
2773 5447 2954 5514 plebes
2968 5447 3215 5516 prOprias
3240 5446 3512 5516 deserere.

1944 5519 2092 5593 lianc
2142 5513 2421 5593 epistolam
2472 5517 2591 5593 fete
2631 5513 2891 5593 integram
2941 5513 3104 5572 refert
3142 5513 3409 5593 Possidius
3450 5513 3514 5593 ἰιι

1946 5589 2064 5643 Vita
2111 5583 2278 5641 sancti
2315 5588 2608 5655 Augustini.
2651 5587 2707 5640 In
2737 5583 2923 5641 codice
2958 5600 3219 5642 canonum
3259 5583 3516 5655 Ecclesia!

1946 5660 2211 5712 Africinai
2257 5672 2374 5725 cap.
2402 5652 2476 5712 9⁵1
2506 5658 2709 5714 mentio
2747 5660 2805 5712 tit
2847 5659 3064 5712 civitatis
3096 5653 3430 5725 Tliiganensis
3459 5652 3512 5706 in

1948 5729 2259 5802 Mauritania
2284 5767 2299 5791 ,
2325 5724 2419 5802 icui
2443 5768 2458 5790 ,
2496 5731 2568 5783 uti
2599 5730 2804 5783 videtur
2829 5772 2842 5793 ,
2861 5735 3104 5802 praeerat
3132 5724 3394 5802 Primosus
3409 5729 3512 5802 ;_et

1949 5800 2161 5864 quidem
2192 5814 2290 5854 ius.
2323 5797 2488 5854 codex
2512 5837 2529 5864 ,
2566 5810 2622 5855 ut
2649 5791 2838 5855 monet
2859 5791 3164 5855 Holstenius
3186 5833 3200 5860 ,
3232 5791 3390 5849 habet
3420 5792 3514 5847 Ti-
3565 5853 3575 5861 _
