3988 6344
450 343 555 401 543

1456 339 1790 394 Αρωεᾱωχ
1835 322 1924 394 An
1969 338 2312 396 VICTOREM
2357 339 2693 396 vrrsussu

3605 335 3699 390 ’511

448 464 717 538 ραιειιιίεη
757 463 982 538 Graecus
1019 467 1195 516 textus
1240 459 1293 538 in
1327 457 1482 512 editis
1520 460 2012 538 τῆςΑΘιῖᾳςσνος-,ἰέες
2040 461 2091 517 Α
2121 459 2318 538 locum,
2345 474 2412 538 in
2439 473 2472 513 e
2501 456 2742 512 Numidia
2779 456 2938 538 fuerit
2967 465 3057 510 aut
3104 470 3136 511 e
3161 455 3698 538 .Maurimnjaﬁagsa-

448 528 661 594 ξτόλεως.
693 533 843 596 Apttd
871 532 1211 586 Ptolemamm
1241 528 1332 583 lib.
1359 545 1435 592 tv,
1465 543 1584 598 cap.
1615 530 1672 591 2,
1703 528 1901 583 dicitur
1925 528 2016 582 Ti-

448 623 609 676 gava;
640 606 805 657 codex
847 599 1305 676 Palatinushahet
1335 599 1544 676 Pigatta.
1570 599 1678 676 ριν
1702 607 1782 676 tas
1810 598 2018 676 {ignitae

449 670 774 730 ntemoratttr
803 690 831 726 a
867 673 1037 726 Plinio
1085 672 1173 724 lih.
1208 687 1239 722 v
1267 714 1280 737 ,
1308 686 1424 738 cap.
1458 670 1510 721 2.
1569 670 1802 733 Tigavias
1838 670 2020 724 laudat

449 747 758 800 Ammianus
788 743 1122 796 Marcellinus
1170 741 1260 794 lib.
1294 757 1441 799 χιιι.
1487 755 1605 797 can.
1637 741 1689 793 5.
1719 741 1883 794 Porro
1913 742 2015 794 du-

449 817 640 883 plicem
675 815 902 866 nominis
930 813 1081 866 istius
1113 815 1283 866 locum
1327 815 1377 864 in
1405 810 1718 883 Mauritania
1758 811 1918 883 fuisse
1948 827 2014 864 ex

447 880 699 939 Antonini
733 884 1010 938 Itinerario
1047 891 1231 950 patet.
1281 883 1369 934 ubi
1403 880 1620 951 Tgavas
1659 882 2015 951 municipium,

449 953 711 1023 Oppidum
737 953 935 1008 Novum
952 955 1171 1015 colonia,
1187 952 1378 1022 Tigava
1403 960 1593 1006 castra.
1619 951 1820 1006 Tamen
1852 952 2018 1006 editio

443 1026 606 1079 Bertii
637 1026 797 1080 habet
830 1024 1047 1094 Tit-agas
1075 1033 1259 1076 castra.

514 1096 603 1150 69.
646 1091 1034 1162 Russntnuns.
1061 1093 1362 1162 Legendnm
1393 1101 1540 1162 putat
1561 1091 1862 1146 Harduinus
1906 1093 2016 1146 Ru-

446 1167 742 1229 sadiramts,
773 1179 869 1221 seu
897 1157 1074 1232 potius
1104 1157 1526 1232 Rusadirita’nus,
1558 1163 1697 1229 quod
1745 1179 1811 1215 ex
1846 1162 2017 1217 Plinio

443 1233 535 1290 lib.
568 1254 619 1300 γ,
643 1251 760 1300 cap.
793 1236 846 1297 '2,
883 1231 934 1287 in
973 1233 1280 1288 Mauritania
1313 1231 1589 1298 Tingitana
1611 1233 1838 1286 Rusadir
1864 1234 2018 1302 oppi-

445 1307 568 1359 dum
591 1317 635 1358 et
654 1318 831 1374 portus
854 1304 1126 1359 habeatur.
1155 1303 1641 1374 DiciturBusadder
1656 1303 1855 1374 colonia
1878 1304 2016 1370 apud

445 1373 768 1431 Antoninum
821 1378 872 1428 in
916 1375 1224 1439 ltinerario,
1258 1391 1285 1426 a
1327 1373 1616 1427 Ptolemteo
1644 1388 1772 1427 vero
1803 1373 1891 1426 lib.
1940 1390 2014 1434 tv,

446 1460 562 1512 Cap.
599 1446 650 1508 1,
696 1445 1040 1512 Ῥυτσὰδιρον.
1083 1445 1145 1498 Ει
1189 1445 1510 1512 Pomponius
1537 1444 1668 1498 Mela
1707 1444 1928 1497 Rusadir
1970 1454 2017 1497 et

445 1516 626 1586 Sigam
655 1533 837 1584 parvas
861 1514 1005 1570 urbes
1028 1517 1078 1570 in
1102 1514 1408 1586 Mauritania
1441 1514 1719 1583 Tingitana
1740 1522 2014 1586 recenset,

446 1585 563 1640 cuin
587 1587 755 1652 alias,
784 1587 992 1656 inquit,
1025 1586 1153 1639 nihil
1193 1585 1262 1640 sit
1294 1585 1346 1639 in
1377 1585 1475 1656 hac
1513 1585 1782 1652 provincia
1815 1600 2020 1639 memo-

444 1665 562 1710 ratu
585 1657 823 1724 dignum.
860 1654 1087 1722 Verum,
1119 1657 1168 1709 ni
1197 1656 1351 1709 fallor
1375 1696 1388 1718 ,
1421 1654 1782 1708 Rusaditanus
1811 1658 2020 1722 episco-

448 1742 546 1789 pus
573 1727 655 1781 hic
686 1729 738 1781 in
768 1729 954 1782 notitia
980 1730 1276 1782 recensitos
1301 1727 1378 1780 sic
1397 1725 1573 1779 dictus
1606 1728 1702 1780 fuit
1723 1741 1750 1777 a
1782 1725 2013 1779 Rusazo.

444 1798 569 1851 Erat
615 1806 790 1852 autem
847 1799 1078 1854 Rususus
1123 1797 1322 1850 colonia
1355 1796 1602 1863 Augusti,
1644 1811 1803 1860 quam
1856 1797 2013 1863 paulo

444 1868 665 1920 inferius
693 1870 804 1932 ipse
839 1869 1038 1922 l‘linius
1067 1869 1118 1922 in
1144 1867 1450 1921 Mauritania
1479 1865 1791 1922 Caesariensi
1823 1880 2009 1919 recen-

443 1946 541 1990 set.
579 1937 780 1993 Dicitur
805 1941 871 1993 ab
896 1940 1162 1993 Antonino
1199 1937 1428 1990 llusazus
1455 1938 1808 2002 municipium,
1843 1953 1870 1988 a
1903 1951 2008 2000 quo

443 2011 578 2060 sicut
621 2019 672 2062 et
703 2026 729 2060 a
763 2009 1052 2063 Ptolemaeo
1084 2009 1219 2063 libro
1246 2024 1318 2074 tv,
1348 2021 1464 2074 cap.
1495 2006 1551 2070 2,
1585 2007 1635 2060 in
1669 2008 1854 2062 eadem
1885 2022 2012 2072 pro-

444 2078 614 2132 vincia
662 2080 886 2134 locatur.
933 2081 998 2134 Et
1027 2079 1238 2146 quidem
1283 2087 1476 2144 prater
1504 2077 1602 2129 loci
1633 2079 1789 2132 situm
1817 2118 1832 2138 ,
1875 2076 2014 2130 favet

443 2149 604 2201 etiam
643 2149 794 2204 nobis
833 2149 1079 2204 Afrorum
1111 2147 1387 2202 familiaris
1409 2146 1675 2201 scribendi
1705 2150 1862 2209 ratio,
1895 2149 2009 2215 qui,

443 2226 500 2270 ut
527 2233 590 2271 ex
632 2221 747 2276 inso
802 2221 1072 2275 llarduino
1101 2221 1324 2286 aliisque
1362 2216 1492 2269 viris
1519 2220 1742 2272 eruditis
1775 2221 1875 2276 iam
1906 2235 2011 2271 non

443 2290 604 2342 semel
636 2290 978 2345 observatum
1030 2299 1148 2355 est,
1179 2290 1383 2344 litteras
1434 2289 1467 2339 d
1495 2296 1550 2341 et
1575 2305 1605 2340 z
1650 2289 2012 2343 intliﬂ‘erenter

443 2358 798 2426 adhibebant;
823 2361 890 2415 ita
925 2371 980 2415 ιιι
1013 2362 1242 2414 Iluznsus
1263 2369 1314 2412 et
1344 2357 1582 2412 Rusadus
1606 2359 1744 2413 idem
1778 2361 1905 2412 sint.

515 2429 602 2482 70.
625 2431 1018 2486 REPERI’I‘ANUS.
1042 2431 1305 2500 Oppidum
1331 2428 1694 2496 Ileperitanum
1718 2446 1781 2482 ex
1800 2429 2012 2483 Vit-tore

445 2500 597 2572 liabet
629 2499 880 2555 Orleltus.
916 2503 1224 2572 Anonymns
1251 2499 1532 2572 Ravennas
1558 2501 1648 2572 lib.
1679 2516 1759 2572 ut,
1783 2516 1928 2572 nu_m.
1954 2501 2008 2568 8,

441 2567 832 2637 Repetinianam
866 2573 1046 2625 urbem
1073 2567 1342 2623 'metuorat
1387 2568 1441 2637 in
1488 2567 1794 2622 Mauritania
1836 2567 2011 2623 Caesa;

441 2636 626 2699 riensi,
659 2656 755 2708 pro
776 2657 876 2708 qua
899 2651 1079 2694 noster
1105 2640 1346 2693 Placidus
1372 2636 1678 2693 Porcheron
1712 2641 2013 2708 suspicatur

442 2709 723 2777 legendum
752 2725 870 2766 esse
905 2712 1230 2779 Reperitana.

517 2780 602 2832 71.
637 2781 946 2836 Unsneusts.
978 2775 1214 2835 Ubadam
1263 2781 1314 2834 in
1355 2775 1666 2835 Mauritania
1695 2780 2009 2836 Caesariensi

442 2859 705 2904 memorat
751 2852 980 2906 Ortelius
1020 2869 1082 2907 ex
1120 2851 1335 2907 Victore
1374 2851 1626 2905 Uticensi.
1677 2852 1912 2905 llabetur
1958 2862 2013 2906 et

447 2919 613 2992 (fatua
641 2923 690 2974 in
719 2923 890 2977 Africa
925 2924 1136 2989 pr0pria
1184 2940 1246 2977 ex
1288 2923 1607 2986 Ptolemaeo,
1632 2939 1788 2992 quam
1821 2922 2008 2977 urbem

443 2990 533 3044 sub
563 2994 838 3047 Adrumeto
859 2994 1018 3048 fuisse
1047 2994 1173 3047 dicit
1204 2995 1298 3048 lih.
1321 3009 1393 3052 tv.
1417 3007 1533 3060 cap.
1555 2994 1587 3047 5
1607 3010 1621 3054 ς
1645 2990 1762 3058 quae
1788 2994 2010 3061 proinde

443 3063 504 3113 ad
530 3062 853 3131 Byzacenant
889 3064 1127 3118 revocari
1155 3066 1330 3119 debet.
1368 3065 1536 3120 Ubasa
1559 3063 1822 3117 castellum
1850 3064 2011 3119 habe-

444 3141 530 3185 tur
559 3136 608 3184 in
637 3133 853 3205 Tabulis
879 3135 1325 3203 Peutingerianis,
1354 3137 1445 3190 sed
1474 3139 1523 3186 in
1548 3133 1817 3196 Numidia,
1855 3137 2007 3205 173

444 3211 502 3254 ut
527 3203 734 3268 quidem
769 3204 893 3258 inibi
933 3206 1156 3258 videtur.
1203 3206 1366 3260 Porro
1395 3205 1629 3260 Ubabam
1661 3203 2015 3258 eamdem—ur-

445 3271 562 3326 hem
592 3288 710 3327 esse
736 3289 854 3327 cum
886 3275 1026 3328 Baba
1055 3290 1084 3328 a
1117 3276 1404 3330 Ptolemaeo
1433 3282 1488 3328 et
1517 3274 1788 3343 Stephano
1813 3292 2016 3330 memo-

444 3351 554 3394 rata
586 3354 768 3397 censet
803 3345 1129 3399 llolstenius.

516 3413 602 3484 7'2.
633 3415 983 3469 Usomrauus.
1016 3415 1158 3468 lnter
1189 3415 1344 3484 hujus
1376 3415 1662 3482 provinciae
1690 3416 1866 3481 sedes,
1899 3434 2016 3483 qua:

445 3480 665 3554 inferius
687 3484 964 3551 episcopos
987 3495 1110 3538 tunc
1129 3501 1230 3539 non
1256 3480 1502 3538 habuisse
1518 3485 1787 3551 dicuntur,
1806 3480 2018 3554 quando

444 3549 636 3605 Africae
667 3549 898 3623 episcopi
932 3555 1305 3623 Carthaginem
1341 3558 1591 3609 mandato
1632 3549 1782 3624 regis»
1817 3549 2015 3613 conve-

444 3623 561 3676 nire
581 3623 714 3688 jussi
742 3635 885 3692 sunt,
917 3635 1226 3679 numeratur
1253 3627 1368 3680 loco
1391 3627 1423 3680 6
1448 3623 1746 3679 Obaritana.
1775 3627 1847 3680 Ex
1877 3643 2020 3681 com-

444 3693 682 3765 pluribus
704 3707 878 3750 autem
913 3697 1132 3750 urbibus
1159 3712 1290 3765 quas
1315 3712 1379 3750 ex
1413 3697 1626 3750 Victore
1647 3697 1880 3751 Uticensi
1906 3714 2018 3752 me-

445 3773 618 3816 morat
650 3764 901 3838 ()rtelius,
931 3781 1032 3820 una
1059 3780 1131 3838 est
1169 3764 1252 3820 cui
1280 3765 1490 3834 przelnit
1531 3767 1873 3821 Auboritanus
1903 3771 2017 3838 epi-

442 3849 624 3902 scopus
657 3837 706 3886 in
742 3835 1054 3890 Mauritania
1085 3835 1401 3899 Caesariensi,
1434 3852 1590 3905 quem
1615 3839 1714 3891 iste
1739 3835 2018 3895 auctor'ab

442 3906 575 3958 urbe
601 3905 889 3978 Aubureum
914 3909 1050 3961 dicta
1082 3908 1159 3962 sic
1180 3909 1502 3978 appellatum
1527 3909 1690 3973 fuisse
1718 3917 1885 3976 putat.
1907 3910 2016 3978 Ego

441 3990 568 4028 vero
600 3975 698 4030 hac
726 3991 854 4031 voce
881 3978 1079 4031 nullum
1103 3975 1265 4032 altum
1288 3994 1316 4032 a
1347 3977 1499 4032 Petro
1525 3975 1824 4042 Obaritano,
1856 3975 2014 4034 hicin

441 4045 636 4099 Notitia
684 4058 998 4112 mem0rato,
1050 4050 1313 4115 designari
1362 4051 1632 4103 existimo.
1686 4048 1794 4102 Nec
1838 4050 2017 4106 obstat

439 4117 579 4183 quod
607 4133 670 4170 ex
703 4120 891 4173 eodem
921 4119 1134 4174 Victore
1164 4119 1496 4173 Obaritanam
1525 4119 1713 4172 urbem
1754 4133 2016 4176 memoret

439 4187 553 4253 ipse
584 4189 836 4253 Ortelins,
865 4203 986 4243 cum
1031 4189 1190 4254 intra,
1224 4200 1283 4243 ut
1313 4205 1434 4243 mox
1465 4188 1801 4255 dicebamus,
1846 4191 2014 4246 altera

439 4255 678 4322 ejusdem
712 4258 941 4312 nominis
982 4260 1136 4313 sedes
1168 4259 1442 4313 habeatur.

511 4325 598 4377 75.
639 4324 1274 4382 Casrnasnnemaucusrs.
1307 4327 1604 4382 Castrorum
1633 4327 2015 4383 Seberianensis

440 4395 764 4448 mentionem
789 4412 852 4449 ex
888 4395 1098 4451 Victore
1120 4399 1240 4451 facit
1269 4398 1523 4451 Orlelius.

512 4463 600 4517 74.
629 4468 1106 4520 Casrnauoscusw.
1131 4468 1309 4521 Codex
1335 4467 1555 4527 Halleri,
1580 4467 2014 4524 Castronobensis.

440 4533 515 4588 Ea
540 4543 621 4588 est
645 4536 773 4589 urbs
798 4551 952 4604 quam
978 4538 1271 4592 Antoninus
1300 4539 1348 4590 in
1373 4538 1648 4591 ltinerario
1666 4534 1846 4590 Castra
1863 4537 2012 4591 Nova

439 4605 690 4678 appellat.
742 4580 995 4673 Ejbsdem
1042 4607 1273 4678 nominis
1302 4607 1482 4660 urbem
1517 4614 1777 4661 memorat
1802 4623 2008 4678 anony-
2034 4580 2090 4639 D

438 4688 559 4746 mus
582 4673 952 4731 Ravennensis
981 4679 1030 4730 in
1058 4677 1335 4746 Tingitana
1367 4678 1461 4732 lib.
1491 4692 1568 4741 ut,
1599 4693 1654 4730 ιι.
1680 4679 1731 4732 9.

511 4744 600 4818 75.
623 4746 1019 4818 Cas'recuusus.
1045 4744 1190 4802 Hanc
1214 4749 1394 4818 sedem
1420 4747 1538 4818 aliis
1565 4748 1829 4818 plerisque
1853 4749 2009 4818 hujus

435 4815 722 4880 provincia
745 4817 966 4870 urbibus
991 4821 1251 4873 notiorem
1279 4817 1403 4873 fecit
1441 4817 1693 4873 Voconius
1733 4815 2009 4875 Castellum

437 4883 764 4960 Mauritania:
807 4888 983 4960 oppidi
1021 4891 1306 4960 episcopus,
1351 4889 1436 4955 qtti
1483 4904 1514 4942 a
1554 4889 1831 4943 Gennadio
1869 4890 2009 4946 inter

435 4957 724 5028 scriptores
751 4957 1147 5013 ecclesiasticos
1175 4957 1227 5013 in
1256 4959 1510 5025 Catalogo
1539 4975 1656 5028 cap.
1688 4961 1755 5014 78
1785 4975 2007 5028 compu-

435 5033 597 5099 tatur,
651 5027 829 5096 ibique
877 5028 1123 5083 laudatur
1161 5030 1301 5099 quod
1334 5040 1527 5097 pra‘ter
1569 5027 1629 5084 ea
1660 5046 1778 5099 qua:
1819 5027 2006 5087 contra

435 5094 670 5171 Judaeos,
695 5094 945 5171 Ariauos,
970 5094 1206 5168 aliosque
1235 5094 1484 5154 Ecclesia?
1506 5094 1747 5154 inimicos
1773 5101 2006 5171 scripsit,

435 5165 663 5239 ediderit
686 5168 851 5239 etiam,
873 5165 1322 5224 sacramentorum
1349 5174 1604 5239 egregium
1628 5165 1895 5226 volumenf
1913 5165 2008 5228 Hic

432 5235 676 5298 antistes,
723 5245 783 5290 ut
813 5238 1021 5294 Miraeus
1049 5240 1316 5305 observat,
1354 5235 1420 5294 ab
1451 5235 1686 5295 Honorio
1715 5252 1769 5296 et
1796 5242 2006 5297 Trithe-

431 5305 541 5358 mio
567 5305 761 5360 dicitur
787 5306 1067 5382 Buconius.
1098 5323 1254 5379 quam
1288 5311 1573 5366 lectionem
1607 5312 1765 5382 habet
1794 5327 2004 5382 quoque

433 5385 590 5429 vetus
611 5380 887 5444 exemplar
907 5380 1163 5434 Cennadii
1191 5396 1256 5435 ex
1286 5381 1608 5436 bibliotheca
1634 5380 2000 5436 Fiscannensi.

432 5445 488 5499 In
521 5453 705 5500 nostro
725 5456 900 5501 autem
923 5450 1282 5506 vetustissimo
1296 5452 1479 5507 codice
1500 5453 1693 5505 dicitur
1719 5451 1998 5508 Vuconius.

431 5514 760 5592 De_Cerea_li
810 5517 1132 5592 castellano,
1183 5522 1272 5588 qui
1319 5525 1477 5576 etiam
1529 5523 1668 5576 inter
1712 5524 2000 5592 scriptores

431 5586 822 5656 ecclesiasticos
872 5590 1042 5642 locum
1093 5586 1305 5656 meruit,
1347 5593 1470 5646 vide
1513 5594 1646 5644 intra
1691 5586 1840 5646 num'.
1873 5595 1996 5648 119.

431 5654 599 5709 Porro
624 5660 688 5730 in_
702 5656 993 5713 Cullatione
1018 5660 1264 5728 Carthag.
1293 5654 1413 5728 cap.
1472 5663 1568 5716 l80
1597 5661 1866 5716 Severinus
1893 5666 2004 5730 epi-

431 5741 611 5800 scopus
649 5727 968 5785 Castetlanus
1005 5746 1070 5786 ex
1111 5727 1499 5787 Donatistarum
1533 5744 1676 5786 secta
1703 5727 2002 5790 recensitos

433 5802 534 5862 est,
584 5813 740 5867 quem
784 5815 843 5856 se
872 5802 1081 5858 nescire
1125 5803 1196 5857 ait
1237 5802 1482 5857 Baluzius
1509 5803 1560 5856 in
1589 5812 1710 5858 nota
1755 5804 1819 5858 ad
1861 5805 2001 5860 lnmc

2123 530 2310 583 riensi.
2352 529 2552 582 Tamen
2600 543 2782 594 supra,
2832 527 2898 579 ad
2939 542 3059 595 cap.
3099 526 3302 581 scilicet
3333 527 3438 581 155
3463 527 3694 595 ejusdem

2121 599 2457 660 Cullationis,
2502 599 2589 652 ubi
2637 598 2908 651 Severinus
2937 599 3202 666 episcOpus
3244 598 3521 650 Donatista
3555 599 3698 652 testi-

2124 670 2362 722 monium
2394 669 2566 723 reddit
2609 669 2658 721 in
2691 671 2900 734 negotio
2925 669 3065 736 quod
3095 669 3157 720 ad
3189 667 3550 722 Ctesarienses
3579 683 3697 737 spe-

2122 740 2322 802 ctabat,
2367 756 2486 793 eum
2531 739 2890 792 Casuellanum
2941 742 2990 790 in
3033 739 3344 792 Mauritania
3394 739 3700 807 episcopum

2125 809 2286 863 inissa
2331 809 2502 864 fassus
2540 819 2642 864 est.
2683 808 2964 862 Casii-llum
3009 810 3147 862 inter
3177 809 3503 862 Mauritaniae
3527 811 3703 862 Caesa-

2122 881 2317 934 riensis
2357 882 2518 936 urbes
2557 890 2817 935 memorat
2860 895 3160 949 anonytnus
3202 878 3574 934 Ravennensis
3607 880 3700 938 lib.

2123 966 2203 1016 ut,
2235 968 2290 1004 n.
2320 951 2374 1006 8.

2195 1023 2282 1076 76.
2326 1021 2725 1076 Murscrrttuos.
2753 1019 2808 1074 In
2835 1019 3237 1086 Carthagincnsi
3261 1020 3560 1076 Collatione
3580 1036 3701 1090 cap.

2126 1091 2229 1146 155
2250 1101 2573 1145 memoratur
2592 1091 2833 1145 Leontius
2855 1093 3122 1158 episcopus
3145 1091 3302 1161 plebis
3324 1090 3374 1142 Μ
3385 1094 3702 1158 usertitanw,

2122 1176 2222 1228 pro
2264 1178 2370 1230 quo
2410 1164 2709 1228 suspicatur
2761 1162 2822 1215 V.
2868 1162 2928 1215 C.
2972 1162 3212 1214 Baluzins
3253 1161 3538 1229 legendum
3583 1178 3704 1218 esse

2127 1232 2472 1285 Mutecitante.
2501 1233 2563 1286 Et
2593 1233 2806 1301 quidem
2831 1232 3065 1286 Ortelius
3095 1233 3143 1284 in
3170 1231 3444 1284 Thesauro
3474 1247 3700 1298 geogra-

2123 1303 2283 1369 phico
2326 1303 2685 1356 Mutecitanam
2735 1303 2919 1355 urbem
2976 1317 3042 1355 ex
3097 1302 3395 1356 Cullatione
3443 1302 3699 1371 Carthag.

2125 1373 2325 1438 laudat,
2375 1387 2532 1440 quam
2578 1384 2756 1426 tamen
2801 1387 3061 1440 nusquam
3092 1373 3326 1428 reperire
3357 1372 3485 1425 mihi
3532 1374 3700 1428 licuit.

2126 1444 2268 1497 Idem
2298 1451 2486 1497 auctor
2529 1443 2685 1510 patilo
2733 1442 2953 1495 inferius
3006 1442 3359 1496 Muticitanum
3391 1441 3624 1496 Limilem
3651 1446 3702 1497 in

2125 1512 2442 1566 Mauritania
2478 1513 2776 1568 Ctesariensi
2807 1512 3028 1566 laudans
3069 1530 3132 1566 ex
3177 1512 3313 1565 libro
3349 1512 3581 1577 Notitia},
3614 1514 3700 1570 ubi

2124 1582 2352 1637 habetur
2380 1593 2513 1638 sect.
2545 1585 2634 1644 51,
2674 1595 2852 1637 monet
2893 1583 2944 1636 in
2985 1583 3169 1637 codice
3213 1584 3561 1638 membraneu
3607 1599 3701 1653 pro

2127 1653 2419 1707 Muticitani
2456 1654 2635 1708 haberi
2685 1653 3026 1707 Maulicitani.
3085 1653 3251 1707 Porro
3292 1669 3411 1707 cum
3458 1653 3698 1708 Leontius

2124 1740 2280 1790 supra
2327 1741 2393 1779 ex
2434 1725 2728 1779 Cullatione
2769 1725 3014 1777 laudatus
3041 1724 3234 1778 ibidem
3267 1725 3469 1778 nullum
3501 1740 3561 1778 se
3605 1725 3698 1779 ba-

2126 1793 2251 1849 bere
2296 1795 2624 1849 Donatistam
2671 1794 3034 1849 adversarium
3081 1805 3461 1860 asseverasset,
3510 1795 3700 1850 [labet-

2122 1864 2254 1918 deus
2282 1866 2541 1919 diaconus
2570 1866 2842 1932 respondit
2869 1863 3194 1919 Cresconium
3222 1865 3380 1935 modo
3409 1865 3574 1919 fuisse
3605 1882 3698 1935 pro

2120 1951 2180 1988 ea
2213 1936 2345 1989 urbe
2367 1937 2689 1990 ordinatum.
2722 1935 2873 1990 Unde
2899 1937 3056 1990 inl‘ert
3082 1935 3324 1989 Balnzius
3351 1934 3697 1990 CresConium

2122 2005 2452 2060 Donatistam
2482 2008 2570 2074 qui
2603 2005 2824 2060 inferius
2853 2005 3117 2076 c:tp.,20(i
3164 2007 3428 2076 episc0pus
3457 2005 3700 2059 Mustitn-

2120 2092 2219 2129 nus
2245 2077 2458 2140 dicitur,
2488 2079 2773 2146 ipsummet
2813 2091 2933 2130 esse
2967 2075 3292 2130 Cresconiunt
3321 2075 3478 2144 quem
3507 2077 3699 2130 Habet-

2120 2146 2251 2200 dcus
2296 2157 2720 2209 memoraverat;
2764 2161 2824 2201 ac
2865 2147 3106 2214 proinde,
3148 2147 3218 2201 ibi
3254 2161 3348 2212 pro
3388 2146 3699 2200 Muslitanus

2118 2218 2488 2286 reponendum
2517 2233 2636 2272 esse
2679 2216 3078 2282 Musertitattus,
3121 2217 3261 2285 quod
3295 2226 3347 2269 et
3392 2217 3536 2272 fecit.
3570 2218 3696 2284 Sed,

2120 2297 2177 2341 ut
2203 2302 2361 2356 supra
2386 2288 2615 2342 diximus
2636 2293 2684 2341 in
2708 2289 2846 2342 notis
2869 2290 2935 2341 ad
2958 2290 3238 2357 episcopos
3265 2288 3527 2342 Numidiae,
3549 2305 3695 2342 num.

2119 2358 2205 2421 71,
2237 2369 2288 2413 et
2319 2361 2382 2430 ad
2416 2361 2718 2430 Byzaceuos
2743 2375 2890 2415 num.
2913 2358 3002 2420 28,
3028 2358 3288 2412 Henricus
3309 2358 3551 2430 Norisius
3571 2373 3697 2413 con-

2119 2430 2284 2484 tendit
2311 2429 2637 2483 Cresconium
2664 2430 2821 2483 istum
2853 2445 2979 2484 vinre
3008 2430 3344 2483 Mustitannm
3373 2430 3424 2483 in
3454 2429 3697 2485 Numidia

2118 2502 2425 2567 epiScopum
2470 2499 2660 2565 fuisse,
2709 2501 2950 2569 duasque
2998 2500 3115 2568 ejus
3167 2501 3398 2552 nominis
3440 2501 3598 2555 urbes
3647 2503 3698 2556 in

2117 2570 2296 2624 Africa
2328 2570 2600 2624 exstitisse
2628 2571 2833 2634 scribit,
2866 2585 3087 2640 quarum
3117 2569 3285 2623 altera
3309 2569 3373 2623 ad
3404 2586 3696 2639 proconsu-

2117 2640 2305 2706 larem,
2337 2644 2503 2694 altera
2541 2656 2669 2710 vero
2696 2641 2760 2693 ad
2795 2641 3092 2694 Numidiam
3129 2642 3426 2706 Spectabat.
3463 2641 3700 2710 Denique

2120 2711 2170 2762 in
2222 2711 2525 2764 calendario
2565 2709 2968 2777 Carthaginensi
3015 2727 3081 2763 vu
3113 2712 3185 2763 id.
3235 2710 3467 2764 Octobris
3503 2715 3560 2765 tit
3586 2709 3700 2766 me-

2119 2783 2287 2852 moria
2326 2783 2487 2834 sancti
2525 2781 2781 2846 Quintasi,
2817 2798 2972 2849 quem
3007 2783 3146 2852 hunc
3187 2783 3357 2849 ipsum
3381 2781 3552 2852 174
3579 2797 3698 2837 esse

2121 2849 2426 2915 Quintasum
2462 2852 2765 2918 suspicatur
2803 2853 3032 2906 domnus
3073 2851 3304 2906 Joannes
3335 2849 3693 2918 Ma‘billonius,

2117 2921 2208 2987 qui
2238 2923 2323 2976 hic
2357 2925 2409 2976 in
2439 2922 2635 2975 Notitia
2681 2922 3024 2975 Mutecitunus
3061 2923 3342 2989 episc0pus
3373 2923 3588 2977 dicitur.
3626 2928 3696 2977 At

2119 2990 2170 3044 in
2203 2995 2415 3061 vulgato
2442 2993 2824 3063 martyrologio
2875 2993 3304 3064 Hieronymiano,
3347 3003 3403 3046 ut
3445 2994 3586 3047 idem
3615 2997 3698 3049 vir

2117 3065 2357 3118 eruditus
2388 3065 2659 3126 observat,
2694 3064 2880 3116 eadem
2911 3064 2998 3116 die
3026 3065 3162 3116 inter
3190 3063 3323 3116 alios
3354 3064 3510 3118 Afros
3539 3080 3698 3119 reco-

2121 3132 2250 3187 litur
2280 3134 2583 3198 Quintasus.
2609 3134 2665 3186 ln
2689 3135 2789 3188 iSto
2819 3144 2994 3188 autem
3020 3135 3398 3204 martyrologin
3421 3136 3699 3201 pauciores

2041 3208 2089 3271 C
2123 3219 2153 3257 e
2188 3205 2582 3260 recentioribus
2620 3206 2819 3260 sanetis
2865 3214 3153 3258 occurrunt
3201 3205 3368 3274 prima
3413 3221 3574 3259 manu
3600 3208 3701 3261 de-

2124 3276 2326 3342 scripti.

2194 3347 2279 3398 77.
2311 3347 2733 3400 RUBICABIENSIS.
2781 3347 2868 3401 Sic
2905 3354 2960 3402 et
3007 3347 3174 3400 codex
3212 3346 3428 3400 Hallcri.
3471 3347 3525 3400 ln
3565 3347 3702 3402 Car-

2132 3415 2279 3484 thag.
2311 3417 2626 3482 Cullatione,
2661 3431 2777 3477 cap.
2813 3418 2932 3480 197,
2965 3417 3103 3472 inter
3123 3417 3422 3472 Donatistas
3450 3417 3699 3472 Constan-

2125 3485 2224 3556 tius
2264 3487 2525 3556 episcopus
2577 3487 3041 3541 Rnsubiccariensis
3086 3489 3400 3555 comparuit,
3438 3504 3595 3556 quem
3633 3490 3700 3544 ad

2125 3555 2491 3626 Mauritaniam
2535 3556 2916 3611 Cae-ariensem
2952 3559 3272 3626 pertinuisse
3313 3573 3376 3612 ex
3410 3555 3604 3612 Notitia
3643 3575 3701 3614 se

2123 3625 2374 3694 colligere
2394 3627 2467 3680 ait
2499 3627 2760 3680 Baluzius.
2783 3629 2833 3679 In
2857 3625 3048 3681 Notitia
3073 3643 3199 3682 vero
3229 3628 3700 3683 Rusubiccuriensis

2123 3697 2407 3765 episcopus
2436 3711 2696 3762 nusquam
2731 3698 2974 3763 habetur,
3008 3701 3107 3752 nisi
3140 3714 3204 3754 eo
3229 3701 3442 3754 nomine
3475 3699 3700 3753 Rubica-

2121 3767 2336 3820 riensem
2357 3767 2563 3832 urbem,
2597 3767 2664 3822 de
2701 3783 2804 3836 qua
2829 3770 2912 3822 hic
2933 3770 3159 3837 agimus,
3190 3778 3280 3823 aut
3303 3782 3447 3824 certe
3473 3770 3699 3824 Rnsubi-

2121 3837 2367 3909 ritanam,
2397 3840 2640 3908 superius
2667 3854 2812 3892 nunt.
2837 3839 2908 3892 22
2934 3841 3274 3904 recensitam,
3298 3841 3582 3909 designare
3605 3857 3697 3894 vo-

2123 3907 2281 3961 luerit
2311 3910 2389 3962 vir
2416 3909 2672 3964 eruditus.
2707 3909 3045 3965 Subicarense
3071 3912 3332 3963 castellum
3364 3907 3702 3966 inManrita-

2123 3978 2207 4031 nia
2235 3981 2393 4033 situm
2427 3990 2689 4034 memorat
2717 3980 3027 4036 Ammianus
3056 3981 3389 4036 Marcellinus
3423 3981 3512 4036 lib.
3547 3998 3696 4050 χιιι,

2121 4063 2240 4122 (κιρ.
2267 4050 2324 4122 5.
2348 4050 2492 4122 quod
2519 4050 2585 4103 ab
2613 4051 2712 4104 hoc
2745 4050 3186 4104 Rusubiccariensi
3216 4067 3310 4106 seu
3339 4051 3700 4122 Rubicpriensi

2121 4119 2317 4186 Oppido
2355 4121 2498 4174 aliud
2531 4136 2635 4174 non
2675 4136 2796 4175 esse
2827 4121 3263 4176 verisimillimum
3293 4132 3397 4177 est.
3438 4119 3597 4178 Certe
3621 4124 3695 4179 cl.

2120 4189 2202 4242 vir
2233 4189 2532 4244 Hadrianus
2562 4191 2820 4255 Vale~ius,
2853 4193 2936 4246 cui
2970 4193 3210 4246 Baluzius
3242 4207 3300 4248 se
3329 4194 3468 4248 ultro
3497 4209 3693 4248 assen-

2119 4260 2204 4311 tiri
2231 4260 2524 4326 profitetur,
2559 4277 2622 4314 eo
2665 4261 2765 4314 loci
2809 4261 2949 4329 apud
2991 4263 3328 4317 Ammianum
3374 4263 3698 4318 Rusubbica-

2119 4344 2264 4381 reme
2281 4329 2385 4402 legi
2403 4341 2651 4402 oportere
2677 4333 2994 4400 suspicatur.
3011 4335 3064 4387 Si
3091 4343 3265 4387 tamen
3279 4334 3490 4387 Notitia:
3513 4334 3694 4402 lectio,

2121 4397 2648 4471 quaeliubicariensis
2686 4397 2862 4467 habet,
2899 4404 3086 4457 melior
3123 4404 3298 4471 fuerit,
3341 4405 3511 4470 potius
3559 4397 3697 4459 reti;

2121 4468 2291 4544 nenda
2324 4470 2426 4544 erit
2452 4471 2657 4544 vulgata
2679 4473 2950 4544 ,Atnmiani
2986 4475 3162 4538 lectio,
3188 4468 3310 4528 cum
3333 4468 3548 4544 propius
3580 4477 3696 4529 Ra-

2119 4537 2415 4614 bicariensis
2441 4555 2544 4614 vox
2565 4541 2638 4614 ad
2669 4542 3017 4614 Subicarensis
3046 4537 3264 4599 accedat
3289 4537 3448 4614 qnam
3482 4547 3546 4598 ad
3579 4546 3699 4600 Ru-

2113 4609 2516 4663 subiccariensis.
2565 4610 2733 4664 Porro
2774 4611 3101 4667 Rusubricari
3140 4609 3600 4670 habet-Antonius
3638 4619 3696 4672 in

2116 4677 2417 4751 itinerario,
2469 4681 2752 4734 Rusubeser
2787 4682 3105 4738 Ptolemaeus
3134 4685 3270 4738 libro
3297 4701 3368 4748 tv,
3403 4700 3520 4751 cap.
3553 4685 3609 4744 2.
3637 4697 3697 4743 et

2115 4748 2380 4873 {lusiciber
2408 4765 2527 4820 cap.
2561 4753 2822 4836 sequenti.
2872 4752 2931 4807 In
2953 4754 3168 4810 Tabulis
3198 4748 3498 4826 Peutingeri
3529 4755 3697 4812 Rusi-

2147 4836 2318 4873 ricars.

2147 4836 2318 4874 rtcart.

2186 4892 2304 4967 78.”
2317 4891 2364 4943 Μ
2370 4907 2734 4967 ΑΜ-ιιιιιεηειε.
2751 4964 2762 4967 Α
2778 4892 2948 4948 Victor
2961 4966 2964 4967 ν
2979 4897 3241 4967 episcopus
3270 4894 3691 4967 Mammillensis,

2112 4976 2232 5015 cum
2266 4961 2546 5034 Sereniano
2576 4978 2671 5017 suo
2700 4961 3017 5021 adversario
3036 4961 3156 5034 cap.
3193 4965 3297 5020 208
3328 4968 3456 5022 item
3484 4961 3694 5025 metuo;

2113 5043 2250 5096 rato,
2277 5031 2446 5106 adfuit
2474 5031 2753 5106 collationi
2781 5035 3033 5106 Carthag.
3060 5031 3178 5106 cap.
3213 5038 3334 5092 155.
3363 5043 3440 5092 Αη
3475 5040 3577 5106 huc
3606 5057 3697 5096 re-

2112 5103 2290 5177 vocari
2316 5103 2766 5177 possetMammw
2789 5107 2950 5176 regio,
2986 5103 3040 5160 in
3071 5103 3171 5175 qua
3203 5107 3504 5163 Maurorum
3537 5103 3695 5177 prin-

2110 5174 2475 5248 cipes_ca_s_tra_
2505 5175 2753 5248 habuisse
2794 5174 3044 5248 dicuntur
3071 5178 3210 5246 apud
3245 5174 3556 5248 Procopium
3595 5183 3690 5237 lib.

2110 5257 2146 5297 ll
2171 5243 2238 5297 de
2264 5244 2411 5300 Bello
2440 5245 2744 5310 Vandalico,
2777 5246 2863 5300 alii
2887 5243 3224 5314 judicabant.
3259 5243 3470 5305 Videtur
3503 5259 3692 5307 tamen

2109 5314 2173 5367 ad
2198 5314 2476 5390 Byzacium
2512 5317 2830 5390 pertinuisse
2857 5335 2869 5368 :
2897 5327 2951 5373 et
2971 5317 3185 5390 quidem
3214 5319 3495 5375 Matt-mam
3521 5322 3694 5390 Byza-

2107 5398 2256 5437 cenm
2284 5387 2469 5439 urbem
2494 5388 2938 5441 mediterraneam
2971 5389 3129 5441 habet
3158 5390 3297 5442 idem
3329 5405 3516 5446 auctor
3547 5387 3692 5446 libro

2107 5469 2156 5532 ν]
2191 5454 2262 5532 _de
2297 5454 2581 5522 Ediﬁciis,
2620 5473 2739 5532 cap.
2881 5458 3170 5532 Mamiliam
3210 5459 3353 5514 inter
3394 5463 3688 5532 Byzacenm

2103 5524 2345 5600 civitates
2377 5537 2640 5600 memorat
2682 5527 2879 5583 Notitia
2926 5529 3120 5586 Leonis
3163 5524 3497 5598 imperatoris
3543 5535 3687 5600 apud

2103 5593 2350 5671 Goarem_,
2401 5597 2494 5671 sed
2546 5596 2764 5671 Graecus
2795 5608 2970 5654 textus
3022 5604 3180 5654 habet
3207 5593 3470 5671 lliupmdx;
3518 5593 3688 5658 editio

2104 5675 2281 5744 autem
2313 5666 2593 5744 Bodleiana
2623 5667 2806 5744 Graece
2835 5680 2889 5744 et
2918 5673 3104 5725 Latine
3126 5666 3352 5744 Μαμιδὰ.

2300 5738 2642 5811 ᾼ-ιιειυιεκβιε.
2674 5738 2763 5811 Sic
2783 5738 2948 5811 habet
2975 5735 3394 5811 uterque'codex
3424 5760 3525 5799 ms.
3553 5763 3683 5802 cunt

2102 5805 2281 5860 editis.
2315 5807 2436 5862 Haec
2477 5806 2607 5862 urbs
2649 5808 2717 5860 ad
2755 5810 2964 5866 Albulas
3005 5813 3058 5867 in
3102 5805 3355 5870 Antonini
3395 5814 3681 5872 Itinerariu
