3988 6344
508 374 613 431 517

1524 359 1863 417 APPENDIX
1903 359 1994 414 AD
2032 356 2373 415 VICTOREM
2419 355 2777 415 VITENSEM.

3680 356 3773 416 518

510 488 763 557 Ejusdem
792 482 940 541 urbis
966 482 1161 536 civium
1187 477 1349 557 fidem
1378 477 1659 557 egregiam.
1694 475 1875 557 laudat
1902 474 2087 532 Victor
2113 476 2166 543 Α
2190 476 2948 557 utemoratuszli‘inelevanda
2969 436 3454 557 balani-suspicio,
3477 474 3569 557 qui
3597 475 3774 557 Satur-

511 547 743 616 Vitensis
784 557 879 611 lib.
909 571 959 619 ν,
1002 566 1147 606 ηυιη.
1181 549 1233 603 6.
1286 548 1555 619 Caeterum
1583 547 1767 619 urbem
1800 547 1939 619 hanc
1974 561 2085 600 rne-

510 640 687 686 morat
731 617 1079 684 Ptolemaeus,
1129 622 1221 673 lib.
1264 635 1336 682 tv,
1384 633 1502 687 cap.
1533 618 1589 672 ἓ.
1642 617 1888 671 Occurrit
1929 626 1986 671 et
2034 619 2084 672 in

511 700 763 757 Antonini
790 696 1063 749 ltinerario
1081 692 1295 744 colonia!
1321 690 1469 743 titulo
1492 690 1762 744 decorata.
1800 688 1945 742 Latio
1966 689 2087 743 data

512 774 705 825 dicitur
731 784 758 821 a
789 766 955 820 Plinio
980 764 1071 817 lib.
1092 778 1144 823 ν,
1167 776 1285 831 cap.
1309 762 1363 815 ἓ.
1398 758 1581 829 Tiposa
1601 774 1807 831 errore,
1837 761 1885 815 ni
1912 760 2084 821 fallor,

514 842 883 901 librariorum,
936 849 1032 901 pro
1081 829 1267 901 Tipaso
1316 831 1508 899 legitur
1556 829 1695 898 apud
1746 831 2085 887 Amtnianum

510 910 868 966 Marcellinum
902 906 995 959 lib.
1026 918 1171 964 χχιι,
1203 917 1253 955 c.
1282 902 1333 954 5.

585 982 703 1033 tot).
747 978 1100 1032 TAMADENSIS.
1144 974 1232 1026 Sic
1259 972 1426 1025 codex
1458 970 1675 1024 Halleri.
1717 971 1786 1025 At
1811 970 1936 1027 editi
1966 984 2087 1025 cum

512 1052 633 1106 cod.
670 1047 1004 1103 Laudunensi
1040 1043 1440 1110 Tamadempsis.
1495 1040 1736 1094 Flavium
1768 1040 2087 1095 Tantundam

512 1133 768 1175 memorat
811 1117 1133 1185 Pomponius
1174 1112 1443 1185 Melanlib.
1474 1128 1520 1176 ι,
1570 1124 1688 1185 cap.
1723 1112 1782 1185 l5.
1829 1111 2090 1185 Eumdem

513 1194 727 1246 l'luvlttm
761 1190 918 1245 simul
947 1182 1081 1240 cum
1122 1184 1255 1237 urbe
1293 1183 1392 1235 sibi
1423 1184 1741 1249 cognomine
1774 1182 1951 1236 laudat
1983 1183 2090 1236 Pli-

514 1264 632 1316 nius
674 1263 764 1315 lib.
796 1276 846 1327 v,
892 1274 1009 1317 cap.
1038 1258 1106 1319 ‘2,
1149 1268 1306 1323 quam
1350 1251 1574 1307 Carolus
1619 1270 1645 1306 a
1687 1254 1884 1327 Sancto
1930 1253 2092 1309 Paulo

512 1333 783 1385 Tanudam
813 1324 1066 1399 appellari
1099 1328 1296 1399 debere
1325 1334 1509 1399 censet
1541 1334 1659 1399 post
1688 1324 1973 1399 Urtcliutn,
2006 1342 2094 1379 cu-

512 1404 595 1473 jus
624 1394 906 1473 episcopus
942 1400 1173 1451 Donatus
1205 1395 1757 1473 Tanudatensisinter
1781 1394 2092 1473 _Donatistas

514 1464 793 1528 Collaiioni
823 1470 1079 1540 Cartltag.
1105 1483 1234 1540 cap._
1254 1466 1355 1540 197
1372 1464 1646 1540 “interfuit.
1816 1464 1914 1540 _hic
1945 1467 2094 1540 locus

528 1544 725 1599 Iidetur
765 1558 793 1595 a
833 1553 1011 1595 nostra
1028 1534 1269 1592 'l‘amada
1307 1534 1542 1590 dillerre.
1600 1537 1666 1589 Et
1706 1534 1918 1604 quidem
1966 1538 2093 1592 editi

518 1621 714 1668 nabeut
746 1614 971 1665 Donatus
1003 1607 1395 1662 Tanudaiensis.

592 1686 711 1739 101.
757 1683 1229 1737 Vonosmsneasts.
1290 1678 1462 1743 Supra
1508 1675 1615 1742 jam
1671 1677 1968 1733 recensitos
2014 1690 2096 1734 est

523 1754 883 1809 Vourariensis
914 1767 1061 1806 num.
1086 1751 1184 1814 ϐῆ,
1228 1758 1279 1802 et
1319 1758 1543 1815 uterque
1585 1748 1808 1804 habetur
1834 1750 1994 1804 etiam
2041 1752 2093 1804 in

516 1827 701 1881 codice
744 1824 961 1879 lialleri.

592 1899 743 1967 177
780 1896 928 1967 1οῂ
948 1894 1343 1967 Messaniensis.
1396 1887 1484 1967 Sic
1541 1898 1763 1967 uterque
1793 1890 1959 1944 codex
1993 1906 2097 1967 ms.

516 1958 633 2021 cum
651 1958 843 2020 'editis.
889 1965 1089 2019 Tamen
1139 1964 1188 2013 itt
1228 1958 1526 2013 Collatione
1563 1958 1812 2027 Carthag.
1850 1977 1967 2027 cap.
2001 1962 2103 2018 155

517 2038 753 2091 Auxilius
783 2038 1046 2105 episcopus
1076 2032 1241 2105 plebis
1268 2029 1616 2105 Nurconensis
1646 2030 2103 2105 intercalholicos

517 2110 782 2163 antiStites
808 2099 1125 2171 comparuit,
1154 2102 1243 2171 qui
1270 2115 1329 2154 se
1350 2115 1417 2153 ex
1445 2099 1757 2153 Mauritania
1782 2101 2102 2159 Caesariensi

516 2178 684 2231 fuisse
712 2176 981 2230 indicarit.

587 2248 706 2302 105.
750 2248 1199 2301 TABAIJCARRNSIS.
1228 2241 1405 2296 Codex
1433 2239 1648 2304 llalleri,
1680 2240 2099 2300 Tababcarensis.

517 2318 682 2372 Paulo
712 2319 836 2371 item
867 2317 1021 2369 aliter
1041 2314 1290 2369 scribitur
1314 2316 1363 2365 itt
1387 2312 1686 2383 Collatiooe
1703 2310 1953 2379 Carthag.
1978 2330 2099 2383 cap.

517 2389 619 2442 155
645 2430 659 2454 ,
703 2389 790 2441 tibi
850 2386 1026 2440 Victor
1073 2386 1339 2455 episcopus
1381 2383 1536 2455 plebis
1582 2381 2005 2455 _Tabaicarensis,
2050 2381 2111 2444 et

519 2459 818 2513 Marcianus
864 2458 981 2525 ejus
1018 2453 1264 2523 exparte
1308 2454 1494 2507 Donati
1533 2453 1874 2508 adversarius
1916 2470 2105 2511 recen-

516 2538 721 2584 sentur.

589 2601 710 2653 101.
743 2598 1132 2653 SUMMULBNSIB.
1164 2594 1345 2649 Codex
1378 2592 1593 2657 llalleri,
1628 2592 1969 2649 Sumulensis.
2000 2595 2103 2650 No-

516 2678 600 2723 tus
630 2682 709 2723 eat
740 2670 979 2722 Silvanus
1004 2670 1266 2738 epismpus
1294 2665 1614 2738 summensis
1638 2678 1730 2717 seu
1757 2663 2099 2738 Zuntmensis,

518 2740 613 2793 sed
648 2741 731 2794 hic
758 2748 873 2793 erat
898 2755 965 2793 ex
1000 2734 1268 2797 Numidia.
1296 2736 1446 2803 cujus
1470 2734 1755 2801 provincim
1784 2736 1979 2802 primas
2007 2734 2105 2793 fuit

520 2811 824 2881 passimque
855 2809 992 2881 apud
1034 2804 1804 2881 Augustinumdicitur_Senex
1822 2805 2100 2881 _Siluanas.

518 2881 649 2936 Vide
678 2876 833 2947 epist.
863 2876 983 2934 141.
1019 2881 1130 2934 lluc
1160 2878 1398 2933 revocari
1424 2890 1582 2945 posse
1612 2877 1780 2929 locum
1811 2876 2103 2931 Subbulen-

517 2968 654 3017 sem,
698 2955 762 3005 ab
793 2955 983 3021 Upsato
1023 2951 1325 3021 Milevitana
1353 2947 1447 3001 lib.
1482 2962 1535 2999 nt
1578 2955 1957 3021 memoratum,
1990 2950 2105 3003 exi-

515 3025 698 3079 stimat
735 3017 1056 3077 Holstcnius.
1118 3022 1220 3075 Sed
1270 3019 1318 3072 id
1368 3034 1432 3071 ex
1480 3017 1829 3086 conjectura,
1881 3019 2103 3086 Optatos

514 3104 698 3149 noster
726 3109 851 3159 ms.,
883 3102 939 3147 ut
968 3092 1115 3154 editi,
1148 3092 1307 3145 habet
1336 3089 1447 3142 loco
1472 3087 1799 3142 Subbulensi.

594 3166 712 3219 l05.
758 3158 1184 3218 Tanauncmts.
1222 3160 1401 3215 Codex
1446 3158 1675 3224 llalleri,
1720 3158 2050 3214 Tadimensis
2083 3176 2103 3216 :

507 3210 1183 3300 qut-evulerlionii-oun-
1229 3210 1707 3285 Quintiane.
1749 3210 2104 3300 Balusii,qu—i
2132 3210 2178 3273 ί)

516 3304 888 3359 Tadamatensi
918 3305 1113 3373 oppido
1141 3301 1416 3373 praefuisse
1444 3309 1625 3373 censet
1656 3300 1889 3373 Milicum
1915 3302 2107 3371 episco-

512 3391 637 3445 pum
668 3376 825 3445 plebis
851 3369 1262 3445 Togamutensis,
1295 3373 1347 3425 in
1377 3369 1678 3445 Collatione
1700 3369 1971 3445 Carthag.‘
1984 3387 2102 3441 cap.

521 3444 623 3498 120
656 3442 793 3499 inter
822 3442 1111 3499 catholicos
1161 3452 1534 3497 memoratum.
1588 3442 1718 3495 Vide
1753 3457 1909 3510 supra
1941 3442 2107 3512 Byza-

519 3530 682 3569 cenos
714 3532 858 3568 num.
896 3515 983 3570 19.

592 3586 710 3640 106.
752 3586 1068 3640 CATftENSlS.
1093 3584 1180 3639 Sic
1203 3593 1425 3652 uterque
1447 3582 1615 3637 codex
1646 3597 1747 3636 ms.
1776 3597 1894 3636 cum
1926 3586 2103 3639 editis.

518 3655 719 3709 Mavult
747 3668 920 3710 tamen
952 3656 1173 3711 Carolus
1202 3669 1231 3708 a
1254 3655 1451 3709 Sancto
1480 3654 1642 3706 Paulo
1666 3654 1844 3721 legere
1872 3652 2109 3709 Castren-

520 3728 609 3792 sis,
639 3728 778 3794 quod
807 3728 942 3795 apud
972 3726 1294 3781 Antoninum
1326 3725 1473 3778 locus
1501 3724 1679 3778 Castra
1702 3725 1874 3777 dictus
1906 3741 2109 3779 memo-

520 3808 687 3863 rt-tur,
721 3799 805 3867 qui
848 3803 971 3851 item
1017 3798 1239 3852 habetur
1293 3800 1344 3848 in
1394 3795 1611 3848 Tabulis
1662 3795 2105 3861 Peutingerianis.

520 3868 635 3922 Non
668 3878 843 3923 tamen
872 3870 1018 3924 licuit
1044 3908 1059 3933 ,
1103 3883 1167 3921 ex
1201 3868 1313 3919 Sola
1346 3867 1684 3933 conjectura,
1722 3869 2110 3937 manuscripto-

518 3955 635 3993 rum
664 3940 817 3993 simul
846 3950 899 3994 et
928 3940 1188 3993 editorum
1224 3937 1502 3991 lectionem
1536 3945 1762 3991 mutare.

591 4012 710 4066 107.
737 4011 1066 4064 CISSITANUS.
1098 4009 1387 4064 Ptolemaeo
1416 4030 1613 4068 κισσος.
1648 4009 1865 4064 Tabulae
1888 4008 2107 4063 Peutin-

518 4083 750 4147 gerianze
783 4082 977 4135 habent
1005 4080 1133 4135 Cissi
1154 4080 1484 4145 municipium
1510 4095 1527 4143 ;
1557 4095 1658 4132 una
1693 4080 1924 4133 litterula
1953 4081 2109 4135 aliter

517 4154 817 4207 Antoninus
850 4153 901 4205 in
935 4148 1346 4221 ltinerariojlisi
1382 4152 1733 4220 municipium.
1768 4150 1881 4221 llttc
1911 4152 2109 4221 absque

521 4222 683 4275 dubio
718 4224 1052 4276 revocandus
1095 4230 1177 4274 est
1212 4218 1463 4273 Flarosus
1502 4218 1763 4287 episcOpus
1801 4218 2106 4285 Cissitanus,

519 4294 605 4358 qui
639 4292 687 4344 in
720 4290 1023 4345 Collatioue
1052 4290 1456 4356 Carthagincnsi
1483 4303 1601 4357 cap.
1633 4289 1735 4341 207
1764 4291 1902 4342 inter
1936 4291 2111 4344 Dona-

525 4361 675 4413 tistas
722 4361 1017 4414 recensitos
1067 4362 1181 4413 fuit.
1232 4360 1307 4413 De
1352 4360 1453 4411 isto
1490 4369 1544 4412 et
1589 4358 1985 4425 Quodvultdeo,
2020 4362 2109 4428 qtti

522 4430 681 4483 etiam
732 4430 1016 4496 aliquando
1064 4430 1257 4482 dicitur
1303 4432 1584 4495 episcotius
1613 4429 1949 4496 Cissitanus,
1986 4432 2109 4485 vide

525 4514 681 4568 supra
714 4501 1120 4570 proconsulares
1150 4514 1297 4552 nttm.
1331 4499 1421 4551 27.

2194 562 2319 601 num
2355 548 2491 600 lnme
2524 548 2714 601 Silensi
2744 548 2795 602 in
2829 547 3073 603 Numidia
3106 547 3219 603 urbi
3252 542 3527 617 praefuisse
3554 545 3609 601 in
3640 544 3774 603 notis

2193 620 2257 680 ad
2291 619 2429 675 hunc
2456 617 2767 673 Collationis
2795 619 2968 675 locum
2997 618 3185 672 innuit.

2266 690 2389 744 H3.
2436 688 2813 744 VIBSALSENSIS.
2848 689 3026 745 Codex
3061 686 3288 753 llalleri,
3330 685 3661 743 Vissulensis.
3686 687 3775 743 Vi-

2194 764 2326 817 salta
2372 760 2595 815 habetur
2623 762 2673 814 in
2717 761 2933 815 Tabulis
2963 758 3381 829 Peutingerianis
3404 800 3421 827 ,
3460 759 3556 814 sed
3588 759 3642 813 in
3669 758 3776 813 Nu-

2198 832 2381 889 Inidia.

2268 903 2391 957 114.
2433 901 2773 957 Μηδτεκειε.
2819 901 2907 955 Sic
2943 909 2998 955 et
3025 900 3191 955 codex
3234 900 3426 955 Halleri
3458 897 3597 967 apud
3629 899 3779 953 Orie-

2195 973 2348 1037 liutn,
2374 973 2462 1037 qui
2492 988 2556 1027 ex
2581 972 2754 1040 Trogo
2788 972 3035 1026 Hiarbam
3064 970 3445 1027 Maxitanorum
3475 987 3642 1040 regem
3674 970 3779 1024 lau-

2194 1044 2304 1096 dat.
2364 1042 2584 1097 Mazices
2630 1044 2824 1111 passim
2877 1042 3057 1097 laudat
3098 1043 3410 1097 Ammianus
3442 1040 3777 1096 Marcellinus

2196 1114 2333 1171 libro
2364 1130 2508 1167 xxtx.

2271 1186 2392 1238 115.
2430 1187 2861 1239 ΑΒδΙΝΝΑῡΕΝξιὸ.
2890 1183 3049 1245 Editi,
3078 1182 3493 1237 Atlsinuadensis.
3524 1180 3581 1235 lu
3611 1180 3780 1236 lodice

2197 1254 2511 1324 Cyprianico
2549 1257 2767 1308 habetur
2807 1255 3122 1308 Adsinuada.
3167 1258 3243 1308 An
3284 1253 3573 1324 Cyprianus
3609 1252 3779 1306 Dona-

2200 1322 2321 1380 tista
2354 1367 2367 1388 ,
2417 1327 2505 1394 qui
2556 1336 2880 1379 memoratur
2921 1328 2971 1379 in
3001 1341 3118 1392 cap.
3154 1326 3253 1378 155
3294 1322 3606 1378 Collationis
3632 1323 3780 1394 ,huc

2199 1397 2268 1449 sit
2296 1393 2643 1459 revocandus,
2679 1397 2941 1450 incertum
2972 1405 3054 1450 est
3075 1436 3089 1460 ,
3124 1395 3261 1463 quod
3291 1394 3438 1448 locus
3466 1396 3514 1447 in
3546 1393 3706 1447 editis
3734 1404 3784 1448 et

2198 1481 2331 1521 mss.
2364 1468 2433 1521 sit
2464 1468 2532 1521 ita
2562 1478 2861 1534 corruptus.
2896 1478 2951 1520 ut
2980 1467 3180 1521 nullum
3210 1480 3422 1518 sensum
3455 1464 3563 1532 pati
3599 1466 3782 1523 possit.

2196 1536 2285 1592 Sic
2316 1537 2473 1590 habet
2503 1557 2513 1591 :
2548 1538 2834 1605 Cyprianus
2869 1539 3052 1592 dicitur
3083 1537 3344 1603 episcomts
3369 1536 3453 1606 qui
3491 1534 3650 1660 £78
3681 1535 3785 1588 illic

2200 1609 2413 1660 intendit
2442 1608 2699 1660 Adsinuar
2724 1648 2739 1660 .
2779 1624 2872 1660 seu
2898 1648 2912 1660 .
2954 1616 3009 1660 ut
3054 1624 3183 1660 mss.
3230 1607 3458 1660 habent.
3550 1606 3781 1659 dsinnar.

2200 1609 2413 1663 intendit
2442 1608 2699 1661 Adsinuar
2724 1648 2739 1672 ,
2779 1624 2872 1661 seu
2898 1648 2912 1671 ,
2954 1616 3009 1662 ut
3054 1624 3183 1667 mss,
3230 1607 3458 1671 habent,
3503 1606 3781 1660 Adsinnar.

2201 1678 2333 1733 Vide
2364 1679 2560 1733 Baluzii
2594 1688 2771 1732 notam
2808 1678 2858 1733 in
2892 1679 3031 1733 hunc
3062 1679 3257 1733 locum.

2276 1750 2399 1805 illi.
2455 1750 2803 1803 SATAFENSIS.
2855 1749 2992 1803 Infra
3038 1750 3201 1802 intcr‘
3230 1747 3509 1802 Sitifenscs
3564 1764 3713 1801 num.
3756 1748 3786 1802 6

2206 1819 2433 1875 habetur
2462 1820 2643 1873 Festus
2675 1820 2985 1886 Satafrttsis.
3021 1821 3334 1874 Atterutrius
3365 1817 3464 1872 loci
3498 1818 3594 1872 fuit
3622 1820 3788 1871 Adeo-

2207 1892 2358 1943 datus
2387 1891 2651 1961 episcopus
2680 1892 2838 1961 plebis
2880 1891 3162 1958 Satafensis
3176 1890 3313 1961 ,‘qni
3345 1886 3624 1961 collationi
3654 1887 3787 1961 Car-

2210 1962 2353 2029 tbag.
2385 1959 2500 2028 cap.
2540 1962 2662 2028 128,
2682 1959 2991 2028 'romparuit
3018 1977 3135 2014 cum
3172 1959 3375 2014 Urbano
3404 1960 3569 2023 ipsius
3600 1960 3789 2015 adrer-

2208 2033 2380 2093 sario,
2412 2032 2553 2085 inl'cr
2602 2032 2899 2086 Donatistas
2938 2032 3153 2094 iterum,
3191 2046 3307 2087 ean.
3343 2030 3464 2089 l87.
3499 2033 3786 2087 recensita.

2209 2101 2609 2170 Salaphitanum
2637 2104 2888 2170 oppidum
2922 2110 3183 2156 memorat
3204 2101 3401 2155 Plinius
3422 2100 3557 2155 libro
3583 2117 3636 2166 v,
3666 2118 3786 2170 cap.

2206 2170 2261 2237 4,
2290 2173 2429 2239 quod
2462 2173 2559 2227 sibi
2595 2174 2826 2239 ignotum
2859 2188 2977 2226 esse
3017 2173 3207 2226 fatetur
3240 2171 3542 2226 Harduinns
3578 2190 3589 2223 :
3619 2189 3783 2238 quare

2207 2245 2380 2295 varias
2406 2245 2819 2311 coojectationes
2848 2244 3109 2310 proponit,
3137 2259 3199 2295 ex
3227 2242 3417 2310 quibus
3446 2256 3545 2293 una
3577 2252 3661 2296 est
3687 2259 3789 2313 qua

2208 2315 2507 2382 suspicatur
2537 2314 2638 2382 legi
2668 2329 2822 2383 posse
2850 2313 3261 2383 Satapltitanum,
3293 2320 3348 2365 ttt
3369 2327 3432 2367 eo
3458 2320 3619 2383 pacto
3642 2313 3789 2366 locus

2210 2381 2315 2437 iste
2362 2381 2605 2453 intelligi
2632 2381 2797 2451 possit
2840 2385 2906 2437 de
2951 2381 3209 2438 Satafcnsi
3262 2382 3389 2436 urbe
3413 2424 3428 2448 ,
3460 2381 3582 2452 quae
3610 2382 3663 2437 in
3694 2386 3789 2439 hac

2208 2454 2401 2509 Notitia
2428 2466 2772 2509 memoratur.
2828 2454 3085 2507 Donatum
3121 2453 3487 2508 Salicinensem
3511 2454 3563 2506 in
3597 2453 3792 2508 Mauri-

2209 2526 2350 2578 lania
2382 2526 2697 2579 Caesariensi
2728 2526 3055 2594 episcopum,
3090 2541 3151 2578 cx
3184 2522 3367 2577 Novati
3396 2532 3541 2577 secta
3572 2524 3636 2578 ad
3669 2525 3790 2580 uni-

2209 2604 2371 2648 tatem
2413 2596 2729 2650 catholicam
2782 2612 3137 2655 eonversum.
3190 2594 3368 2647 laudat
3416 2603 3629 2649 sanctus
3684 2595 3790 2650 Leo

2210 2664 2428 2732 Magnus
2478 2681 2610 2734 papa
2654 2669 2809 2733 epist.
2847 2667 2914 2729 1.
2960 2666 3089 2718 alias
3128 2665 3195 2720 87
3222 2705 3235 2727 ,
3275 2680 3431 2733 quem
3462 2664 3789 2720 Satafensem

2211 2734 2371 2788 fuisse
2400 2737 2675 2790 contendit
2706 2736 2874 2791 Lucas
2904 2736 3238 2800 llolstenius,
3277 2734 3417 2805 qUod
3448 2742 3501 2790 et
3545 2735 3598 2788 in
3640 2748 3790 2790 vetu-

2208 2805 2443 2860 stissimo
2470 2807 2655 2860 codice
2703 2823 2802 2861 ms.
2849 2808 3099 2863 Vaticano
3134 2804 3453 2861 num.l'54°2
3492 2806 3790 2875 appelletur

2208 2877 2471 2944 episcopus
2503 2877 2809 2941 Satafcnsis.

2281 2946 2402 3001 117.
2447 2948 2751 3003 Sauream.
2782 2950 2869 3004 Sic
2891 2960 3115 3016 uterque
3140 2948 3304 3002 codex
3334 2963 3434 3001 ms.
3462 2962 3584 3001 cum
3612 2947 3789 3003 editis.

2209 3016 2265 3070 In
2309 3017 2602 3073 Collatione
2647 3019 3053 3084 Carthaginensi
3097 3021 3270 3086 capite
3320 3018 3417 3073 l'55
3466 3030 3791 3073 memoratur

2212 3087 2466 3143 Proculus
2497 3092 2761 3159 episcopus
2789 3090 2945 3157 plebis
2977 3091 3073 3143 loci
3106 3089 3393 3153 Senensis,
3428 3104 3585 3157 quem
3619 3090 3791 3143 locum

2210 3160 2457 3214 eumdem
2489 3176 2607 3215 esse
2637 3177 2697 3214 ac
2726 3160 3031 3216 Scrtensem
3054 3204 3067 3227 ,
3111 3161 3196 3213 hic
3229 3161 3281 3214 in
3311 3160 3499 3215 Notitia
3528 3176 3795 3214 memora-

2213 3239 2342 3293 tmn,
2378 3240 2559 3284 ceriset
2591 3231 2650 3288 ν.
2684 3232 2743 3285 C.
2779 3232 3040 3285 lialuzius.
3095 3231 3293 3286 Praeter
3339 3231 3477 3283 hunc
3521 3230 3629 3283 duo
3672 3234 3791 3284 item

2211 3312 2496 3354 occurrunt
2548 3304 2597 3355 in
2645 3302 2942 3356 Collatioue
2986 3302 3260 3369 episcopi,
3308 3300 3569 3354 Zertenses
3618 3301 3792 3354 dicti:

2212 3386 2404 3439 nempe
2443 3372 2759 3426 Gaudentius
2800 3374 3067 3441 episcopus
3106 3374 3360 3427 Zertensis
3389 3389 3452 3425 ex
3497 3380 3650 3441 parte
3693 3371 3795 3427 Do.

2212 3444 2318 3496 nati
2345 3480 2358 3503 ,
2392 3458 2508 3509 cap.
2557 3442 2655 3496 187
2683 3444 2978 3497 recensitos
3004 3486 3018 3508 ,
3062 3444 3150 3511 qui
3185 3443 3391 3496 nonnisi
3426 3443 3795 3511 presbyterum

2211 3530 2272 3566 εκ
2301 3512 2577 3567 catholicis
2600 3514 2959 3567 adversarium
2989 3514 3239 3578 habt-bat,
3264 3525 3314 3565 et
3336 3528 3453 3581 cap.
3481 3513 3576 3567 QOI
3605 3514 3796 3567 iterum

2213 3584 2350 3636 inter
2381 3583 2682 3637 Donatistas
2708 3584 2973 3638 Salustius
3004 3586 3267 3652 episwpus
3300 3582 3554 3638 Zertensis
3583 3599 3799 3652 compa-

2212 3656 2336 3725 ruit.
2370 3654 2637 3707 Alterntcr
2666 3656 2799 3708 forte
2830 3672 2891 3725 ex
2928 3656 3289 3722 proconsulari
3320 3671 3435 3707 erat
3462 3674 3475 3707 :
3510 3670 3632 3709 nam
3662 3654 3799 3709 inter

2213 3723 2370 3792 hujus
2399 3726 2686 3792 provincia:
2717 3724 2978 3779 antistites
3009 3728 3279 3796 synodica:
3310 3725 3395 3796 ad_
3409 3726 3626 3781 Paulum
3664 3726 3801 3780 Con-

2211 3796 2739 3867 stantinopolitanum
2769 3798 2981 3864 scriptas
3006 3792 3317 3867 subscripsit
3350 3792 3650 3849 Florentius
3677 3814 3800 3867 gra-

2212 3867 2282 3918 tia
2319 3866 2407 3921 Dei
2440 3869 2705 3936 episcopus
2737 3877 2926 3921 sancta:
2962 3868 3197 3921 Ecclesiw
3228 3866 3509 3919 Zentensis.
3560 3872 3640 3921 An
3676 3866 3801 3921 ἐντι-ο

2212 3936 2350 3991 alter
2381 3955 2412 3993 e
2448 3938 2756 3991 Mauritania
2791 3938 2946 3991 fuerit
2986 3939 3244 3991 incettum
3274 3946 3374 3991 est.
3422 3938 3582 3990 Certe
3612 3948 3803 3991 neuter

2211 4022 2273 4060 ex
2308 4008 2425 4063 istis
2454 4008 2661 4063 Proculi
2692 4010 3025 4062 adversarius
3063 4019 3216 4069 erat,
3250 4008 3506 4076 siquidem
3539 4009 3655 4073 ipse
3686 4009 3802 4063 loco

2214 4078 2424 4131 laudato
2456 4094 2512 4132 se
2546 4081 2798 4133 unitatem
2848 4079 3041 4132 habere
3074 4079 3345 4144 professus
3372 4078 3802 4150 estnLluiuimo,

2212 4150 2255 4202 si
2285 4165 2407 4203 vera
2440 4154 2504 4201 stt
2537 4152 2693 4203 lectio
2731 4151 2971 4216 epistolas
3009 4151 3102 4205 l/sl
3150 4150 3317 4203 sancti
3355 4148 3662 4217 Augustini,
3692 4158 3806 4203 erat

2213 4218 2342 4273 item
2373 4223 2421 4273 in
2460 4220 2701 4273 Numidia
2736 4221 2861 4275 urbs
2891 4220 3077 4277 Zerta.
3128 4236 3243 4287 qua:
3290 4219 3529 4274 Zetlensi
3573 4222 3807 4275 concilio

2211 4290 2466 4412 gdversus
2503 4291 2806 4344 Donatistae
2843 4291 3027 4367 habito
3071 4292 3122 4345 in
3165 4290 3406 4345 Numidia
3462 4305 3660 4345 nomen
3712 4291 3808 4351 de—

2252 4370 2369 4412 erit.

2252 4360 2369 4412 erit.
2897 4358 2911 4367 ’

2286 4432 2407 4485 118.
2450 4430 2789 4484 NtrntnENSIs.
2835 4432 3082 4500 Ejusdem
3114 4432 3263 4486 urbis
3291 4429 3577 4487 Ianuarius
3607 4434 3809 4499 episco-

2213 4518 2309 4569 pus
2360 4500 2716 4554 Numidicnsis
2763 4518 2825 4555 ex
2875 4515 3025 4571 parte
3078 4503 3469 4558 Donatistarum
3512 4500 3806 4557 Collationi

599 4567 726 4624 108ξ
761 4570 1207 4624 Tsssccunessm.
1239 4571 1326 4642 S_l_o
1352 4567 1975 4642 uterqttecodexLApud
2001 4571 2109 4624 An-
2138 4579 2186 4639 ι)
2212 4567 2462 4639 Carthag.
2495 4572 2732 4626 interfurit
2755 4567 3023 4640 eapfl88.
3055 4576 3141 4642 qui
3168 4590 3226 4628 se
3247 4590 3309 4627 ex
3342 4573 3656 4629 Mauritania
3690 4571 3812 4628 αν.

522 4642 762 4695 tonlnttm
811 4643 862 4695 in
931 4641 1210 4695 ltinerario
1263 4639 1527 4708 'l'asagora
1585 4640 1721 4692 inter
1778 4641 2109 4707 Mauritania:

523 4712 753 4780 majores
790 4712 946 4767 urbes
987 4720 1331 4777 memoratur,
1362 4724 1520 4779 quam
1566 4710 1633 4763 ab
1678 4708 1778 4764 hac
1814 4711 2108 4767 Tssaceur-

520 4782 665 4837 rensi
696 4783 855 4837 aliam
887 4798 990 4836 non
1026 4796 1146 4835 esse
1176 4783 1515 4834 arbitramur.

594 4852 718 4907 109.
760 4853 1126 4907 TABUNIENSIS.
1173 4852 1322 4905 llonc
1358 4866 1567 4919 quoque
1615 4850 1848 4905 Ortelius
1899 4866 1961 4905 ex
2016 4853 2106 4906 Vi-

521 4931 669 4978 ctore
700 4925 879 4978 habet.
917 4923 1268 4977 Thabenenses
1301 4931 1559 4975 memorat
1602 4921 1800 4976 Hirtius
1845 4922 1897 4975 in
1944 4933 2111 4976 extre-

524 5010 607 5065 ma
634 4997 775 5062 regni
805 4994 953 5049 Juba:
981 4995 1183 5065 regione
1212 4994 1460 5046 maritima
1490 4992 1680 5065 locatos
1698 5007 1717 5057 ;
1757 4992 1849 5045 sed
1880 4996 2105 5065 quosad

524 5064 893 5118 Mauritaniam
946 5063 1254 5119 Sitifensem
1303 5063 1623 5133 pertinuisse
1660 5066 1772 5117 fuse
1807 5072 1856 5117 et
1902 5064 2113 5120 erudite

527 5136 718 5202 probat
747 5135 1004 5189 llenricus
1033 5136 1295 5189 Norisius.

597 5205 719 5257 110.
761 5207 1161 5260 Τυεαλιιιεμειε.
1215 5205 1395 5259 Codex
1447 5203 1641 5259 llalleri
1693 5204 1853 5258 habet
1902 5203 2110 5258 Tusca-

524 5290 732 5329 ηιεηεη.
1388 5290 1394 5297 ’

598 5346 719 5398 111.
750 5345 1148 5404 Guaucrrauus.
1186 5346 1343 5407 Editi,
1369 5344 1748 5414 Gunagitsnus.
1780 5345 1957 5399 Codex
1981 5361 2111 5403 vero

530 5414 747 5479 llalleri,
780 5414 1121 5471 Cttnaitanus.
1157 5418 1342 5471 Melior
1372 5428 1548 5470 tamen
1575 5426 1754 5469 nostra
1787 5416 1964 5478 lectio,
1991 5434 2113 5485 quae

526 5496 607 5540 est
635 5486 831 5539 codicis
865 5486 1251 5541 Laudunensis.
1282 5488 1413 5541 Nam
1445 5488 1705 5540 coloniam
1739 5487 1960 5555 Augusti
1992 5487 2105 5541 Gu-

528 5558 650 5625 nugi
679 5566 941 5610 memorat
971 5559 1172 5611 l’linius
1198 5559 1289 5611 lib.
1322 5574 1372 5623 ν,
1404 5574 1519 5625 cap.
1549 5556 1604 5610 ‘2.
1632 5556 1868 5611 Habetur
1901 5563 2023 5612 item
2055 5562 2104 5613 in

528 5628 805 5699 ltinerario
836 5629 1085 5699 Antonini
1118 5639 1169 5681 t-t
1212 5629 1349 5697 apud
1390 5642 1712 5699 anonymum
1743 5625 2103 5685 Ravennatem

529 5698 621 5771 lib.
654 5714 713 5752 tn
744 5709 796 5752 et
826 5714 878 5763 v,
909 5699 994 5752 ubi
1026 5697 1291 5771 Cumtgus.

600 5770 721 5822 “2.
764 5771 1021 5825 SITENSIS.
1074 5769 1367 5840 llujusloci
1405 5770 1501 5823 fuit
1550 5769 1808 5824 Saturnus
1843 5772 2106 5840 episcopus

538 5838 749 5896 Silensis
785 5841 1059 5896 Donatista
1086 5884 1099 5906 ,
1149 5838 1201 5896 in
1230 5839 1526 5896 Collatione
1569 5840 1813 5907 Carthag.
1843 5838 1961 5906 cap.
2002 5838 2104 5897 198

2216 4645 2440 4695 saricusi
2492 4643 2653 4697 fuisse
2681 4645 2948 4711 professus
2978 4658 3079 4699 esu
3137 4645 3388 4699 Eamdem
3418 4644 3602 4698 sedem
3636 4659 3666 4696 a
3713 4658 3810 4697 sua

2214 4714 2433 4767 dimcesi
2466 4713 2698 4769 excisam
2734 4714 2894 4769 fuisse
2932 4715 3123 4768 ibidem
3157 4724 3481 4781 conquestus
3510 4724 3590 4768 est
3636 4714 3813 4784 Repa-

2214 4793 2355 4836 ratus
2378 4787 2639 4850 episcomts
2674 4784 2913 4838 Ecclesia:
2941 4787 3205 4839 catholica:
3232 4786 3547 4853 Sifaitensis.
3580 4786 3723 4847 sive,
3758 4793 3815 4837 ut

2214 4854 2461 4909 emendat
2509 4856 2785 4919 Balusius,
2824 4856 3218 4925 Sufasaritanre.
3269 4858 3535 4912 Caeterum
3568 4855 3815 4910 ()rtelius

2216 4941 2278 4979 cx
2327 4941 2425 4979 ms.
2484 4926 2673 4979 Ilalleri
2723 4926 2902 4980 laudat
2950 4926 3257 4994 episcopum
3306 4926 3695 4983 Nuooitlensem
3747 4942 3814 4979 ex

2219 4996 2435 5067 Victore
2465 5011 2587 5061 ms.,
2614 5012 2718 5064 quo
2747 4998 2981 5062 nomine,
3016 5006 3072 5052 ut
3102 5009 3246 5067 puto,
3284 4997 3618 5055 Numidensis
3654 4996 3818 5051 intel-

2220 5066 2462 5136 ligendus
2491 5079 2591 5122 est.

2292 5138 2411 5192 119.
2454 5138 2719 5193 CEREALIS
2756 5136 3032 5192 CASTBLLO
3076 5138 3336 5192 RIPENSIS.
3384 5136 3669 5191 Castellum
3729 5139 3820 5191 lli-

2219 5227 2369 5277 pense
2412 5224 2474 5262 ex
2524 5210 2709 5263 codice
2759 5209 2954 5263 Halleri
3008 5218 3271 5264 memorat
3327 5208 3580 5263 Ortelius.
3637 5209 3820 5264 Lucas

2219 5280 2526 5335 Holstenius
2572 5281 2623 5333 in
2678 5280 3107 5333 annotationibus
3154 5280 3218 5333 ad
3266 5278 3515 5334 Carolum
3549 5279 3822 5335 aSancto

2218 5350 2383 5404 l’aulo
2415 5360 2559 5413 putat
2597 5348 2870 5404 Cerealem
2925 5350 3009 5403 hic
3052 5360 3405 5404 memoratum
3451 5349 3592 5420 hunc
3635 5351 3821 5420 ipsum

2218 5436 2338 5476 esse
2388 5420 2646 5475 Cerealem
2697 5424 3003 5488 episcopum
3055 5421 3239 5474 Afrum
3288 5434 3446 5487 quem
3498 5419 3846 5474 Gennadius'

2219 5494 2359 5545 inter
2384 5493 2669 5559 scriptores
2700 5491 3089 5546 ecclesiasticos
3122 5492 3299 5545 laudat
3324 5491 3377 5544 in
3405 5490 3666 5559 Catalogo
3691 5508 3822 5559 cap.

2217 5562 2318 5627 96,
2351 5564 2421 5617 ob
2450 5562 2681 5617 libellum
2716 5576 2868 5629 quem
2895 5572 3077 5615 contra
3111 5562 3455 5615 Maximinum
3497 5564 3823 5626 episcopum

2216 5634 2471 5687 Arianum
2522 5630 2863 5699 conscripsit.
2910 5633 3236 5697 Opusculum
3278 5630 3417 5686 istud
3463 5631 3735 5685 habemus
3772 5636 3826 5685 in

2216 5703 2547 5757 Bibliotheca
2587 5703 2801 5756 Patrum
2825 5744 2838 5767 ,
2867 5704 2954 5757 ubi
2993 5712 3176 5757 auctor
3201 5718 3322 5758 sese
3350 5703 3519 5769 ipsum
3554 5700 3827 5755 Cerealem

2218 5773 2561 5827 Castellanum
2610 5775 2904 5839 episwpum
2949 5774 3211 5841 appellat,
3260 5772 3341 5824 cui
3378 5773 3602 5837 proinde
3636 5776 3840 5837 potius

2219 5844 2349 5899 lides
2371 5855 2453 5899 est
2476 5844 2715 5899 habenda
2738 5858 2895 5909 quam
2921 5846 3168 5911 scriptori
3189 5858 3461 5907 anonymo
3486 5843 3553 5897 de
3586 5842 3651 5899 η
3682 5868 3697 5893 ε
3714 5847 3795 5897 Cll
3822 5859 3844 5873 π
