3988 6344
663 369 720 387 ’δ’

663 369 752 423 [iitl

1631 362 1971 419 APPENDIX
2015 365 2105 418 AD
2145 364 2494 420 VICTOIIEM
2537 365 2896 421 VITENSEM.
3769 378 3857 428 332

639 493 757 552 cap.
782 477 892 552 Δ198
917 475 1087 552 adluit
1112 474 1667 552 {tantanusepiscppus
1693 474 2017 552 _Le_suitanus.
2039 475 2214 552 Medio
2240 480 2293 538 Α
2320 477 2444 532 item
2479 475 2529 530 in
2557 476 2831 552 Byeacena
2859 477 3047 552 civitas
3070 477 3468 552 Macrianensis,
3510 485 3653 552 cujus
3679 486 3856 552 episco-

639 544 750 602 fere
781 549 972 602 itinere
1001 546 1191 600 Saldas
1215 558 1266 598 et
1295 544 1487 599 Sitiﬁm
1519 545 1668 598 Lesbi
1693 545 1919 600 habetur
1961 547 2012 600 in
2043 547 2213 602 Auto-

643 619 754 674 nini
781 617 1078 681 Itint'rario,
1109 615 1176 670 M.
1207 615 1268 670 P.
1300 631 1403 669 xxv
1425 631 1455 668 a
1483 615 1794 686 Tubusupto
1821 616 2048 671 distans.

709 689 794 742 ll.
831 691 1231 752 EQUIZOTENSIS.
1258 686 1454 757 Codex
1503 685 1725 750 Ilalleri’.
1755 685 2072 757 Equotensis.
2105 687 2212 742 Ta-

641 760 780 813 bula)
803 757 1221 827 Peutittgeriaum
1249 755 1527 827 eqteheto.
1564 758 1616 810 In
1647 755 1942 813 Collatione
1958 759 2208 822 Carthag.

636 844 753 897 cap.
800 829 925 897 201,
969 826 1292 882 metitoratur
1333 826 1504 899 Victor
1547 831 1812 899 episcopus
1857 827 2211 898 Equisetensis

639 900 930 955 Donatista.
967 901 1176 954 I’riores
1205 897 1484 951 Balttziaua
1530 897 1792 952 editiones
1820 899 2019 953 habent
2052 900 2213 968 Equi-

635 972 846 1041 setensis
865 973 1087 1041 :quibus
1105 985 1186 1024 vet
1201 968 1281 1022 bis
1300 969 1540 1023 eamdem
1562 971 1745 1025 urbem
1765 971 2031 1039 designari
2055 986 2211 1027 nemo

637 1040 979 1096 iuliciabitur.

710 1112 797 1166 1‘2.
827 1113 1227 1166 CASTELLANUS.
1277 1108 1493 1164 Castelli
1543 1126 1735 1165 nomen
1788 1110 2050 1164 familiare
2099 1121 2214 1166 erat

636 1183 775 1252 apud
809 1183 986 1237 Afros.
1022 1183 1093 1234 De
1127 1183 1226 1252 isto
1253 1179 1522 1249 singulare
1551 1181 1682 1235 nihil
1715 1181 1996 1236 dicendum
2019 1198 2212 1236 occur-

639 1257 730 1307 rit.
788 1253 915 1307 Vide
963 1267 1120 1319 supra
1169 1251 1420 1305 Numidas
1467 1267 1616 1305 num.
1657 1252 1711 1314 4,
1763 1263 1814 1307 et
1854 1253 2212 1308 Caesarienses

637 1339 784 1377 num.
811 1324 898 1377 73.
927 1324 1030 1376 Sed
1055 1323 1299 1375 a~sentiri
1333 1337 1435 1375 non
1469 1322 1594 1376 licet
1620 1323 1914 1380 llolstenio.
1945 1325 2031 1391 qui
2067 1333 2213 1389 putat

637 1393 923 1448 Castellum
956 1394 1093 1447 istud
1141 1395 1278 1446 idem
1311 1408 1435 1447 esse
1463 1408 1581 1447 cum
1620 1392 1854 1447 Castello
1883 1394 2212 1450 Mauritaniae

638 1463 991 1518 Caesariensis-
1020 1462 1262 1525 civitate,
1320 1479 1479 1533 supra
1532 1465 1670 1519 inter
1720 1467 1871 1519 istius
1927 1465 2210 1533 provincia;

640 1537 798 1589 urbes
830 1536 1092 1589 reccn~ito
1117 1550 1263 1588 num.
1296 1535 1380 1588 75.

711 1608 799 1659 I5.
845 1605 1170 1660 Gl-GITANUS.
1215 1604 1266 1657 lu
1308 1602 1604 1658 Collationc
1644 1604 1898 1674 Carthag.
1939 1621 2058 1675 cap.
2109 1606 2211 1662 128

640 1677 864 1730 habetur
914 1677 1205 1746 Quadratus
1246 1676 1508 1746 episcopus
1557 1675 1715 1742 plebis
1762 1675 2024 1745 Cegitanw
2074 1678 2214 1731 inter

639 1747 948 1801 catholicos.
996 1745 1099 1800 Sed
1132 1744 1392 1798 incertum
1425 1758 1506 1799 est
1538 1761 1601 1797 an
1630 1761 1694 1798 ex
1726 1744 2066 1802 Sitil‘ensibos
2098 1749 2210 1803 lue-

644 1820 732 1873 rit.
759 1817 1098 1886 VillCllOlilm
1129 1816 1198 1870 29
1220 1816 1272 1869 in
1300 1817 1566 1870 Victorem
1589 1815 1855 1870 Viteusem
1886 1817 2082 1886 (Supra
2109 1820 2208 1873 col.

638 1890 761 1948 195.
788 1905 841 1942 n.
875 1885 925 1957 ἰ)
955 1896 1009 1942 et
1029 1885 1094 1942 LI
1129 1886 1180 1940 in
1219 1887 1624 1954 proconsulares
1651 1887 1849 1958 (Supra
1880 1885 2162 1958 causa).

711 1961 796 2014 Μ.
834 1959 1335 2012 hutnsnrtsnwsts.
1364 1957 1511 2011 llaod
1543 1957 1905 2024 improbabilis
1929 1957 2210 2015 esteorum

640 2031 822 2098 opinio
853 2031 941 2098 qui
992 2032 1041 2081 in
1082 2027 1376 2082 Collatione
1421 2027 1673 2096 Carthag.
1717 2045 1836 2096 cap.
1885 2032 1991 2085 208
2037 2029 2210 2086 locum

639 2103 777 2156 hunc
800 2109 1108 2168 corruptum
1135 2115 1148 2152 :
1175 2098 1470 2151 Marcianus
1496 2099 1762 2168 episcopus
1780 2100 2092 2153 Eminentius
2109 2103 2214 2167 epi-

637 2188 819 2238 scopus
866 2171 918 2223 in
950 2172 1124 2224 itinere
1151 2171 1424 2231 remansEt;
1479 2167 1628 2223 Felix
1667 2170 2065 2225 Nooasinnensis
2094 2173 2214 2225 sub-

640 2242 843 2310 scripsit
867 2256 1068 2311 prero.
1112 2239 1204 2294 Sic
1241 2240 1417 2294 sanari
1448 2255 1606 2310 posse
1651 2252 1837 2308 putant
1869 2259 1883 2295 :
1914 2241 2212 2298 Marcianus

636 2309 902 2382 episcopus
949 2309 1510 2382 Eminentianfnsisin
1556 2311 1736 2364 itinere
1779 2314 2052 2379 remansit,
2103 2325 2208 2368 etc.

640 2380 815 2436 Porro
834 2381 1134 2436 Marcianus
1170 2391 1225 2436 et
1255 2380 1403 2436 Felix
1432 2380 1520 2436 hic
1542 2385 1820 2436 memorati
1843 2399 1874 2436 e
1904 2383 2212 2440 Donatista-

636 2469 753 2508 rum
785 2461 932 2506 ερειθ
963 2462 1136 2506 erant.

706 2524 794 2578 15.
839 2523 1129 2576 SOCIENSIS.
1181 2521 1333 2575 Hunc
1374 2537 1437 2576 ex
1477 2520 1691 2576 Victore
1738 2537 1840 2576 ms.
1879 2525 2212 2581 Mauritianai

636 2593 951 2716 gﬁsariertsi
984 2592 1166 2647 tribuit
1195 2591 1448 2660 Ortelius,
1504 2592 1601 2647 sed
1648 2593 1798 2662 lapsu
1827 2596 2123 2663 memoriae,
2159 2599 2211 2651 ni

660 2680 686 2716 ιι
732 2679 793 2716 0r
1722 2684 1724 2686 '

660 2664 793 2717 allor
1722 2684 1724 2686 ν

711 2734 795 2788 16.
829 2735 1252 2789 Lsuscsrsnsm.
1280 2734 1368 2789 Sic
1388 2734 1554 2788 codex
1575 2748 1673 2789 ms.
1701 2741 1922 2803 uterque
1953 2750 2072 2789 cum
2094 2739 2210 2793 edi-

638 2807 726 2859 tis.
759 2805 971 2859 Dubitat
1002 2804 1233 2876 Orteltus
1263 2821 1386 2876 num
1426 2805 1525 2876 ista
1557 2805 1681 2858 urbs
1711 2819 1780 2876 ea
1815 2805 1973 2860 fuerit
2000 2823 2120 2876 quae
2145 2810 2212 2863 ab

639 2876 832 2944 Optato
863 2876 955 2930 lib.
988 2891 1023 2928 tt
1064 2875 1262 2930 dicitur
1287 2874 1600 2929 Lemelleuse
1628 2875 1910 2930 castellum.
1947 2876 1999 2931 Id
2021 2874 2214 2934 innuit

640 2947 742 3000 loci
777 2951 932 3013 situs,
987 2961 1106 3000 nam
1145 2947 1429 3003 Ianuarius
1455 2946 1943 3012 Flumeupiscensis
1979 2957 2033 3003 et
2063 2948 2209 3005 Felix

639 3017 916 3071 Diabensis
963 3017 1253 3072 Donatista:
1298 3018 1556 3087 episcopi,
1605 3017 1694 3086 qui
1735 3018 1861 3072 illuc
1908 3023 2213 3076 cucurrisse

638 3091 907 3154 dicuntur,
940 3103 1007 3141 ex
1045 3087 1284 3143 Sitifensi
1316 3088 1592 3157 provincia
1617 3096 1790 3141 erant.
1819 3089 2210 3145 Lemellensetn

636 3161 946 3227 episcopum
974 3159 1289 3214 catholicum
1319 3156 1536 3212 nomine
1564 3156 1852 3212 Primosum
1879 3160 2074 3215 ibidem
2101 3163 2210 3216 lau-

636 3229 731 3283 dat
748 3228 993 3298 Optatos,
1017 3233 1106 3299 qui
1127 3230 1366 3297 ejusdem
1390 3230 1535 3283 urbis
1557 3229 1844 3283 ecclesiam
1868 3246 1894 3282 a
1921 3232 2208 3287 Donatistis

637 3300 886 3371 violatam
919 3299 1080 3354 fuisse
1107 3300 1298 3365 refert;
1327 3315 1428 3368 qua
1465 3299 1746 3353 occasione
1773 3302 1976 3355 diaconi
2005 3305 2212 3371 plurimi

637 3384 757 3445 cum
785 3368 962 3445 altare
972 3370 1302 3445 defenderent
1330 3371 1576 3445 cruentati
1606 3379 1745 3445 sunt,
1790 3380 1843 3424 et
1887 3388 1952 3426 ex
1984 3368 2048 3425 iis
2080 3376 2208 3445 duo,

640 3437 848 3493 Primus
871 3437 1074 3510 scilicet
1100 3451 1151 3495 et
1178 3440 1431 3506 Donatus,
1457 3442 1615 3494 occisi
1642 3441 1821 3504 luere;
1851 3458 2076 3510 quorum
2103 3437 2214 3500 me;

637 3510 807 3633 maria
836 3510 924 3566 die
953 3511 986 3567 9
1023 3509 1299 3566 Februarii
1335 3511 1387 3565 in
1432 3511 1810 3582 Martyrologio
1845 3509 2086 3568 Romano
2122 3532 2209 3570 re-

642 3595 706 3633 co
734 3591 856 3633 itur.

642 3591 856 3636 εοιιιυν.

712 3649 797 3704 17.
819 3651 1130 3706 Οιίιιεκδιε.
1150 3653 1283 3706 Vide
1299 3669 1460 3721 supra
1477 3654 1614 3707 inter
1636 3654 2042 3721 proc0ttsulares
2061 3673 2210 3712 nttm.

636 3721 730 3793 45,
777 3722 864 3775 ubi
905 3723 1132 3778 habetur
1161 3723 1448 3793 Cyprianus
1486 3722 1744 3778 Gel/ensis.
1789 3723 1955 3778 Cellas
1997 3728 2045 3779 itt
2079 3728 2209 3781 Siti-

636 3792 770 3846 fensi
803 3802 1061 3848 memorat
1099 3792 1363 3848 Antonius
1395 3795 1447 3848 in
1476 3796 1774 3857 Itinerario,
1825 3795 1911 3849 tibi
1938 3797 2054 3852 haec
2083 3799 2212 3853 urbs

639 3863 810 3917 media
843 3865 983 3918 inter
1011 3865 1265 3919 Perdiren
1297 3877 1350 3919 et
1382 3866 1540 3920 Macri
1570 3865 1773 3918 visitur.

712 3934 1148 4007 'I8._MACRENSIS.
1175 3935 1418 4007 Interfuit
1444 3936 1724 3990 Collationi
1751 3935 2058 4005 Cartltagin.
2089 3954 2210 4007 cap.

636 4005 740 4060 206
769 4004 1027 4059 Maximus
1057 4007 1326 4076 episcopus
1364 4006 1644 4060 Macrensis
1679 4004 1972 4060 Donatista:
2022 4004 2208 4074 Macri,

638 4085 694 4128 ut
713 4091 833 4130 mox
856 4077 1181 4138 dicebamus.
1214 4093 1378 4146 prepe
1397 4077 1563 4131 Cellas
1588 4081 1636 4130 in
1657 4079 1910 4132 Antonini
1937 4079 2212 4137 ltinerario

635 4147 883 4217 habetur.
918 4147 1089 4216 Magri
1117 4147 1312 4202 habent
1343 4148 1556 4200 Tabula:
1584 4149 2027 4217 Peutingerianaa.

711 4217 796 4286 I9.
830 4215 1320 4286 NODALICIANENSIS.
1351 4220 1440 4272 Sac
1476 4234 1688 4286 quoque
1709 4215 2009 4284 appellatur
2032 4221 2080 4273 in
2108 4236 2206 4275 ms.

635 4284 859 4339 Halleri.
887 4285 1042 4340 Urbis
1071 4303 1264 4342 nomen
1298 4284 1507 4342 videtur
1542 4287 1704 4341 fuisse
1736 4288 2144 4343 Nova-Liciuna.

706 4355 792 4409 ‘20.
840 4355 1216 4410 ZALLATENSIS.
1275 4357 1366 4410 Sic
1409 4373 1539 4410 mss.
1588 4368 1639 4409 et
1687 4359 1837 4412 editi.
1886 4360 2211 4414 Memoratur

637 4427 774 4495 apud
810 4425 1149 4479 Plolemacum
1181 4426 1400 4495 Zalapa,
1450 4427 1543 4479 sed
1575 4425 1710 4478 inter
1752 4427 1909 4480 urbes
1950 4444 2069 4494 quae
2111 4433 2210 4483 sub

435 4533 452 4552 .
635 4493 926 4566 Adruuuzto
943 4507 1115 4558 erant,
1135 4493 1458 4564 proindeque
1477 4496 1540 4547 ad
1565 4497 1886 4564 Ityzaceoam
1907 4493 2204 4566 pertinens.

705 4565 794 4619 Ἣ.
820 4564 1238 4620 Zt-zurocrtznsw.
1270 4566 1358 4619 Sic
1389 4575 1608 4631 uterque
1635 4569 1790 4636 182
1819 4564 1984 4621 codex
2015 4585 2114 4622 ms.
2142 4573 2206 4624 At

636 4636 760 4688 editi
785 4636 980 4689 habent
998 4637 1393 4706 Lemfactensis,‘
1422 4650 1614 4706 exiqtto
1639 4639 1883 4702 t‘ortassiy
1903 4639 2017 4690 loco
2047 4640 2204 4696 Index

635 4706 883 4775 Cypriani
911 4705 1163 4774 operibus
1193 4709 1440 4776 przelixus
1469 4705 1783 4776 Lemfnctam
1823 4707 2057 4762 exhibet.
2099 4711 2207 4764 No—

635 4786 744 4830 stra
789 4788 964 4830 autem
997 4777 1154 4831 lectio
1183 4779 1530 4832 continuatur
1565 4792 1633 4831 ex
1664 4780 1945 4832 Ammiano
1978 4780 2203 4835 Marcel-

637 4846 748 4920 l_ino
773 4848 907 4920 libro
930 4863 1227 4920 ηιμ-931).
1251 4849 1306 4920 5,
1333 4849 1417 4902 ubi
1439 4847 1790 4918 Lamfoctense
1809 4851 2049 4920 oppidum
2075 4854 2205 4905 inter

638 4915 980 4990 Tyndensium
1001 4928 1046 4972 et
1068 4915 1534 4972 Massinissensium
1555 4915 1726 4990 gentes
1749 4915 1974 4985 positum
2003 4937 2205 4976 memo-

637 4985 806 5059 ratur.
862 4985 1027 5043 Porro
1067 4991 1113 5044 si
1154 4992 1254 5043 ista
1291 4985 1573 5044 restitutio
1589 4999 1709 5043 nota
1743 4991 1953 5056 Valesio
1995 4993 2199 5059 flliSsel,

637 5057 1007 5132 _L_amfoctense
1028 5059 1278 5132 oppidum
1301 5061 1568 5114 Ammiani
1601 5059 1701 5114 hoc
1723 5061 1892 5128 ipsum
1921 5076 2038 5116 esse
2061 5057 2200 5132 quod

634 5128 731 5205 hic.
749 5129 802 5183 in
823 5131 1015 5205 lflotitia
1042 5130 1300 5205 ha_betur,_
1325 5135 1462 5184 ultro
1492 5143 1868 5205 aSSeverasset.
1906 5134 2044 5200 quod
2069 5128 2204 5188 non-

633 5197 735 5250 nisi
762 5199 1155 5270 subdubitando
1178 5201 1416 5270 proferre
1441 5215 1606 5255 ausus
1631 5211 1734 5256 est.
1760 5203 1850 5257 Sic
1873 5197 1936 5256 et
1956 5205 2204 5258 Baluzius

633 5269 930 5342 suspicatus
977 5286 1084 5325 non
1134 5269 1320 5325 fuisset
1362 5271 1732 5327 Lamfoctense
1781 5274 2032 5342 oppidum
2076 5278 2206 5329 Am-

633 5339 793 5392 miani
826 5339 964 5394 ident
1003 5356 1123 5396 esse
1156 5357 1275 5396 cum
1308 5342 1609 5412 Lamfuensi
1635 5339 1922 5412 Byzacenae
1953 5346 2105 5410 urbe,
2135 5346 2202 5401 de

632 5424 732 5477 qua
759 5424 918 5478 supra
939 5413 1041 5464 col.
1070 5427 1190 5532 pag5
1225 5415 1326 5492 1.55
1354 5411 1489 5492 (Col.
1522 5415 1644 5477 509,
1674 5411 1966 5496 numam).

700 5479 790 5532 22.
838 5479 1098 5532 FICENSIS.
1193 5483 1295 5532 alia:
1338 5498 1602 5532 eotsconus
1637 5482 1864 5532 Ficensss
1907 5500 1966 5532 ca

700 5479 790 5533 22.
838 5479 1098 5534 FICENSIS.
1143 5479 1295 5536 Felix
1338 5484 1602 5548 episcopus
1637 5482 1864 5538 Ficensis
1907 5479 2202 5540 catholicus

631 5551 929 5622 comparuit
949 5554 1004 5604 in
1022 5551 1315 5606 Collatione
1329 5551 1595 5622 Carthaga
1608 5568 1726 5622 cap.
1749 5553 1876 5608 2I5.
1902 5558 1955 5609 In
1984 5557 2204 5611 Tabulis

631 5621 1051 5694 Peutingeriams
1095 5621 1785 5694 inperitoratur‘AdAFicum;
1835 5628 1925 5694 qui
1973 5627 2199 5681 Iocusiu

629 5695 884 5818 sitientia
914 5692 1192 5748 ltiuerario
1233 5693 1372 5748 inter
1411 5692 1643 5748 Satafatn
1688 5703 1744 5749 et
1781 5692 2022 5767 lgilgilim
2068 5699 2200 5752 situs

669 5775 841 5818 tcttur.

669 5775 841 5818 ICIlUl‘.

699 5836 789 5889 25.
820 5835 1099 5893 Rssro'ros
1129 5835 1536 5891 MACRIANENSIS.
1565 5834 1725 5899 Editi,-
1754 5835 2048 5891 Restitutus.
2075 5837 2204 5892 Erat

2319 562 2416 616 pus
2446 547 2692 604 uum.80
2734 549 2875 603 inter
2925 549 3067 604 illius
3095 551 3381 616 provincia:
3408 547 3670 608 antistites
3692 547 3854 612 recen-

2314 621 2448 672 situs
2477 629 2559 672 est
2587 631 2752 696 supra
2783 634 2904 689 pag.
2931 619 3036 696 _l_56
3068 619 3256 696 (Nobis
3284 622 3390 696 col.
3416 622 3592 696 £8);
3626 641 3772 696 quem
3795 630 3858 682 lo-

2313 703 2432 742 cum
2455 691 2694 744 consule.
2723 691 2889 744 Porro
2919 690 3329 746 Macrianensem
3357 693 3406 745 in
3438 690 3669 750 Sitifensi
3695 698 3858 753 Mauri-

2315 761 2455 835 tania
2474 761 2784 835 episcopum
2809 761 3053 835 agnoscit
3076 763 3242 816 codex
3268 763 3482 835 ilaﬂeri,
3513 775 3644 819 teste
3660 766 3858 835 Ortelio,

2315 831 2407 898 qui
2455 832 2521 883 de
2559 831 2834 901 Byzaceuo
2879 831 3010 885 nihil
3041 831 3219 886 habet.
3261 833 3488 890 Deuterii
3519 831 3858 892 Macrianensis

2313 902 2548 976 episcopi
2593 918 2660 955 ex
2696 903 2882 976 Donati
2914 916 3064 976 seeta
3107 905 3346 976 meminit
3376 908 3696 975 Augustinus
3723 909 3856 976 epist.

2314 971 2402 1035 93,
2455 988 2612 1040 quem
2658 990 2724 1028 ex
2760 974 3071 1026 Mauritania
3100 974 3262 1028 fuisse
3288 971 3482 1028 innuit:
3703 1024 3712 1029 -

2386 1042 2474 1114 24.
2509 1044 2848 1098 Assarmsns.
2882 1043 2971 1099 Sic
3000 1045 3168 1098 codex
3214 1056 3435 1114 uterque
3465 1062 3585 1100 cum
3626 1047 3788 1104 editis.
3814 1052 3858 1104 In

2313 1112 2609 1167 Collatione
2656 1114 2910 1182 Carthag.
2957 1130 3075 1178 cap.
3125 1115 3226 1168 128
3267 1112 3595 1170 memoratur
3643 1117 3861 1176 Sextilius

2313 1184 2580 1249 episwpus
2621 1185 2778 1252 plebis
2816 1184 3109 1238 Assabensis
3145 1201 3264 1238 cum
3301 1185 3557 1239 Martiano
3598 1188 3859 1255 Donatista,

2313 1255 2400 1321 qui
2430 1264 2482 1306 et
2506 1256 2582 1308 sic
2609 1269 2729 1324 cap.
2762 1259 2861 1310 I08
2878 1257 3198 1322 appellatur.
3229 1256 3389 1309 Asava
3407 1272 3502 1310 seu
3526 1260 3604 1309 Ad
3621 1258 3747 1312 Sara
3763 1276 3860 1314 mu-

2316 1324 2567 1390 nicipium
2601 1325 2827 1380 habetur
2855 1327 2904 1380 iu
2935 1326 3189 1378 Antonini
3219 1327 3517 1390 Itinerario,
3550 1338 3607 1382 et
3634 1331 3681 1380 iu
3710 1330 3856 1384 Tabu-

2317 1395 2382 1446 lis
2405 1393 2852 1468 Peuti_ngerianis._
2872 1397 3054 1449 Eidem
3087 1395 3223 1450 forte
3250 1398 3362 1450 urbi
3393 1408 3627 1465 pra'erat
3653 1409 3858 1468 tempore

2313 1469 2479 1536 sancti
2531 1466 2777 1534 Cypriani
2824 1465 3007 1520 Lucius
3045 1468 3106 1520 ab
3150 1467 3367 1534 Ausafa,
3421 1469 3510 1536 qui
3563 1471 3617 1522 in
3663 1465 3860 1524 concilio

2314 1535 2564 1605 Carthag.
2592 1553 2737 1590 num.
2765 1538 2833 1591 75
2865 1538 3145 1591 haereticos
3169 1535 3580 1604 rebaptizandos
3619 1553 3729 1594 es~e
3755 1557 3860 1595 cett-

2315 1607 2441 1659 suit.
2465 1607 2631 1674 Cujus
2669 1608 2954 1675 objectioui
3002 1607 3291 1675 respondet
3333 1609 3660 1675 Augustinus
3699 1611 3778 1662 lib.
3803 1628 3858 1665 vtt

2315 1677 2380 1727 de
2417 1677 2684 1744 Baptismo
2716 1689 2900 1731 contra
2938 1677 3259 1744 Donatislas,
3291 1695 3409 1745 cap.
3441 1680 3530 1742 57,
3561 1677 3755 1734 Sulcius
3785 1684 3862 1734 4n-

2315 1748 2531 1817 safensis
2561 1749 2842 1816 episcopus
2889 1749 3156 1801 Donatista
3205 1751 3519 1817 subscripsit
3564 1753 3760 1819 synodo
3783 1753 3862 1805 Ca-

2320 1819 2696 1888 harsussitame
2735 1834 2877 1872 anno
2900 1819 3023 1884 595,
3051 1828 3106 1873 et
3135 1834 3273 1870 anno
3301 1821 3543 1888 sequenti
3586 1821 3635 1872 in
3665 1825 3862 1876 concilio

2319 1886 2594 1957 Bagaieosi
2623 1889 2717 1942 fuit
2739 1900 3136 1959 exauctoratus.
3174 1891 3244 1941 De
3273 1886 3391 1959 quo
3414 1891 3617 1958 passim
3647 1893 3863 1959 Augusti-

2318 1974 2416 2012 uus
2437 1961 2545 2026 agit
2569 1960 2618 2012 in
2647 1961 2792 2013 libris
2814 1970 2996 2013 contra
3016 1958 3357 2013 Cresconiom
3386 1958 3742 2015 Douatistam.
3757 1962 3862 2017 Vide

2315 2030 2664 2084 AUSANENSEM
2699 2032 2836 2084 inter
2867 2031 3299 2098 proconsulares,
3335 2047 3484 2084 nutu.
3517 2030 3612 2086 47.

2321 2147 2336 2171 ,Α
2384 2101 2474 2155 ‘25.
2513 2100 3013 2155 FLUIENI'ISCENSIS.
3064 2101 3118 2154 In
3160 2099 3455 2154 Ctilluliﬂlle
3485 2100 3734 2171 Carthag.
3762 2117 3858 2169 cap.

2315 2169 2421 2226 205
2449 2174 2584 2225 inter
2614 2172 2918 2243 Donatistas
2945 2173 3240 2243 comparuit
3273 2171 3448 2243 Victor
3469 2169 3734 2243 episcopus
3758 2171 3862 2224 Flu-

2316 2244 2696 2310 menpiscensis.
2753 2242 2957 2296 Exinde
3002 2242 3099 2295 viri
3155 2241 3348 2295 eruditi
3391 2241 3714 2296 censuerunt
3750 2245 3862 2310 apud

2315 2312 2562 2378 Optatum
2609 2314 2826 2377 Iibrott,
2870 2312 2959 2365 ubi
3003 2323 3330 2365 memoratur
3362 2310 3650 2366 Ianuarius
3680 2311 3862 2367 Flamen

2317 2380 2581 2449 Pistensis,
2616 2383 2716 2449 legi
2746 2385 2946 2438 debere
2978 2381 3457 2451 Flumenpisceusis.
3505 2386 3658 2449 Quod
3687 2393 3861 2437 certum

2315 2469 2434 2509 esse
2464 2471 2526 2509 ex
2560 2457 2725 2509 tribus
2749 2470 2874 2508 mss.
2909 2453 3183 2506 codicibus
3213 2455 3365 2506 nobis
3403 2464 3638 2518 constat,
3669 2469 3764 2506 uno
3782 2455 3863 2507 sci-

2315 2524 2440 2579 licet
2481 2527 2788 2579 monasterii
2829 2524 3123 2590 Rentigiani
3171 2523 3309 2591 apud
3355 2524 3576 2589 lletnos,
3626 2524 3779 2577 altero
3811 2539 3862 2578 ex

2316 2597 2640 2650 monasterio
2658 2595 2837 2662 Sancti
2856 2594 3172 2665 Theoderici
3197 2607 3371 2665 prope
3385 2595 3647 2665 eamdem
3678 2596 3861 2660 urbem;

2316 2668 2473 2737 tertio
2504 2667 2732 2737 denique
2757 2673 2955 2720 nostrae
3001 2663 3339 2719 bibliotheca:
3376 2664 3556 2719 Sancti
3588 2663 3862 2719 Germania

2271 2743 2278 2749 ’
2315 2735 2508 2792 Pratis.

2383 2807 2473 2862 26.
2518 2807 2833 2860 INVENTINUS
2883 2804 3308 2859 Mauomnensw.
3367 2804 3542 2868 Editi,
3597 2804 3863 2859 Juventinm

2316 2874 2721 2930 Marovaneusis.
2777 2878 2952 2930 Codex
2986 2875 3184 2929 Halleri
3223 2874 3359 2943 apud
3381 2874 3669 2938 Ortelium,
3712 2877 3861 2928 Muro-

2315 2950 2504 3002 nensis.
2550 2948 2801 3014 Qmenam
2837 2960 2964 3000 vero
3009 2951 3073 3000 ex
3121 2947 3234 2999 istis
3274 2945 3432 3000 lectio
3465 2948 3534 2999 sit
3562 2945 3860 3016 prtefercnla

2313 3018 2552 3073 divinare
2574 3033 2678 3072 non
2706 3019 2847 3072 licet.

2385 3088 2476 3143 27.
2507 3090 2942 3143 MOLICUNZENSIS.
2977 3087 3066 3143 Sic
3098 3089 3266 3142 codex
3305 3085 3696 3154 Laudunensis.
3735 3086 3863 3141 Orte-

2317 3159 2417 3212 Iitts
2445 3175 2572 3213 vero
2613 3175 2681 3213 ex
2717 3159 2915 3212 Halleri
2959 3161 3162 3213 codice.
3194 3157 3607 3212 Molicuntensis.
3659 3162 3721 3214 At
3758 3158 3860 3212 ealiti

2316 3228 2936 3292 habentdlelicbuzensis,
2983 3239 3035 3282 et
3065 3245 3128 3284 et
3161 3229 3244 3292 iis,
3293 3230 3346 3282 ni
3391 3229 3570 3293 fallor,
3603 3230 3749 3284 index
3774 3229 3859 3297 Cy-

2320 3302 2592 3369 priauicus
2621 3300 2954 3353 Melicbuzam
2980 3307 3221 3353 recenset.

2384 3371 2474 3425 ‘28.
2529 3372 2915 3425 SEBTI-IITANUS.
2971 3371 3059 3424 Sic
3109 3380 3329 3430 uterque
3383 3370 3548 3423 codex
3603 3387 3700 3438 ms.
3748 3368 3862 3421 Editi

2314 3455 2462 3496 vero.
2497 3442 2834 3496 Sertcitanus.
2857 3441 3044 3495 Nostra
3066 3440 3218 3495 lectio
3243 3440 3483 3492 lirtnatttr
3508 3456 3575 3494 ex
3597 3440 3863 3495 Collatione

2314 3486 2590 3581 Cartltawg"
2623 3514 2708 3564 ubi
2733 3527 2849 3579 cap.
2884 3511 2952 3564 80
2983 3519 3306 3565 memoratur
3334 3509 3684 3563 Maximianus
3705 3510 3865 3581 δίζτωὶ-

2315 3590 2464 3634 tanus
2513 3579 2780 3651 episcopus
2832 3583 3131 3645 DOnatista;
3167 3581 3339 3648 capite
3379 3596 3506 3634 vero
3557 3583 3689 3645 215,
3739 3579 3865 3632 Felix

2315 3651 2634 3706 Serteitanus
2660 3654 2921 3720 episc0pus
2948 3653 3229 3704 catholicus
3261 3653 3439 3717 pedem
3476 3651 3654 3705 dolere
3681 3651 3863 3712 dicitur,

2313 3738 2614 3792 quanquam
2655 3723 2753 3776 iste
2800 3724 2850 3776 in
2907 3721 3168 3791 prioribus
3203 3721 3522 3776 editionibus
3567 3722 3865 3775 Sertertensis

2314 3805 2403 3846 aut
2433 3795 2756 3846 Sertirtensis
2782 3795 3097 3862 appelletur.

2384 3865 2474 3918 9.9.
2525 3858 2942 3917 Cuoauosnusrs.
3007 3862 3094 3917 Sic
3151 3871 3373 3931 uterque
3417 3877 3550 3926 ms.;
3624 3861 3715 3915 sed
3761 3858 3866 3917 editi

2315 3934 2511 3988 habent
2557 3933 2973 3988 Cadamuseusis.
3023 3935 3186 3988 Index
3225 3934 3581 4003 Cyprianicus
3636 3939 3867 3985 memorat

2315 4005 2601 4060 Cidomum.
2653 4005 2942 4073 Procopius
2988 4003 3120 4056 libro
3153 4021 3201 4058 vr
3246 4002 3311 4058 de
3335 4002 3602 4057 [Ediﬁciis
3631 4009 3863 4073 memorat

2315 4077 2500 4130 urbem
2532 4073 2795 4128 Cidantam
2826 4071 2856 4126 a
2885 4074 3081 4128 Mauris
3118 4075 3492 4138 inhabitatam,
3525 4074 3624 4128 sed
3654 4075 3702 4127 in
3735 4071 3868 4143 183

2316 4148 2487 4201 limite
2532 4147 2880 4214 Tripolitano.
2933 4143 3210 4214 Cydnmum
3258 4145 3415 4198 habet
3461 4146 3664 4214 Plinius
3712 4145 3794 4195 hb.
3823 4157 3866 4203 τ’,

2314 4232 2433 4284 cap.
2457 4215 2512 4280 5,
2536 4234 2562 4268 e
2586 4213 2792 4285 regione
2814 4213 3066 4278 Sabratae,
3094 4216 3419 4284 proindeque
3450 4214 3504 4285 in
3533 4213 3864 4282 Tripohtaua.

2314 4286 2574 4340 Caeterum
2608 4284 2760 4338 lectio
2789 4296 2969 4338 nostra
3001 4286 3134 4339 latet
3165 4286 3371 4339 erudito
3400 4284 3640 4348 Baluzio,
3679 4285 3763 4353 qui
3790 4297 3868 4353 su:

2314 4359 2548 4420 spicatur
2599 4356 2876 4424 legendum
2929 4370 3046 4408 esse
3093 4355 3542 4419 Ceramusensem;
3587 4351 3751 4424 cujus
3783 4351 3868 4424 loci

2317 4427 2625 4479 Severianus
2656 4422 2930 4492 episcopus
2960 4425 3348 4484 Ceratnunenst's
3388 4426 3690 4478 catholicus
3717 4422 3871 4477 Colla-

2317 4497 2444 4548 litmi
2472 4495 2654 4558 Curtii.
2691 4497 2929 4548 ittlerl'uit
2957 4511 3076 4565 cap.
3107 4498 3224 4551 155.
3260 4497 3332 4550 De
3362 4496 3460 4548 hac
3492 4511 3550 4548 re
3583 4496 3696 4547 fuse
3725 4494 3872 4565 (“:50-

2236 4553 2285 4613 D
2311 4553 2519 4619 reotem
2550 4566 2816 4618 Baluzium
2849 4553 3068 4620 consule
3100 4568 3150 4620 in
3201 4570 3338 4619 notis
3369 4565 3434 4618 ad
3463 4566 3735 4618 laudatum
3767 4561 3870 4615 Co!-

2312 4637 2527 4690 Iationis
2554 4636 2750 4691 loettm.
3569 4695 3573 4701 _

2383 4707 2471 4761 50.
2506 4706 3012 4761 Tuan/tamaricum.
3047 4706 3241 4761 Iucod.
3268 4705 3468 4760 IIalleri
3491 4706 3746 4759 scribitur
3765 4702 3872 4754 abs-

2311 4793 2416 4847 que
2459 4780 2785 4846 aspiratione
2826 4776 3275 4847 Tamagristeusis.
3303 4778 3392 4830 Sic
3426 4777 3653 4847 habetur
3687 4777 3736 4828 in
3765 4772 3873 4825 Col~

2311 4846 2508 4902 latione
2537 4849 2788 4917 Carthag.
2832 4863 2951 4916 cap.
2998 4850 3126 4911 128,
3169 4849 3260 4900 tibi
3307 4846 3576 4898 Primulus
3620 4847 3875 4917 episcopus

2310 4920 2466 4990 plebis
2499 4915 3248 4990 Tamagristenstscatholicus
3275 4926 3608 4990 memoratur
3635 4930 3756 4968 cum
3786 4915 3874 4990 Sa:

2311 4983 2514 5042 iuruino
2546 4983 2814 5043 Donatista
2846 4989 3011 5058 ipsius
3041 4989 3371 5056 adversario,
3402 4987 3598 5041 iterum
3629 5001 3749 5056 cap.
3782 4983 3868 5037 Itt'l

2304 5062 2588 5115 recensita.

2373 5131 2463 5186 5I.
2498 5133 2869 5184 PRIVATENSIS.
2902 5130 3166 5184 Privatum
3206 5129 3381 5182 locum
3428 5127 3797 5196 episcopalem
3817 5138 3872 5175 ex

2311 5201 2522 5256 Victore
2564 5201 2744 5254 laudat
2779 5201 3013 5256 Ortelius
3076 5199 3268 5252 Villam
3315 5195 3561 5268 Magnam
3596 5205 3651 5251 et
3703 5195 3875 5268 Villam

2308 5272 2574 5325 Privatam
2624 5272 2784 5326 habet
2830 5273 3152 5336 Antoninus,
3185 5269 3278 5322 sed
3313 5273 3362 5322 in
3407 5264 3758 5338 "I'ripolitana.
3787 5264 3878 5331 Cy-

2307 5344 2517 5412 prianus
2555 5343 2817 5412 episcopus
2857 5340 3003 5395 Villae
3035 5339 3328 5412 Magnensis
3366 5340 3688 5412 subscripsit
3724 5349 3874 5404 syno-

2307 5409 2442 5467 dica:
2471 5409 2928 5482 proconsularium
2955 5413 3004 5465 iu
3031 5412 3256 5465 concilio
3288 5409 3544 5464 Lateran.
3573 5409 3673 5464 sub
3706 5415 3879 5460 sancto

2305 5483 2555 5537 Martiuo.

2374 5553 2464 5608 52.
2499 5555 2899 5609 PARTENIENSIS.
2921 5553 3011 5608 Sic
3040 5565 3254 5622 quoque
3283 5552 3538 5606 scribitur
3564 5549 3706 5622 apud
3737 5549 3880 5604 0rte~

2305 5623 2435 5678 lium
2460 5641 2525 5678 ex
2565 5623 2794 5678 Victore.
3801 5683 3806 5688 ,

2375 5696 2464 5749 35.
2504 5698 2856 5749 Mozo'rstvsts.
2887 5695 2976 5751 Sic
3015 5709 3147 5750 mss.
3177 5703 3232 5748 et
3279 5693 3430 5749 editi.
3467 5694 3542 5748 Ea
3575 5702 3656 5749 est
3687 5695 3880 5758 absque

2305 5765 2682 5836 dubiocivitas
2706 5781 2824 5835 qum
2851 5767 2981 5820 alias
3016 5766 3290 5820 Macteusis
3320 5777 3411 5818 aut
3443 5764 3724 5836 Moptensis
3754 5761 3884 5816 dici-

2307 5847 2410 5891 tur.
2445 5835 2612 5897 Mopti
2641 5837 2975 5896 municipium
3021 5839 3246 5894 habetur
3278 5838 3330 5891 iu
3359 5835 3577 5891 Tabulis
3605 5836 3882 5902 Peutinge-
