3988 6344
142 410 230 469 355
1100 408 1621 465 ANNUTATIONES
1661 408 1725 464 1N
1762 408 2090 466 NOTITIAM
2130 411 2426 469 AFRICAB.

3278 416 3383 475 35‘

142 524 309 589 rianis,
336 522 477 592 quod
507 520 841 600 occasionem
870 521 1372 600 prgebuitCarnerio
1399 525 1584 600 urbem
1619 525 1688 600 _i_s—
1716 529 1769 590 Α
1797 527 1850 579 1η
1880 525 2112 600 editione
2145 524 2514 600 Gussanvillzei
2560 527 2698 582 idem
2738 514 3017 582 Paulinus.
3047 526 3242 584 dicitur
3271 531 3384 600 epi-

143 608 232 649 tam
271 609 388 647 cum
435 593 725 661 municipio
753 593 1016 647 Numidia:
1056 594 1267 648 civitate
1296 594 1687 660 contundendi;

142 681 281 733 quam
307 666 374 719 ob
412 680 526 717 rem
564 663 756 718 Norisii
797 679 1074 718 censuram
1116 665 1361 720 incurrit.
1392 666 1442 719 In
1496 666 1688 719 Collat.

142 738 305 791 ϐαι-ιιι.
334 750 453 796 cap.
488 734 593 787 M5
641 733 778 787 inter
833 734 1015 788 Patres
1056 737 1349 789 catholicos
1399 735 1692 790 recensitos

143 816 211 861 est
232 806 331 858 Leo
363 803 651 872 Maptensis
682 806 965 875 episcOpus,
1000 805 1088 874 qui
1138 804 1369 875 Felicem
1409 821 1472 859 ex
1506 805 1693 860 Donati

144 887 272 945 parte
300 876 667 929 adversarium
702 873 957 939 habebat;
989 884 1043 929 et
1078 876 1214 929 idem
1257 873 1411 928 Felix
1437 892 1558 944 cap.
1590 876 1693 929 180

145 944 261 1001 inter
295 947 598 999 Donatistas
646 946 961 1012 comparuit.
1013 944 1179 998 Porro
1210 947 1255 999 is
1298 947 1434 999 idem
1467 956 1547 999 cst
1586 945 1694 1000 Leo

143 1021 217 1087 qui
243 1015 531 1087 provincia:
572 1014 1074 1087 Sitifeiisis‘legatus
1100 1016 1265 1069 adluit
1308 1016 1535 1087 concilio
1565 1014 1694 1069 Caro

144 1084 267 1157 t'hag'.
294 1088 396 1140 sub
426 1086 646 1157 Aurelio
674 1101 813 1139 anno
833 1084 959 1151 419,
986 1099 1289 1157 quanquam
1319 1086 1368 1138 in
1400 1087 1558 1140 editis
1588 1101 1694 1139 non

144 1156 283 1214 semel
312 1156 658 1212 confunditur
690 1171 807 1210 cum
856 1157 1034 1211 Leone
1060 1158 1386 1224 Oppinnensi
1416 1158 1690 1225 episcopo,

144 1230 215 1298 qui
240 1230 304 1281 ad
335 1228 580 1298 eamdem
617 1228 877 1297 synodum
906 1242 934 1281 e
962 1227 1274 1298 Mauritania
1306 1227 1582 1298 Tingitana
1616 1229 1694 1279 le-

143 1295 274 1367 gatus
317 1299 517 1351 missus
554 1295 745 1350 fuerat.
784 1298 847 1349 Et
886 1299 1100 1365 quidem
1136 1296 1354 1350 Leonem
1386 1295 1698 1350 Moctcnsem

146 1371 322 1423 diserte
366 1368 530 1420 habet
577 1377 751 1421 textus
786 1367 978 1421 latinus
1018 1367 1214 1421 codicis
1261 1367 1513 1420 Ecclesia:
1560 1368 1697 1421 Alri-

147 1455 293 1504 canz,
329 1448 442 1491 tum
485 1440 537 1490 in
578 1438 791 1490 concilii
837 1437 1174 1504 praefatione,
1220 1446 1327 1490 tum
1373 1439 1422 1489 in
1465 1437 1696 1491 subscri-

147 1511 414 1577 ptionibus.
452 1508 508 1561 ln
540 1508 1022 1575 subscriptiouibus
1038 1518 1214 1561 autem
1234 1507 1421 1576 graecis
1435 1519 1569 1567 Λεως
1586 1510 1696 1562 αἰτο

146 1576 286 1638 item:
317 1577 482 1652 (sic);
509 1577 600 1632 sed
628 1578 679 1631 in
708 1576 1015 1652 prart‘atione
1040 1581 1176 1652 Aésiv
1190 1578 1537 1652 ρπτςιξσιακρς
1567 1578 1697 1652 (Ιῇςέ-

149 1660 236 1703 tur.
266 1646 335 1704 ln'
355 1646 639 1703 in'bbeana
669 1649 900 1701 editione
928 1658 1073 1702 tomo
1105 1650 1143 1701 ιι
1172 1648 1373 1701 Concil.
1401 1647 1508 1700 eol.
1542 1646 1694 1713 1605,

147 1721 232 1775 duo
258 1724 455 1791 pariter
484 1720 693 1791 L_eones
714 1730 1053 1791 occurrunt;
1072 1718 1483 1791 uterquegdictus
1506 1718 1698 1785 legatus

149 1788 452 1844 Mauiitaniae
500 1788 787 1860 Tingitana:
833 1790 909 1841 vel
959 1789 1254 1859 Sitifensis;
1294 1789 1469 1856 ibique
1503 1798 1697 1860 poste-

149 1864 278 1916 rioris
306 1863 468 1917 sedes
500 1859 614 1913 non
636 1861 921 1924 indicatur,
955 1870 1008 1912 at
1040 1860 1184 1928 prior
1214 1859 1408 1928 dicitur
1432 1859 1695 1928 episcopus

151 1934 455 2004 Uspincnsis,
487 1940 543 2004 et
573 1932 623 2004 in
654 1932 891 2004 margine
926 1927 1206 2004 adnotatur
1233 1927 1361 2004 :‘Al.
1399 1927 1692 2004 llibctensis,

149 2000 275 2071 quasi
326 2003 413 2058 his
469 2002 678 2056 duabus
720 2002 937 2055 vocibus
981 2003 1135 2055 unica
1180 2000 1307 2053 urbs
1350 2001 1694 2071 iudicaretur.

149 2070 232 2127 Sed
259 2090 375 2127 eum
403 2074 537 2128 certi
568 2074 736 2126 simus
764 2073 990 2139 Opinum
1030 2082 1082 2127 et
1113 2072 1339 2124 Moctuin
1373 2070 1505 2123 duas
1531 2070 1697 2124 fuisse

147 2145 364 2198 civitates
389 2144 458 2197 ab
487 2144 715 2197 invicem
756 2143 1011 2206 diversas,
1056 2151 1109 2195 et
1144 2143 1365 2212 legatum
1413 2140 1697 2211 Tingitanae

145 2226 220 2268 aut
245 2216 501 2281 Sitifensis
525 2215 684 2268 simul
711 2229 873 2268 unum
902 2223 953 2266 et
979 2212 1223 2267 eumdem
1249 2212 1557 2279 episc0pum
1590 2227 1697 2264 non

148 2287 311 2348 luisse;
346 2285 487 2338 haud
527 2285 829 2337 dubitamus
859 2286 982 2350 quin
1024 2299 1088 2336 ex
1136 2283 1215 2335 bis
1258 2283 1465 2335 duobus
1510 2282 1697 2335 Leoni-

147 2359 246 2422 bus,
269 2371 402 2409 unus
428 2356 716 2423 OpitteliSiS
737 2371 798 2408 ex
831 2354 1110 2423 Tingitana
1140 2354 1345 2421 legatus
1368 2352 1696 2406 Mauritania)

147 2426 337 2494 majoris
364 2428 569 2494 legatus
600 2424 785 2490 fuerit,
815 2426 882 2478 de
911 2441 1015 2490 quo
1046 2425 1184 2478 inter
1212 2425 1512 2492 Byzacenos
1545 2439 1691 2475 num.

146 2498 224 2557 82,
245 2508 294 2550 et
320 2497 454 2550 alter
483 2495 771 2549 Meeteusis
795 2513 824 2549 e
851 2496 1087 2549 Sitifensi
1116 2494 1408 2563 provmcia.
1442 2494 1563 2547 llaec
1591 2494 1697 2546 lor-

145 2576 264 2621 tasse
298 2567 600 2621 evidentius
627 2568 908 2635 patebunt,
938 2567 985 2620 si
1020 2566 1306 2633 aliquando
1334 2572 1583 2619 occurrat
1607 2579 1698 2618 co-

145 2637 230 2690 dex
256 2640 611 2692 emendatior.
1378 2642 1381 2645 ’

205 2709 283 2763 54.
314 2709 789 2762 Tuascamsasrs.
838 2706 1090 2775 Ejusdem
1152 2707 1334 2776 procul
1384 2705 1545 2759 dubio
1595 2702 1697 2759 loci

145 2777 227 2832 fuit
258 2779 487 2831 Donatus
528 2780 794 2847 episcopus
821 2777 1260 2832 Tamascaniensis
1300 2794 1366 2831 ex
1409 2786 1551 2830 secta
1596 2776 1697 2829 Do-

146 2851 471 2912 natistarum,
510 2850 563 2902 in
596 2850 892 2903 Collatione
922 2849 1173 2915 Carthag.
1214 2866 1333 2918 cap.
1368 2847 1467 2900 197
1498 2861 1697 2899 memo-

145 2930 302 2974 ratus.
330 2919 624 2973 Tamascani
658 2921 985 2991 municipium
1017 2918 1271 2974 exhibent
1309 2918 1528 2971 Tabulae
1565 2918 1698 2970 Peu-

148 2991 455 3055 tingerianae.

207 3062 285 3115 55.
318 3063 689 3116 ΑΒΗΡΙΒΕΝΒΙΒ.
732 3060 999 3132 Acuﬁdam
1028 3076 1091 3115 ex
1135 3077 1235 3116 ms.
1278 3060 1475 3116 llalleri
1518 3060 1698 3115 laudat

149 3133 378 3186 Ortelius.

204 3203 284 3257 56.
314 3209 828 3258 Asvoneuix'riznsrs.
858 3202 947 3256 Sic
972 3202 1139 3256 codex
1168 3212 1391 3270 uterque
1423 3220 1520 3256 ms.
1555 3203 1692 3259 Editi

1796 610 1987 664 scopus
2032 596 2261 666 Tegessis
2305 598 2555 663 civitatis,
2602 614 2666 653 ex
2724 600 2990 666 plerisque
3019 613 3145 652 mss.
3173 611 3228 653 ut
3275 596 3377 655 iste

1794 677 1977 740 auctor
1998 668 2274 732 observat;
2288 670 2394 740 alii
2408 669 2619 722 codices
2642 685 2762 723 cum
2789 670 2945 724 editis
2974 668 3175 735 Tegesis
3188 686 3207 735 ;
3232 671 3372 740 apud

1796 736 2063 807 Labbeum
2098 747 2242 792 tonio
2286 737 2330 792 V
2358 737 2713 794 Conciliorum
2749 740 2988 807 Regensis
3010 779 3025 800 ,
3059 750 3114 793 ut
3141 736 3371 795 divinius

1794 806 1850 861 in
1883 808 2024 860 notis
2062 810 2128 862 ad
2158 809 2415 862 Mumidas
2448 825 2594 862 num.
2618 810 2706 863 91.
2746 806 2949 863 Laudat
2992 810 3130 862 idem
3165 810 3374 865 Holste-

1796 878 1915 930 nius
1966 876 2163 932 Melum
2206 877 2573 933 Tuccanensem
2612 896 2677 932 ex
2722 880 2950 933 concilio
2989 877 3238 947 Carthag.
3270 883 3371 936 sub

1797 946 1960 1001 Grato
1989 965 2002 1000 :
2036 948 2130 1003 sed
2163 949 2262 1001 iste
2306 949 2640 1003 Tuccanensis
2670 959 2761 1003 aut
2788 950 3065 1003 Cannensis
3094 946 3287 1004 dicitur
3318 952 3370 1005 in

1798 1018 2031 1087 vulgatis
2074 1018 2416 1074 editionibus.
2460 1022 2589 1075 Vide
2636 1020 3043 1087 proconsulares
3084 1036 3230 1075 uutn.
3276 1021 3368 1076 5L

1799 1085 2065 1157 Habemus
2112 1090 2236 1142 item
2284 1088 2502 1143 Tuccam
2534 1085 2839 1153 Castellum,
2881 1089 3021 1157 quod
3064 1089 3113 1142 in
3146 1105 3369 1156 procon-

1797 1156 1958 1229 sulari
1996 1173 2030 1229 a
2080 1158 2380 1214 Justiniano
2428 1161 2750 1229 imperatore
2797 1156 3112 1229 aediﬁcatum
3157 1169 3267 1223 est,
3314 1171 3369 1216 ut

1798 1228 1962 1281 relert
1995 1228 2280 1296 Procopius
2312 1231 2405 1285 lib.
2454 1228 2599 1285 vide
2638 1230 2917 1283 IEditiciis.
2960 1228 3194 1297 Denique
3236 1232 3371 1285 Tuc-

1797 1310 1913 1350 cam
1948 1300 2083 1352 inter
2113 1299 2441 1354 Mauritania:
2473 1301 2719 1357 secunda:
2745 1301 2987 1355 civitates
3019 1300 3235 1353 exhibet
3268 1304 3371 1354 No-

1801 1367 1911 1420 titia
1940 1366 2132 1421 Leonis
2160 1369 2494 1437 imperatoris
2516 1389 2540 1421 ει
2568 1372 2741 1426 Guare
2766 1373 2931 1424 edita.
2958 1366 3174 1423 Grzecus
3196 1382 3367 1426 tamen

1799 1445 1973 1515 textus
2005 1438 2163 1515 habet
2208 1443 2439 1515 Xa'to’rpov
2470 1448 2661 1508 Τοῦζα,
2694 1441 2966 1515 cuieditio
3002 1439 3369 1515 ‘Bevefegiana

1799 1507 2090 1628 §onformis
2120 1520 2198 1564 est
2219 1551 2233 1575 ,
2263 1507 2363 1565 ubi'
2383 1512 2568 1566 Graece
2594 1507 2652 1566 et
2688 1513 2870 1565 Latine
2912 1510 3103 1565 dicitur
3130 1508 3370 1565 Castrum

1848 1588 1983 1628 utar.

1848 1588 1983 1630 utar.

1874 1650 1964 1701 58.
1995 1648 2352 1704 SURISTENSIS.
2380 1650 2467 1704 Sic
2494 1653 2619 1707 editi
2651 1652 2807 1708 simul
2838 1662 2888 1706 et
2916 1666 3043 1705 mss.

1870 1716 1956 1770 59.
1988 1719 2351 1775 PERDICENSIS.
2385 1724 2683 1776 Aut0uinns
2718 1727 2765 1777 in
2800 1723 3072 1778 Itinerario
3103 1720 3368 1777 Pcrdicem

1801 1799 2060 1864 metnorat
2092 1790 2407 1864 inter~Zarat
2434 1803 2485 1845 et
2517 1794 2682 1860 ipsam
2713 1794 2926 1864 Sitiﬁm.
2961 1793 3027 1843 ab
3058 1793 3151 1864 ista
3204 1794 3268 1846 Μ.
3306 1794 3363 1846 Ρ.

1800 1856 2167 1934 2_5__dis_sitam_.
2226 1861 2477 1934 Silvanus,
2524 1856 2785 1933 episcopus
2816 1856 2996 1934 'plebis
3044 1861 3370 1934 Perdicensis

1802 1928 2080 1983 Collationi
2112 1930 2360 2000 Cartltag.
2392 1928 2561 1987 adfuit
2586 1928 2703 2000 cap.
2736 1928 2844 1988 1:2"
2878 1950 2997 1989 cum
3034 1932 3233 2000 Rogan
3266 1935 3368 1986 Du-

1802 2000 1991 2073 oatista
2030 2001 2201 2073 ipsius
2249 2004 2583 2067 adversario,
2617 2007 2705 2073 qui
2746 2015 2797 2058 et
2844 2004 3030 2058 iterum
3072 2005 3371 2073 comparuit

1798 2084 1916 2144 cap.
2115 2072 2357 2126 Silvanus
2391 2076 2592 2140 legatus
2623 2071 2905 2144 provincia:
2937 2071 3257 2127 Mauritania:
3287 2076 3371 2129 Si-

1800 2139 2005 2194 tifensis
2047 2141 2096 2193 iit
2146 2146 2373 2196 concibo
2419 2139 2829 2210 Carthaiuaunu
2875 2144 2978 2198 505
3018 2156 3363 2212 memoratur,

1797 2226 1952 2283 quem
1986 2213 2121 2283 hunc
2148 2212 2319 2283 ipsum
2350 2229 2467 2268 esse
2497 2226 2677 2269 censet
2704 2215 3007 2268 Holstenius
3038 2216 3124 2283 qui
3158 2217 3207 2268 in
3240 2216 3365 2269 Col-

1800 2280 2359 2353 lationechrdicensis
2385 2288 2665 2353 episcopus
2695 2286 2906 2337 dicitur.

1873 2352 1961 2405 40.
1995 2350 2268 2405 Zancasrs.
2296 2350 2600 2423 Jam'hujus
2632 2356 2858 2408 nominis
2884 2355 3067 2408 civitas
3098 2354 3360 2410 recensita

1800 2434 1879 2477 est
1908 2423 1959 2475 in
1992 2424 2233 2475 Numidia
2266 2440 2410 2477 num.
2443 2427 2530 2480 70.
2557 2426 2682 2479 Sabi
2710 2435 2967 2479 memorat
2997 2425 3244 2478 Antonini
3279 2426 3368 2480 Iti-

1801 2494 2068 2545 nerarium
2102 2495 2238 2546 inter
2264 2497 2454 2563 oppida
2488 2496 2653 2549 Macri
2685 2505 2737 2549 et
2778 2495 2930 2560 Aras,
2963 2510 3186 2563 quorum
3230 2497 3370 2563 prius

1798 2577 1957 2631 supra
2010 2580 2150 2616 num.
2190 2566 2254 2617 18
2307 2567 2549 2620 habetur.
2588 2566 2749 2631 llujus
2782 2567 2923 2618 urbis
2961 2580 3238 2632 episeopus
3277 2567 3369 2621 fuit

1802 2633 1953 2704 Felix
1986 2632 2271 2702 Diabensis,
2302 2652 2420 2689 cum
2451 2635 2705 2689 Januario
2738 2636 3196 2704 Flumenpiscensi,
3227 2636 3367 2701 apud

1800 2703 2047 2773 Optatum
2100 2705 2189 2757 lib.
2229 2721 2259 2757 ll
2312 2718 2651 2761 lli-‘ttiOI‘alus.
2703 2708 2847 2761 Licet
2889 2703 3030 2760 enim
3078 2707 3126 2758 in
3175 2708 3363 2775 editis,

1800 2775 1908 2829 imo
1934 2783 1987 2828 et
2018 2776 2069 2827 in
2097 2776 2366 2828 codicibus
2410 2794 2533 2831 mss.
2570 2779 2875 2847 Remigiauo
2905 2787 2958 2831 et
2988 2775 3167 2831 Sancti
3196 2777 3370 2847 Theo-

1800 2846 1961 2900 derici
1994 2846 2291 2913 appelletur
2319 2847 2604 2913 Diabensis,
2630 2844 2797 2903 codex
2828 2858 3010 2901 noster
3033 2847 3213 2901 Sancti
3243 2844 3370 2900 Ger-

1802 2916 1940 2970 mani
1966 2931 1992 2968 a
2026 2919 2193 2969 Pratis
2218 2918 2415 2971 diserte
2447 2922 2601 2972 habet
2622 2918 2882 2971 Zaben~is.
2914 2922 2976 2970 Et
3002 2929 3145 2969 certe
3173 2926 3369 2970 norunt

1801 3003 1987 3041 omnes
2019 2988 2219 3040 litteras
2250 2989 2301 3039 di
2331 2998 2386 3049 et
2415 3006 2440 3040 z
2473 3005 2570 3057 apu
2596 2990 2607 3041 Ι
2638 2990 2791 3043 Afros
2830 2988 3190 3041 indilfereuter
3230 3003 3367 3039 sum.

1804 3070 1919 3125 ptas
1960 3058 2142 3111 fuisse.
2185 3058 2264 3110 An
2301 3059 2363 3112 ad
2409 3062 2541 3111 lianc
2571 3074 2779 3128 quoque
2818 3060 3029 3122 sedem,
3058 3064 3149 3110 aut
3178 3058 3242 3109 ad
3276 3058 3369 3128 ζει.

1803 3124 2020 3182 bensem
2066 3128 2324 3181 Numidiae
2362 3133 2543 3182 urbem
2588 3124 2917 3182 revoCandus
2956 3130 3117 3182 etiam
3157 3128 3225 3179 sit
3269 3124 3366 3180 Fi-

1803 3200 1999 3251 dentius
2038 3201 2299 3266 episcopus
2333 3200 2603 3253 Dianensis
2652 3200 2923 3253 Donatista
2968 3200 3055 3267 qui
3096 3196 3370 3254 Collatioui

149 3284 332 3340 autem,
362 3274 809 3327 Asnoremitensis.
861 3274 992 3344 lliuc
1036 3275 1087 3326 iu
1140 3267 1318 3327 indice
1358 3274 1693 3344 Cyprianico,
1723 3273 1770 3337 ο
1801 3270 2054 3344 Carthag.
2079 3285 2196 3344 cap.
2224 3271 2328 3344 1987
2353 3271 2546 3333 adfuit,
2570 3271 2832 3344 incertum
2865 3269 2992 3322 mihi
3023 3279 3135 3344 εδει.Δ
3157 3267 3370 3344 Dienoni

150 3337 459 3398 Ascoreinita.
494 3345 720 3398 Carolus
754 3361 782 3397 a
814 3337 1009 3397 Sancto
1046 3346 1210 3397 Paulo
1242 3337 1420 3398 laudai
1443 3337 1696 3400 codicem

150 3430 231 3468 ms.
255 3419 300 3469 in
328 3431 434 3484 quo
466 3415 661 3483 legitur
688 3415 1092 3467 Asaoremixtens
1114 3433 1156 3467 s.
1191 3414 1292 3469 Sed
1327 3417 1426 3468 hoc
1451 3426 1533 3468 est
1562 3416 1701 3471 forte

150 3484 322 3538 librarii
349 3495 612 3539 erratum.
646 3485 751 3539 Nec
791 3495 915 3553 puto
944 3486 1109 3538 alium
1146 3487 1382 3538 codicem
1426 3487 1493 3539 ab
1527 3487 1702 3539 Halle-

150 3556 294 3618 riano,
321 3571 484 3625 quem
525 3556 761 3610 Ortelius
790 3557 1000 3625 laudat,
1035 3556 1225 3610 Carolo
1252 3571 1280 3608 a
1311 3556 1507 3610 Sancto
1540 3558 1703 3612 Paulo

150 3626 297 3680 visum
327 3628 520 3680 fuisse.

214 3698 290 3749 37.
322 3698 677 3750 TUUCCENSIS.
709 3695 913 3765 Saepius
935 3696 1134 3764 absque
1160 3697 1484 3765 asiiiratione
1514 3699 1705 3753 scribi-

152 3774 222 3818 tur
260 3765 442 3819 Tucca.
500 3767 737 3831 Quatuor
786 3781 912 3821 vero
956 3768 1113 3834 hujus
1161 3771 1390 3821 nominis
1447 3770 1605 3824 urbes
1652 3771 1703 3822 in

152 3837 304 3888 Alrica
342 3838 511 3891 fuisse
563 3839 752 3906 probat
798 3838 1038 3891 Norisius
1082 3838 1133 3889 in
1172 3838 1406 3892 Censura
1453 3842 1705 3893 adversus

152 3906 468 3962 Garnerium.
503 3909 793 3970 Sitifensis,
824 3910 889 3963 de
917 3923 1017 3975 qua
1049 3907 1135 3962 hic
1164 3910 1387 3977 agimus,
1420 3910 1577 3963 situm
1618 3925 1707 3964 ac-

151 3986 306 4048 curate
347 3978 856 4048 describitiPlinius
903 3979 993 4033 lib.
1025 3994 1057 4031 v
1100 3992 1214 4046 cap.
1243 3980 1313 4048 2,
1358 3978 1437 4033 his
1485 3980 1703 4033 verbis:

154 4047 286 4117 184
311 4049 576 4119 Oppidum
602 4047 774 4101 Tucca
798 4051 1090 4117 impositum
1120 4052 1245 4102 mari
1275 4063 1327 4104 et
1359 4050 1559 4118 ﬂumini
1590 4051 1708 4101 Am-

150 4133 313 4185 psagte.
353 4125 626 4187 Atnpsaga
660 4129 838 4172 autem
869 4121 1164 4172 Numidiam
1203 4136 1231 4171 a
1277 4120 1583 4174 Mauritania
1618 4119 1706 4173 Si—

154 4188 297 4260 ψευδῆ
319 4189 629 4260 separabat.
657 4189 788 4242 Hinc
804 4190 1018 4243 Tabula:
1043 4190 1460 4260 Peutingeraanm
1488 4192 1704 4257 habent,

152 4254 291 4309 Tucca
318 4254 451 4332 ﬁnies
490 4259 819 4332 Mauritania:
853 4268 902 4332 et
942 4260 1163 4332 Africis;
1190 4254 1255 4313 et'
1276 4277 1570 4332 anonymus
1604 4254 1707 4313 Ra;

152 4340 316 4381 veunas
346 4330 527 4402 Ιίιιηιιι
548 4374 562 4396 ,
597 4346 740 4402 num.
765 4328 1037 4402 6,7Civitas
1067 4329 1231 4402 Tura,
1258 4348 1369 4401 qua:
1388 4328 1541 4402 juxta
1567 4345 1705 4383 mare

154 4411 357 4469 mgnum
401 4401 592 4451 dividit
640 4398 943 4469 Numidiam
979 4409 1025 4453 et
1072 4398 1439 4453 Mauritaniam
1486 4402 1706 4469 Sitifen-

150 4467 274 4520 siitm.
322 4470 439 4525 Atia
498 4480 609 4523 erat
658 4468 863 4534 Tucca,
908 4483 1262 4538 cognomento
1311 4467 1703 4537 Terebintltina,

151 4552 279 4601 quam
308 4542 358 4593 in
388 4541 653 4595 extremis
693 4541 976 4612 provinciae
1015 4543 1407 4609 proconsularis
1447 4552 1498 4594 et
1538 4542 1704 4612 Byza-

1803 3340 1998 3408 quippe
2044 3341 2093 3393 iu
2127 3340 2365 3394 Numidia
2407 3342 2671 3396 exstitisse
2700 3356 2763 3394 ex
2804 3339 3081 3394 Itinerario
3112 3338 3365 3391 Antonini

1801 3419 2006 3464 certum
2036 3420 2143 3481 est,
2180 3427 2334 3463 uuam
2377 3416 2558 3464 urbem
2602 3411 2843 3464 Baluzius
2888 3418 3274 3481 commemorat
3320 3409 3373 3465 in

1805 3483 1942 3534 notis
1971 3480 2035 3534 ad
2064 3480 2306 3534 eumdem
2339 3482 2649 3536 Collatiouis
2680 3483 2877 3535 locum.
2906 3481 3069 3534 Zeben
3092 3480 3369 3547 regionem,

1804 3554 1885 3604 cui
1925 3551 2361 3623 caputNSitiphis,
2399 3553 2551 3623 185
2584 3562 2850 3623 memorat
2883 3551 3171 3623 Procopius
3193 3549 3304 3623 ⁸Ιίιι.
3335 3563 3374 3623 _tt

1804 3622 1871 3675 de
1898 3622 2044 3676 Bello
2087 3618 2541 3693 νδιιάιιιίοο,ἷιῦιὲ
2571 3626 2706 3677 forte
2744 3624 2812 3676 ab
2838 3621 2939 3676 hac
2979 3618 3204 3675 Zabensi
3240 3618 3376 3673 civi-

1808 3702 1913 3746 tate
1944 3708 2136 3746 nomen
2169 3690 2372 3749 habuit.

1899 3762 1987 3815 41.
2020 3765 2369 3816 διιυιτλκυε.
2401 3764 2520 3818 llaec
2550 3764 2703 3819 sedes
2731 3776 2795 3818 ex
2826 3761 3015 3816 Halleri
3050 3761 3230 3816 codice
3256 3776 3361 3815 non

1808 3832 2032 3886 habetur
2070 3835 2206 3904 apud
2237 3835 2514 3896 Urtelium,
2542 3838 2630 3904 qui
2661 3844 2835 3887 tamen
2888 3833 3072 3904 Saldas
3122 3834 3372 3904 coloniam

1808 3904 1987 3957 laudat
2011 3919 2074 3957 ex
2111 3902 2421 3969 PtoTemaeo,
2454 3902 2683 3959 ubi—lib.
2713 3917 2791 3967 tv,
2816 3917 2935 3969 cap.
2961 3902 3016 3965 2,
3045 3903 3183 3955 inter
3227 3903 3372 3954 Mau-

1810 3975 2016 4027 ritaniae
2042 3974 2384 4029 Caesariensis
2411 3976 2651 4029 civitates
2688 3981 3030 4027 memoratur.
3065 3972 3261 4025 Eodem
3290 3987 3373 4023 co-

1812 4045 1961 4097 lonia:
2006 4043 2157 4096 titulo
2207 4044 2435 4097 donatur
2488 4045 2538 4098 in
2596 4044 2814 4097 Tabulis
2861 4042 3183 4109 Peutingeri,
3217 4050 3271 4094 et
3320 4042 3369 4095 in

1810 4116 2060 4168 Antonini
2096 4114 2389 4173 Itinerario.
2420 4111 2679 4183 Coloniam
2713 4114 2923 4183 Augusti
2956 4112 3115 4165 Salde
3143 4111 3370 4183 appellat

1810 4183 2011 4237 Plinius
2044 4186 2178 4237 libro
2204 4201 2252 4246 v,
2279 4200 2398 4252 cap.
2427 4186 2482 4238 2.
2534 4181 2810 4237 Donatunf
2842 4182 3128 4252 episwpum
3173 4181 3371 4249 Sayen~

1811 4271 1936 4319 sem,
1963 4270 2077 4322 cap.
2126 4254 2224 4309 126
2256 4256 2569 4309 Collationis
2607 4256 2858 4318 Carthag.
2892 4261 3238 4306 memoratum
3271 4254 3371 4322 huc

1810 4321 2047 4379 revocari
2073 4340 2226 4392 posse
2257 4334 2555 4394 suspicatur
2580 4325 2901 4380 Holsteuius.
2937 4324 3159 4394 Donatus
3188 4321 3371 4375 Saien-

1810 4397 1877 4448 sis
1917 4397 2112 4449 dicitur
2140 4399 2192 4448 in
2236 4392 2468 4450 editione
2500 4397 2717 4463 Baluzti,
2753 4406 2806 4450 et
2856 4394 3067 4463 quidem
3115 4392 3249 4445 forte
3276 4406 3371 4459 pro

1810 4465 2043 4533 Suensis,
2086 4467 2156 4519 uti
2198 4468 2283 4521 ille
2309 4470 2601 4533 existimat,
2631 4468 2770 4535 quod
2811 4463 3067 4535 Maximus
3098 4463 3369 4535 episcopus

1812 4536 2023 4591 Suensis
2072 4537 2210 4590 inter
2240 4532 3046 4604 proconsular-essubscripserit
3090 4532 3368 4602 Synodicm

149 4605 794 4702 reuellinib‘usexstitisse
827 4605 1301 4702 indicat'é‘ntoniui
1343 4605 1697 4702 ItineraJrIi'um.
1737 4640 1790 4702 Β
1816 4607 1866 4660 in
1895 4607 2508 4702 ‘c‘pnplili-o‘La-t‘eranegsi
2547 4610 2645 4702 sub

152 4678 360 4735 Concilio
400 4683 662 4750 Carthag.
693 4681 794 4735 sub
831 4689 1015 4735 sancto
1057 4680 1321 4751 Cypriauo
1351 4682 1454 4736 duo
1491 4683 1709 4736 adl'uere

152 4752 358 4822 episcopi
401 4752 740 4822 Tricceuses,
790 4767 980 4822 nempe
1024 4753 1285 4822 confessor
1330 4752 1640 4807 Saturninus
1681 4769 1713 4807 α

152 4816 551 4891 “numquam.
583 4820 652 4876 b2
672 4862 687 4886 ,
732 4833 785 4876 et
814 4816 1174 4876 Honoratus—t1
1206 4822 1372 4875 Tucca
1392 4864 1407 4885 ,
1440 4839 1586 4877 num.
1615 4825 1705 4891 77,

152 4900 318 4955 [πίθων
348 4890 706 4944 Fortunatam
735 4908 766 4944 α
815 4891 1129 4957 Tuccabori,
1165 4909 1311 4946 num.
1342 4894 1401 4947 l7
1448 4890 1710 4947 memora-

152 4966 273 5025 tum;
298 4978 403 5032 quo
449 4963 671 5016 nomine
700 4963 928 5016 Taceam
959 4963 1391 5016 Terebinthinam
1440 4964 1707 5031 designari

151 5040 275 5103 putat
296 5033 480 5103 editor
528 5033 865 5088 Oxoniensis.
900 5033 966 5086 Et
1003 5034 1216 5103 quidem
1264 5036 1544 5103 episcopus
1570 5033 1707 5087 Tuc-

150 5102 471 5173 gboritanus
514 5114 635 5157 erat
673 5119 738 5158 ex
788 5102 1176 5171 proconsulari,
1222 5113 1277 5158 ut
1306 5105 1536 5158 diximus
1582 5113 1705 5157 nota

150 5168 207 5222 ιο
228 5172 288 5225 de
316 5173 639 5227 Mauritania
679 5168 1013 5228 Caesariensi.
1045 5174 1328 5229 Recentior
1356 5184 1469 5229 erat
1503 5176 1703 5241 episco-

152 5252 282 5305 patus
310 5241 608 5307 Tuccensis,
640 5253 732 5297 aut
756 5242 1056 5308 Tuncensis,
1092 5247 1142 5298 in
1174 5246 1435 5309 Numidia,
1469 5248 1549 5298 cui
1583 5255 1711 5298 tem-

152 5323 259 5385 pore
284 5310 605 5367 Coliatiouis
631 5312 878 5385 Carthag.
914 5325 1137 5382 praeerat
1180 5315 1403 5371 Sabinus
1441 5316 1706 5385 episcopus

151 5381 453 5458 catholicus;
490 5399 613 5437 nam
646 5384 716 5458 ibi
744 5381 860 5453 eap'.
884 5381 952 5440 65
982 5397 1034 5440 et
1065 5388 1167 5442 150
1194 5381 1484 5458 Adeodatus
1513 5381 1711 5458 episco-

150 5466 229 5525 pus
256 5452 601 5525 illilevitanus
651 5452 918 5509 Donatista
972 5468 1292 5525 canquestus
1328 5454 1418 5510 est
1457 5455 1707 5523 oppidum

151 5524 268 5575 istud
295 5540 323 5576 a
352 5541 451 5579 sua
500 5526 719 5579 dilBCCSI
752 5529 913 5580 luisse
954 5524 1213 5581 aviilsuiii.
1248 5525 1468 5579 Tuccam
1510 5527 1561 5578 iu
1603 5526 1712 5577 Nu-

152 5593 288 5645 inidia
334 5611 475 5648 nova
514 5608 774 5649 memorat
822 5597 1137 5651 Ptolemaaus
1182 5598 1272 5650 lib.
1308 5613 1357 5651 tv
1395 5612 1513 5663 cap.
1556 5596 1625 5661 5,
1656 5603 1712 5649 et

152 5664 286 5736 {liam
312 5666 406 5719 sub
442 5665 666 5736 Legione
701 5669 923 5736 Augusta
946 5669 999 5721 5.
1034 5669 1146 5723 lluc
1170 5677 1377 5722 revocat
1411 5666 1712 5719 Hotstenius

154 5728 409 5807 faulinum
446 5728 843 5806 Tuggensem-iu
874 5738 1114 5792 Numidia
1147 5741 1476 5807 episcopum,
1508 5737 1575 5791 de
1604 5750 1711 5805 quo

152 5801 696 5878 Gregorius_M:iguus
738 5808 829 5860 lib.
863 5825 926 5875 κ,
957 5809 1113 5876 epist.
1163 5801 1263 5872 52,
1294 5801 1445 5878 agitL
1467 5807 1572 5861 Sed
1608 5801 1711 5861 iste

152 5886 389 5944 uusqunu
418 5875 700 5931 Tuccensis
725 5878 933 5944 dicitur,
968 5875 1093 5943 imo,
1125 5894 1220 5935 nec
1244 5875 1376 5935 forte
1407 5876 1704 5943 Tuggensis.

1889 4679 1979 4730 a2.
2008 4678 2390 4731 VMIALLENSIS.
2421 4680 2509 4733 Sic
2538 4692 2665 4732 mss.
2697 4688 2749 4731 et
2792 4676 2940 4732 editi.
2974 4675 3087 4727 Huc
3134 4672 3373 4728 revocari

1816 4760 1997 4819 posset
2024 4750 2274 4816 Oppidum
2305 4748 2716 4809 Geinmellense.
2746 4749 2799 4800 ni
2825 4749 2893 4801 ab
2918 4742 3366 4819 omnibusNumi-

1813 4811 1913 4873 diae
1956 4811 2296 4872 tribueretur.
2327 4820 2531 4886 Quippe
2568 4831 2687 4870 cum
2735 4819 2921 4871 littera:
2960 4813 2997 4867 γ
3045 4825 3100 4868 et
3138 4811 3182 4867 G
3230 4826 3373 4886 stupe

1812 4889 2007 4953 saepius
2038 4904 2131 4951 pro
2154 4890 2337 4941 eadem
2372 4885 2439 4942 re
2458 4889 2707 4956 signanda
2731 4888 3083 4956 adhibeantur
3110 4885 3247 4956 apud
3281 4899 3370 4956 ve-

1812 4970 1973 5024 teres,
2008 4975 2102 5027 pro
2149 4956 2477 5011 Gemellensis
2506 4953 2685 5011 'scribi
2734 4965 2989 5025 potuisset
3024 4953 3371 5027 ventellens‘is.

1810 5022 2029 5086 Saneiin
2053 5030 2316 5084 Sitifensis
2350 5028 2671 5081 Mauritania:
2694 5022 2748 5081 ei
2777 5027 3034 5081 Numidia:
3055 5025 3247 5077 ﬁnibus
3270 5022 3370 5077 Ge-

1808 5103 1985 5154 mellas
2012 5101 2195 5153 urbem
2217 5098 2373 5152 sitam
2414 5097 2580 5152 fuisse
2601 5098 2870 5167 colligitur
2894 5111 2959 5151 ex
2990 5093 3242 5149 Antonini
3284 5094 3370 5167 itif

1812 5172 2043 5235 nerario,
2078 5172 2162 5223 ubi
2207 5170 2379 5222 media
2424 5168 2563 5223 inter
2601 5163 2798 5221 N0vam
2843 5168 3111 5234 Sparsam,
3141 5180 3259 5233 qum
3306 5163 3373 5217 ad

1812 5242 2111 5296 Numidiam
2143 5240 2477 5309 pertinebat,
2507 5248 2562 5293 et
2590 5239 2757 5307 ipsam
2804 5238 2994 5309 Sitiliiu
3034 5235 3262 5309 locatur,
3307 5236 3374 5309 ab

1811 5313 1910 5367 ista
1960 5312 2028 5366 M.
2088 5305 2158 5365 ΡΣ
2194 5309 2264 5364 25
2315 5311 2536 5375 distans,
2584 5305 2723 5377 quod
2764 5317 2818 5362 et
2859 5307 3083 5361 articulo
3130 5305 3374 5375 sequenti

1811 5383 2102 5450 repetitur;
2134 5380 2220 5435 ubi
2238 5383 2335 5434 sita
2352 5390 2433 5434 est
2450 5382 2587 5434 inter
2606 5378 2806 5434 Novam
2827 5378 3036 5450 Petram
3058 5386 3110 5431 et
3130 5381 3375 5450 eamdem

1812 5447 2022 5507 Siiitiin.
2054 5461 2134 5505 Att
2178 5466 2303 5505 vero
2330 5452 2431 5503 alia
2461 5454 2530 5505 sit
2557 5467 2675 5519 quae
2701 5451 2839 5504 inter
2864 5449 3165 5519 'l‘hebesteu
3196 5447 3376 5519 Nurni-

1819 5525 1918 5578 ἀίω
1946 5524 2129 5575 urbem
2170 5532 2223 5575 et
2263 5523 2487 5592 Capsam
2538 5516 2825 5592 Dymanta
2851 5520 3028 5592 paulo
3077 5518 3295 5592 inferius
3324 5516 3376 5568 iu

1819 5596 2006 5649 eodem
2038 5591 2312 5646 Itinerario
2344 5585 2681 5655 'recenseiur,
2702 5590 2818 5644 aliis
2846 5585 3183 5661 iudicandum
3215 5585 3377 5661 relin-

1817 5680 1941 5734 quo.
1977 5663 2185 5716 Littteus
2225 5680 2255 5715 a
2287 5661 2521 5717 Gemellis
2569 5653 2900 5734 luit—unuse
2927 5653 3378 5734 i'OliﬂplilullllEllS

1816 5721 1870 5788 iii
1894 5734 2123 5788 concilio
2151 5734 2400 5802 Carttiag.
2430 5736 2528 5788 sub
2554 5742 2751 5803 sancto,
2782 5721 3074 5803 Cypriane,
3108 5736 3251 5803 num.
3284 5721 3379 5789 82,

1816 5816 1869 5860 et
1895 5807 2031 5873 apud
2073 5812 2313 5859 sanctum
2343 5794 2695 5876 Augustinum
2743 5794 2877 5856 libro
2909 5812 2978 5854 vit
3007 5797 3073 5851 de
3108 5794 3378 5861 Baptisuio

1816 5885 2000 5933 contra
2032 5876 2353 5931 Donatistas.
