3988 6344
239 255 323 313 36!
570 248 893 310 RUINARTI
934 249 998 309 IN
1039 248 1409 311 HISTORIAM
1452 254 1737 312 I’ERSEC.
1788 222 2082 312 VA'NDAL.
2123 256 2660 317 COMMENTARIUS
2698 258 3115 319 IIIS'I'ORICUS.

3372 258 3476 321 562

236 371 359 444 urbis
392 366 735 444 aﬂIigebantur
765 383 959 444 queque
993 367 1113 444 utin:
1148 368 1392 444 civitates.
1434 368 1681 444 lucebunt
1722 368 1794 419 .ςέ-
1822 368 1873 427 Α
1901 368 2141 444 ecclesia:
2167 369 2350 425 limine
2373 370 2691 444 martyrium
2713 371 3002 439 gloriosum
3037 374 3190 438 fecit;
3221 389 3321 444 qua
3346 378 3472 434 item

236 441 413 511 quidem
440 438 649 511 passim,
674 438 807 511 quod
827 438 935 511 ipse
958 438 1060 490 vidi
1081 447 1231 511 atque
1258 439 1495 511 sustinui,
1528 440 1790 511 utriusque

235 508 365 568 ient:
390 508 634 561 cadauera
665 508 831 571 nuda,
864 508 1062 569 lacera,
1091 508 1229 561 urbis
1268 508 1443 562 oculos
1468 510 1788 571 incestantia,

235 583 389 637 avibus
425 578 732 645 canibusque
772 578 965 631 laniata
1002 592 1023 647 :7
1058 576 1166 630 lues
1210 588 1316 632 erat
1351 580 1617 631 viventium
1666 580 1797 647 fetor

238 659 450 723 funereus
470 657 809 723 mortuorum,
839 664 979 723 mors
994 646 1057 700 de
1077 657 1236 723 morte
1252 649 1587 723 exhalabatur
1606 665 1623 710 ;
1645 665 1703 701 ac
1724 648 1797 703 sic

236 718 369 777 etiam
401 720 482 783 qui
524 718 732 771 excidiis
766 718 1074 784 supradicta:
1113 718 1250 771 urbis
1282 734 1381 771 non
1426 720 1792 788 interfuerant,

236 794 357 845 mala
384 790 536 842 alieni
564 788 746 841 excidii
780 788 1122 858 perferebant.
1164 790 1269 858 Nec
1299 804 1359 842 ea
1394 792 1684 857 putandum
1713 800 1793 843 est

235 880 259 917 a
285 862 520 917 Salviano
561 873 707 912 more
736 859 969 913 oratorio
1000 857 1137 911 dicta
1176 857 1340 913 fuisse
1363 874 1481 912 cum
1508 875 1795 927 exaggera-

237 935 381 996 tiunc,
413 938 469 983 ut
497 930 716 998 populos
738 930 802 981 ad
834 928 1200 997 paenitentiam
1230 938 1561 997 provocaret,
1586 946 1705 984 cum
1732 944 1792 984 ea

236 1005 392 1057 omnia
416 1017 534 1064 qum
557 999 708 1053 nobis
731 1008 1011 1067 supersunt
1034 999 1254 1053 istorum
1281 1011 1579 1068 temporum
1606 1016 1795 1053 tuonu-

236 1085 392 1127 menta
433 1071 575 1124 idem
625 1084 843 1137 prorsus
884 1078 1222 1123 attestentur.
1269 1070 1435 1138 Hujus
1480 1071 1555 1124 rei
1604 1081 1793 1125 testem

236 1143 691 1205 locupletissimum
721 1140 1033 1193 adducimus
1062 1148 1331 1195 auctorem
1368 1140 1484 1194 libri
1516 1142 1581 1195 de
1612 1140 1799 1193 Provi-

235 1213 390 1268 dentia
415 1212 616 1274 divina,
650 1210 738 1278 qui
769 1210 868 1264 sub
890 1209 1059 1263 sancti
1095 1210 1341 1276 Prosperi
1375 1210 1588 1266 nomine
1610 1211 1795 1279 vulga-

236 1295 309 1337 tus
334 1292 426 1337 est.
470 1282 563 1335 Ilic
590 1289 766 1335 autem
806 1291 1044 1333 extrema
1086 1295 1308 1350 quaeque
1349 1282 1401 1335 in
1437 1281 1518 1334 his
1559 1282 1797 1335 cladibus

236 1355 393 1409 Gallos
425 1352 711 1421 pertulisse
757 1350 981 1404 affirmat
1012 1351 1064 1404 in
1104 1350 1341 1418 ejusdem
1382 1351 1623 1415 opusculi
1668 1369 1794 1421 prn-

234 1425 359 1492 logo,
388 1424 481 1476 ubi
513 1423 694 1489 patria:
723 1437 854 1492 sure,
884 1434 1012 1488 quas
1046 1436 1152 1492 pra:
1181 1423 1347 1489 oculis
1381 1421 1628 1486 habebat,
1657 1423 1798 1475 cala-

235 1489 425 1549 mitates
465 1492 725 1561 deplorat.
769 1491 975 1545 Nullam
1020 1489 1239 1558 urbem,
1275 1492 1475 1545 nullum
1513 1493 1793 1561 oppidum;

235 1580 325 1621 non
355 1563 574 1619 castella
602 1571 689 1614 aut
716 1577 885 1627 arces,
915 1561 1022 1615 imo
1049 1576 1147 1616 nec
1178 1563 1321 1631 ipsos
1348 1575 1503 1633 agros
1531 1564 1794 1617 excidium

234 1635 455 1691 evasisse
484 1636 576 1696 ait,
611 1648 715 1687 uno
738 1633 902 1686 verbo
930 1650 940 1683 :

339 1729 384 1778 Si
410 1735 548 1776 totus
569 1726 728 1776 Gallos
744 1740 857 1775 sese
870 1726 1135 1789 effudisset
1156 1728 1204 1777 iu
1221 1740 1368 1789 agros

396 1790 647 1851 Oceanus,
669 1790 813 1838 vastis
835 1788 943 1850 plus
964 1788 1427 1852 supercsset’aquis.

235 1895 329 1951 Nec
362 1896 540 1950 minus
565 1895 616 1947 in
644 1892 887 1947 homines
915 1909 1072 1961 quam
1105 1895 1156 1948 in
1188 1894 1347 1949 urbes
1369 1892 1607 1947 smvitum
1639 1894 1800 1947 fuisse

234 1969 401 2022 scribit
431 1966 577 2020 idem
609 1976 825 2027 auctor;
860 1965 987 2018 nulli
1019 1972 1075 2016 ut
1109 1966 1255 2018 sexui
1292 1974 1382 2018 aut
1416 1966 1557 2019 tutati
1592 1965 1800 2019 barbari

234 2045 522 2108 parcentes,
554 2035 740 2089 obvios
766 2050 1006 2104 quosque
1040 2035 1386 2089 trucidarent.

341 2153 441 2204 Nec
457 2163 647 2214 querar
669 2152 953 2197 exstinctam
975 2147 1108 2196 nullo
1130 2147 1627 2214 discriuiirneplebem
1664 2162 1675 2195 :

406 2211 543 2262 Mors
561 2225 755 2273 quoque.
784 2213 1045 2273 primorum
1063 2216 1226 2258 cesset
1250 2211 1310 2257 ab
1336 2211 1527 2273 invidia.

338 2275 455 2335 Quid
492 2270 630 2335 pueri
652 2270 900 2335 insontes?
916 2272 1027 2333 quid
1051 2272 1553 2335 commiserepuellm,

404 2290 455 2325 110
523 2290 630 2322 “UTI
652 2290 867 2321 IIISODLBS
885 2290 897 2319 i
916 2290 1027 2333 QIIILI
1051 2290 1338 2319 CUIIIIIIISBI’C
1359 2290 1536 2332 μυριω-

404 2290 550 2385 NuIIa
575 2336 753 2395 quibus
774 2332 981 2381 dederat
999 2333 1199 2395 crimina
1227 2334 1322 2380 vita
1340 2333 1536 2395 brevis?

340 2400 503 2458 Quare
532 2394 715 2457 templa
742 2396 832 2443 Dei
856 2396 991 2443 licuit
1012 2394 1448 2458 popularier‘igni?

406 2460 505 2510 Cur
524 2454 703 2506 violata
728 2458 852 2505 sacri
879 2469 986 2503 vasa
1006 2456 1265 2504 ministerii
1282 2454 1306 2503 ?

342 2521 439 2571 Non
458 2523 623 2571 honor
650 2522 871 2578 innuptas
893 2519 1085 2565 devotae
1107 2518 1413 2577 virginitatis,

401 2584 505 2633 Nec
533 2583 663 2632 texit
690 2582 862 2628 viduas
881 2578 1155 2639 relligionis
1172 2591 1321 2626 amor.

340 2644 436 2708 Ipsi
459 2645 685 2708 desertis
707 2642 788 2708 qui
812 2642 956 2689 vitam
978 2640 1162 2708 ducere
1189 2642 1237 2687 in
1256 2646 1428 2708 antris.

401 2708 622 2755 Suerant
646 2702 901 2752 laudantes
926 2710 1066 2748 nocte
1092 2702 1275 2761 dieque
1302 2702 1480 2763 Deum,

336 2767 438 2817 Non
462 2768 611 2815 aliam
632 2766 835 2813 subiere
861 2776 1054 2825 necem,
1080 2776 1220 2823 quam
1245 2765 1448 2824 quisque
1468 2761 1704 2825 profanus
1726 2777 1738 2811 :

398 2828 536 2878 Idem
553 2828 701 2877 turbo
726 2828 876 2873 bonos
898 2824 1090 2873 sustulit
1115 2832 1262 2885 atque
1282 2825 1447 2871 malos.

342 2890 477 2941 Nulla
503 2890 793 2938 sacerdotes
816 2888 1097 2934 reverentia
1126 2888 1330 2934 nominis
1352 2886 1461 2935 altni

404 2953 657 3002 Discrevit
680 2950 847 2998 miseri
873 2948 1124 3009 suppliciis
1148 2947 1330 3008 populi.

341 3015 419 3065 Sic
443 3016 557 3062 duri
579 3014 694 3062 cassi
720 3011 903 3070 ﬂagris,
926 3010 996 3057 sic
1020 3011 1133 3069 igne
1160 3010 1371 3069 perusti;

404 3076 619 3126 Inclusa
640 3072 813 3124 vinclis
830 3074 897 3121 sic
921 3082 1161 3130 gemuere
1181 3083 1362 3119 manus.

306 3182 452 3253 ιω
478 3180 534 3234 5.
572 3178 681 3253 liis
708 3174 1099 3253 calamitatibus
1126 3174 1383 3228 decennio
1427 3175 1632 3245 integro
1672 3176 1800 3253 Gal:

234 3245 628 3307 Iias—ti'iti'ictatas
660 3249 822 3301 fuisse
867 3245 1111 3300 laudatus
1140 3255 1326 3298 auctor
1364 3254 1610 3311 testatur,
1658 3249 1797 3315 quod

232 3330 393 3377 tamen
414 3322 481 3377 de
506 3320 704 3376 Gothis
729 3318 1063 3387 potissimum
1088 3316 1307 3383 intelligi
1330 3316 1507 3372 debet.
1532 3316 1799 3373 Vandalos

232 3403 392 3446 autem
421 3404 759 3458 ceterosque
785 3388 1042 3458 barbaros
1063 3400 1250 3458 eorum
1286 3388 1459 3458 socios
1493 3387 1797 3458 aliquandiu

230 3460 281 3517 in
311 3461 485 3518 Galliis
515 3456 827 3517 substitisse
870 3457 1026 3511 tradit
1058 3457 1249 3510 Paulus
1278 3456 1497 3511 Orosius
1529 3457 1664 3512 libro
1695 3475 1793 3523 vn,

232 3547 340 3602 cap,
368 3535 459 3597 ιο,
488 3531 662 3604 (ιιιοίιΔ
684 3528 921 3604 Ργτθητιςί
968 3526 1106 3596 jugis
1147 3528 1417 3604 prfepediti
1463 3528 1708 3604 fueriut,
1732 3546 1797 3585 ne

234 3596 331 3658 cito
352 3605 405 3657 in
440 3596 743 3669 Hispanias
764 3599 1141 3669 pertingerent,
1176 3596 1439 3669 Excitatwi
1458 3616 1546 3669 per
1588 3600 1797 3669 8ιέιὶεο-

232 3690 355 3741 item,
379 3666 574 3744 inquit,
590 3666 1085 3744 gett‘tes‘Aquotunt,
1104 3666 1405 3733 Sueuorum,
1429 3666 1797 3744 Vnudglprum,

232 3736 488 3814 stulteque
516 3736 639 3814 cum
672 3740 910 3814 phisalite
956 3736 1183 3814 Francos
1227 3750 1517 3814 proteritur,
1565 3736 1797 3814 Rhen‘um

232 3809 501 3876 transeunt,
534 3811 738 3867 Gallias
759 3810 1035 3871 invadunt,
1068 3809 1356 3877 directoque
1385 3812 1573 3877 impetu
1596 3812 1662 3863 ad
1691 3810 1796 3877 Py-

226 3899 433 3938 ramum
462 3898 630 3952 usque
658 3884 988 3948 perveniunt;
1019 3882 1163 3952 cujus
1194 3881 1347 3952 obice
1386 3880 1453 3931 ad
1498 3891 1689 3951 tempus
1718 3880 1797 3935 rc—

228 3955 393 4024 pttlsa,
422 3971 511 4023 per
534 3950 953 4024 circumjecentes
975 3950 1259 4024 provincias
1283 3952 1636 4024 refundantur.
1667 3952 1797 4005 Lau-

228 4018 308 4094 dat
336 4018 607 4094 prticipue
645 4018 783 4094 idem
829 4018 1343 4094 auctorADidymum'
1376 4020 1794 4094 et_Verinianum

230 4090 406 4149 fratres
434 4090 576 4149 duos
610 4092 816 4146 nobiles
839 4102 999 4159 atque
1026 4090 1337 4157 locupletes,
1368 4092 1453 4159 qui
1479 4106 1597 4144 cum
1628 4095 1797 4147 servis

228 4164 325 4235 suis
350 4166 579 4235 aliisque
612 4176 745 4235 quos
782 4161 1154 4235 tumultuatim
1188 4162 1540 4235 collegerant,
1568 4164 1797 4235 rusticis

225 4231 507 4302 militibus,
545 4234 786 4290 Honorio
823 4231 1046 4302 principi
1089 4231 1191 4285 ﬁde
1230 4240 1437 4285 servata
1461 4273 1475 4293 ,
1522 4233 1795 4301 llispanias

227 4317 321 4358 non
350 4301 528 4360 solum
564 4320 598 4357 τι
628 4301 979 4356 Constantino
1007 4311 1250 4371 tyranno,
1282 4303 1374 4356 sed
1412 4302 1569 4356 etiam
1612 4319 1638 4356 a
1673 4305 1793 4357 bar-

227 4373 462 4430 barorum
501 4373 940 4437 incursionibus,
973 4372 1201 4441 quandizi
1239 4373 1419 4426 vixere
1453 4376 1602 4426 tutati
1643 4385 1792 4439 sunt;

224 4447 305 4499 sed
335 4448 417 4501 isti
450 4448 666 4501 interea
701 4459 794 4509 per
816 4442 1011 4497 Gallias
1038 4442 1235 4514 dimisi,
1263 4444 1439 4497 omnia
1472 4443 1613 4497 ferro
1644 4445 1793 4498 llam-

226 4528 400 4584 maque
422 4515 915 4585 depdpulabantur.

283 4582 333 4640 ϐξ
372 4582 545 4641 Porro
578 4582 714 4639 'cum
764 4586 875 4639 ista:
916 4582 1157 4638 nationes
1189 4584 1424 4638 barbare
1455 4584 1645 4638 Ariana
1680 4586 1795 4641 labe

222 4653 418 4711 infectae
438 4701 453 4722 ,
486 4666 587 4710 aut
615 4654 776 4708 variis
807 4654 1079 4720 gentilium
1114 4656 1576 4723 superstitionibus
1620 4658 1794 4712 adhuc

222 4726 432 4781 addicta?
459 4737 681 4787 essent,
714 4740 831 4795 non
859 4726 1035 4778 minus
1080 4725 1375 4778 animarum
1422 4740 1576 4793 quam
1605 4741 1795 4795 corpo-

221 4807 328 4850 rum
371 4795 539 4851 salnti
585 4794 1001 4857 insidiabantur;
1052 4809 1147 4849 nec
1184 4795 1401 4848 dubium
1432 4804 1512 4849 est
1540 4798 1664 4864 quin
1706 4794 1794 4851 his

221 4869 547 4934 temporibus
581 4868 651 4918 ob
675 4866 793 4917 ﬁdei
827 4867 1181 4933 integritatem
1210 4865 1524 4918 servandam
1557 4867 1704 4920 multi
1729 4884 1791 4921 ex

222 4938 403 4990 nostris
446 4938 627 4990 Gallis
653 4935 893 5003 graviora
928 4936 1162 5002 perpessi
1195 4934 1389 4989 fuerint
1416 4935 1692 5004 supplicia.
1730 4939 1791 4991 Et

220 5007 419 5073 quidem
444 5008 583 5061 licet
609 5020 765 5058 nemo
797 5004 863 5057 de
895 5004 977 5057 his
1005 5005 1160 5058 rebus
1201 5007 1494 5074 singulares
1524 5021 1795 5061 commen-

223 5078 392 5141 tarios,
417 5078 623 5130 saltem
647 5076 733 5143 qui
757 5074 822 5127 ad
849 5088 944 5128 nos
967 5088 1133 5143 usque
1156 5076 1511 5139 pervenerint,
1543 5076 1790 5143 ediderit,

222 5147 462 5200 munulla
495 5156 683 5200 tamen
709 5145 881 5198 adhuc
907 5154 1014 5197 tum
1046 5148 1095 5197 in
1122 5145 1379 5207 historiis,
1414 5155 1520 5199 tum
1546 5147 1595 5199 in
1621 5146 1795 5203 Fastis

219 5217 598 5284 ecclesiasticis
628 5215 845 5283 vestigia
874 5225 1178 5283 supersunt,
1204 5232 1265 5269 ex
1298 5220 1487 5284 quibus
1508 5215 1658 5269 facile
1683 5220 1795 5270 col-

221 5283 408 5352 ligitur,
437 5298 494 5342 et
528 5288 831 5353 frequentia
853 5293 978 5338 tunc
1003 5288 1276 5354 temporis,
1304 5283 1355 5340 et
1387 5286 1606 5340 illustria
1632 5285 1792 5343 fuisse

216 5359 569 5424 complurium
605 5365 905 5408 sanctorum
939 5357 1210 5425 martyria.
1244 5357 1352 5409 Iluc
1383 5364 1528 5409 certe
1558 5362 1794 5413 revocari

219 5437 431 5495 ιιοεευιη
459 5442 594 5495 qua:
621 5439 778 5493 supra
813 5440 881 5478 ex
927 5426 1146 5495 prologo
1179 5425 1301 5479 libri
1346 5426 1413 5480 de
1458 5426 1793 5482 Providentia

218 5494 380 5549 divina
425 5494 725 5550 retulimus
759 5511 909 5549 num.
954 5494 1006 5547 4.
1046 5494 1293 5551 Cclebrat
1337 5505 1511 5549 autem
1560 5498 1795 5554 Ecclesia

218 5562 492 5622 Bernensis
521 5566 617 5620 die
649 5566 712 5618 14
741 5565 1046 5620 Decembris
1076 5567 1361 5621 beatissimi
1393 5566 1585 5620 Nicasii
1620 5571 1793 5634 ponti-

217 5638 317 5688 ticis
343 5640 425 5691 sui
453 5640 661 5690 festum
682 5679 695 5702 ,
731 5636 819 5705 qui
848 5650 969 5690 cum
996 5636 1198 5706 virgine
1232 5636 1478 5703 Eutmpia
1508 5637 1673 5704 ipsius
1711 5655 1797 5693 sua

217 5719 359 5776 rure,
409 5706 697 5762 Florentio
736 5709 963 5761 diacono
1008 5718 1061 5761 et
1102 5707 1340 5763 Jocundo
1370 5708 1569 5764 lectore
1599 5710 1648 5763 iu
1683 5711 1798 5781 ipso

449 5805 637 5867 Parn
654 5822 739 5863 Ἰ..
786 5801 1001 5862 LVIII.

1829 1741 1877 1800 B

1904 439 2190 493 occasione
2213 439 2715 508 compluresomnis
2755 456 2946 507 sexus,
2986 446 3155 498 mtatis
3195 439 3252 499 et
3296 450 3479 503 condi-

1906 509 2063 562 tionis
2114 510 2460 565 barharorum
2510 512 2751 566 manibus
2811 514 3192 569 occubuerunt.
3240 518 3475 582 Quorum

1902 589 2161 658 mortem,
2206 582 2303 658 etsi
2352 582 2589 634 nonnulli
2639 582 2703 636 ad
2756 583 2931 636 Attila:
2984 584 3290 658 IIunnorum
3339 591 3479 658 regis

1905 656 2139 731 tempora
2163 652 2373 731 referre
2418 661 2707 731 conentur;
2752 654 3127 731 funt-scilicet
3164 667 3282 724 post
3310 652 3480 714 annos

1902 719 2117 773 circiter
2151 722 2220 774 43
2253 720 2538 775 Remorum
2568 721 2786 774 urbs‘ab
2807 722 2991 776 eodem
3022 719 3363 781 reae-iterum
3388 745 3479 783 ex-

1904 799 2129 856 pugnata
2166 791 2326 844 fuisse
2357 792 2548 844 dicitur
2577 809 2589 843 :
2620 801 2794 845 manet
2828 801 3002 847 tamen
3038 794 3349 852 inconcussa
3384 816 3481 855 no-

1902 858 2023 911 bilis
2052 861 2202 913 istius
2236 861 2489 915 Ecclesim
2520 861 2755 923 traditio,
2785 877 2902 929 qua:
2938 864 3200 917 Nicasium
3229 881 3481 923 caeteros-

1901 943 2002 997 que
2025 930 2139 996 ejus
2161 932 2334 985 socios
2352 942 2611 1001 martyres
2633 947 2659 982 a
2680 930 2930 1008 Vandalis
2955 933 3114 1008 l'uiSse
3130 936 3479 1008 interemptos

1901 1010 2210 1079 constantrr
2239 1012 2544 1079 asseverat;
2578 1016 2732 1069 quam
2761 1002 2980 1079 quidem
3006 1007 3341 1079 traditionem
3362 1002 3479 1079 'jnm

1902 1071 2098 1140 saeculo
2127 1087 2264 1124 nono
2296 1082 2350 1125 et
2377 1071 2583 1125 decimo
2616 1087 2708 1139 pro
2731 1072 2942 1140 antiqua
2969 1073 3201 1129 habitam
3230 1071 3391 1134 fuisse
3415 1096 3481 1135 ex

1901 1137 2187 1212 Ilincmaro
2223 1150 2276 1194 et
2316 1137 2627 1212 Flotloardo’
2644 1142 2814 1208 colligi
2850 1137 3043 1208 pmest.
3080 1146 3246 1212 Quin,
3280 1158 3480 1204 etcqu

1900 1208 2195 1286 iuti_i_t_nicrm
2241 1212 2367 1286 fere
2401 1211 2641 1286 barbarae
2690 1212 2932 1266 nationes
2988 1208 3121 1286 istis
3151 1208 3482 1286 temporibus

1902 1277 2101 1352 Gallias
2128 1281 2454 1342 inundarint,
2479 1282 2669 1334 mirum
2692 1298 2794 1334 non
2819 1292 2900 1335 est
2922 1284 3059 1351 quod
3081 1286 3168 1338 alii
3196 1277 3479 1352 \‘a'ndalos,

1900 1349 1988 1402 alii
2023 1350 2277 1415 IIunnos,
2314 1365 2405 1405 aut
2453 1352 2653 1405 Alanos
2694 1349 2952 1421 ejusmodi
2986 1354 3212 1409 cladium
3261 1349 3484 1415 fecerint

1900 1429 2169 1475 auctores.
2202 1422 2465 1477 Cmterum
2509 1422 2719 1475 barbari
2766 1438 2860 1490 per
2900 1424 3045 1477 varia
3086 1425 3371 1481 Remorum
3405 1431 3486 1485 di-

1903 1490 2062 1543 tionis
2102 1492 2215 1546 loca
2242 1492 2603 1546 discurrentes
2626 1534 2640 1557 ,
2686 1507 2817 1561 quos
2848 1493 2983 1547 forte
3010 1493 3276 1550 habebant
3300 1499 3483 1555 obvios

1902 1561 2287 1638 interﬁciebant
2320 1581 2333 1615 :
2368 1578 2397 1638 (ζ
2424 1578 2647 1631 quorum
2692 1578 2914 1617 numero
2943 1566 3221 1638 nonnulli,
3262 1571 3350 1637 qui
3386 1586 3483 1638 po-

1901 1639 2013 1683 stea
2049 1633 2317 1688 miraculis
2348 1633 2673 1690 claruerunt.
2707 1643 2999 1702 martyrum
3044 1637 3191 1688 titulo
3221 1633 3485 1695 condeco-

1904 1704 2005 1754 rati
2035 1712 2179 1778 sunt.
2214 1702 2291 1756 Ex
2326 1704 2406 1778 itis
2436 1713 2517 1778 est
2547 1704 2771 1778 Aderius
2810 1704 2860 1755 in
2900 1704 3171 1778 Chattiaco
3210 1708 3325 1763 vico
3356 1727 3485 1778 past-

1904 1786 2022 1835 sus,
2073 1773 2222 1841 cujus
2266 1774 2504 1840 reliquid:
2553 1772 2650 1825 sub
2692 1773 2949 1828 Gervasio
2997 1777 3243 1840 pontiﬁce
3286 1772 3484 1835 saeculo

1902 1842 2185 1896 undeciruo
2215 1844 2488 1897 miraculis
2519 1843 2739 1897 detecta:
2762 1886 2776 1909 ,
2822 1858 3009 1911 magna
3060 1850 3394 1913 postmodum
3432 1855 3482 1905 iu

1902 1914 2245 1967 veneratione
2264 1931 2288 1966 a
2315 1914 2785 1968 circumstantibus
2809 1916 3016 1982 populis
3039 1914 3229 1971 habita!
3248 1919 3479 1975 fuerunt.

1900 1984 2176 2037 Celebrior
2215 1987 2312 2037 fuit
2340 1985 2620 2046 Uriculus,
2654 1998 2773 2037 cum
2818 1984 3021 2038 duabus
3058 1990 3329 2042 sororibus
3375 1995 3483 2044 suis

1901 2055 2111 2107 Uricula
2168 2065 2220 2107 ct
2272 2054 2492 2107 Basilica
2569 2054 2920 2121 interemptus
2990 2058 3126 2124 apud
3186 2058 3481 2116 Sintlunnm

1904 2124 2271 2196 Dulcomensis
2304 2126 2419 2192 pagi
2453 2126 2655 2187 vicum;
2698 2140 2921 2196 quorum
2964 2140 3113 2180 sacra
3146 2143 3368 2196 corpora
3413 2134 3481 2185 ob

1901 2193 2163 2248 bellorum
2193 2199 2447 2248 tumultus
2472 2196 2520 2246 in
2556 2196 2740 2247 urbem
2772 2194 2950 2259 allata,
2985 2198 3035 2248 in
3069 2193 3358 2264 percelebri
3390 2218 3480 2257 ar—

1901 2264 2316 2319 chimonasterio
2341 2264 2653 2333 Remigiano
2684 2263 3085 2331 religiOSissime
3113 2282 3476 2326 asservantur.

1903 2333 2107 2389 Colitur
2142 2336 2277 2405 apud
2310 2335 2611 2388 Attrebates
2639 2335 2928 2403 Diogenes,
2957 2352 3112 2405 quem
3137 2340 3283 2393 aiunt
3312 2355 3339 2392 a
3372 2344 3479 2396 Ito-

1904 2420 2065 2478 mano
2113 2406 2362 2478 pontiﬁce
2400 2405 2696 2478 directum,
2736 2414 2789 2459 et
2833 2405 2989 2478 beato
3018 2406 3225 2461 Nicasio
3252 2412 3477 2478 primum

1904 2475 2125 2530 istorum
2156 2476 2467 2547 populorum
2497 2475 2791 2547 antiStitem
2826 2476 2977 2545 197
3007 2475 3395 2547 consecratum,
3428 2485 3479 2538 in

1903 2550 2175 2600 communi
2207 2545 2393 2601 Gallic
2426 2546 2649 2613 Belgica:
2678 2545 2829 2599 clade
2858 2548 3176 2601 trucidatum
3208 2545 3391 2605 fui~se.
3414 2555 3480 2605 At

1906 2617 2047 2671 nulla
2082 2616 2217 2669 hanc
2247 2616 2300 2670 in
2343 2631 2453 2669 rem
2487 2615 2751 2669 habentur
2780 2624 3019 2669 veterum
3054 2619 3385 2685 testimonia,
3426 2635 3479 2679 ut

1905 2686 2255 2744 observarunt
2296 2685 2625 2740 Bollandiani
2658 2696 2798 2741 toruo
2831 2685 2884 2751 I,
2920 2686 3196 2742 Februarii
3225 2690 3312 2745 die
3342 2692 3396 2756 (i,
3427 2692 3478 2748 in

1905 2757 2193 2824 prmmissis
2235 2756 2298 2831 ad
2344 2757 2511 2831 sancti
2546 2756 2976 2831 Vpdastijitam.
3030 2756 3229 2831 Eadem
3269 2776 3479 2831 quoque

1905 2835 2220 2895 tempestate
2259 2827 2545 2901 involutam
2581 2826 2741 2880 fuisse
2773 2826 3260 2901 verontanduorum
3286 2826 3478 2901 'Augu-

1906 2908 2041 2951 stam
2076 2898 2312 2950 nonnulli
2345 2896 2707 2961 tradiderunt;
2742 2908 2793 2948 at
2823 2896 3129 2951 Laudunum
3161 2914 3275 2965 seu,
3310 2912 3363 2955 ut
3388 2896 3477 2956 ve-

1907 2975 2051 3022 teres
2077 2968 2347 3042 scribunt,
2398 2967 2707 3042 Lugdunum
2734 2966 2992 3042 clavatum
3012 3011 3024 3035 ,
3055 2982 3081 3020 a
3112 2968 3352 3025 barbaris
3380 2988 3477 3042 op-

1908 3046 2195 3107 pugnatum
2224 3038 2436 3106 quidem
2484 3038 2673 3098 fuisse,
2704 3037 2817 3109 sed
2846 3038 3063 3109 minime
3091 3037 3475 3109 expugnatum,

1836 3103 1883 3168 C
1910 3103 2064 3163 ies'tis
2102 3118 2182 3162 est
2212 3103 2397 3162 auctor
2426 3109 2673 3177 antiquus
2702 3106 2819 3160 libri
2861 3111 2927 3162 de
2952 3107 3068 3162 Vita
3098 3103 3296 3165 sancta:
3326 3103 3479 3168 Salaé

1902 3182 2097 3235 bern-.2.

1975 3198 1994 3230 r

1974 3196 2029 3303 7g
2069 3248 2319 3303 Eamtlem
2348 3264 2504 3316 quam
2537 3247 2825 3301 Remorum
2862 3248 3049 3303 civitas
3078 3260 3275 3305 sortem
3313 3255 3478 3309 altera

1902 3321 2127 3391 Belgicae
2176 3320 2519 3387 metropolis,
2572 3320 2809 3391 Augusta
2862 3319 3067 3391 scilicet
3112 3322 3475 3390 Trevirorum,

1902 3390 2118 3463 experta
2152 3398 2233 3443 est
2264 3408 2275 3442 :
2311 3403 2468 3459 quam
2500 3390 2607 3463 etsi
2632 3404 2734 3442 non
2769 3390 3094 3463 rec‘cusuerit
3124 3391 3479 3463 Hieronymus

1901 3458 2018 3517 loco
2047 3462 2258 3534 laudato
2287 3458 2747 3534 interprtecipuas
2772 3458 3062 3513 Galliarum
3092 3458 3341 3517 civitates
3362 3482 3479 3534 qua:

1901 3542 2025 3587 tunc
2061 3548 2089 3586 a
2122 3532 2361 3585 barbaris
2391 3530 2615 3596 direptae
2654 3530 2885 3593 fuerunt,
2916 3546 3256 3586 communem
3300 3530 3476 3591 tamen

1901 3603 2036 3658 hanc
2076 3602 2280 3673 cladem
2313 3601 2595 3673 pertulisse
2624 3599 3019 3673 extradubium
3056 3602 3281 3665 videtur,
3331 3620 3475 3673 cum,

1900 3683 2034 3729 teste
2062 3668 2489 3727 Salviano'initio
2521 3670 2637 3724 libri
2677 3686 2725 3722 vr
2756 3668 2822 3723 de
2851 3669 3247 3726 Gubernationc
3281 3674 3393 3739 Dei,
3424 3668 3476 3731 iri

1900 3743 2019 3799 istis
2048 3744 2394 3814 barbarorum
2421 3740 2833 3814 incursionibus
2862 3756 3028 3814 usque
3056 3752 3243 3810 quater
3271 3746 3476 3814 direpta

1900 3824 1954 3869 et
1976 3827 2158 3867 eversa
2193 3812 2366 3884 fuerit.
2420 3810 2710 3884 ld_diserte
2750 3812 2940 3863 asserit
2968 3821 3119 3865 vetus
3148 3821 3354 3884 auctor,
3387 3810 3477 3884 qui
3559 3862 3562 3866 .

1906 3886 2197 3950 primorum
2241 3883 2395 3935 istius
2422 3881 2570 3934 urbis
2596 3882 2964 3951 episcoporum
2994 3893 3142 3951 gesta
3170 3881 3474 3951 descripsit,

1899 3956 1950 4009 in
1978 3955 2082 4008 vita
2113 3953 2281 4005 sancti
2306 3951 2547 4012 Materni.
2586 3951 2649 4003 Et
2676 3950 2890 4019 quidem
2922 3951 2971 4003 in
3004 3950 3099 4005 hac
3128 3952 3237 4020 ipsa
3267 3950 3475 4009 Vandaé

1900 4026 2069 4077 lorum
2118 4024 2431 4091 irruptione,
2466 4020 2533 4074 de
2572 4035 2679 4091 qua
2706 4034 2843 4073 nunc
2872 4020 3098 4088 agimus,
3137 4022 3471 4079 Valentinum

1899 4094 2270 4148 Trevirensem
2318 4092 2627 4160 episcOpum
2672 4090 3018 4145 barbarorum
3070 4092 3247 4157 gladio
3303 4109 3469 4149 occu-

1901 4165 2079 4218 buisse
2104 4163 2259 4217 tradit
2281 4163 2519 4215 Andreas
2537 4160 2834 4231 Saussayus
2863 4162 2915 4231 in
2947 4162 3326 4231 martyrologio
3353 4164 3476 4219 Gal-

1898 4236 2070 4290 Iicano
2096 4235 2180 4287 dic
2205 4233 2269 4287 16
2294 4232 2446 4295 Julii;
2475 4247 2574 4298 qua
2601 4229 2835 4284 item’die
2864 4229 3124 4285 Valentini
3145 4229 3476 4290 Trevirensis

1898 4305 2131 4374 episcopi
2156 4305 2409 4358 memoria
2433 4304 2484 4374 in
2500 4303 2740 4374 Romano
2759 4301 3133 4374 Martyrologio
3152 4303 3474 4370 celebratur,

1901 4372 1992 4432 sed
2038 4377 2238 4442 absque
2283 4374 2387 4426 ulla
2434 4372 2499 4425 de
2545 4372 2711 4440 ipsius
2742 4372 2926 4442 mortis
2945 4382 3205 4442 tempore
3235 4385 3325 4427 aut
3360 4376 3477 4431 aliis

1823 4470 1874 4525 ι)
1901 4440 2311 4525 circumstantiis
2329 4442 2471 4525 facta
2497 4440 3211 4525 mentione._Nec‘Valentini
3236 4447 3477 4525 meminit

1907 4517 2210 4580 Browerus,
2254 4515 2342 4582 qui
2383 4514 2731 4584 'I'revirenses
2759 4512 3002 4584 Annales
3041 4514 3377 4584 conscripsit,
3424 4518 3477 4572 in

1905 4587 2097 4657 quibus
2130 4594 2306 4657 tamen
2338 4584 2503 4657 multa
2534 4583 2600 4637 de
2626 4582 2871 4657 Vandalis
2895 4582 3078 4657 habet.

1973 4657 2025 4710 8.
2070 4656 2195 4709 Post
2219 4655 2545 4721 Belgicarum
2576 4653 2848 4720 regionum
2876 4652 3286 4721 devastationes,
3316 4665 3475 4712 totum

1903 4727 2060 4781 etiam
2091 4742 2273 4793 corpus
2300 4726 2523 4777 omnium
2550 4722 2837 4794 Galliarum
2856 4763 2871 4794 ,
2918 4732 2974 4777 ut
3003 4723 3237 4794 loquitur
3264 4726 3475 4781 Salvia-

1903 4811 2001 4850 nus
2030 4797 2165 4849 libro
2182 4792 2276 4859 vn,
2302 4794 2653 4865 Vandatorum
2680 4792 2916 4865 inccndio
2937 4792 3144 4865 exarsit.
3178 4793 3243 4847 Et
3264 4798 3474 4865 quidem

1902 4868 1956 4920 in
1986 4868 2156 4919 varias
2196 4879 2377 4919 earum
2418 4864 2719 4932 provincias
2755 4862 2953 4928 ditiusi,
2987 4878 3091 4933 quo
3124 4862 3300 4935 furore
3336 4871 3474 4935 apud

1904 4937 2090 5004 Belgas
2121 4936 2422 4998 sazvierant,
2454 4935 2503 4987 iu
2545 4935 2754 4987 caeteris
2793 4949 3003 5004 quoque
3044 4934 3347 5002 regionibus
3374 4934 3477 4994 ide~

1900 5003 2141 5060 baccliati
2181 5012 2320 5059 sunt.
2358 5004 2634 5069 Bisuntini,
2668 5004 2906 5076 Maxima:
2938 5003 3306 5073 Sequanorum
3355 5023 3475 5076 pro.

1903 5077 2088 5131 vincia:
2116 5090 2248 5145 gens
2276 5077 2569 5144 prmcipua,
2605 5074 2875 5128 Antidium
2905 5077 3212 5143 episcopum
3245 5084 3299 5129 et
3329 5074 3476 5134 mar-

1900 5156 2069 5219 tyrem
2118 5162 2165 5219 a_
2196 5145 2447 5199 Vandalis
2498 5145 3055 5219 occisu_m_c‘elebrant
3091 5145 3176 5219 die
3209 5147 3285 5219 I7;
3310 5147 3473 5205 Junii.

1901 5214 1955 5271 lii
2000 5215 2493 5289 Pseudunorastro
2540 5214 2678 5289 apud
2706 5214 2923 5289 _/_It_3_duos
2968 5215 3021 5289 in
3059 5216 3225 5284 prima
3258 5217 3475 5289 Lugdu-

1902 5288 2071 5350 nensi,
2106 5298 2162 5340 ut
2195 5286 2381 5354 probat
2411 5295 2591 5339 noster
2618 5285 2957 5357 Mabillonius
2994 5287 3045 5340 in
3086 5288 3268 5357 surculi
3300 5285 3473 5357 quarti

1902 5358 2230 5411 llenedictini
2261 5368 2409 5424 parte
2435 5372 2492 5419 ιι,
2527 5370 2645 5424 pag.
2667 5354 2794 5421 494,
2821 5356 2963 5423 passi
2995 5366 3120 5410 sunt
3140 5354 3475 5411 Florentinns

1898 5438 1949 5483 et
1980 5427 2209 5481 Hilarius
2249 5438 2545 5495 martyres,
2582 5427 2668 5479 die
2700 5427 2763 5479 27
2795 5427 3124 5493 Septembris
3165 5426 3216 5480 in
3250 5428 3475 5495 vulgatis

1899 5497 2289 5567 martyrologiis
2335 5498 2621 5561 celebrati;
2656 5510 2805 5567 quos
2852 5497 3094 5550 nonnulli
3144 5513 3206 5567 ex
3245 5499 3475 5549 nominis

1899 5565 2247 5621 similitudine
2281 5567 2486 5635 decepti
2528 5566 2665 5635 apud
2702 5567 3003 5627 Sedunum.
3039 5565 3177 5635 quod
3217 5581 3355 5617 nunc
3392 5577 3475 5619 est

1901 5639 2131 5692 Valesia!
2180 5638 2472 5706 superioris
2518 5647 2706 5705 caput,
2760 5641 3072 5706 martyrium
3124 5636 3476 5706 complcvisse

1900 5708 2146 5765 arbitrati
2182 5705 2307 5764 sunt
2361 5709 2429 5762 At
2462 5708 2799 5763 Pseudunum
2844 5705 3037 5761 disert»
3073 5705 3265 5757 habent
3290 5716 3477 5762 vetera

3056 5798 3126 5858 12
