4078 6348
347 339 442 393 511

1287 334 1802 394 ANNOTATIONES
1844 334 1904 390 IN
1945 333 2268 391 NOTlTlAM
2311 336 2604 393 AFBlC/E.
3487 336 3583 390 ii.’

347 454 641 510 Cartinnam
689 455 954 524 Oppidum,
1000 463 1054 510 ut
1095 469 1159 512 ex
1216 468 1342 508 mss.
1391 453 1662 524 codicibus
1713 454 1914 506 monuit
1942 455 1991 520 Α
2021 462 2074 506 ct
2100 452 2184 506 alii
2220 454 2437 519 passim.
2477 456 2675 509 Nomen
2721 456 2817 524 ipsi
2848 466 2894 509 et
2940 454 3190 522 originem
3228 453 3472 524 tribuisse
3516 455 3592 507 vi.

345 525 490 580 lsaac
540 523 773 579 Vossius.
833 525 1087 580 Eamdem
1166 524 1350 578 urbem
1410 523 1634 577 Colonia!
1704 525 1915 588 Att,usti

346 596 493 650 titulo
517 595 764 650 donatam
807 595 967 652 fuisse
1008 596 1169 650 refert
1199 594 1398 649 Plinius
1441 594 1573 648 libro
1603 610 1651 658 v,
1693 608 1810 662 cap.
1855 594 1909 648 ἓ.

342 666 708 734 Calendarium
732 666 1143 734 Carthaginiense
1164 665 1578 734 vetustissimum
1609 665 1693 718 die
1737 679 1786 718 tv
1822 681 1914 718 na-

341 754 434 801 nus
504 733 776 790 Februarii
821 733 1110 789 sanctorum
1165 733 1557 789 Carteriensium
1601 735 1908 789 memoriam

341 806 528 862 recolit
558 847 573 870 ,
601 806 650 862 in
681 821 903 872 quorum
929 806 1015 860 die
1064 807 1202 859 festo
1231 820 1529 859 sermonem
1578 805 1759 860 habuit
1799 805 1909 858 Au-

340 879 606 945 gustinus,
657 893 743 946 per
803 876 993 931 Natale
1021 876 1448 946 Cartheriensium
1489 877 1824 946 inscriptum,
1856 884 1912 932 ut

343 957 571 1000 testatur
593 945 866 1001 Possidius
890 946 1105 1000 lndiculi
1131 962 1250 1012 cap.
1280 945 1344 1008 9;
1373 961 1505 1014 quos
1528 945 1739 1014 quidetn
1773 962 1909 1000 mar-

340 1026 480 1088 tyres
507 1019 806 1084 suspicatur
836 1030 1014 1088 noster
1042 1017 1406 1088 Mabiilonius,
1442 1024 1585 1088 tonio
1620 1015 1679 1088 Ill
1712 1017 1906 1088 Anale-

339 1085 561 1150 ctnrum,
596 1101 711 1155 pag.
745 1089 866 1148 121,
902 1086 964 1141 ad
999 1088 1312 1140 Cartennam
1364 1085 1690 1140 Mauritaniae
1720 1087 1903 1140 civita-

343 1167 444 1211 tv-m
476 1173 629 1226 posse
657 1159 914 1212 revocati.
945 1157 1050 1211 Viri
1079 1157 1268 1210 eruditi
1314 1157 1633 1221 conjectura:
1664 1155 1800 1209 favet
1832 1157 1909 1209 lu-

340 1245 430 1282 cus
454 1229 650 1282 codicis
671 1228 1059 1282 Fiscamuensis
1076 1242 1234 1296 supra
1251 1236 1593 1281 memoratus.
1615 1227 1905 1296 .lamsupra

337 1301 633 1352 monuimus
663 1299 716 1352 in
763 1299 902 1352 notis
932 1299 992 1352 ad
1029 1295 1346 1368 Byzacenos,
1406 1313 1553 1368 num.
1600 1299 1688 1368 58,
1727 1295 1907 1350 Caria-

335 1383 552 1422 ncnsem
585 1376 639 1424 et
659 1367 1096 1432 Cartennensem’,
1123 1368 1253 1421 duas
1293 1371 1341 1420 in
1388 1367 1565 1422 Africa
1611 1367 1764 1421 urbes
1796 1368 1908 1431 epi-

335 1440 575 1507 seopalcs
599 1440 668 1493 ab
686 1439 858 1494 altero
884 1441 997 1493 viro
1027 1439 1235 1495 erudito
1258 1436 1312 1490 in
1337 1453 1490 1491 unam
1524 1437 1684 1492 fuisse
1711 1439 1907 1490 confla-

338 1519 436 1576 tas,
469 1511 605 1576 quod
635 1510 743 1578 jam
767 1519 916 1564 antea
949 1509 1252 1562 llnlsteuius
1280 1507 1500 1562 fecerat.

403 1575 498 1633 51.
534 1575 814 1635 Riciiassts.
866 1580 1018 1645 Apud
1063 1579 1328 1633 Victorem
1362 1579 1628 1632 Vitensem
1672 1575 1806 1630 libro
1851 1593 1899 1645 l,

335 1665 477 1704 num.
514 1651 598 1714 15,
631 1663 954 1719 memoratur
1005 1651 1149 1704 locus
1175 1648 1388 1718 quidam
1431 1651 1647 1702 nomine
1695 1648 1856 1718 Regia
1887 1691 1900 1713 ,

337 1721 523 1784 inquo
571 1721 750 1774 Ariani
795 1732 995 1776 armata
1051 1735 1205 1773 manu
1253 1720 1553 1772 ecclesam
1607 1719 1900 1782 violarunt,

334 1790 714 1859 quemdamque
742 1792 990 1845 lectorem
1017 1792 1068 1847 in
1093 1790 1297 1860 pulpito
1315 1801 1590 1844 canentem
1612 1790 1746 1844 inter
1775 1789 1903 1844 alios

333 1861 517 1927 sagitta
541 1861 910 1917 confoderunt.
940 1861 1146 1928 Duplex
1181 1871 1359 1915 autem
1391 1861 1516 1914 urbs
1545 1863 1698 1914 estin
1729 1861 1902 1914 iudice

334 1931 576 1999 Cypriani
617 1933 870 2000 operibus
924 1934 1139 2000 pra'lixo
1192 1931 1404 2002 Regium
1461 1931 1630 2002 dicta,
1680 1947 1902 2000 quarum

333 2005 491 2056 altera
519 2003 846 2056 Mauritania:
875 2002 1199 2056 attribuitur.
1241 2001 1311 2056 Ea
1336 2001 1575 2054 fortassis
1602 2011 1681 2054 est
1704 2017 1821 2067 quas
1851 2002 1902 2054 in

333 2074 579 2142 Antonini
626 2069 902 2126 ltinerario
943 2073 1022 2125 Ad
1059 2071 1259 2142 Regius.
1297 2071 1425 2126 Vide
1469 2071 1722 2126 Numidas
1753 2087 1900 2126 num.

334 2140 418 2203 9|,
453 2143 535 2196 ubi
577 2142 857 2211 episcopus
889 2140 1240 2198 nsciaueusts.

395 2211 891 2283 52:7VANNIDENSIS.
940 2214 1029 2269 Sic
1061 2225 1283 2283 uterque
1308 2213 1475 2269 codex
1508 2227 1610 2270 ms.
1640 2213 1775 2266 Editi
1809 2227 1904 2268 an-

334 2289 432 2335 tcm
473 2282 834 2339 Vaum‘densis.

397 2352 488 2406 55.
536 2352 848 2408 Caranum.
895 2355 1141 2408 Eremum
1199 2351 1504 2424 Caprapicta
1555 2351 1748 2406 dictam
1791 2369 1903 2407 mc-

332 2434 496 2493 mnrat
540 2425 652 2493 ipse
696 2425 878 2478 Victor
911 2424 1160 2478 Vitensis.
1203 2427 1282 2478 An
1324 2439 1387 2477 ex
1419 2439 1503 2490 ea,
1544 2433 1635 2477 aut
1663 2433 1808 2478 certe
1837 2441 1899 2479 ex

331 2492 500 2562 aliquo
544 2492 744 2562 oppido
794 2494 891 2563 ipsi
941 2495 1255 2562 cognomine
1295 2494 1575 2561 episcttpth‘
1619 2493 1903 2563 Caprensis

332 2576 515 2620 nomen
561 2565 805 2631 accepit?
837 2565 992 2619 (Ierte
1031 2581 1161 2618 nava
1204 2565 1429 2618 ecclesia
1465 2566 1515 2617 in
1559 2563 1654 2617 bac
1686 2565 1902 2633 regione

331 2635 553 2687 excitata
587 2645 910 2689 memoratur
934 2636 1069 2704 apud
1096 2635 1365 2688 laudatutu
1396 2647 1667 2690 auctorem
1700 2635 1837 2688 libro
1861 2651 1897 2699 l,

331 2716 469 2757 num.
501 2705 583 2758 11.

392 2771 480 2828 Si.
517 2776 738 2830 Merena
771 2775 1265 2830 Rtrsucccatrssus.
1301 2775 1437 2828 Editi
1466 2775 1683 2829 Mstcar.
1714 2775 1898 2830 Eidem

331 2844 439 2896 urbi
472 2845 680 2913 praefuit
728 2844 1045 2900 Fortunatus
1075 2848 1338 2915 cpiscopus
1367 2845 1524 2913 plebis
1565 2844 1901 2899 Rusuccurri-

329 2922 452 2964 lana:
480 2914 805 2980 catholicus,
833 2917 920 2985 qni
960 2918 1010 2968 in
1046 2914 1340 2970 Collalione
1366 2917 1614 2984 Cartliag.
1648 2932 1765 2985 t-ap.
1801 2917 1900 2971 155

329 2988 619 3056 recensitus
649 2998 729 3041 est
753 3002 872 3041 cum
921 2987 1105 3056 Optato
1147 2987 1288 3039 illius
1327 2988 1654 3053 adversario,
1709 2989 1898 3042 iterum

331 3053 462 3109 inter
493 3057 796 3110 Donatistas
841 3053 975 3124 cap.
996 3059 1096 3111 176
1127 3066 1438 3110 memorato.
1488 3056 1602 3110 Huc
1626 3057 1784 3110 etiam
1818 3074 1901 3111 rc-

329 3127 590 3180 t'ocandus
632 3137 715 3182 est
749 3127 975 3181 Nirellus
1015 3128 1367 3194 Rusurrensis,
1401 3136 1489 3180 aut
1523 3128 1899 3181 liusurrianen-

2017 524 2146 591 ginti
2179 523 2419 577 Herculis
2460 527 2634 579 socios
2677 523 2855 580 narrat
2897 526 3109 581 Solinus
3155 525 3204 582 in
3253 523 3594 592 Polyhistore

2017 608 2134 660 cap.
2165 594 2252 656 28,
2291 609 2408 648 cum
2441 611 2629 664 nempe
2660 597 2883 650 Hercule
2915 596 3037 650 illac
3076 607 3385 659 transeunte,
3412 604 3467 648 ut
3503 593 3594 647 ille

2017 665 2414 737 auctorbabet,
2439 667 2614 736 viginti
2643 669 2705 719 ab
2731 671 2840 737 ejus
2869 669 3114 720 comitatu
3142 667 3478 737 descivissent,
3517 666 3592 717 lo-

2017 749 2130 788 cum
2147 735 2396 804 deligunt,
2423 735 2624 802 faciunt
2647 735 2832 790 moenia
2849 753 2867 800 ,'
2893 755 2952 792 ac
2975 754 3038 791 ne
3069 738 3178 805 quis
3206 736 3444 806 imposito
3471 752 3502 788 a
3538 750 3589 786 se

2016 806 2212 876 nomine
2241 806 2482 874 privatim
2513 807 2848 876 gloriaretur,
2895 809 2955 860 de
2998 806 3320 861 condentium
3373 820 3584 876 numero

2015 875 2126 946 urbi
2148 891 2326 928 nomen
2348 874 2527 946 datum
2551 887 2642 931 est.
2668 878 2831 932 Εἷκοτι
2847 878 3038 946 quippe
3058 878 3265 940 Graece,
3287 875 3462 946 uiginti
3485 874 3582 928 La-

2016 944 2126 1016 t_ine
2157 954 2330 999 sonat.
2359 945 2609 1016 Ejusdem
2644 948 2788 1002 urbis
2825 944 3105 1016 episcopus
3146 948 3239 1000 fuit
3281 944 3581 1016 Laurentius

2013 1011 2301 1085 Icositanus
2321 1057 2336 1079 ,
2361 1011 2577 1085 Legatus
2607 1011 2930 1072 Mauritania:
2955 1011 3276 1072 Caesariensis
3303 1015 3366 1069 ad
3397 1015 3580 1070 conci-

2011 1084 2140 1138 lium
2163 1084 2410 1154 Carthag.
2435 1084 2583 1142 anno
2608 1088 2827 1142 419mb
2857 1088 3070 1141 Aurelio
3101 1088 3354 1150 habitum,
3390 1095 3446 1138 ut
3470 1100 3580 1138 me.-

2011 1163 2253 1208 moratur
2283 1158 2333 1210 in
2363 1158 2548 1211 codice
2583 1158 2843 1212 Africanae
2876 1158 3145 1212 Ecclesinu
3177 1155 3417 1211 Crescens
3457 1169 3580 1208 vero

2012 1225 2138 1298 item
2171 1225 2455 1298 Icositanus
2479 1229 2765 1298 episcopus,
2789 1227 2880 1283 sed
2905 1244 2968 1280 cx
3002 1228 3389 1281 Donatistarum
3409 1240 3577 1287 seeta,

2011 1295 2250 1350 interfuit
2287 1295 2565 1352 Collatio'ui
2603 1299 2854 1368 Carthag.
2887 1313 3006 1364 cap.
3047 1298 3167 1352 197.
3211 1298 3288 1351 Ex
3329 1299 3410 1350 bis
3437 1306 3576 1365 patet

2012 1369 2415 1436 expungendam
2447 1383 2568 1423 esse
2606 1385 2670 1424 es
2696 1370 2901 1423 urbium
2933 1368 3305 1422 Africanarum
3337 1368 3577 1435 catalogo

2011 1435 2284 1506 Leositum,
2311 1455 2466 1505 quam
2482 1455 2547 1494 ex
2571 1440 2669 1494 hac
2683 1441 2894 1494 Notitia:
2918 1439 3143 1495 lectione
3163 1437 3416 1492 mendosa
3449 1451 3577 1490 non-

2009 1509 2140 1560 nulli
2166 1510 2496 1563 invexerant.

2080 1576 2168 1633 60.
2200 1580 2507 1633 Tantarum.
2546 1579 2726 1633 Eidem
2761 1579 2895 1634 forte
2911 1580 3030 1633 urbi
3056 1577 3260 1644 prmfuit
3301 1593 3362 1632 ex
3395 1578 3575 1631 Dona-

2011 1648 2151 1719 tistis
2193 1648 2431 1702 Urbanus
2475 1651 2740 1719 episcomts
2771 1650 3002 1704 Talensis
3054 1649 3103 1704 in
3135 1649 3429 1703 Collatione
3458 1663 3572 1719 cap.

2014 1718 2113 1772 193
2142 1730 2484 1773 mrmnratus.
2532 1718 2652 1774 lluc
2673 1719 2977 1776 llolSlenius
3003 1729 3219 1775 revocat
3240 1720 3447 1772 limitem
3479 1718 3573 1771 Ta-

2011 1789 2288 1843 blncensem
2321 1792 2368 1842 in
2393 1789 2587 1844 Notitia
2610 1791 2817 1860 Imperii
2845 1799 3219 1846 memoratum.

2082 1863 2167 1914 61.
2207 1860 2480 1920 ltesrn'rus
2508 1859 2856 1918 LAPIDIENSIS.
2887 1861 2954 1917 Et
2975 1861 3058 1917 hic
3088 1863 3217 1917 editi
3248 1859 3441 1916 habent
3472 1859 3572 1914 Rev

2006 1933 2233 1985 stitutus.
2273 1925 2523 1986 Landiam
2573 1943 2834 1988 memorat
2863 1933 3179 1988 Ptolemaeus
3207 1932 3300 1986 lib.
3336 1946 3384 1984 tv
3405 1971 3418 1992 ,
3451 1946 3568 1996 cap.

2005 2003 2061 2066 2,
2087 2003 2171 2054 ubi
2205 2003 2269 2055 de.
2302 2003 2630 2060 Mauritania:
2671 2004 2884 2058 urbibus
2929 2007 3074 2072 agit:
3113 2018 3230 2072 quin
3261 2011 3434 2054 tamen
3471 2016 3569 2054 vox

2006 2073 2196 2143 melius
2231 2073 2510 2138 Lapdensi,
2536 2089 2651 2137 seu,
2683 2083 2742 2127 ut
2768 2075 2819 2128 in
2851 2075 3165 2143 quibusdam
3190 2072 3466 2128 codicibus
3497 2073 3570 2125 le-

2004 2142 2186 2207 gitur,
2233 2143 2484 2198 Labdenst’
2527 2145 2641 2198 urbi
2682 2142 3051 2213 competeret,
3101 2144 3252 2210 cujus
3296 2144 3570 2213 episcopus

2003 2227 2160 2280 supra
2194 2215 2334 2266 inter
2360 2216 2765 2280 proconsulares
2789 2211 2935 2269 tium.
2956 2214 3021 2269 18
3043 2221 3370 2277 recensetur,
3398 2213 3449 2266 ni
3472 2211 3568 2266 im-

2007 2284 2213 2350 pediret
2247 2284 2637 2352 provinciarum
2670 2285 2912 2338 distantia

2076 2353 2161 2406 6‘2.
2201 2354 2600 2409 Voucsmensts.
2649 2357 2974 2409 Memoratur
3002 2353 3053 2407 in
3099 2351 3392 2408 Col'attone
3436 2353 3566 2407 Car-

2006 2421 2150 2495 lhag.
2175 2438 2290 2493 cap.
2319 2424 2446 2480 ‘208.
2473 2422 2627 2479 Felix
2647 2426 2913 2495 episcopus
2936 2423 3364 2495 Boncarensis_ex
3393 2422 3566 2476 Dona-

2003 2492 2248 2563 tistarum
2271 2505 2436 2557 secta,
2471 2510 2576 2563 quo
2599 2492 2812 2548 nomine
2837 2495 3038 2562 absque
3065 2493 3227 2547 dubio
3253 2492 3566 2547 Voncarien-

2002 2562 2070 2616 sis
2096 2566 2282 2618 civitas
2308 2567 2391 2618 hic
2419 2562 2708 2619 memorata
2739 2564 3066 2633 designatur.

2081 2635 2167 2687 65.
2196 2635 2595 2690 Βυεσυωιιῖμεις.
2633 2636 2818 2688 Mirum
2846 2644 2927 2688 est
2955 2649 3110 2702 quam
3141 2635 3283 2688 varie
3305 2634 3462 2699 huius
3485 2650 3568 2688 ur-

2003 2705 2085 2759 bis
2118 2721 2305 2774 nomen
2329 2706 2466 2772 apud
2491 2705 2666 2758 varios
2687 2715 2948 2770 auctores,
2970 2706 3080 2759 imo
3109 2703 3246 2774 apud
3277 2705 3492 2760 eosdem
3516 2705 3566 2760 in

2002 2771 2175 2828 variis'
2194 2771 2464 2830 codicibus
2483 2817 2496 2837 ,
2523 2775 2779 2845 scriptum
2809 2775 3128 2842 reperiatur,
3144 2771 3237 2828 uti
3265 2775 3380 2829 fuse
3402 2775 3569 2830 disse-

2001 2845 2323 2900 riteruditus
2349 2847 2593 2900 Baluzius
2627 2850 2676 2900 in
2699 2851 2841 2901 notis
2862 2846 2926 2899 ad
2944 2853 3101 2912 caput
3132 2845 3230 2900 180
3261 2845 3568 2901 Collationis

2001 2915 2454 2982 Carthaginends,
2479 2919 2759 2972 occisione
2777 2918 2920 2969 vocis
2945 2914 3386 2969 Ternamusensis.
3404 2914 3569 2969 Porro

2001 2985 2352 3039 Numerianus
2404 2986 2772 3056 Rusguniensis
2813 2986 3094 3055 episcopus
3118 3025 3131 3044 .
3167 3001 3300 3040 unus
3327 3001 3357 3056 e
3386 2987 3569 3054 legatis

2001 3056 2329 3110 Mauritaniae
2361 3055 2726 3122 Czrsariensis,
2758 3057 2921 3111 adluit
2950 3056 3178 3110 concilio
3199 3055 3446 3123 Carthag.
3471 3058 3568 3110 sub

2001 3128 2217 3182 Aurelio
2244 3142 2383 3181 anno
2402 3127 2527 3182 419.
2565 3128 2761 3182 Eadem
2797 3129 2987 3182 civitas
3028 3126 3426 3181 memoratnriu
3458 3130 3568 3178 An-

330 3195 406 3269 sis,
440 3197 771 3252 Mauritania?
799 3199 1122 3251 Ctt'sariensis
1145 3200 1334 3269 legatus
1355 3190 1418 3250 ad
1454 3199 1738 3251 concilium
1771 3200 1898 3252 Car-
1923 3190 1972 3260 C
2004 3200 2170 3251 touini
2221 3199 2494 3252 itinerario
2521 3197 2747 3252 Colonias
2775 3199 2988 3252 nomine
3013 3197 3207 3258 donata
3238 3241 3251 3265 ,
3286 3198 3408 3269 ubi,
3433 3198 3570 3269 sicut

331 3265 464 3334 tliag.
507 3283 648 3320 anno
679 3271 780 3323 M9
819 3271 914 3322 sub
968 3265 1205 3331 Aurelio,
1252 3278 1307 3320 ut
1357 3269 1584 3322 refertur
1633 3271 1684 3322 in
1715 3271 1896 3324 codice

329 3335 582 3391 Africana:
609 3338 881 3394 Ecclesizc.
917 3341 976 3392 Et
998 3341 1209 3406 quidem
1240 3339 1252 3391 Ι
1290 3339 1397 3392 ctio
1430 3339 1707 3393 Labbeana
1733 3342 1896 3406 magis

331 3408 473 3462 nobis
504 3407 661 3470 favet,
696 3411 783 3462 ubi
817 3411 1038 3463 habetur
1072 3409 1302 3463 Nivelltts
1354 3411 1736 3475 lluscuriensis,
1769 3412 1894 3465 etin

328 3478 556 3545 margine
608 3480 1060 3542 Rusucrurrensis,
1093 3481 1174 3532 vel
1210 3481 1604 3545 llusccorensis,
1643 3490 1788 3533 tumo
1818 3482 1854 3534 ll
1878 3525 1892 3545 ,

329 3547 420 3618 gul.
457 3548 592 3602 1605
616 3561 666 3602 et
699 3550 852 3604 1605.
884 3549 1146 3604 Caeterum
1167 3551 1366 3603 Plinius
1393 3551 1485 3605 lib.
1512 3567 1564 3612 v,
1599 3565 1717 3618 cap.
1743 3551 1797 3618 ‘2,
1823 3555 1896 3606 ait

330 3613 662 3673 llusucnrium
691 3622 886 3674 civitate
914 3622 1216 3674 honoratum
1257 3620 1421 3674 fuisse
1467 3638 1498 3673 a
1528 3613 1763 3676 Claudio.
1786 3613 1897 3675 'Co-

327 3684 510 3758 faniam
544 3691 810 3758 appellant
839 3693 1141 3746 Antoninus
1163 3693 1228 3757 in
1273 3691 1572 3756 Itinerario,
1595 3701 1647 3744 et
1682 3691 1896 3746 Tabula:

329 3754 762 3828 Pcntingeriante.
801 3763 876 3816 Ab
902 3763 1019 3815 aliis
1052 3754 1174 3815 item
1212 3762 1519 3816 aucti-ribus
1548 3754 1892 3829 memoratur,

330 3829 454 3894 apml
491 3829 837 3885 Ptoletntrum
859 3833 950 3886 lib.
977 3847 1046 3896 tv,
1075 3847 1191 3899 cap.
1225 3834 1277 3894 2,
1314 3833 1598 3885 llusurcore
1622 3833 1775 3888 dicta.

391 3899 474 3954 235.
515 3901 957 3957 SFASFhBIENSIS.‘
998 3905 1086 3957 Sic
1117 3915 1335 3970 uterque
1361 3918 1462 3958 ms.
1496 3917 1614 3956 cum
1647 3904 1823 3956 editis.

391 3970 841 4041 56._0usrrsrtus.
891 3973 944 4027 lu
992 3974 1289 4028 Collatione
1329 3973 1577 4041 Qarthag.
1613 3988 1730 4041 cap.
1790 3975 1894 4030 195

327 4038 785 4114 interponatistas
813 4047 1110 4114 comparuit
1138 4045 1287 4114 171
1318 4038 1895 4114 Felicissimns'episco-

326 4126 411 4181 pus
454 4111 720 4167 Obbensis.
758 4113 998 4168 Interfuit
1041 4111 1215 4167 etiann—
1247 4111 1473 4168 Emeilio
1515 4114 1702 4181 quiqu
1731 4111 1894 4181 gene-

327 4179 413 4252 rali
457 4181 760 4240 Valerianus
797 4185 1062 4252 episcopus
1097 4185 1268 4247 Ubbaz,
1305 4179 1558 4252 Africana}
1604 4179 1893 4251 provincia',

327 4260 374 4323 ut
399 4249 692 4323 habeturin
716 4249 850 4308 nova
876 4249 1218 4312 conciliorum
1237 4249 1561 4308 Collectione
1587 4249 1892 4323 Baluziauaj

329 4322 376 4373 in
401 4322 632 4396 editione
660 4323 936 4396 Labbeana
968 4325 1161 4380 dicitur
1189 4326 1456 4396 provincia:
1478 4322 1891 4396 proconsularis,

326 4401 372 4443 et
420 4393 469 4464 in
512 4396 748 4462 margine
795 4395 1071 4464 Africanis.
1103 4396 1204 4450 Sed
1240 4395 1319 4448 bis
1356 4393 1601 4449 omnibus
1631 4393 1897 4463 antiquior

324 4472 396 4534 cst
427 4461 909 4534 Paulus’confess’or
929 4467 991 4518 ab
1024 4465 1182 4528 Obba,
1206 4465 1294 4534 qui
1319 4468 1371 4518 in
1395 4466 1619 4519 concilio
1641 4461 1888 4534 Carthag.

324 4533 413 4584 sub
434 4542 631 4604 sancto
661 4533 927 4603 Cypriano
959 4551 1054 4603 pro
1103 4533 1362 4604 baptismo
1390 4537 1758 4590 luereticorum
1791 4533 1888 4592 ne.

322 4602 484 4675 rando
527 4602 840 4675 sententiam
885 4602 1019 4660 dixit
1067 4602 1212 4662 nutu.
1264 4607 1352 4661 47.
1402 4607 1619 4675 Aliquot
1669 4622 1796 4660 mss.
1843 4617 1897 4666 et

323 4672 442 4746 editi
469 4673 669 4730 habent
695 4691 727 4727 a
767 4673 963 4742 Bobba,
995 4692 1099 4745 quo
1123 4678 1281 4732 etiam
1323 4677 1483 4731 modo
1507 4672 1723 4746 'lcgitur
1751 4680 1892 4746 apud

324 4741 672 4815 Augustinum
729 4746 820 4800 lib.
851 4761 924 4799 vu
951 4741 1158 4800 contra
1218 4747 1521 4802 DonatiSIas
1545 4791 1559 4812 ,
1587 4741 1730 4815 'cap.
1787 4741 1891 4812 ’11ς

323 4825 482 4887 quam
501 4814 784 4887 lectionem
812 4815 984 4887 editor
1008 4815 1325 4872 Oxoniensis
1354 4833 1572 4885 Operum
1597 4814 1762 4871 sancti
1790 4818 1896 4887 Cy-

324 4884 486 4956 priani
519 4885 826 4956 confirmati
857 4902 1010 4954 posse
1051 4889 1126 4940 ait
1163 4903 1223 4941 cs
1260 4884 1446 4950 l‘linio,
1479 4890 1585 4954 qui,
1619 4896 1675 4941 ut
1702 4884 1894 4956 ipsein

323 4954 456 5011 uotis
484 4951 670 5023 refert,
703 4958 754 5009 in
787 4951 1095 5011 Mauritania
1134 4975 1164 5010 a
1195 4957 1321 5012 Lixa
1346 4959 1413 5012 40
1447 4951 1521 5012 51.
1561 4957 1621 5010 Ρ.
1654 4959 1707 5012 in
1726 4951 1895 5012 'medi-

325 5030 560 5098 (erratico
577 5024 790 5098 Augusti
818 5024 1081 5098 Coloniam
1107 5026 1334 5081 Bobbam
1373 5028 1611 5082 collocat.

390 5092 478 5163 57.
525 5092 914 5152 Ttutusscusm.
940 5096 1118 5151 Codex
1151 5098 1803 5163 llalleri,Timidianensis.

323 5231 336 5283 ἰ
389 5162 482 5288 5%..
511 5163 859 5245 Pnoursnsm.
887 5167 979 5223 Sic
1002 5167 1256 5222 scribitur
1285 5169 1338 5223 in
1359 5162 1607 5238 utroque
1636 5171 1818 5225 codice
1844 5181 1898 5225 et

343 5247 368 5283 Π
401 5249 428 5286 e
473 5247 581 5288 HIS.

322 5245 368 5283 Ill
401 5245 581 5290 CUIUS.

385 5303 475 5358 59.
512 5304 835 5360 least-rantis.
865 5307 953 5362 Sic
977 5307 1177 5364 diserte
1204 5309 1366 5364 habet
1389 5309 1556 5364 codex
1602 5325 1702 5364 ms.
1752 5310 1895 5365 Lau-

323 5369 595 5430 duuensis.
634 5373 777 5431 Editi
799 5391 926 5432 vero
947 5378 1201 5433 mendose
1232 5378 1549 5434 Leositanus.
1583 5380 1649 5434 Et
1678 5383 1896 5446 quidem

323 5457 476 5496 nemo
516 5460 616 5499 non
649 5448 800 5501 novit
847 5447 1114 5519 Icosium,
1140 5451 1404 5506 celebrem
1437 5449 1574 5518 apud
1598 5451 1892 5519 scriptores

324 5520 425 5565 tum
450 5527 768 5590 sacros‘tum
801 5518 1255 5590 profanosurbem
1277 5535 1394 5590 qua:
1412 5521 1654 5576 Coloniai
1675 5518 1894 5576 numine

323 5591 371 5663 et
411 5585 699 5663 privilegiis
736 5588 1018 5663 gaudebat.
1040 5588 1248 5663 ‘Eam_a
1282 5585 1608 5659 Vespasiano
1643 5593 1893 5648 donatam

327 5649 470 5705 Latio
500 5649 661 5725 fuisse
690 5649 876 5712 sc'ribit
917 5659 1119 5714 Plinius
1151 5659 1242 5719 lib.
1274 5676 1307 5712 v
1327 5703 1340 5725 ,
1365 5649 1483 5725 cap.
1509 5663 1562 5716 2.
1610 5663 1753 5716 llanc
1783 5678 1896 5717 me-

325 5737 492 5803 morat
526 5724 859 5803 Ptolemaeus,
889 5728 1403 5803 Pomponius-Mela,
1423 5724 1740 5795 Antoninus,
1769 5737 1894 5787 Am-

323 5795 532 5850 mianus
565 5795 897 5856 Marcellinus
934 5795 1036 5855 lib.
1059 5815 1212 5868 xxix,
1244 5795 1542 5866 anonymus
1583 5803 1901 5869 Ravennae,

2001 3270 2211 3336 etaputl
2253 3283 2575 3338 anonymunt
2617 3269 2972 3326 Ravennatem
3014 3269 3104 3324 lib.
3143 3282 3198 3323 111
3236 3277 3346 3324 etv
3380 3267 3569 3322 dicitur

2002 3339 2296 3411 Rusguniw.
2329 3339 2472 3393 lianc
2503 3341 2804 3411 llarduinus
2831 3350 2982 3408 putat
3006 3355 3124 3395 esse
3163 3339 3428 3393 Coloniam
3468 3344 3570 3392 Au-

1999 3410 2130 3480 gusti
2163 3411 2447 3464 Rusconias
2476 3428 2502 3463 a
2537 3411 2705 3464 Ptinin
2736 3410 2825 3464 lib.
2852 3428 2914 3476 v,
2945 3428 3061 3478 cap.
3101 3412 3167 3470 ‘2,
3202 3418 3567 3464 memoratam.

2001 3483 2201 3535 Dicutur
2228 3496 2257 3535 a
2288 3481 2573 3536 Ptolemaeo
2601 3480 2904 3535 Rustoninm
2929 3499 2946 3535 :
2976 3491 3028 3535 et
3061 3483 3275 3550 quidem
3313 3481 3364 3533 in
3397 3480 3569 3535 indice

1999 3550 2248 3623 Cypriani
2280 3552 2532 3623 operibus
2549 3553 2765 3621 praeﬁxo
2789 3551 3040 3606 Rnstonio
3058 3561 3106 3607 et
3131 3554 3283 3623 172
3303 3551 3567 3621 Rusgonia

1999 3622 2140 3676 idem
2171 3622 2454 3690 signiﬁcari
2479 3622 2692 3675 dicitur.

2070 3693 2158 3747 61.
2193 3694 2488 3747 Bl-ZNANTIUS
2519 3693 2980 3747 Omnonsstzms.
3004 3695 3089 3748 Sic
3113 3693 3280 3746 codex
3307 3706 3407 3746 ms.
3425 3692 3565 3746 Lau-

1999 3764 2278 3818 duuensis.
2309 3763 2447 3816 Editi
2480 3772 2690 3827 autem,
2733 3763 3026 3816 Venantius.
3071 3763 3300 3817 Ortelins
3331 3777 3454 3816 vero
3501 3778 3566 3818 ex

2001 3834 2195 3888 llalleri
2235 3833 2420 3888 codice
2440 3876 2452 3897 ,
2485 3832 2762 3886 Benantius
2785 3834 3190 3900 opidouobensis,
3221 3847 3325 3901 quo
3355 3833 3594 3888 nomine

1999 3904 2306 3970 designatur
2336 3903 2593 3974 Oppidum
2626 3903 2848 3974 Novum,
2882 3905 2947 3956 de
2977 3918 3082 3970 quo
3109 3903 3310 3974 Plinius
3350 3903 3486 3956 libro
3510 3919 3562 3972 v,

1999 3989 2116 4041 cap.
2144 3974 2208 4038 2;
2228 3973 2538 4043 Antoninus
2561 3974 2610 4026 in
2631 3973 2936 4036 Itinerario;
2962 3987 3260 4043 anonymus
3288 3973 3567 4043 Ravennae

1999 4039 2198 4110 et'alii,
2223 4044 2415 4112 quibus
2457 4039 2824 4111 adjungendus
2859 4052 2943 4098 est
2978 4039 3294 4096 Ptolemams
3326 4042 3460 4096 libro
3487 4057 3565 4109 tv,

1999 4129 2115 4182 cap.
2145 4117 2211 4176 2;
2245 4115 2332 4168 ubi
2379 4112 2734 4177 o‘nmamo,
2782 4114 2967 4168 Latine
3011 4113 3391 4180 Oppidoneum,
3427 4113 3566 4181 quod

1998 4184 2224 4266 colonia:
2254 4184 2406 4239 titulo
2454 4184 2526 4238 ibi
2576 4183 2877 4254 insignitur,
2936 4185 3072 4238 sicut
3124 4193 3175 4236 et
3227 4182 3364 4251 apud
3403 4187 3566 4239 Anto-

2000 4269 2205 4309 mnum.

2071 4327 2158 4382 65.
2190 4323 2860 4381 CASTELLl-JABARITANUS.
2884 4324 3014 4380 lllud
3031 4332 3114 4378 est
3133 4323 3270 4378 forte
3290 4322 3566 4377 Castellum

1999 4397 2352 4467 Aboritanum,
2381 4396 2522 4467 quod
2548 4395 2840 4467 exVictore
2868 4394 3102 4452 Uticensi
3130 4395 3307 4467 laudat
3335 4395 3567 4467 Ortclius

1997 4465 2051 4530 iu
2085 4467 2360 4521 Thesauro
2381 4465 2775 4537 geographica,
2807 4468 2894 4536 qui
2927 4468 3058 4521 alias
3075 4480 3150 4537 ex
3179 4465 3371 4520 eodem
3398 4465 3566 4518 Aubo-

1998 4539 2223 4591 ritanum
2264 4535 2558 4607 episcopum
2600 4537 2653 4588 in
2698 4535 3015 4590 Mauritania
3046 4535 3344 4590 Casariensi
3368 4551 3567 4589 memo-

1998 4619 2100 4661 rat.
2129 4609 2258 4663 Vide
2277 4609 2411 4663 infra
2443 4623 2590 4661 num.
2625 4607 2714 4660 72.

2070 4678 2155 4731 66.
2187 4682 2569 4741 Aonismsasts.
2612 4676 2747 4730 Huic
2770 4719 2785 4742 ,
2816 4687 2872 4730 ut
2910 4676 3195 4732 verisimile
3215 4687 3327 4741 est,
3362 4677 3477 4731 loco
3501 4691 3566 4731 ex

1999 4759 2150 4805 sexta
2175 4750 2569 4804 Donatistarum
2602 4746 2810 4812 praefuit
2841 4747 3142 4800 Honoratus
3163 4748 3431 4816 episcopus
3455 4747 3564 4799 Ad-

1998 4819 2325 4888 quesirensis,
2360 4821 2412 4872 in
2453 4817 2747 4873 Collationc
2772 4818 3019 4886 Carthag.
3051 4832 3170 4884 cap.
3204 4816 3327 4882 188,
3361 4830 3566 4871 memo-

1997 4900 2162 4943 ratus.

2071 4959 2158 5014 61.
2190 4957 2624 5013 CAL’I‘ADBIENSIB.
2656 4957 2742 5013 Sic
2772 4972 2901 5014 mss.
2933 4966 2988 5012 et
3015 4957 3142 5013 editi

2073 5029 2163 5082 68.
2209 5029 2581 5084 thsmnuus.
2626 5028 2767 5083 Inter
2808 5029 3100 5082 catholicos
3136 5027 3402 5081 antistites
3431 5037 3567 5095 quos

2002 5100 2153 5154 initio
2182 5099 2298 5152 libri
2328 5097 2397 5152 de
2425 5096 2600 5152 Gestis
2627 5112 2747 5152 cum
2781 5098 3016 5152 Emerita
3043 5106 3286 5152 recenset
3313 5099 3566 5165 Augusti-

2002 5185 2122 5236 nus,
2156 5169 2386 5223 occurrit
2417 5167 2687 5223 Palladius
2711 5169 3040 5236 Tigabitanus
3065 5169 3364 5237 episcopus.
3385 5167 3568 5222 Eidem

2001 5245 2113 5296 sedi
2146 5241 2302 5306 paulo
2319 5247 2436 5308 post
2465 5239 2676 5307 praefuit
2703 5240 3023 5303 Honoratus,
3045 5238 3112 5292 ad
3128 5253 3284 5307 quem
3306 5238 3570 5308 egregiam

2002 5311 2279 5378 epistolam
2319 5310 2530 5375 scripsit
2579 5310 2716 5365 idem
2760 5320 2975 5365 sanctus
3013 5310 3376 5378 Augustinus,
3417 5323 3570 5378 nov

2002 5377 2388 5444 editionisﬂs,
2418 5381 2470 5432 in
2498 5395 2600 5449 qua
2632 5379 2801 5436 fusius
2824 5381 3038 5435 disserit
3064 5377 3131 5432 an
3162 5380 3320 5436 liceat
3344 5377 3566 5446 pastori-

1997 5452 2113 5514 bus,
2142 5451 2380 5505 lervente
2409 5452 2798 5518 persecutione,
2827 5451 3008 5519 plebes
3023 5452 3268 5520 pr0prias
3293 5450 3564 5520 deserere.

1997 5522 2146 5577 l-lanc
2195 5517 2474 5589 epistolam
2526 5520 2637 5575 fere
2684 5517 2944 5590 integram
2995 5517 3156 5576 refert
3195 5517 3462 5590 Possidius
3503 5517 3568 5590 _iu

1998 5592 2118 5645 Vita
2165 5586 2332 5645 sancti
2368 5593 2662 5659 Augustini.
2707 5592 2760 5645 lu
2791 5586 2976 5646 codice
3011 5605 3272 5646 canonum
3313 5586 3570 5659 Ecclesia)

1999 5662 2263 5716 Africmte
2311 5676 2427 5730 cap.
2455 5656 2529 5716 97
2559 5663 2762 5719 mentio
2801 5663 2858 5717 lit
2901 5663 3116 5716 civitatis
3149 5656 3484 5730 Tliiganemis
3514 5657 3565 5711 in

2002 5733 2312 5788 Mauritania
2337 5769 2352 5796 ,
2379 5728 2468 5785 cui
2497 5773 2512 5795 ,
2550 5736 2621 5788 uti
2653 5735 2858 5788 videtur
2882 5776 2896 5796 ,
2933 5739 3156 5798 praeerat
3184 5728 3447 5798 Primosus
3464 5735 3565 5798 ζει

2002 5803 2214 5867 quidem
2246 5818 2344 5858 ius.
2376 5801 2542 5859 codex
2565 5841 2583 5868 ,
2620 5814 2676 5860 ut
2702 5795 2890 5860 monet
2912 5795 3218 5858 Holstenius
3240 5839 3254 5865 ,
3285 5795 3444 5851 habet
3475 5796 3568 5852 Ti-
3619 5855 3629 5863 .
