4078 6348
507 328 611 385 545

1512 324 1846 379 ares-Nom
1891 308 1981 379 An
2026 325 2368 381 V’ICTOREM
2413 325 2750 381 Vl'l‘ENSEM

3657 322 3753 377 ειι

504 448 774 523 ρίιρεηεὶδ,⁸
814 447 1038 523 Graecus
1076 452 1252 501 textus
1296 444 1350 523 in_
1384 442 1539 497 editis
1576 446 2068 523 τῆςΛΘιῖᾳξι-ιοσέᾕς
2097 447 2148 502 Α
2178 444 2374 523 locum,
2402 460 2469 523 an
2496 459 2529 498 e
2558 443 2798 498 Numidia
2836 442 2994 523 fuerit
3023 450 3113 496 aut
3159 456 3192 496 e
3216 441 3752 523 Mauritaniaﬂagsa.

505 513 718 578 Ernst...
750 518 901 581 Apud
928 517 1268 571 Ptolemaaum
1297 513 1389 568 lib.
1415 530 1492 576 tv,
1522 528 1640 583 cap.
1672 515 1729 575 2,
1760 513 1956 567 dicitur
1981 513 2072 566 Ti-

505 607 665 661 gava;
697 590 862 642 codex
904 584 1361 661 lialatinnshahet
1390 583 1601 661 Pigaua.
1627 583 1734 661 ριν
1758 593 1838 661 tas
1867 583 2074 661 figurae

505 655 830 714 inemoratnr
859 675 888 712 a
923 657 1093 710 Plinio
1141 657 1230 710 lib.
1265 673 1295 707 v
1323 699 1336 722 ,
1365 671 1481 723 cap.
1514 655 1566 706 2.
1625 655 1858 718 Tigavias
1895 655 2076 708 laudat

505 731 814 784 Ammianus
844 728 1178 781 Marcellinus
1226 726 1316 780 lib.
1351 742 1497 785 χχιι.
1543 741 1662 783 can.
1693 725 1745 778 5.
1775 725 1940 780 Pnrro
1969 727 2072 779 du-

506 801 697 867 plicem
731 799 958 851 nominis
985 798 1136 852 istius
1169 800 1340 850 locum
1384 800 1433 849 in
1461 795 1775 867 Mauritania
1814 796 1975 849 fuisse
2003 811 2070 850 ex

504 865 755 924 Antonini
789 869 1066 922 ltinerario
1103 877 1249 935 patet
1274 909 1287 927 ,
1337 867 1424 920 ubi
1459 865 1676 936 T.gavas
1715 867 2071 936 municipium,

505 938 767 1008 Oppidum
793 938 991 992 Nouum
1008 939 1226 1000 colonia,
1243 937 1434 1008 Tigava
1459 945 1649 991 castra.
1675 936 1876 992 Tamen
1908 937 2074 991 editio

499 1010 663 1064 Bertii
693 1011 852 1064 habet
886 1009 1102 1079 'I'iragas
1131 1019 1315 1060 castra.

571 1081 658 1136 69.
702 1077 1089 1147 Rusamrsuus.
1117 1078 1418 1147 Legendnm
1448 1085 1595 1146 putat
1617 1077 1918 1132 Harduinus
1962 1078 2072 1131 Ruo

502 1152 797 1214 sadiramts,
829 1164 925 1206 seu
952 1141 1129 1217 potius
1161 1141 1580 1213 Il'usadirita'nus,
1614 1149 1752 1214 quod
1801 1165 1868 1201 ex
1901 1147 2073 1202 Plinio

499 1217 591 1274 lib.
624 1239 675 1284 v,
699 1235 816 1286 cap.
848 1221 902 1282 2,
939 1220 990 1272 in
1029 1218 1336 1272 Mauritania
1369 1217 1646 1282 Tingitana
1667 1219 1894 1272 Rusadir
1920 1219 2074 1288 oppi-

501 1292 624 1344 dum
646 1302 691 1342 et
709 1302 887 1358 portus
909 1289 1182 1344 habeatur.
1210 1289 1409 1343 Dicitur
1430 1288 1697 1343 Rusadder
1712 1289 1910 1342 colonia
1933 1289 2072 1355 apud

501 1364 824 1416 Antoninum
877 1362 928 1412 in
972 1360 1280 1424 ltinerario,
1313 1376 1341 1411 a
1384 1359 1672 1412 Ptolemaeo
1699 1373 1828 1412 vero
1859 1359 1947 1411 lib.
1996 1374 2070 1420 tv,

501 1445 618 1497 cap.
655 1431 706 1490 l,
751 1429 1096 1497 Ῥυτσὰδιρον.
1139 1431 1200 1483 Ει
1245 1430 1565 1496 Pomponius
1593 1429 1723 1482 Mela
1763 1429 1984 1482 Rusadir
2026 1439 2073 1482 et

501 1501 682 1570 Sigam
711 1518 893 1568 parvas
916 1499 1062 1554 urbes
1084 1502 1135 1554 in
1158 1499 1464 1570 Mauritania
1497 1499 1775 1568 Tingitana
1807 1507 2070 1562 recenset,

501 1569 619 1624 cuin
643 1571 774 1624 alias
794 1614 810 1636 ,
840 1572 1048 1641 inquit,
1081 1571 1209 1624 nihil
1249 1570 1318 1625 sit
1349 1570 1401 1624 in
1432 1569 1530 1641 hac
1568 1571 1838 1636 provincia
1870 1585 2075 1624 memo-

500 1649 618 1694 ratu
641 1641 879 1709 dignum.
916 1639 1143 1706 Verum,
1175 1642 1223 1694 ni
1252 1641 1406 1694 fallor
1430 1681 1444 1703 ,
1478 1639 1837 1693 Rusadttanns
1867 1643 2075 1707 episco-

503 1727 602 1774 pus
629 1712 711 1765 hic
741 1713 794 1765 in
823 1714 1010 1766 notitia
1037 1714 1332 1766 recensitos
1356 1712 1433 1764 sic
1452 1711 1629 1764 dictus
1662 1713 1757 1766 fuit
1779 1727 1806 1762 a
1838 1710 2069 1764 Rusazo.

499 1783 625 1835 Erat
671 1790 846 1836 autem
903 1783 1133 1838 Rusazus
1178 1782 1379 1834 colonia
1411 1781 1658 1848 Augusti,
1700 1796 1858 1845 quam
1911 1781 2068 1848 paulo

500 1852 720 1904 inferius
748 1854 860 1914 ipse
895 1854 1093 1906 l‘linius
1121 1854 1173 1906 in
1198 1852 1505 1905 Mauritania
1535 1849 1848 1908 Cznsariensi
1879 1865 2064 1904 recen-

499 1931 596 1975 set.
635 1922 836 1977 Dicitur
860 1925 926 1977 ab
952 1925 1216 1978 Antooino
1254 1921 1484 1975 Ilusazus
1510 1922 1863 1986 municipium,
1898 1938 1925 1974 a
1959 1936 2063 1985 quo

499 1995 633 2044 sicut
676 2005 728 2046 et
759 2010 786 2044 a
819 1993 1108 2048 Ptolemaeo
1140 1993 1274 2047 libro
1301 2009 1374 2059 tv,
1403 2005 1519 2058 cap.
1551 1991 1606 2055 2,
1640 1992 1690 2044 in
1724 1993 1910 2046 eadem
1941 2006 2066 2057 pro-

499 2063 671 2115 vincia
718 2064 942 2118 locatur.
989 2066 1053 2117 Et
1083 2064 1294 2131 quidem
1338 2071 1532 2129 praeter
1559 2061 1657 2131 loci
1688 2064 1845 2116 situm
1872 2102 1887 2124 ,
1930 2061 2069 2116 favet

498 2133 659 2185 etiam
697 2135 848 2189 nobis
888 2130 1134 2188 Afrorum
1166 2132 1442 2186 familiaris
1465 2130 1730 2186 scribendi
1761 2135 1917 2193 ratio,
1950 2133 2064 2200 qui,

498 2211 555 2255 ut
583 2217 645 2255 ex
688 2205 803 2260 llISO
857 2205 1126 2258 llarduino
1156 2205 1379 2270 aliisque
1417 2201 1547 2254 viris
1575 2205 1797 2256 eruditis
1830 2205 1930 2261 iam
1961 2218 2066 2256 non

498 2274 660 2326 semel
691 2274 1034 2329 observatum
1085 2283 1202 2339 est,
1234 2274 1438 2328 litteras
1489 2274 1522 2323 (ἰ
1551 2281 1605 2325 et
1631 2290 1660 2325 π
1705 2273 2067 2327 indifferenter

498 2342 853 2410 adhibebant;
878 2345 946 2399 ita
980 2355 1036 2399 ιιι
1068 2345 1298 2398 Iluznsus
1319 2354 1368 2397 et
1399 2341 1637 2396 Rusadus
1661 2343 1799 2397 idem
1833 2345 1960 2397 sint.

570 2413 658 2484 70.
680 2415 1073 2484 BEPEBITANUS.
1097 2415 1360 2484 Oppidum
1386 2412 1749 2480 lleperitanum
1772 2431 1836 2467 cx
1856 2414 2067 2467 Victore

500 2483 652 2556 liabet
684 2483 935 2539 Ortelius.
971 2483 1279 2556 Anonymus
1307 2483 1587 2556 Ravennas
1614 2485 1703 2556 lib.
1733 2500 1814 2556 ut,
1838 2500 1983 2556 num.
2009 2485 2062 2553 8,

497 2551 887 2621 Repetinianam
921 2558 1102 2610 urbem
1128 2551 1397 2608 ittetiiorat
1441 2552 1497 2604 in
1544 2552 1849 2607 Mauritania
1891 2551 2067 2608 CzesaL

497 2624 682 2694 rien~i,
714 2640 810 2693 pro
831 2641 930 2693 qua
955 2643 986 2679 n
1012 2635 1134 2679 ‘ster
1161 2624 1401 2678 Placidus
1427 2621 1734 2678 Porcheron
1767 2626 2067 2694 suspicatur

499 2693 778 2762 legendum
807 2711 925 2750 esse
961 2697 1286 2764 Reperitana.

572 2765 657 2816 71.
692 2765 1001 2820 υιιιιιιεκδις.
1033 2761 1269 2820 ’Πὺαάαηι
1318 2766 1369 2819 in
1410 2761 1722 2820 Mauritania
1750 2765 2063 2820 Cmsaricnsi

497 2844 761 2888 memorat
807 2836 1036 2890 Ortelius
1076 2853 1138 2892 ex
1175 2836 1390 2891 Victore
1429 2836 1681 2890 Uticensi.
1732 2836 1967 2890 Habetur
2013 2848 2068 2891 et

503 2904 669 2976 libata
697 2907 746 2958 in
775 2907 946 2960 Africa
981 2909 1190 2974 pronria
1239 2925 1301 2962 ex
1343 2907 1662 2970 Ptolemaeo,
1687 2923 1844 2976 quam
1877 2907 2064 2962 urbem

498 2974 589 3028 sub
618 2979 894 3030 Adrumeto
914 2978 1074 3032 fuisse
1103 2978 1228 3032 dicit
1259 2979 1352 3032 lib.
1377 2994 1448 3038 tv,
1473 2991 1588 3045 cap.
1609 2979 1642 3032 ὅ
1662 2995 1676 3039 ;
1700 2974 1817 3043 quin
1843 2979 2065 3046 proinde

499 3047 560 3098 ad
584 3046 908 3115 Byzarenant
944 3049 1183 3102 revocari
1210 3050 1385 3104 debet.
1423 3049 1591 3104 Ubasa
1615 3048 1876 3101 castellum
1905 3048 2066 3103 habe-

499 3125 586 3169 tur
615 3121 664 3190 in
692 3116 908 3190 _Tahulis
935 3119 1380 3188 Pcutingeriams,
1409 3122 1500 3174 sed
1529 3123 1578 3170 in
1604 3118 1872 3190 Numidia,
1910 3121 2062 3190 173

500 3195 557 3238 ut
582 3187 790 3252 quidem
824 3189 948 3242 tttihi
988 3187 1212 3242 videtur.
1258 3191 1422 3245 Porro
1450 3190 1684 3245 Ultabﬂm
1716 3187 2070 3244 ealnden—I'ub-

500 3253 617 3310 bent
647 3272 766 3311 esse
791 3273 909 3311 cum
942 3259 1082 3312 Baba
1110 3274 1140 3312 a
1173 3260 1459 3315 Ptolemaeo
1488 3266 1542 3313 et
1571 3258 1842 3327 Stephano
1867 3276 2071 3314 memo-

499 3335 609 3378 rata
642 3338 823 3382 censet
859 3329 1185 3383 Hulstenius.

571 3397 658 3469 72.
688 3399 1040 3453 Οιςοιιιτιιιιιιε.
1071 3400 1213 3452 lnter
1245 3401 1399 3469 hujus
1431 3399 1717 3466 provinciae
1745 3400 1921 3465 sedes,
1954 3418 2072 3466 quae

500 3463 720 3538 inferius
742 3469 1020 3536 episcopos
1042 3480 1166 3522 tunc
1183 3486 1286 3524 non
1311 3463 1557 3523 habuisse
1573 3470 1842 3536 dicuntur,
1861 3463 2073 3538 quando

499 3534 692 3609 Al‘rica'.
721 3534 954 3609 episcopi
988 3540 1360 3608 Carthaginem
1397 3543 1646 3594 mandato
1687 3534 1837 3609 regis
1872 3534 2070 3597 conve-

499 3608 616 3660 nire
636 3607 768 3672 jnssi
798 3619 941 3676 sunt,
972 3607 1280 3663 numeratur
1309 3612 1422 3664 loco
1446 3612 1478 3664 6
1503 3607 1801 3663 Oboritaua.
1830 3611 1903 3665 Ex
1932 3627 2075 3665 com-

499 3677 737 3750 pluribus
760 3691 934 3733 autem
969 3681 1186 3734 urbibus
1213 3696 1344 3750 quas
1369 3696 1434 3734 ex
1468 3681 1681 3734 Victore
1703 3681 1936 3736 Uticensi
1961 3699 2074 3736 me-

499 3758 674 3800 morat
705 3748 966 3823 Qrtelius,
986 3765 1087 3803 una
1114 3764 1186 3823 es!
1225 3748 1546 3823 cuiprteluit
1586 3751 1928 3806 Auboritanus
1958 3755 2072 3823 epi-

497 3832 680 3885 scopus
711 3820 760 3871 in
795 3819 1108 3874 Mauritania
1139 3819 1456 3884 Cwsariensi,
1489 3837 1646 3889 quem
1670 3823 1768 3876 iste
1794 3819 2072 3880 auctor'ab

497 3891 630 3942 urbe
655 3889 944 3962 Aubureum
969 3893 1106 3944 dicta
1137 3892 1214 3946 sic
1235 3893 1557 3962 appellatum
1582 3892 1746 3957 fuisse
1772 3901 1940 3960 putat.
1963 3894 2071 3962 Ego

495 3973 623 4012 vero
655 3959 753 4014 hac
781 3976 909 4015 voce
937 3962 1134 4015 nullum
1157 3959 1320 4016 alinni
1343 3978 1372 4016 a
1401 3961 1554 4016 Petro
1580 3959 1878 4027 Obaritano,
1911 3959 2070 4019 hicin

495 4029 691 4083 Notitia
739 4042 1053 4096 memorato,
1105 4033 1368 4099 designari
1417 4035 1688 4086 existimo.
1740 4032 1849 4086 Nec
1893 4034 2072 4090 obStat

494 4101 634 4166 quod
662 4116 725 4155 ex
758 4105 946 4157 eodem
976 4103 1188 4157 Victore
1219 4102 1551 4157 Obaritanam
1581 4103 1769 4156 urbem
1809 4117 2071 4160 memoret

494 4170 609 4236 ipse
638 4173 891 4237 Ortelius,
919 4187 1041 4227 cum
1086 4173 1245 4237 infra,
1279 4184 1338 4227 ut
1367 4189 1489 4228 mox
1519 4173 1855 4239 dicebamus,
1900 4175 2068 4230 altera

495 4239 733 4306 ejusdem
767 4242 996 4295 numinis
1037 4244 1191 4296 sedes
1223 4244 1497 4296 habeatur.

565 4309 652 4361 75.
695 4307 1328 4366 (ΞΑε-ιιιιιεειιειιιιιιιειιειε.
1362 4310 1660 4365 Castrorum
1688 4310 2070 4366 Seberianensis

495 4377 819 4431 mentionem
843 4395 906 4433 ex
942 4379 1153 4433 Victore
1175 4383 1295 4434 facit
1324 4382 1578 4434 Ortelius.

567 4445 655 4499 74.
683 4451 1161 4504 CASTBANOBENSIS.
1187 4451 1365 4504 Codex
1389 4450 1609 4509 Halleri.
1635 4449 2068 4506 Castronobensis.

495 4516 570 4570 Ea
595 4525 676 4570 est
701 4519 828 4572 urbs
853 4533 1007 4587 quam
1033 4521 1326 4575 Antoninus
1354 4521 1403 4572 in
1427 4521 1703 4573 ltinerario
1721 4517 1901 4572 Castra
1919 4520 2066 4574 Nova

495 4587 745 4661 appellat.
798 4587 1049 4661 Ejusdem
1097 4591 1327 4661 nominis
1357 4589 1538 4643 urbem
1571 4598 1832 4643 memorat
1857 4605 2062 4661 anony-

493 4655 1007 4729 nttt_s_ARavennensis
1035 4661 1084 4713 in
1112 4659 1389 4729 Tingitana
1422 4661 1515 4715 lib.
1546 4675 1623 4723 tu,
1653 4676 1708 4713 ιι.
1734 4661 1786 4714 9.

566 4727 654 4802 75_.
679 4729 1074 4802 canusinatus.
1099 4727 1244 4785 Hane
1269 4731 1448 4802 sedem
1474 4729 1592 4802 aliis
1620 4731 1883 4802 plerisque
1908 4731 2063 4802 hujus

491 4798 777 4862 provinciae
799 4800 1020 4853 urbibus
1045 4804 1306 4856 notiorem
1333 4799 1458 4856 fecit
1495 4798 1748 4856 Voconius
1788 4798 2063 4858 Castetlatti

491 4866 819 4942 Mauritania:
862 4871 1037 4942 oppidi
1076 4874 1360 4942 episcopus,
1405 4873 1490 4938 qui
1538 4886 1569 4925 a
1609 4872 1885 4926 Gennadio
1923 4874 2063 4929 inter

490 4939 778 5012 scriptores
806 4939 1202 4996 ecclesiasticos
1231 4939 1281 4996 in
1311 4941 1564 5009 Catalogo
1593 4958 1711 5011 cap.
1743 4944 1809 4996 78
1839 4958 2061 5012 compu-

491 5015 651 5082 tatur,
707 5009 884 5078 ibique
931 5011 1177 5065 laudatur
1215 5013 1355 5081 quod
1389 5023 1581 5080 praeter
1624 5009 1683 5067 ea
1714 5029 1833 5082 quin
1873 5009 2060 5070 contra

489 5076 724 5154 Judteos,
749 5076 999 5154 Arianos,
1024 5076 1260 5150 aliosque
1289 5076 1539 5137 Ecclesia}
1560 5076 1802 5137 inimicos
1828 5085 2060 5154 scripsit,

489 5147 717 5222 ediderit
741 5150 906 5222 etiam,
928 5147 1375 5206 sacramentorum
1404 5157 1659 5222 egregium
1683 5147 1949 5209 volumena
1966 5147 2062 5211 llic

486 5217 730 5288 antistes,
776 5227 837 5272 ut
868 5221 1076 5276 Miratus
1102 5223 1370 5288 observat,
1408 5217 1475 5277 ab
1505 5217 1740 5278 Honorio
1769 5235 1824 5279 et
1850 5225 2060 5280 Trithe-

485 5287 596 5340 mio
621 5288 815 5341 dicitur
841 5288 1122 5364 Baconius,
1152 5305 1308 5362 quam
1342 5293 1627 5348 lectionem
1661 5294 1818 5348 habet
1848 5310 2059 5364 quoque

488 5367 645 5412 vetus
665 5362 941 5426 exemplar
961 5363 1217 5416 Gennadii
1246 5379 1311 5417 ex
1340 5364 1662 5418 bibliotheca
1688 5362 2054 5420 Fiscannensi.

487 5427 544 5480 ln
576 5435 760 5482 nostro
779 5437 954 5483 autem
977 5433 1336 5488 vetustiSsimo
1349 5434 1534 5489 codice
1555 5435 1746 5488 dicitur
1773 5434 2052 5490 Vuconius.

486 5495 815 5574 De_Cerea_li
865 5499 1186 5574 castellano,
1237 5505 1325 5571 qui
1373 5507 1531 5558 etiam
1583 5506 1722 5559 inter
1766 5507 2054 5574 scriptores

485 5568 876 5638 ecclesiasticos
926 5572 1096 5624 locum
1146 5568 1359 5638 meruit,
1401 5576 1524 5628 vide
1567 5576 1700 5627 intra
1745 5568 1893 5630 num'.
1927 5577 2049 5631 H9.

486 5636 654 5691 Porro
679 5641 745 5715 in_
757 5638 1048 5715 Collatiune
1072 5642 1318 5715 Carthag.
1347 5636 1467 5710 cap.
1525 5645 1622 5699 180
1652 5643 1919 5700 Severinus
1947 5649 2057 5715 epi-

486 5723 666 5782 scopus
705 5710 1022 5767 Castetlanus
1059 5729 1124 5768 ex
1163 5710 1554 5769 Donatistarum
1587 5726 1730 5768 secta
1757 5710 2055 5773 recensitus

487 5784 587 5845 est,
638 5795 796 5850 quem
839 5796 898 5838 se
927 5784 1135 5840 nescire
1179 5785 1251 5839 ait
1291 5785 1536 5840 Baluzius
1563 5785 1615 5840 in
1643 5795 1764 5840 nota
1808 5787 1873 5840 ad
1915 5788 2054 5844 hunc

2088 4562 2144 4623 D

2179 515 2366 568 riensi.
2408 514 2609 568 Tamen
2657 528 2838 579 supra,
2888 513 2954 565 ad
2995 528 3115 581 cap.
3155 512 3358 567 scilicet
3390 513 3493 567 155
3517 513 3747 581 ejusdem

2177 585 2512 645 Collationis,
2559 585 2645 638 ubi
2694 583 2964 637 Severinus
2993 585 3258 651 episcopus
3300 584 3575 637 Donatista
3608 585 3752 638 testi-

2181 655 2418 708 monium
2449 655 2621 709 reddit
2665 655 2715 707 in
2747 657 2956 720 negotio
2981 655 3120 721 quod
3150 655 3213 705 ad
3245 652 3604 708 Cmsarienses
3629 669 3749 723 spe-

2178 726 2378 787 ctabat,
2423 741 2542 778 eum
2586 724 2946 778 Castellannm
2996 727 3045 776 in
3090 725 3400 778 Mauritania
3449 725 3752 792 episcopum

2180 794 2342 849 fuisste
2387 795 2558 849 fassus
2596 803 2698 849 est.
2739 793 3020 847 Castellum
3065 795 3202 848 inter
3233 795 3558 847 Mauritaniae
3581 797 3755 848 Caesa-

2178 866 2373 919 riensis
2414 867 2574 921 urbes
2613 875 2872 920 memorat
2916 880 3215 934 anonymus
3258 864 3626 919 Ravennensis
3659 866 3752 924 lib.

2178 951 2258 1001 ut,
2291 953 2346 990 n.
2376 936 2430 991 8.

2251 1009 2338 1061 76.
2381 1006 2780 1062 MU‘I‘ECITANUS.
2809 1005 2864 1059 In
2890 1005 3294 1070 Carthaginrnsi
3317 1005 3613 1076 collatione
3633 1021 3751 1076 cap.

2182 1076 2285 1132 155
2306 1087 2628 1131 memoratur
2647 1077 2889 1130 Leontius
2910 1078 3178 1142 episcopus
3201 1075 3358 1146 plebis
3381 1075 3430 1128 Μ
3440 1079 3754 1143 usertitame,

2178 1162 2278 1214 pro
2320 1163 2425 1215 quo
2466 1150 2765 1213 suspicatur
2816 1147 2878 1202 V.
2923 1147 2983 1201 Ο.
3026 1148 3268 1200 Baluzins
3311 1147 3591 1215 legendum
3637 1163 3756 1204 esse

2183 1217 2527 1270 Mutecitante.
2557 1219 2619 1271 Et
2649 1218 2862 1286 quidem
2886 1217 3121 1272 Ortelius
3149 1219 3199 1270 in
3225 1217 3499 1269 Thesauro
3528 1233 3752 1285 geogra-
3788 1260 3794 1266 .

2179 1287 2338 1354 pltico
2381 1288 2740 1342 Mutecitanam
2791 1288 2974 1341 urbem
3031 1302 3096 1341 ex
3153 1287 3450 1342 Collatione
3499 1288 3752 1357 Carthag.

2181 1359 2381 1423 laudat,
2430 1373 2588 1425 quam
2634 1369 2812 1411 tamen
2857 1373 3116 1425 nusquam
3147 1358 3382 1414 reuerire
3412 1357 3540 1410 mihi
3585 1359 3754 1414 licuit.

2181 1429 2324 1482 Idem
2353 1437 2542 1482 auctor
2585 1428 2741 1495 paulo
2788 1428 3008 1480 inferius
3061 1427 3415 1481 .lluticitauum
3446 1427 3680 1482 Limiteut
3706 1431 3756 1482 in

2180 1497 2497 1551 Mauritania
2533 1499 2832 1553 Ctesariemi
2863 1497 3083 1551 laudans
3125 1515 3187 1551 ex
3232 1498 3368 1551 libro
3405 1498 3637 1562 Notitia,
3671 1500 3756 1556 ubi

2179 1567 2408 1639 habetur
2435 1579 2568 1622 sect.
2600 1569 2690 1629 54.
2729 1579 2908 1639 monet
2948 1569 3000 1621 in
3041 1568 3225 1622 codice
3267 1569 3616 1624 membraneo
3663 1585 3757 1639 pro

2183 1637 2474 1692 Muticilani
2511 1639 2691 1693 haberi
2742 1638 3082 1693 Maulicitant’.
3141 1639 3306 1693 Porro
3347 1654 3467 1693 cum
3513 1637 3756 1695 Leontius

2179 1725 2335 1774 supra
2382 1726 2448 1763 ex
2489 1709 2783 1764 Collatione
2823 1710 3070 1763 laudatus
3097 1709 3289 1764 ibidem
3322 1710 3524 1763 nullum
3557 1726 3617 1763 se
3662 1710 3756 1764 ba-

2180 1778 2306 1834 bere
2352 1780 2680 1834 Donatistam
2727 1779 3090 1834 adversarium
3136 1791 3516 1845 asseverasset,
3565 1781 3758 1836 Habet-

2177 1849 2310 1904 deus
2338 1851 2596 1904 diaconus
2625 1851 2898 1918 respondit
2925 1848 3249 1904 Cresconium
3277 1850 3435 1920 modo
3465 1851 3631 1904 fuisse
3664 1868 3757 1920 pro

2175 1936 2236 1974 ea
2268 1921 2400 1974 urbe
2421 1922 2743 1974 ordinatum.
2777 1921 2928 1976 Unde
2953 1922 3112 1975 infert
3137 1921 3380 1974 Baluzius
3406 1919 3756 1976 Cresconinm

2177 1990 2507 2062 Donatistam
2537 1993 2626 2060 qui
2659 1991 2880 2045 inferius
2909 1990 3172 2062 οςιρχῖοϐ
3219 1993 3484 2062 episcopus
3513 1990 3760 2045 Mustita-

2175 2077 2274 2114 nus
2299 2061 2514 2125 dicitur,
2543 2064 2828 2131 ipsummet
2868 2076 2988 2116 esse
3023 2061 3347 2116 Cresconinm
3377 2078 3533 2129 quem
3562 2063 3758 2116 Habet-

2176 2131 2305 2185 dl'llS
2352 2143 2776 2195 memoraverat;
2819 2147 2880 2186 ac
2921 2133 3162 2200 proinde,
3203 2133 3274 2186 ibi
3309 2147 3403 2198 pro
3442 2132 3757 2186 Mustitanus

2173 2203 2542 2270 reponendum
2573 2218 2691 2257 esse
2734 2201 3134 2267 Masertitanus,
3176 2202 3316 2270 quod
3350 2212 3402 2254 et
3447 2202 3590 2258 fecit.
3627 2203 3754 2268 Sed,

2175 2282 2232 2326 ttt
2257 2287 2416 2341 supra
2441 2273 2670 2328 diximus
2691 2277 2739 2326 in
2763 2275 2901 2326 notis
2925 2275 2990 2326 ad
3013 2275 3293 2342 episcopos
3319 2273 3580 2327 Numidia:
3603 2290 3752 2328 num.

2175 2343 2260 2406 7l,
2292 2355 2343 2397 et
2374 2345 2436 2415 ad
2471 2347 2774 2415 liyzacenos
2798 2361 2945 2400 num.
2967 2343 3057 2406 ‘28,
3083 2344 3344 2398 Henricus
3363 2343 3606 2415 Norisius
3627 2360 3754 2399 con-

2173 2415 2339 2468 tendit
2365 2414 2691 2468 Cresconium
2719 2415 2876 2470 istum
2907 2431 3034 2469 vta-re
3063 2415 3400 2468 Mustitanum
3428 2415 3479 2468 itt
3509 2414 3754 2470 Numidia

2173 2487 2480 2552 epismpum
2525 2485 2714 2549 fuisse,
2765 2486 3004 2555 duasque
3053 2485 3170 2553 ejus
3209 2486 3454 2555 nominis
3494 2486 3658 2540 urbes
3706 2488 3754 2541 in

2172 2555 2351 2609 Africa
2383 2556 2656 2609 exstitisse
2683 2557 2888 2620 scribit,
2921 2554 3142 2624 quarunt
3172 2554 3340 2609 altera
3364 2555 3428 2608 ad
3460 2571 3753 2624 proconsu-

2173 2625 2360 2696 larem,
2391 2629 2559 2678 altera
2596 2627 2815 2696 vero'ad
2849 2626 3146 2679 Numidiam
3183 2627 3481 2692 spectabat.
3517 2626 3755 2696 Denique

2175 2695 2226 2747 in
2277 2697 2580 2749 calendario
2619 2693 3022 2762 Carthaginensi
3069 2712 3135 2748 vn
3167 2696 3240 2748 id.
3290 2697 3522 2749 Octobris
3557 2699 3616 2750 lit
3646 2693 3754 2751 me-

2174 2767 2342 2838 moria
2381 2768 2543 2819 sancti
2580 2767 2836 2838 Qttintasi,
2872 2783 3028 2838 quem
3061 2767 3201 2838 hunc
3242 2768 3412 2834 ipsum
3436 2766 3608 2838 174
3637 2783 3754 2823 esse

2176 2834 2481 2900 Quintasum
2517 2837 2819 2903 suspicatur
2857 2837 3087 2891 domnus
3128 2836 3359 2891 Joannes
3391 2834 3748 2903 beillonius,

2172 2905 2262 2972 qui
2294 2908 2378 2960 hic
2411 2910 2464 2960 in
2495 2907 2690 2959 Notitia
2734 2907 3079 2960 Mutecitunus
3115 2907 3397 2974 episcopus
3428 2909 3647 2962 dicitur.
3685 2913 3751 2962 At

2174 2975 2225 3029 in
2258 2980 2470 3046 vulgato
2497 2978 2879 3047 martyrologio
2931 2977 3359 3048 Hieronymiauo,
3402 2988 3458 3030 ut
3500 2980 3644 3032 idem
3675 2983 3752 3033 vir

2172 3049 2412 3102 eruditus
2443 3049 2714 3109 observat,
2749 3049 2935 3101 eadem
2966 3049 3053 3101 die
3081 3050 3217 3101 inter
3245 3048 3378 3101 alios
3410 3049 3565 3103 Afros
3594 3065 3752 3104 reco-

2175 3117 2305 3171 litur
2335 3118 2638 3183 Quintasus.
2664 3119 2718 3171 ln
2743 3120 2844 3172 ἱειο
2873 3129 3049 3173 autem
3075 3119 3454 3189 martyrnlogio
3477 3121 3753 3186 pauciores

2097 3193 2144 3256 C
2179 3204 2208 3242 e
2243 3189 2636 3245 recentioribus
2675 3190 2874 3244 sanctis
2919 3199 3208 3243 occurrunt
3255 3189 3422 3260 prima
3469 3205 3632 3244 manu
3659 3193 3755 3245 de-

2179 3261 2382 3327 scripti.

2249 3331 2334 3383 77.
2366 3331 2788 3384 RUHlCABlENSlS.
2835 3331 2924 3385 Sic
2961 3339 3014 3387 et
3062 3331 3229 3385 codex
3265 3331 3484 3385 Halleri.
3525 3331 3581 3385 ln
3621 3332 3756 3387 Car-

2186 3399 2334 3468 thag.
2366 3401 2681 3467 Collatione,
2715 3416 2832 3461 cap.
2868 3403 2986 3466 l97,
3019 3402 3157 3456 inter
3177 3401 3478 3456 Donatistas
3504 3402 3753 3457 Constan-

2181 3471 2278 3540 tius
2319 3471 2580 3540 episcopus
2632 3471 3095 3526 Rusubiccariensis
3140 3474 3456 3539 comparuit,
3493 3489 3652 3540 quem
3689 3475 3753 3528 ad

2179 3539 2546 3611 Mauritaniam
2590 3541 2970 3596 Cassariensem
3007 3544 3327 3611 pertinuisse
3367 3558 3431 3596 ex
3465 3539 3662 3597 Notitia
3699 3560 3754 3598 se

2178 3609 2428 3678 colligere
2449 3611 2522 3664 ait
2554 3612 2814 3666 Baluzius.
2837 3614 2888 3664 ln
2913 3609 3103 3666 Notitia
3127 3628 3253 3666 vero
3283 3613 3753 3668 Rusubiccuriemis

2177 3681 2461 3749 episcopus
2491 3696 2750 3746 nusquam
2786 3683 3029 3746 habetur,
3062 3685 3162 3737 nisi
3194 3699 3258 3738 eo
3283 3686 3498 3738 nomine
3530 3683 3764 3738 Rubica-'

2176 3753 2391 3804 riensem
2412 3752 2618 3816 urbem,
2651 3752 2718 3806 de
2756 3768 2858 3820 qua
2884 3754 2966 3806 hic
2988 3754 3213 3822 agimus,
3245 3763 3335 3807 aut
3359 3767 3502 3809 certe
3528 3754 3752 3808 Rusubi—

2176 3822 2422 3894 ritanam,
2451 3824 2694 3894 superius
2721 3839 2867 3894 num.
2892 3822 2962 3876 22
2989 3825 3328 3889 reccnsitam,
3352 3825 3638 3894 designare
3661 3841 3750 3878 vo-

2177 3891 2336 3946 luerit
2366 3893 2444 3946 vir
2471 3891 2726 3949 eruditus.
2761 3893 3100 3949 Subicarense
3125 3897 3388 3948 castellum
3418 3891 3754 3950 in’Manrita-

2177 3962 2262 4016 nia
2289 3965 2448 4017 situm
2481 3975 2744 4018 memorat
2771 3965 3082 4019 Ammianus
3111 3965 3443 4021 Marcellinus
3476 3965 3567 4020 lib.
3602 3983 3748 4034 utr,

2176 4047 2295 4106 cap.
2321 4035 2379 4106 _5,
2403 4034 2547 4106 quod
2573 4035 2640 4087 ab
2667 4035 2767 4088 hoc
2800 4034 3240 4089 Rusubiccariemi
3271 4051 3364 4090 seu
3394 4035 3752 4106 Rubicpn'ensi

2176 4104 2372 4170 oppido
2410 4105 2552 4158 aliud
2585 4121 2689 4158 non
2730 4120 2851 4160 esse
2881 4105 3318 4160 verisimillimum
3348 4117 3450 4161 est.
3493 4104 3653 4162 Certe
3678 4108 3747 4163 cl.

2175 4173 2256 4225 vir
2288 4174 2586 4229 Hadrianus
2617 4175 2874 4240 Valesius,
2908 4177 2990 4230 cui
3025 4177 3265 4230 Baluzius
3296 4191 3354 4232 se
3383 4178 3522 4231 ultro
3552 4193 3744 4233 assen-

2175 4244 2258 4294 tiri
2285 4244 2579 4310 prolitetur,
2613 4260 2678 4298 eo
2720 4246 2819 4298 loci
2864 4245 3004 4312 apud
3046 4246 3382 4301 Ammianum
3429 4247 3749 4302 Rusubbica-

2174 4327 2318 4365 reme
2334 4313 2440 4384 legi
2457 4324 2706 4374 oportere
2731 4317 3050 4383 suspicatur.
3066 4319 3118 4371 Si
3145 4327 3319 4371 tamen
3334 4318 3543 4371 Notitia:
3567 4319 3745 4384 lectio,

2175 4381 2703 4454 quae-Rubicariensis
2741 4381 2917 4449 habet,
2954 4388 3140 4441 melior
3177 4387 3352 4454 fuerit,
3395 4389 3565 4454 potius
3613 4381 3748 4444 reti;

2175 4451 2345 4528 nenda
2379 4453 2480 4528 erit
2506 4454 2711 4528 vulgata
2733 4457 3005 4528 Δ,έὶιιιιιιίειιιί
3041 4459 3216 4522 let-tio,
3243 4451 3366 4512 cum
3387 4451 3603 4528 propius
3635 4461 3747 4514 Ru-

2174 4520 2468 4598 bicariensis
2495 4537 2598 4598 vox
2620 4525 2692 4598 ad
2723 4525 3071 4598 Subicarensis
3100 4520 3319 4583 accedat
3345 4520 3501 4598 quam
3535 4532 3600 4582 ad
3634 4530 3748 4584 Ru-

2168 4592 2571 4646 subiccariensis.
2620 4593 2787 4647 Porro
2829 4593 3155 4650 Rusubricari
3195 4592 3656 4654 habet-Antonius
3695 4603 3745 4656 in

2170 4660 2471 4735 ltinerario,
2522 4664 2807 4718 Rusubeser
2841 4666 3160 4721 Ptolemaeus
3187 4669 3324 4723 libro
3352 4685 3421 4732 tv,
3456 4684 3574 4735 cap.
3608 4669 3664 4728 2.
3691 4680 3747 4726 et

2169 4731 2434 4856 (I’hit‘siciber
2463 4747 2581 4803 cap.
2615 4736 2876 4820 sequenti.
2927 4737 2984 4791 ln
3007 4737 3222 4794 Tabulis
3252 4731 3552 4810 Peutingeri
3585 4739 3746 4804 Rusi-

2201 4821 2226 4856 Υ
2274 4820 2304 4855 a
2336 4821 2372 4856 Ι.

2201 4819 2372 4856 rtcart.

2239 4875 2358 4950 78._
2372 4874 3002 4950 Msn_utLLsN5ts.‘Victor
3033 4881 3296 4950 episcopus
3324 4879 3740 4950 Mammillensis,

2166 4959 2286 4998 cum
2319 4943 2600 5018 screniano
2630 4961 2725 5000 suo
2754 4943 3071 5004 adversario"
3090 4943 3210 5018 cap;
3247 4948 3351 5004 208
3382 4953 3509 5006 item
3539 4943 3742 5008 mento;

2167 5026 2304 5078 rato,
2331 5014 2500 5090 adfuit
2529 5015 2806 5090 collationi
2835 5019 3087 5089 Carthag.
3113 5014 3232 5090 cap.
3267 5021 3388 5076 1'55.
3417 5026 3494 5076 An
3529 5024 3631 5090 huc
3658 5040 3744 5079 re-

2166 5086 2344 5161 vocari
2370 5086 2820 5161 posset‘Matnma:
2843 5090 3005 5159 regio,
3039 5086 3093 5144 in
3125 5086 3225 5159 qua
3257 5091 3558 5146 Maurorum
3592 5087 3742 5161 prin-

2164 5158 2529 5232 cipesfastra
2559 5158 2807 5232 habuisse
2848 5158 3098 5232 dientttnr
3125 5158 3263 5231 apud
3299 5158 3609 5232 Procopium
3647 5166 3738 5219 lib.

2163 5241 2201 5280 ιι
2218 5227 2292 5298 de
2317 5227 2464 5283 Bello
2493 5228 2798 5293 Vandalico,
2831 5230 2918 5284 alii
2942 5227 3277 5298 judicabant.
3312 5227 3524 5288 Videtur
3557 5243 3739 5289 tamen

2162 5297 2226 5350 ad
2252 5297 2529 5373 Byzacium
2566 5300 2884 5373 pertinuisse
2911 5297 3005 5357 τίει
3025 5301 3238 5373 quidem
3267 5303 3549 5359 Matnmam
3575 5305 3740 5373 Byza-

2161 5380 2309 5421 centr.
2337 5370 2523 5422 urbem
2547 5371 2991 5426 mediterraneam
3025 5372 3183 5425 habet
3211 5374 3351 5426 idem
3382 5387 3570 5430 anetor
3600 5370 3739 5428 libro

2160 5452 2210 5516 ν]
2245 5437 2316 5516 _de
2350 5437 2635 5506 IEdiﬁciis,
2674 5456 2793 5516 ca_p_.
2934 5442 3222 5516 Mamiliam
3263 5443 3406 5498 inter
3447 5447 3735 5516 Byzarenm

2157 5507 2399 5582 civitates
2431 5520 2695 5582 memorat
2736 5507 2932 5566 Notitia
2979 5514 3173 5569 Leonis
3217 5507 3550 5582 imperatoris
3596 5517 3734 5582 apud

2157 5577 2404 5656 Goarenl,
2455 5581 2548 5656 sed
2600 5580 2818 5656 Graecus
2849 5591 3023 5637 textus
3075 5587 3233 5638 habet
3261 5577 3523 5656 Μαμηὸσις
3570 5577 3735 5641 editio

2157 5657 2335 5727 autem
2365 5650 2646 5727 Dodleiana
2676 5651 2860 5727 Ggece
2889 5664 2943 5727 et
2972 5656 3156 5708 Latine
3179 5650 3406 5727 Μαμιδὰ.

2353 5721 2696 5796 ᾼμιιιιιειιβιε.
2727 5724 2817 5796 S‘ic
2834 5722 3002 5796 habet
3027 5718 3448 5796 ιιιθτᾳιιθέυιιθι
3478 5744 3578 5783 ms.
3605 5745 3730 5782 cunt

2155 5788 2334 5843 editis.
2369 5789 2491 5844 Haec
2532 5791 2660 5846 urbs
2703 5791 2770 5844 ad
2809 5793 3018 5849 Albulas
3058 5797 3110 5850 in
3156 5788 3407 5854 Antonini
3448 5797 3727 5855 ltinerario
