4078 6348
312 387 411 441 545

1296 381 1814 439 ANNOTATIONES
1853 381 1920 437 IN
1957 381 2279 436 NOTITIAM
2310 383 2600 441 AFRlC/E.

3458 389 3563 444 ’546

311 503 624 572 appellatur.
662 502 872 558 Albulas
917 504 969 556 in
1010 501 1320 556 Mauritania
1351 500 1590 557 Sitifensi
1618 506 1877 555 memorat
1903 499 1955 563 Α
1983 500 2111 555 nihil
2142 511 2320 558 tamen
2351 504 2509 557 habet
2538 503 2703 558 codex
2732 517 2834 557 ms.
2856 503 3098 560 Concilio
3116 505 3558 563 Cabarsussitano

310 590 602 644 annnymus
631 574 908 629 Ravennas
924 572 1019 644 lib.
1054 589 1130 631 ιιι.
1157 587 1303 626 num.
1337 572 1389 626 8.

377 642 465 701 8t).
492 645 890 701 Stccssrnuus.
910 643 1001 699 Sic
1023 644 1151 697 editi
1177 658 1294 696 cum
1321 653 1542 711 utroque
1562 642 1747 697 codice
1771 658 1874 698 ms.

308 715 507 770 Nomen
553 716 691 769 istud
723 732 752 769 a
800 714 948 770 Sicca
994 714 1208 767 Veneria
1236 715 1428 767 celebri
1475 717 1605 768 urbe
1646 714 1876 769 derivari

308 784 725 856 putatOrtelius.
744 789 810 839 At
838 785 1068 849 fallitur;
1096 800 1214 836 nam
1235 784 1285 837 in
1303 784 1872 856 Collationeitiartbag.

308 868 499 927 praeter
530 855 869 909 Fortunatam
898 856 1205 927 episcopum
1230 855 1551 927 catholicum
1585 855 1874 910 Siccensem

305 924 496 995 saepius
539 934 914 991 memoratum,
959 939 1011 979 et
1040 924 1261 977 Paulum
1293 926 1458 986 ipsius
1489 943 1553 980 ex
1584 939 1731 993 parte
1757 926 1867 979 Do-

306 998 412 1051 nati
452 997 842 1061 adversarium,
884 1006 943 1049 ut
972 996 1203 1049 diximus
1244 999 1294 1049 in
1324 995 1472 1049 Notis
1502 998 1565 1048 ad
1593 1000 1873 1065 episcopos

304 1070 591 1137 provinciae
636 1067 1031 1133 proconsularis
1071 1081 1214 1119 num.
1257 1067 1346 1131 Μ,
1386 1066 1524 1119 inter
1574 1066 1875 1122 Donatistas

302 1142 596 1207 comparuit
624 1138 879 1192 Martinus
908 1138 1173 1206 episcopus
1201 1136 1563 1193 Siccesitanus.
1594 1152 1715 1202 cap.
1749 1139 1869 1191 197.

302 1210 451 1264 Adde
476 1209 616 1278 quod
657 1209 863 1262 Siccam
892 1222 1047 1261 nemo
1077 1208 1333 1261 hactenus
1366 1207 1694 1261 Mauritania:
1722 1209 1874 1261 attri-

301 1277 504 1333 buerit.’
537 1279 716 1333 Melius
739 1278 874 1331 forte
916 1293 966 1331 a'
988 1278 1179 1332 Sicelia
1205 1277 1531 1330 Mauritania).
1561 1279 1709 1344 urbe,
1752 1293 1872 1346 quae

295 1349 443 1418 juxta
488 1351 707 1404 Dionem
738 1348 1031 1415 Xypliiliui,
1065 1347 1300 1418 Macrini.
1333 1346 1668 1418 imperatoris
1698 1350 1863 1416 patria

300 1416 418 1481 fuit,
450 1421 760 1475 Sicetitanus
783 1419 1076 1481 diceretur,
1111 1416 1337 1484 indeque
1366 1416 1727 1471 Siccesitauus.

363 1491 458 1545 81.
480 1490 1031 1545 Cantxorounaus.
1067 1488 1176 1541 llac
1202 1489 1253 1540 in
1286 1487 1417 1541 urbe
1444 1488 1580 1541 sedit
1609 1488 1868 1543 Publicius

296 1562 560 1631 episwpus
590 1560 1080 1631 GratinnOpolitona:
1107 1558 1265 1631 plebis
1286 1599 1299 1621 ,
1332 1558 1382 1631 in
1414 1558 1708 1631 Collatione
1737 1559 1868 1613 Car-

299 1628 599 1701 thaginensi
617 1646 737 1684 cum
761 1628 1020 1691 Deuterio,
1036 1629 1320 1701 Donatista
1338 1629 1506 1701 ipsius
1534 1629 1866 1701 adversario,

296 1699 408 1770 cap:
453 1699 558 1756 155
596 1713 942 1754 memoratus.
984 1700 1160 1752 Altera
1198 1699 1436 1770 ejusdem
1480 1699 1709 1752 nominis
1741 1700 1867 1754 urbs

298 1767 381 1825 luit
412 1773 498 1826 cui
523 1770 893 1827 Philadelphus
916 1770 1179 1839 episcopus
1206 1767 1707 1838 Cratianopolitanus
1732 1785 1866 1837 prae-

1982 588 2122 643 anno
2149 575 2251 629 595
2283 574 2459 627 habito
2489 573 2803 643 subscripsit
2830 576 2969 629 inter
2996 585 3223 632 caeteros
3252 577 3555 633 Donatistas

1984 641 2664 716 PancratiusBalianensis
2705 641 3018 710 episconus;
3081 663 3237 716 quam
3287 648 3474 703 urbem
3523 666 3554 707 a

1982 713 2263 769 Baiam-nsi
2293 715 2716 780 distinguendam
2756 732 2874 770 esse
2911 717 3071 770 infert
3099 713 3349 772 eruditus
3388 719 3551 775 Baiu-

1980 786 2115 860 z_ius,
2138 789 2276 860 qno«_|
2308 800 2447 860 anno
2472 788 2713 860 sequenti
2741 786 3011 860 infamosa
3039 789 3313 860 Bagaiensi
3342 792 3551 860 synodo

1979 854 2203 909 Beianus
2234 856 2530 911 Baianensis
2575 870 2694 909 cum
2740 857 2857 909 aliis
2906 854 3172 912 nonnullis
3218 876 3249 913 e
3296 854 3423 915 sede
3454 878 3549 919 sua

1982 925 2048 977 fu-
2071 926 2137 979 rit
2164 928 2419 992 deiectus.
2456 926 2611 980 Certe
2640 929 2690 979 in
2719 927 2930 980 laudato
2951 929 3390 985 Cabarsussitano
3417 949 3550 987 con-

1979 996 2102 1071 cilio
2147 998 2314 1071 adfuit
2362 1011 2574 1071 quoque
2610 997 2838 1071 Donatus
2883 999 3145 1071 episcopus
3195 999 3545 1071 Belianensis;

1976 1067 2168 1139 quibus
2196 1070 2411 1122 vocibus
2442 1068 2680 1122 diversas
2709 1069 2869 1121 urbes
2899 1068 3163 1138 designari
3193 1080 3392 1125 certum
3426 1067 3543 1139 est,

1978 1137 2227 1203 nisi‘quis
2256 1139 2521 1192 afﬁrmare
2544 1139 2774 1191 voluerit
2804 1140 2854 1190 in
2884 1153 2988 1191 una
3018 1137 3174 1208 atque
3201 1142 3384 1196 eadem
3415 1137 3545 1200 urbe

1976 1209 2275 1283 complures
2299 1210 2451 1283 simul
2482 1208 2639 1283 unius
2652 1209 3050 1283 Donatistarum
3070 1218 3237 1283 secta:
3258 1212 3541 1283 episcopos

1979 1276 2163 1346 fuisse,
2195 1279 2333 1346 quod
2364 1296 2520 1334 nemo
2547 1280 2699 1333 facile
2726 1281 2824 1332 sibi
2855 1280 3211 1349 persuadrbit.

2032 1350 2131 1471 ρει.
2160 1350 2668 1471 Ιὸειῖευυειιτιιδυε.
2709 1351 2859 1404 Hunc
2887 1364 3097 1421 quoque
3122 1365 3187 1404 ex
3212 1350 3421 1409 Victore
3443 1354 3540 1409 Or~

2054 1435 2133 1471 Itts
2181 1432 2354 1471 amat.

1977 1419 2133 1472 telius
2160 1422 2354 1474 laudat.

2044 1490 2133 1543 95.
2176 1493 2448 1546 Νοιιιειιςιε.
2490 1495 2605 1547 Jam
2646 1506 2802 1559 supra
2842 1507 2990 1547 num.
3024 1492 3090 1546 l9
3132 1492 3356 1547 habetur
3384 1494 3543 1549 γένος

1972 1561 2169 1631 candus
2193 1560 2458 1615 Nobensis.
2493 1565 2559 1619 Et
2586 1564 2799 1631 quidem
2826 1562 2879 1616 in
2908 1563 3095 1617 codice
3124 1563 3319 1617 Halleri
3347 1565 3541 1631 duplex

1973 1630 2098 1683 Urbs
2142 1630 2392 1686 Nobensis
2440 1630 2796 1697 memoratur,
2842 1647 3062 1699 quarum
3114 1634 3345 1699 episcopi
3397 1630 3544 1692 luere

1979 1698 2306 1755 Verecundus
2335 1712 2388 1757 et
2416 1703 2633 1768 Paulus,
2664 1714 2721 1756 ut
2750 1698 2973 1758 testatur
3002 1698 3255 1757 Ortelius.
3291 1704 3543 1759 Verecun-

1971 1771 2068 1842 dus
2098 1781 2295 1834 autem,
2328 1784 2383 1827 ut
2412 1775 2516 1842 iam
2548 1776 2799 1839 ditimus,
2834 1789 2989 1839 supra
3025 1775 3318 1829 recensitus
3346 1786 3455 1836 est;
3489 1788 3544 1831 at

294 1852 426 1919 erat,
460 1852 702 1919 tempore
723 1839 1236 1919 coocilii_Ephesini,
1268 1840 1356 1919 qui
1385 1841 1525 1919 inter
1553 1840 1685 1894 alios
1714 1842 1861 1910 ejus-
1893 1858 1942 1919 Β
1968 1841 2103 1919 alter
2130 1845 2319 1919 tumAin
2347 1839 2519 1919 editis,
2552 1856 2659 1899 tum
2691 1846 2741 1897 in
2768 1845 2950 1919 codice
2978 1844 3315 1919 Laudunensi
3344 1845 3541 1917 Mingin

294 1912 410 1967 dem
446 1913 639 1983 synodi
668 1912 851 1965 Patres
883 1910 1266 1983 subscripsisse
1295 1913 1589 1983 invenitur.

358 1985 447 2038 δὲ.
477 1980 1098 2039 ΜΑΝΑΟοεκεειιιτΑΝυε.
1149 1980 1239 2034 Sic
1285 1981 1446 2035 etiam
1496 1981 1653 2035 habet
1695 1982 1862 2039 codex

297 2055 519 2110 Ilalleri.

356 2126 447 2180 83.
481 2127 739 2180 BITENSIS.
775 2123 1029 2177 Tertullus
1062 2123 1308 2176 Abitensis
1338 2123 1605 2191 episcopus
1628 2124 1864 2180 subscri-

292 2197 391 2264 psit
430 2197 662 2251 coucilio
706 2195 1167 2259 Cabarsussitano,
1212 2201 1265 2246 ut
1302 2192 1410 2261 jam
1442 2193 1671 2249 diximus
1702 2210 1863 2264 supra

294 2283 435 2320 num.
469 2267 522 2318 5.

355 2337 446 2391 84.
482 2337 976 2392 Ριειιυοιιτειιειε.
999 2334 1097 2390 Hic
1116 2334 1255 2403 apud
1287 2333 1542 2388 Ortelium
1574 2349 1639 2389 ex
1666 2336 1863 2393 Halleri

292 2407 470 2463 codice
500 2424 606 2461 non
642 2407 886 2461 habetur.

358 2478 513 2548 175
554 2478 644 2531 85.
685 2477 945 2531 Βιυειιςιε.
974 2477 1116 2548 Hane
1138 2476 1322 2529 urbem
1348 2490 1376 2527 a
1410 2473 1653 2548 Vindensi
1676 2477 1863 2532 distin-

290 2546 550 2618 gnendam
577 2563 683 2600 non
703 2562 823 2601 esse
840 2557 1023 2602 censet
1037 2547 1281 2618 Bziltizius
1301 2547 1350 2598 in
1376 2549 1513 2618 notis
1534 2546 1597 2598 ad
1621 2562 1739 2615 cap.
1756 2549 1863 2605 208

291 2606 601 2673 Coll‘ationis
636 2618 911 2687 Cartliag.,
960 2616 1049 2671 ubi
1099 2617 1237 2670 inter
1282 2616 1583 2670 Donatistas
1631 2606 1864 2675 occurrit

293 2688 577 2758 Reparatus
604 2690 866 2759 episcopus
893 2688 1282 2759 VindensisaAt
1312 2687 1555 2759 Bidensis
1582 2690 1863 2757 episcopus

293 2759 371 2813 hic
404 2757 753 2825 memoratus,
800 2764 877 2811 sic
905 2758 1102 2811 dicitur
1128 2771 1157 2809 a
1191 2757 1313 2810 Bid:i
1334 2800 1348 2823 ,
1390 2758 1518 2810 urbe
1547 2768 1601 2811 et
1628 2761 1857 2827 colonia,

291 2845 440 2897 quam
476 2830 797 2883 Ptolcmti-us
829 2829 963 2881 libro
994 2844 1069 2889 tv,
1108 2842 1225 2895 cap.
1255 2828 1319 2892 2,
1366 2828 1504 2880 inter
1533 2828 1861 2885 Mauritaniae

290 2900 634 2954 Caesariensis
659 2900 899 2953 civitates
924 2906 1328 2952 commemorat.
1352 2898 1405 2950 ln
1430 2897 1623 2951 Notitia
1650 2900 1858 2966 lmpct‘ii

293 2972 527 3024 sectione
557 2970 626 3023 54
666 2970 892 3022 habetur
922 2968 1088 3020 Limes
1122 2966 1354 3021 Bidensis
1384 2969 1481 3020 sub
1511 2968 1859 3035 dis‘pusnione

292 3042 431 3094 ducis
478 3040 809 3094 Mauritania:
849 3038 1214 3110 Ca‘saricnsis.
1269 3037 1487 3090 Biddam
1531 3043 1859 3110 municipium

290 3111 338 3164 in
371 3112 691 3164 Mauritania
721 3108 1033 3163 Caesariensi
1079 3111 1217 3161 locat
1246 3123 1543 3177 anonytnus
1576 3108 1859 3167 Rave‘nnas

290 3180 373 3235 lib.
405 3198 483 3251 tit,
520 3180 750 3251 nutrias.
799 3180 876 3234 Ah
906 3181 985 3234 his
1013 3179 1383 3251 distinguenda
1418 3187 1499 3251 est
1531 3179 1677 3245 Bina,
1706 3182 1857 3251 cujus

291 3249 607 3320 episcopus,
657 3250 940 3304 Faustinus
991 3251 1219 3303 Binensis
1266 3249 1577 3314 Donatista,
1632 3249 1859 3307 Concilio

291 3321 729 3376 Cabarsussitano
767 3322 1114 3388 subscripsit;
1162 3328 1217 3374 et
1258 3335 1321 3373 ex
1370 3320 1649 3374 catholicis
1690 3323 1862 3378 Victor

291 3397 551 3461 episcopus
584 3394 739 3463 plebis
770 3390 1007 3444 Vinensis
1050 3391 1103 3443 in
1135 3390 1430 3463 Collatione
1454 3390 1702 3463 Cartliag.
1737 3410 1859 3463 cap.

292 3464 386 3518 128
417 3462 721 3517 recensitus
746 3469 847 3515 est.
902 3464 1045 3514 llanc
1075 3462 1214 3514 enim
1248 3463 1435 3515 urbem
1466 3461 1530 3513 ad
1566 3461 1861 3529 proconsu-

291 3535 450 3588 larem
490 3533 809 3601 pertinuisse
839 3543 981 3601 patet
1014 3548 1075 3582 ex
1109 3532 1359 3601 synodica
1390 3532 1544 3584 istius
1572 3534 1862 3599 provincite

290 3605 655 3673 episcoporum
686 3604 738 3656 in
770 3603 994 3656 concilio
1016 3601 1361 3673 Lateraneosi
1394 3602 1493 3654 sub
1516 3614 1701 3673 saneto
1726 3606 1863 3658 Mar-

290 3668 419 3739 tino,
452 3668 667 3728 actione
694 3675 748 3735 2,
798 3675 881 3725 cui
923 3671 1240 3739 subscripsit
1276 3668 1593 3724 Fructuosus
1630 3672 1862 3729 Vinensis

291 3746 583 3815 episcopus;
625 3754 677 3797 et
706 3760 768 3797 ex
800 3743 1030 3797 concilio
1062 3742 1322 3815 Carthag.
1347 3743 1469 3795 anni
1500 3741 1625 3809 525,
1657 3746 1744 3797 ubi
1778 3762 1863 3800 re-

282 3812 734 3868 Tertur'Bonilacii
777 3815 1002 3881 epistola
1049 3813 1111 3863 ad
1160 3812 1415 3880 quosdam
1463 3816 1861 3879 proconsularis

290 3886 568 3951 provincia:
593 3885 881 3946 antistites,
902 3884 1041 3936 inter
1061 3897 1193 3949 quos
1215 3892 1543 3936 memoratur
1558 3882 1861 3940 Cresconius

291 3954 542 4008 Binensis.
584 3955 720 4020 Quin
758 3962 811 4007 et
849 3955 989 4007 illius
1018 3954 1176 4006 situm
1207 3952 1466 4005 discimus
1496 3966 1561 4005 ex
1602 3957 1857 4010 Antonini

291 4026 592 4091 ltinerario,
635 4026 723 4079 ubi
764 4024 937 4079 media
976 4024 1183 4077 locatur
1211 4023 1350 4077 inter
1379 4023 1755 4092 Carthaginem
1802 4036 1860 4082 et

291 4097 501 4162 Putput.
522 4135 539 4152 .

354 4167 443 4221 86.
488 4166 828 4220 VALENTINUS
868 4165 1125 4219 CASTELLI
1168 4164 1450 4218 MENDIANI.
1498 4164 1651 4219 Hunc
1686 4166 1860 4234 ipsum

291 4251 406 4290 esse
436 4248 620 4290 censet
646 4236 977 4288 Mabillonius
1005 4243 1187 4302 noster
1207 4236 1294 4303 qui
1324 4234 1376 4287 in
1409 4234 1711 4289 calendario
1732 4236 1861 4289 Car-

291 4306 593 4374 tbagineusi
633 4306 808 4359 idibus
856 4304 1487 4375 Novembrisrecolitur.
1545 4305 1709 4359 Porro
1748 4308 1901 4375 jam.

291 4392 442 4444 supra
490 4380 628 4431 inter
656 4380 935 4444 episcOpos
966 4374 1253 4442 provinciae
1284 4375 1569 4441 Byzaccnm
1615 4374 1761 4429 num.
1792 4376 1860 4430 27

294 4443 514 4500 habetur
566 4447 808 4499 Antacins
844 4443 1237 4498 ’Medianensis.
1309 4446 1459 4513 Apud
1520 4446 1858 4501 Ammianum

292 4516 654 4571 Marcellinum
705 4517 840 4569 libro
882 4531 1036 4576 xxix,
1092 4530 1211 4583 cap.
1260 4518 1325 4580 5,
1378 4516 1579 4568 mentio
1627 4518 1861 4571 occurrit

294 4587 595 4640 Munimenti
640 4588 841 4640 nomine
879 4584 1138 4645 Mediani.
1191 4587 1331 4653 quod
1379 4586 1441 4637 ad
1493 4587 1856 4641 Mauritaniam
1889 4588 1935 4646 D

290 4657 667 4725 Caesariensem
690 4656 925 4710 revocari
953 4669 1109 4721 posse
1132 4665 1315 4709 censet
1352 4655 1612 4710 Valesius.
1648 4656 1713 4711 Et
1743 4659 1859 4725 qui-

291 4728 405 4781 dem
448 4719 741 4782 Marcellini
783 4719 1015 4779 narratio
1053 4726 1191 4779 ferre
1227 4741 1331 4777 non
1369 4736 1575 4793 potest,
1623 4737 1679 4780 ut
1717 4719 1857 4783 hunc

293 4797 461 4850 locum
494 4798 561 4851 de
592 4796 831 4849 Mediana
863 4795 1145 4863 Byzacena:
1176 4794 1308 4849 urbe
1336 4796 1771 4863 interpretemur.

356 4868 447 4921 87.
487 4867 875 4922 Sursmnaus.
919 4867 1034 4919 Jam
1064 4881 1225 4932 supra
1260 4880 1407 4919 num.
1439 4866 1492 4927 5,
1524 4866 1858 4934 Sufaritanus

291 4938 567 5005 episcopus
595 4938 892 4992 recensitos
922 4945 1021 4999 est,
1046 4935 1133 4987 ubi
1172 4936 1421 4989 nonnulla
1453 4936 1857 4992 observavimus

291 5008 353 5059 de
386 5009 484 5061 hac
513 5008 664 5061 urbe.
712 5007 1006 5071 Caeterum,
1053 5014 1109 5057 ut
1142 5006 1251 5073 jam
1304 5005 1375 5059 ibi
1415 5007 1747 5073 monuimus,
1802 5010 1855 5061 in

291 5077 473 5132 codice
504 5077 699 5131 Halleri
731 5078 867 5129 alter
891 5091 1075 5131 eorum
1109 5076 1442 5129 Susaritanus
1487 5076 1701 5130 dicitur.
1752 5078 1859 5132 Sed

292 5147 551 5214 Ortelius,
586 5149 676 5217 qui
708 5146 864 5215 hujus
895 5146 1242 5211 manuscripti
1275 5145 1535 5217 lectiones
1562 5148 1717 5200 nobis
1747 5163 1859 5202 ser-

292 5219 450 5279 vavit,
476 5233 583 5271 non
604 5215 794 5271 ‘monet
820 5218 1033 5283 quinam
1064 5230 1130 5268 ex
1162 5216 1244 5271 his
1270 5215 1476 5270 duobus
1500 5215 1860 5283 Susaritanns,

291 5296 381 5340 aut
407 5287 735 5356 Sufaritanus
764 5286 937 5340 dictus
965 5285 1141 5340 fuerit.

358 5359 448 5412 88.
490 5356 905 5413 MAURIANENSIS.
947 5356 1038 5409 Sic
1063 5371 1276 5425 quoque
1304 5356 1555 5410 scribitur
1587 5357 1729 5425 apud
1763 5358 1864 5413 0r—

293 5428 467 5482 teliu'm
490 5444 551 5482 ex
578 5444 678 5482 ms.
698 5426 913 5480 Ilalleri.
945 5425 1055 5478 Huc
1079 5422 1381 5478 Mallianam
1402 5425 1586 5480 urbem
1612 5422 1859 5483 revocari

291 5512 449 5565 posse
476 5509 659 5553 censet
688 5494 1012 5563 Holstenius,
1036 5495 1105 5549 de
1132 5512 1234 5566 qua
1264 5497 1414 5566 plura
1445 5497 1678 5553 diximus
1700 5514 1861 5569 supra

291 5583 430 5622 nutu.
460 5569 514 5623 8.

360 5639 446 5693 89.
489 5640 888 5693 BULTUBIENSIS.
926 5635 1021 5707 Sic
1050 5649 1152 5689 ms.
1173 5646 1397 5707 uterque
1425 5646 1479 5692 et
1506 5638 1651 5692 editi.

363 5713 445 5765 90.
484 5709 870 5763 ΜΑτυιιιιειιειε.
914 5705 1210 5761 Maturbum
1241 5705 1503 5763 memorat
1530 5708 1767 5764 Ortelius
1795 5724 1861 5765 ex

294 5780 519 5834 Victore.

206 5850 210 5857 '
362 5852 443 5901 ιιι.
489 5852 852 5904 Bstuuussts.
894 5847 1102 5918 Adiecit
1132 5849 1446 5904 Sirmondus
1472 5850 1715 5909 voculam
1730 5867 1863 5921 per;

1970 1912 2182 1966 dicitur.
2234 1915 2383 1981 Quod
2438 1932 2628 1971 nomen
2680 1915 2821 1981 apud
2873 1914 3025 1968 Afros
3076 1916 3384 1969 inusitatum
3434 1912 3536 1970 non

1968 1994 2112 2047 erat,
2155 1996 2209 2035 ut
2249 1987 2609 2049 compluribus
2640 1986 2896 2051 exemplis
2929 1986 3153 2051 probare
3181 1986 3395 2040 difﬁcile
3433 2002 3537 2041 non

1967 2064 2132 2108 esset.
2168 2055 2314 2109 Unde
2342 2072 2533 2111 vereor
2555 2073 2622 2111 ne
2645 2057 2942 2110 Nobensem
2968 2056 3152 2109 urbem
3178 2071 3297 2110 cum
3324 2057 3537 2113 Nibeusi

1966 2125 2269 2197 confuderit
2313 2126 2564 2182 Ortelius.
2620 2128 2823 2180 Etenim
2875 2127 3015 2180 inter
3035 2126 3539 2197 _episcoposrl76

1966 2194 2227 2248 Numidiae
2279 2212 2435 2260 supra
2488 2214 2634 2252 num.
2669 2197 2701 2250 8
2750 2196 2974 2249 habetur
3028 2194 3537 2255 Paulus’Nibensis'.

1966 2263 2251 2319 Nibensem
2282 2277 2458 2320 autem
2485 2284 2547 2321 ex
2580 2266 2940 2333 tuanuscripto
2968 2266 3161 2319 llalleri
3193 2267 3368 2319 laudat
3396 2267 3533 2321 idem

1965 2334 2230 2401 Ortelius,
2273 2339 2365 2391 sed
2398 2338 2572 2391 statim
2605 2347 2783 2391 monet
2825 2337 3105 2404 legendum
3138 2335 3379 2389 fortassis
3412 2351 3534 2392 esse

1970 2404 2281 2477 Nobensem;
2314 2408 2434 2461 inde
2462 2408 2690 2477 conjicio
2713 2406 3051 2477 Orteliumiid
3077 2405 3216 2474 quod
3247 2406 3391 2474 prius
3412 2408 3536 2461 sub-

1964 2474 2255 2530 dubitando
2282 2478 2509 2536 dixerat.
2544 2474 2877 2546 postmodum
2906 2476 3167 2530 allirmate
3194 2478 3496 2546 scripsisse.

2035 2548 2122 2601 94.
2147 2547 2411 2603 Casretu
2438 2545 2925 2604 Tnnoron'ressis.
2954 2547 3104 2600 Hunc
3125 2550 3261 2615 apud
3280 2545 3534 2603 Ortelium

1965 2632 2025 2669 ex
2058 2616 2252 2670 Halleri
2283 2620 2467 2675 codice
2494 2621 2730 2686 reperire
2758 2634 2863 2671 non
2892 2618 3061 2671 licuit.

2034 2687 2121 2741 95.
2164 2688 2640 2744 Ansmsamnnus.
2675 2690 2762 2745 Sic
2788 2698 3010 2754 uterque
3030 2686 3197 2740 codex
3225 2701 3325 2741 ms.
3350 2704 3533 2757 quam.

1966 2757 2047 2807 vis
2074 2758 2196 2811 editi
2228 2760 2459 2813 habeant
2492 2761 2926 2820 Arsinuaritanus,
2959 2757 3052 2811 sed
3085 2757 3357 2812 mendose.
3411 2760 3533 2814 Ele-

1965 2827 2071 2879 nim
2120 2829 2320 2882 Plinius
2366 2831 2458 2883 lib.
2494 2846 2549 2895 v,
2593 2845 2708 2896 cap.
2754 2830 2819 2893 2,
2866 2828 3229 2881 Arsennariam
3270 2838 3531 2882 memorat

1962 2899 2210 2964 oppidum
2233 2900 2550 2965 Latinorum,
2577 2900 2715 2969 quod
2745 2915 2773 2951 a
2806 2899 3093 2952 Ptoletnmo
3125 2897 3217 2969 lib.
3241 2913 3313 2961 tv,
3338 2914 3455 2965 cap.
3474 2900 3531 2962 2,

1964 2968 2237 3039 ilrsenaria
2258 2970 2455 3022 colonia
2476 2967 2685 3037 dicitur,
2707 2970 2773 3023 ab
2802 2970 3068 3022 Antonino
3092 2974 3143 3019 et
3173 2967 3240 3021 ab
3269 2983 3532 3039 anonymo

1964 3036 2303 3093 Ravennensi
2356 3041 2649 3095 Arseuaria.
2722 3039 2976 3093 Eatndem
3025 3040 3207 3090 urbem
3263 3036 3532 3092 Arsianam

1963 3110 2194 3175 appellat
2224 3110 2547 3175 Pomponius
2577 3112 2704 3164 Mela
2733 3111 2826 3162 lib.
2854 3126 2870 3162 ι
2897 3110 2963 3163 de
2992 3108 3103 3161 Situ
3135 3107 3299 3174 orbis,
3326 3124 3443 3177 cap.
3468 3109 3529 3175 6;

1962 3194 2117 3248 quam
2171 3180 2315 3232 Isaac
2358 3179 2580 3236 Vossius
2630 3183 2683 3234 in
2732 3182 2872 3235 hunc
2916 3180 3063 3233 Melrc
3111 3178 3325 3243 locum,
3372 3182 3532 3249 vulgo

1966 3252 2290 3304 Arsenurinm
2340 3251 2440 3306 dici
2487 3253 2758 3306 observat.
2831 3252 2885 3304 In
2935 3249 3231 3304 Collatione
3276 3249 3530 3319 Carthag.

1964 3334 2084 3389 cap.
2118 3324 2237 3387 155,
2272 3324 2472 3377 mentio
2509 3324 2566 3376 fit
2602 3324 2890 3385 Adsinnar;
2938 3322 3028 3375 sed
3075 3320 3159 3373 hic
3203 3320 3350 3374 locus
3380 3336 3532 3375 revo-

1964 3394 2070 3444 cari
2113 3393 2273 3445 debet
2314 3394 2378 3446 ad
2419 3394 2603 3447 urbem
2636 3394 3056 3455 Sinuaritanam,
3106 3401 3161 3444 ut
3204 3406 3360 3456 supra
3400 3392 3533 3445 dixi-

1965 3476 2084 3515 mus
2116 3464 2167 3517 in
2202 3466 2339 3517 notis
2368 3465 2432 3516 ad
2470 3464 2748 3533 episcopos
2787 3462 3070 3532 provinciae
3107 3462 3529 3530 proconsularis,

1965 3547 2112 3584 num.

2037 3604 2123 3656 96.
2181 3605 2434 3658 Vasstsus
2492 3605 2964 3658 ELFANTARIENSIS.
3026 3602 3206 3666 Editi,
3261 3601 3530 3657 Vassinus.

1963 3674 2199 3727 Concilio
2232 3675 2669 3728 Cabarsussitano
2700 3690 2839 3725 anno
2866 3675 2969 3727 595
2996 3674 3302 3741 subscripsit
3337 3672 3532 3743 Miguin

1965 3744 2026 3795 ob
2052 3743 2369 3813 Elcfautaria
2399 3746 2661 3815 episcopus
2687 3744 2974 3807 Donatista,
3007 3744 3095 3815 qui
3120 3758 3267 3815 anno
3292 3744 3533 3811 sequenti

1964 3814 2018 3868 in
2064 3815 2335 3881 Bagaleusi
2379 3813 2603 3869 concilio
2642 3823 3017 3867 exauctoratus
3059 3814 3173 3866 ftiit.
3230 3813 3301 3867 De
3344 3814 3531 3867 eodem

1964 3886 2289 3946 Augustinus
2338 3886 2530 3953 possim
2581 3886 2688 3952 agit
2745 3886 2795 3935 in
2844 3884 2989 3935 libris
3032 3897 3106 3953 ιιιλ
3138 3893 3185 3936 et
3238 3900 3287 3935 tv
3346 3894 3529 3936 contra

1964 3951 2687 4009 Cresconiumﬁtlccurritin
2717 3954 2934 4007 Tabulis
2966 3951 3381 4020 Peutingerianis
3414 3953 3530 4006 Ele-

1965 4025 2210 4094 fantaria,
2241 4025 2332 4078 sed
2366 4026 2415 4078 in
2449 4026 2840 4094 proconsulari,
2872 4032 2928 4075 ut
2954 4022 3316 4094 videtur,non
3350 4024 3529 4094 procul

1964 4092 2029 4147 ab
2059 4093 2226 4148 Utica.
2284 4094 2348 4147 Et
2390 4094 2599 4162 quidem
2638 4094 2770 4147 duas
2812 4092 2964 4159 hujus
3001 4093 3231 4144 nominis
3272 4095 3321 4145 in
3355 4092 3529 4145 Africa

1965 4164 2122 4217 urbes
2173 4166 2335 4218 fuisse
2392 4166 2586 4218 indicat
2638 4179 2930 4233 anonymus
2980 4163 3381 4233 Ravennensis,
3436 4162 3529 4233 qui

1964 4234 2340 4304 Elefantariam
2368 4236 2504 4289 inter
2524 4231 2792 4288 Numidimﬁ
2813 4235 2925 4287 sive
2950 4232 3344 4304 proconsularis
3371 4231 3529 4286 urch

1966 4302 2125 4359 habet
2164 4307 2254 4359 lib.
2290 4322 2376 4366 ιιι,
2408 4320 2554 4360 num.
2584 4306 2635 4359 6.
2698 4304 2763 4358 Et
2805 4313 3018 4372 postea,
3060 4320 3206 4357 num.
3238 4302 3301 4367 8,
3347 4317 3530 4357 recen-

1963 4390 2088 4429 sens
2123 4376 2448 4430 Mauritaniae
2474 4374 2816 4431 Caesariensis
2844 4374 3033 4444 oppida
3054 4415 3069 4440 ,
3112 4374 3529 4443 llelrpantarium

1965 4457 2244 4500 memorat.

2034 4518 2121 4570 97.
2162 4518 2553 4572 CATABlTANUS.
2593 4515 2683 4571 Sic
2711 4532 2844 4571 mss.
2870 4531 2989 4570 cum
3023 4515 3198 4571 editis.

2034 4586 2121 4641 98.
2166 4587 2504 4642 Vmcemws
2550 4587 2893 4642 BAPABENSIS.
2942 4584 3120 4641 Codex
3162 4586 3529 4639 Laudunensis

1983 4656 2314 4710 Vincemalos.
2366 4658 2683 4712 Ptolemteus
2715 4658 2807 4711 lib.
2840 4673 2915 4723 tv,
2957 4672 3076 4725 cap.
3108 4656 3171 4721 2,
3220 4655 3360 4711 inter
3390 4656 3529 4710 Mau.

1969 4728 2175 4782 t'itanite
2221 4726 2568 4783 Caesariensis
2619 4728 2861 4781 civitates
2908 4741 3168 4781 memorat
3213 4726 3415 4790 Vabar,
3464 4742 3529 4781 ex

1964 4813 2063 4865 qua
2104 4798 2423 4862 Vabarensis,
2474 4806 2530 4853 et
2574 4800 2699 4852 inde
2744 4796 2989 4851 fortassis
3035 4798 3356 4866 Baparensis
3404 4797 3531 4853 urbs

1966 4869 2104 4921 dicta
2135 4878 2237 4922 est.

2036 4937 2127 4993 99.
2165 4938 2538 4994 TIPASITANUS.
2581 4939 2695 4993 Jam
2738 4952 2898 5007 supra
2941 4938 3083 4992 inter
3120 4938 3378 4991 Numidiae.
3420 4938 3531 5005 epi-

1967 5023 2157 5075 scopos
2194 5024 2337 5061 num.
2370 5009 2457 5073 65,
2480 5009 2774 5063 recensitos
2808 5006 2917 5062 fuit
2957 5010 3195 5062 Rusticus
3225 5006 3531 5077 Tipasensis.

1965 5079 2118 5147 Apud
2167 5077 2445 5148 Thipasam
2490 5078 2814 5148 Caesariensis
2863 5077 3190 5148 Mauritania:
3242 5079 3533 5148 civitatem,

1968 5146 2103 5203 teste
2147 5146 2338 5217 Optato
2384 5148 2477 5202 lib.
2514 5164 2581 5213 tt,
2635 5147 2870 5204 Urbanus
2913 5147 3241 5209 Forntensis,
3290 5159 3341 5202 et
3383 5146 3535 5202 Felix

1968 5219 2288 5285 ldicrensis,
2344 5226 2458 5272 duce
2506 5220 2692 5287 factth
2740 5220 2958 5272 incensa:
3007 5220 3288 5283 livoribus,
3340 5219 3536 5285 aliique

1969 5291 2257 5343 Donatistzc
2283 5290 2412 5342 nihil
2442 5305 2547 5343 non
2572 5290 2828 5344 adversus
2847 5290 3139 5343 catholicos
3165 5289 3279 5345 ausi
3304 5289 3535 5344 fuerunt.

1968 5359 2201 5413 Lacerati
2224 5368 2338 5412 sunt
2364 5360 2490 5421 viri,
2533 5369 2708 5414 tracta
2740 5369 2857 5410 sunt
2883 5368 3145 5423 matronae,
3192 5360 3415 5429 infantes
3445 5376 3535 5410 ne-

1970 5432 2099 5493 cati,
2144 5430 2305 5483 abacti
2334 5439 2449 5482 sunt
2482 5438 2677 5497 partus.
2728 5430 2863 5494 Quin
2903 5439 2989 5495 et,
3032 5438 3093 5482 ut
3130 5432 3290 5498 paulo
3321 5430 3536 5484 inferius

1966 5502 2186 5567 Optatos
2214 5506 2416 5564 narrat,
2444 5499 2603 5553 iidem
2630 5500 2888 5568 episcopi,
2915 5499 3054 5568 quod
3085 5500 3407 5553 horrendum
3435 5507 3535 5558 est,

1962 5571 2219 5638 jusserunt
2246 5569 2605 5623 eucharistiam
2635 5568 2842 5623 canibus
2874 5570 3020 5640 fundi
3044 5586 3061 5633 ;
3110 5570 3204 5640 sed
3247 5572 3329 5621 isti
3360 5569 3535 5640 statim

1965 5637 2158 5693 accensi
2189 5641 2345 5700 rabie.
2379 5643 2512 5699 ipsos
2542 5641 2772 5693 dominos
2794 5637 2933 5701 suos.
2960 5640 3104 5707 quasi
3132 5639 3348 5707 latrones
3372 5637 3534 5689 sancti

1966 5712 2190 5779 corporis
2219 5727 2349 5773 reos,
2377 5711 2525 5763 dente
2554 5711 2747 5763 vindice
2773 5706 3106 5762 laniaverant.
3141 5706 3380 5779 Ampulla
3411 5722 3535 5760 vcrc

1967 5777 2127 5832 sancti
2173 5782 2487 5843 chrismatis,
2532 5796 2689 5849 quam
2733 5795 2827 5847 per
2858 5782 3140 5849 fenestram
3171 5777 3535 5845 projecerant,

1967 5851 2195 5912 angelica
2238 5868 2389 5904 manu
2436 5846 2699 5912 subvecta,
2735 5846 2876 5903 inter
2916 5865 3042 5902 saxa
3081 5846 3246 5902 illwsa
3289 5849 3535 5904 consedit.
