4078 6348
670 353 731 374 P!‘

675 353 731 374 Τ

675 352 762 406 [Νι

1641 345 1982 402 APPENDIX
2026 348 2116 401 AD
2155 346 2506 403 VlCTOIlEM
2548 347 2908 404 VITENSEM.

3802 355 3903 405 35.32

650 476 768 531 cap.
802 461 903 516 198
927 458 1096 531 adt‘uit_
1123 457 1677 531 Romanusepiscopus
1703 457 2028 531 _Le_suitanus.
2051 457 2225 531 Medio
2251 462 2304 520 Α
2331 459 2456 514 item
2489 458 2539 512 in
2568 459 2841 530 Byzacena
2871 459 3057 531 civitas
3081 459 3478 528 Macrianensis,
3520 465 3671 531 cujus
3700 463 3903 530 episco.

649 527 761 585 fere
793 533 982 585 itinere
1013 529 1202 583 Saldas
1226 540 1278 593 et
1306 527 1498 582 Sitifim
1530 528 1678 581 Lesbi
1703 528 1930 583 habetur
1971 529 2022 582 in
2055 529 2224 585 Anto-

655 603 765 658 nini
792 601 1090 665 ltint'rario,
1120 599 1187 653 M.
1218 598 1280 654 P.
1311 615 1413 653 xxv
1436 614 1466 652 a
1494 599 1804 669 Tubusuth
1832 599 2059 654 distans.

720 673 806 726 11.
843 674 1242 735 Eomzoreams.
1276 669 1465 740 Codex
1514 667 1736 732 Ilalleri»,
1765 667 2082 740 Equotensis.
2116 670 2223 724 Ta-

652 743 792 797 bula:
814 741 1232 810 Peutingeriana:
1260 739 1538 810 Equeheto.
1575 741 1627 792 In
1659 739 1952 795 Collatione
1969 741 2219 805 Carthag.

647 827 764 881 cap.
811 813 936 880 201,
980 809 1303 865 metuoratnr
1343 809 1516 882 Victor
1557 813 1822 882 episcopus
1869 810 2222 880 Equizetensis

651 884 942 938 Donatista.
978 885 1187 936 I’riores
1217 881 1495 934 Baluziana
1541 882 1803 935 editiooes
1831 882 2030 935 habent
2063 883 2224 951 Εἷῃαὶ-

647 956 894 1077 ρεέωεείῗς
908 956 1098 1024 quibus
1117 969 1197 1006 vet
1212 952 1292 1006 his
1311 951 1552 1006 eamdem
1573 953 1757 1008 urbem
1776 953 2042 1022 designari
2065 968 2222 1008 nemo

648 1039 699 1077 III
743 1040 821 1077 cna
850 1035 991 1077 llllll‘.

648 1025 991 1080 ittﬁciabitttr.

721 1096 808 1150 η.
839 1096 1238 1150 Cssrecusus.
1289 1091 1505 1146 Castelli
1554 1108 1746 1148 nomen
1801 1092 2061 1147 familiare
2110 1103 2225 1149 erat

647 1167 786 1235 apud
821 1167 997 1220 Afros.
1034 1165 1104 1218 De
1138 1166 1238 1235 isto
1265 1162 1533 1231 singulare
1563 1164 1693 1218 nihil
1726 1164 2007 1218 dicendum
2031 1180 2222 1219 occur-

650 1234 742 1290 rit.
800 1236 927 1290 Vide
975 1250 1131 1302 supra
1180 1234 1432 1288 Numidas
1479 1251 1626 1288 num.
1669 1235 1723 1296 4.
1774 1245 1826 1289 et
1865 1235 2223 1290 Caesarienses

649 1323 795 1360 num.
823 1308 910 1360 75.
939 1307 1041 1359 Sed
1066 1305 1310 1358 assentiri
1345 1319 1447 1358 non
1480 1305 1605 1359 licet
1632 1305 1925 1362 llolstenio.
1957 1307 2042 1373 qui
2078 1315 2225 1372 putat

648 1376 935 1431 Castellum
968 1377 1105 1429 istud
1152 1378 1290 1429 idem
1323 1390 1447 1430 esse
1475 1391 1592 1430 cum
1631 1374 1866 1430 Castello
1895 1376 2223 1432 Mauritania:

649 1447 1003 1501 Ctesariensis-
1031 1444 1274 1509 civitate,
1332 1461 1491 1516 supra
1544 1448 1681 1502 inter
1732 1449 1883 1501 istius
1938 1447 2222 1515 provinciae

651 1521 810 1572 urbes
842 1518 1104 1572 recensita
1129 1533 1274 1570 ttum.
1308 1518 1391 1570 75.

723 1591 810 1643 I5.
856 1589 1182 1642 Gt-otnsus.
1226 1587 1278 1640 In
1320 1585 1616 1641 Collatione
1656 1587 1910 1656 Carthag.
1951 1603 2070 1658 cap.
2121 1589 2222 1644 128

653 1661 876 1714 habetur
925 1659 1218 1725 Quadratus
1259 1659 1519 1728 episcOpus
1569 1657 1727 1724 plebis
1774 1657 2036 1728 Cegitante
2086 1660 2226 1714 inter

651 1731 959 1784 catholicos.
1008 1728 1111 1783 Sed
1143 1728 1404 1781 incertum
1437 1740 1519 1781 est
1550 1743 1613 1780 an
1642 1745 1706 1781 ex
1737 1729 2078 1784 Sitil'ensibos
2110 1732 2221 1785 lue-

656 1803 744 1856 rit.
772 1801 901 1854 V'ide
920 1808 1109 1869 notam
1141 1799 1210 1854 ‘29
1233 1799 1284 1852 in
1312 1799 1578 1852 Victorem
1601 1797 1868 1853 Vitensem
1898 1800 2094 1869 (Supra
2121 1802 2220 1855 col.

650 1872 773 1932 195.
801 1889 853 1925 n.
887 1868 936 1940 κ)
967 1868 1106 1926 et“
1142 1870 1193 1923 in
1231 1870 1636 1936 proconsulares
1663 1869 1861 1940 (Supra
1893 1868 1992 1924 σοι.
2025 1872 2174 1940 288).

724 1944 808 1997 14.
846 1942 1347 1996 EIINENTIANtms-ts.
1377 1940 1523 1994 Ilaud
1554 1941 1917 2006 improbabilis
1942 1953 2223 1997 esteorum

653 2013 834 2081 opinio
865 2013 954 2080 qui
1004 2015 1052 2064 in
1095 2010 1389 2065 Collatione
1433 2010 1686 2078 Carthag.
1731 2029 1848 2078 cap.
1897 2015 2003 2066 208
2049 2012 2222 2068 locum

651 2085 790 2138 hunc
812 2092 1120 2150 corruptum
1147 2098 1161 2134 :
1187 2081 1482 2134 Marcianus
1508 2082 1775 2148 episcopus
1792 2082 2105 2136 Eminentius
2121 2085 2227 2148 epi-

649 2171 832 2220 scopus
878 2154 931 2205 in
961 2154 1136 2206 itinere
1164 2154 1436 2214 remansit;
1491 2150 1640 2205 Felix
1679 2152 2077 2207 Novasinnensis
2107 2155 2227 2207 sub-

653 2225 855 2293 scripsit
880 2238 1080 2294 pro_eo.
1124 2221 1217 2276 Sic
1253 2223 1429 2276 sanari
1461 2237 1619 2294 posse
1663 2233 1848 2290 potant
1882 2241 1895 2277 :
1927 2223 2224 2279 Marcianus

649 2291 914 2365 cpiscOptts
963 2291 1522 2365 Eminentianfnsisgin
1569 2293 1748 2347 itinere
1792 2297 2064 2361 remansit,
2115 2307 2221 2349 etc.

653 2362 828 2419 Porro
849 2363 1147 2418 Marcianus
1183 2374 1238 2418 et
1269 2362 1415 2418 Felix
1445 2362 1533 2418 hic
1554 2367 1833 2418 memorati
1856 2380 1886 2419 e
1916 2365 2224 2422 Donatista-

649 2452 766 2490 rum
798 2444 945 2489 sccta
976 2442 1148 2489 erant.

719 2507 807 2562 15.
852 2505 1142 2559 SOCIENSIS.
1193 2503 1346 2558 Hunc
1387 2519 1450 2558 ex
1489 2503 1704 2558 Victore
1750 2519 1853 2558 ms.
1891 2506 2225 2562 Mauritiana:

649 2577 964 2700 gtﬁsariensi
997 2575 1180 2629 tribuit
1207 2573 1462 2643 Ortelius,
1517 2575 1614 2630 sed
1660 2576 1811 2644 lapsu
1840 2578 2136 2644 memoriae,
2172 2581 2224 2632 ni

673 2663 699 2699 ιι
745 2661 806 2700 Ot‘

673 2647 806 2700 ‘allor

723 2717 808 2771 16.
843 2717 1264 2772 Leuscereasm.
1293 2716 1381 2772 Sic
1401 2717 1567 2772 codex
1588 2730 1686 2771 ms.
1714 2724 1935 2784 uterque
1967 2733 2085 2772 cum
2107 2721 2222 2774 edi~

650 2790 740 2842 tis.
773 2788 984 2842 Dubitat
1015 2787 1246 2842 Ortehus
1277 2803 1416 2845 num.
1439 2787 1539 2842 ista
1570 2787 1694 2841 urbs
1723 2801 1785 2840 ea
1828 2787 1986 2842 fuerit
2013 2805 2133 2857 qua:
2158 2791 2224 2845 ab

652 2859 845 2928 Optato
876 2858 968 2912 lib.
1002 2874 1037 2911 ll
1077 2857 1275 2913 dicitur
1299 2857 1614 2912 Lemellense
1641 2857 1923 2911 castellum.
1961 2859 2012 2913 Id
2056 2861 2226 2915 innuit

653 2930 755 2983 loci
791 2933 946 2996 situs,
1000 2944 1120 2982 nam
1158 2929 1443 2986 Januarius
1468 2929 1955 2995 Fiumenpiscensis
1992 2939 2046 2985 et
2075 2931 2222 2986 Felix

652 3000 929 3054 Diabensis
977 2999 1267 3054 Donatista:
1312 3000 1569 3069 episcopi,
1618 2999 1708 3068 qui
1749 3000 1874 3054 illuc
1921 3005 2226 3058 cucurrisse

652 3074 921 3137 dicuntur,
953 3085 1020 3124 ex
1059 3069 1297 3126 Sitifensi
1329 3070 1598 3138 provincia
1631 3078 1802 3123 erant.
1832 3071 2223 3127 Lemellensem

649 3143 959 3210 episcopum
987 3141 1303 3196 catholicum
1332 3143 1549 3195 nomine
1577 3138 1866 3194 Primosum
1893 3143 2087 3196 ibidem
2114 3144 2224 3198 lau-

649 3211 744 3266 dat
761 3210 1006 3281 Optatus.
1031 3215 1119 3282 qui
1141 3212 1379 3279 ejusdem
1403 3212 1549 3265 urbis
1571 3211 1858 3282 ecclesiam
1881 3227 1908 3264 a
1934 3214 2222 3268 Donatistis

650 3283 899 3336 violatam
931 3281 1094 3336 fuisSe
1121 3282 1312 3346 refert;
1341 3297 1442 3350 qua
1478 3281 1759 3334 occasione
1787 3284 1989 3337 diaconi
2019 3286 2226 3352 plurimi

650 3367 770 3426 cum
799 3351 1315 3426 altaredefenderent
1344 3352 1590 3426 cruentati
1620 3360 1759 3426 sunt,
1803 3361 1856 3406 ct
1900 3369 1965 3408 ex
1997 3351 2061 3406 iis
2094 3357 2222 3426 duo,

653 3421 862 3476 Primus
884 3421 1088 3478 scilicet
1113 3434 1164 3477 et
1192 3422 1444 3489 Donatus,
1471 3423 1629 3476 occisi
1656 3423 1834 3486 fuere;
1864 3439 2089 3492 quorum
2117 3421 2228 3480 nte-'-

651 3493 821 3616 miltria
849 3493 937 3548 die
966 3494 999 3549 9
1036 3493 1313 3548 Februarii
1349 3493 1401 3547 in
1446 3491 1823 3564 Martyrologio
1859 3491 2100 3549 Romano
2135 3513 2222 3552 re-

656 3577 719 3616 co
747 3573 868 3616 tlur.

656 3573 868 3619 coutur.

726 3632 810 3687 17.
832 3635 1144 3690 CtLLENSIs.
1164 3635 1297 3688 Vide
1313 3650 1474 3703 supra
1491 3636 1628 3689 inter
1650 3635 2056 3703 proconsulares
2075 3655 2223 3693 num.

650 3703 744 3776 45,
792 3706 878 3758 ulti
919 3706 1146 3760 habetur
1175 3705 1462 3776 Cyprianus
1499 3704 1758 3760 Cellensis.
1803 3705 1969 3760 Cellas
2011 3710 2059 3760 itt
2093 3709 2222 3763 Sili-

650 3775 784 3828 iensi
816 3784 1076 3830 memorat
1113 3779 1377 3831 Antonius
1410 3777 1461 3831 in
1489 3777 1788 3840 ltinerario,
1840 3778 1925 3830 ubi
1952 3779 2068 3833 haec
2097 3781 2226 3835 urbs

653 3847 824 3900 media
857 3848 996 3902 inter
1025 3847 1279 3902 Perdit-en
1310 3859 1364 3902 et
1394 3848 1554 3902 Macri
1584 3847 1787 3900 visitur.

727 3917 1163 3988 -l8,Mscnensns.
1188 3917 1432 3972 Interfuit
1458 3918 1738 3973 Collationi
1766 3916 2073 3987 Cartltagin.
2104 3935 2224 3988 cap.

650 3989 754 4042 306
783 3987 1041 4042 Maximus
1071 3989 1340 4058 episcopus
1379 3989 1658 4042 Macrensis
1693 3989 1984 4042 Donatista.
2037 3987 2222 4056 Macri,

652 4068 708 4112 ut
727 4073 847 4112 mox
870 4059 1196 4120 dicebamus,
1227 4075 1392 4128 prOpe
1410 4059 1577 4112 Cellas
1601 4063 1651 4111 in
1672 4061 1924 4114 Antonini
1949 4062 2226 4119 Itinerario

649 4130 898 4199 habetur.
932 4129 1103 4198 Magri
1131 4129 1326 4185 habent
1357 4130 1569 4183 Tabula:
1599 4130 2041 4199 Pculingerianm.

726 4199 810 4253 19.
845 4198 1334 4254 Nonaucmnessm.
1365 4203 1454 4254 Sic
1491 4216 1703 4268 quoque
1723 4198 2023 4266 appellatur
2046 4203 2095 4254 in
2123 4217 2221 4256 ms.

650 4267 873 4321 Halleri.
900 4268 1278 4324 Urbisuomen
1313 4267 1520 4324 videtur
1557 4270 1718 4323 fuisse
1750 4270 2158 4324 Nova-Liciuna.

720 4338 807 4391 ‘20.
854 4337 1230 4392 ZALLATENSIS.
1289 4340 1380 4393 Sic
1423 4354 1553 4391 mss.
1602 4349 1652 4391 ct
1701 4341 1851 4393 editi.
1901 4341 2225 4395 Memoratur

651 4409 788 4478 apud
824 4407 1163 4461 I’lolemteum
1194 4408 1414 4478 Zo/apa,
1465 4408 1557 4461 sed
1589 4406 1725 4460 inter
1767 4409 1924 4462 urbes
1964 4425 2084 4476 qua:
2124 4414 2224 4464 sub

449 4516 466 4536 .
649 4475 940 4546 Adrumeto
957 4488 1130 4539 erant,
1149 4475 1473 4546 proindeque
1492 4478 1554 4529 ad
1579 4478 1900 4545 Byzacenam
1921 4475 2219 4546 pertinens.

553 4552 556 4554 ⁷
719 4547 808 4600 21.
835 4533 1252 4601 Ζευιτοοτέέειε.
1284 4533 1635 4613 Sic'uterque“
1650 4550 1804 4617 182
1833 4533 1999 4602 ροὸοκ
2029 4566 2128 4603 ms.
2156 4533 2221 4605 At
2249 4533 2300 4593 Ῐ)

651 4617 774 4688 editi
800 4617 994 4671 habent
1013 4618 1408 4688 Lemfacteusis;
1437 4631 1628 4688 exquo
1654 4621 1889 4671 t‘ortassi~
1917 4621 2031 4671 loco
2061 4620 2219 4677 Index

650 4687 898 4756 Cypriani
925 4687 1178 4755 operibus
1208 4690 1455 4758 prtelixus
1484 4687 1797 4757 Lemfactam
1837 4688 2070 4743 exhibet.
2114 4691 2222 4745 No-

650 4767 760 4811 stra
804 4769 979 4812 autem
1011 4759 1168 4812 lectio
1197 4761 1545 4813 conﬁrmatur
1579 4773 1648 4812 ex
1679 4760 1960 4814 Ammiano
1993 4761 2217 4816 Marcel-

653 4827 763 4901 l_ino
787 4829 922 4901 libro
944 4844 1241 4901 xxtx.__cap.
1265 4830 1321 4894 5,
1346 4831 1432 4884 ubi
1453 4828 1805 4899 Lamfoctense
1823 4832 2064 4901 oppidum
2090 4835 2220 4886 inter

653 4896 995 4971 Tyndensium
1015 4909 1061 4954 et
1083 4896 1549 4954 Masinissensium
1570 4896 1742 4971 gentes
1764 4896 1988 4967 positum
2018 4917 2220 4957 memo-

652 4978 820 5039 rator.
878 4967 1042 5024 Porro
1082 4973 1128 5025 si
1169 4973 1269 5024 ista
1307 4967 1587 5026 restitutio'
1604 4980 1725 5024 nota
1758 4972 1968 5037 Valesio
2011 4973 2214 5039 fuisset,

653 5038 1023 5112 Lamfoctense
1043 5039 1292 5110 oppidum
1316 5043 1583 5095 Ammiani
1616 5041 1716 5096 hoc
1738 5042 1908 5109 ipsum
1936 5057 2054 5096 esse
2075 5038 2215 5112 quod

649 5109 746 5186 hic.
763 5109 817 5163 in
838 5112 1031 5186 lﬂotitia
1058 5109 1315 5186 habetur,
1341 5115 1477 5164 ultro
1507 5123 1884 5186 asseverasset.
1921 5114 2059 5186 quod
2084 5109 2218 5168 non—

648 5179 749 5231 nisi
777 5180 1170 5235 subdubitando
1193 5182 1431 5250 proferre
1457 5197 1621 5236 ausus
1646 5192 1749 5237 est.
1775 5184 1865 5238 Sic
1888 5194 1938 5237 et
1971 5185 2218 5239 Baluzius

648 5250 946 5322 suspicatus
993 5267 1100 5306 non
1149 5254 1335 5306 [uisset
1376 5253 1747 5308 Lamfoctense
1795 5255 2047 5322 oppidum
2091 5258 2221 5309 Am-

648 5319 808 5374 miani
841 5320 979 5375 idem
1019 5337 1139 5376 esse
1171 5337 1290 5376 cum
1324 5323 1623 5394 Lamluensi
1650 5319 1936 5394 Byzacenae
1968 5326 2120 5390 urbe,
2150 5327 2217 5381 de

647 5405 934 5464 quasum'a
953 5394 1057 5445 col.
1086 5408 1205 5464 pag;
1241 5395 1342 5464 155
1369 5391 1504 5460 (Col.
1537 5396 1659 5458 509,
1690 5391 1833 5448 num.
1865 5397 1981 5464 87).

715 5460 806 5513 ‘22.
853 5459 1113 5515 Ftceusts.
1158 5459 1312 5516 Felix
1353 5465 1617 5529 episcopus
1651 5463 1880 5519 Ficensis
1921 5459 2216 5520 catholicus

647 5532 945 5603 comparuit
964 5534 1019 5585 in
1037 5532 1742 5603 CollationeCarthag.cap.
1765 5535 1890 5590 215.
1918 5539 1970 5590 In
1999 5538 2219 5592 Tabulis

647 5601 1067 5676 Peutittgeria_ttts
1111 5613 1456 5676 tu_etn_oratur_
1473 5601 1800 5676 AdAFicum,‘
1851 5609 1941 5676 qui
1988 5609 2214 5662 Iocusin

646 5674 901 5798 sutorum
930 5673 1208 5728 ltinerario
1249 5673 1388 5728 inter
1425 5672 1658 5728 Satafam
1703 5684 1758 5730 et
1796 5672 2037 5748 Igilgilim
2083 5680 2216 5732 situs

687 5755 858 5798 icitur.

687 5745 858 5799 icitur.

717 5817 807 5870 25.
838 5817 1116 5874 Bassorus
1145 5815 1551 5872 MACRIANENSIS.
1581 5815 1740 5880 Editi,
1769 5815 2064 5872 Restitutus.
2091 5817 2220 5873 Erat

2330 545 2426 598 pus
2457 546 2604 584 num.
2633 531 2702 586 80
2745 531 2886 585 inter
2935 530 3077 585 illius
3105 531 3392 598 provinciae
3419 530 3688 588 antistites
3714 549 3900 590 recen-

2325 603 2460 654 situs
2488 611 2570 654 est
2598 611 2760 675 supra
2793 616 2914 671 pag.
2942 600 3047 675 156
3079 601 3268 670 (Nobis
3295 603 3401 658 col.
3427 603 3606 675 528),:
3641 620 3802 675 quem
3829 607 3904 660 lo-

2323 685 2443 724 cum
2466 673 2706 726 consule.
2733 673 2900 726 Porro
2931 671 3340 726 Macrianensem
3368 675 3418 726 in
3449 671 3687 730 Sitifensi
3714 677 3905 731 Mauri-

2327 743 2466 795 tania
2489 743 2795 810 episcopum
2820 743 3058 812 agnoscit
3087 745 3254 796 codex
3279 744 3493 808 Halleri,
3523 754 3660 799 teste
3676 746 3904 813 Ortelio,

2327 813 2417 880 qui
2465 814 2532 865 de
2571 813 2845 882 Byzaceno
2889 813 3022 867 nihil
3052 813 3230 868 habet.
3272 813 3498 872 Deuterii
3530 816 3904 871 Macriunensis

2324 884 2560 956 episcopi
2603 900 2670 937 cx
2707 884 2892 938 Donati
2926 897 3075 956 secta
3117 886 3358 956 meminit
3387 889 3714 956 Augustinus
3742 887 3903 956 epist.

2325 952 2414 1016 95,
2467 970 2624 1022 quem
2669 972 2735 1009 ex
2771 955 3082 1009 Mauritania
3111 955 3274 1009 fuisse
3299 952 3492 1009 innuit:
3721 1002 3730 1008 .

2397 1024 2486 1078 224.
2521 1027 2859 1080 ASSAFENSIS.
2893 1024 2982 1080 Sic
3011 1026 3179 1080 codex
3225 1038 3446 1094 uterque
3477 1043 3596 1080 cum
3638 1026 3818 1083 editis.
3851 1030 3903 1082 In

2325 1093 2621 1149 Collatione
2667 1096 2921 1164 Cartliag.
2969 1112 3085 1160 «τίη».
3135 1096 3237 1149 128
3279 1093 3607 1150 memoratur
3655 1097 3908 1154 Sextilius

2324 1166 2592 1232 episcopus
2632 1167 2790 1235 plebis
2827 1165 3120 1219 Assabensis
3155 1182 3276 1220 cum
3311 1167 3568 1220 Martiano
3607 1168 3906 1236 Donatista,

2325 1238 2412 1304 qui
2442 1247 2494 1288 et
2518 1239 2593 1290 sic
2621 1251 2740 1306 cap.
2773 1241 2872 1291 198
2889 1239 3209 1304 appellatur.
3240 1238 3400 1290 Asava
3418 1253 3513 1291 seu
3536 1241 3614 1290 Ad
3631 1239 3767 1293 Sana
3787 1255 3907 1293 mu-

2328 1306 2578 1372 nicipiunt
2612 1307 2838 1362 habetur
2867 1309 2916 1362 in
2946 1308 3200 1360 Antonini
3231 1308 3529 1371 Itinerario,
3561 1319 3616 1363 et
3645 1310 3694 1362 in
3724 1310 3902 1364 Tabu-

2327 1377 2394 1429 Iis
2416 1375 2855 1445 Peutingerianis.
2885 1377 3065 1431 Eidem
3099 1377 3235 1432 forte
3261 1379 3374 1431 urbi
3405 1389 3636 1446 pr:eerat
3665 1390 3903 1447 tempore

2325 1451 2491 1500 sancti
2541 1448 2788 1517 Cypriani
2835 1447 3018 1501 Lucius
3056 1449 3118 1502 ab
3161 1449 3378 1515 Δικαία,
3433 1450 3522 1516 qui
3573 1451 3625 1503 in
3674 1452 3905 1505 concilio

2325 1517 2576 1587 Carthag.
2603 1535 2748 1572 num.
2777 1519 2844 1573 75
2876 1519 3156 1572 haereticos
3181 1519 3588 1585 rebaptizandos
3627 1534 3745 1574 t-s-e
3777 1537 3906 1576 cen-

2327 1589 2452 1641 suit.
2477 1589 2642 1656 Cujus
2681 1590 2966 1656 objeCIiOni
3013 1588 3302 1656 respondet
3346 1591 3668 1657 Augustinus
3711 1590 3806 1643 lib.
3838 1609 3904 1646 vu

2327 1659 2392 1709 de
2429 1659 2696 1726 Baptisuto
2729 1671 2911 1713 contra
2949 1659 3270 1725 Donatislas,
3302 1675 3421 1726 cap.
3453 1661 3540 1724 57,
3569 1658 3776 1714 Salv-ius
3813 1663 3907 1716 4st-

2327 1730 2542 1799 safensis
2573 1730 2854 1798 episcopus
2900 1729 3169 1783 Donatista
3217 1731 3531 1798 subscripsit
3572 1733 3782 1800 synodo
3812 1734 3907 1786 Ca-

2332 1801 2708 1869 barsussitame
2747 1815 2889 1853 anno
2912 1800 3034 1865 595,
3062 1809 3118 1854 et
3147 1815 3286 1851 anno
3313 1802 3553 1869 sequenti
3594 1803 3642 1853 in
3675 1804 3908 1857 concilio

2331 1868 2605 1938 Bagaiensi
2636 1871 2728 1924 fuit
2751 1880 3148 1940 exauctoratus.
3186 1872 3255 1922 De
3285 1868 3400 1940 quo
3426 1871 3624 1938 passim
3654 1874 3909 1940 Augusti-

2331 1956 2429 1994 nus
2450 1943 2558 2006 agit
2581 1942 2630 1994 in
2659 1943 2804 1994 libris
2826 1952 3008 1994 contra
3028 1939 3369 1994 Cresconinm
3399 1939 3757 1995 Douatistam.’
3778 1943 3908 1999 Vide

2327 2012 2676 2066 AUSANENSEM
2711 2013 2848 2065 inter
2879 2012 3311 2079 proconsulares,
3347 2027 3496 2064 num.
3528 2011 3618 2066 47.

2397 2082 2486 2136 25.
2525 2082 3025 2136 Fumemuscessm.
3077 2083 3130 2135 In
3171 2080 3466 2135 Collatione
3497 2080 3750 2150 Cartltag.
3785 2098 3904 2150 cap.

2328 2151 2433 2207 9.05
2461 2156 2596 2207 inter
2626 2153 2927 2206 Donatistas
2957 2155 3252 2222 comparuit
3287 2152 3324 2223 1⁷
3333 2156 3460 2204 ictor
3481 2155 3750 2223 episcopus
3780 2151 3907 2206 Flu-

2329 2225 2709 2292 menpiscensis.
2764 2223 2969 2276 Exinde
3016 2223 3112 2276 viri
3167 2222 3360 2276 eruditi
3393 2222 3729 2292 ccuSuerunt
3771 2225 3907 2292 apud

2329 2291 2575 2359 Optatum
2621 2295 2839 2359 Iibrott,
2882 2293 2973 2346 ubi
3016 2303 3343 2346 memoratur
3375 2291 3656 2346 Januarius
3689 2291 3908 2348 Flamen

2330 2363 2593 2430 Pistensis,
2628 2365 2728 2430 legi
2758 2367 2958 2419 debere
2992 2362 3470 2432 Flumenpiscensis.
3517 2365 3666 2430 Quod
3696 2376 3906 2418 certum

2328 2451 2446 2491 esse
2477 2452 2539 2490 ex
2573 2438 2738 2490 tribus
2761 2451 2887 2489 mss.
2922 2433 3196 2488 codicibus
3225 2435 3378 2486 nobis
3416 2443 3643 2499 constat,
3676 2450 3788 2487 uno
3811 2437 3908 2490 sci-

2328 2506 2453 2561 licet
2493 2507 2801 2561 monasterii
2842 2505 3136 2570 Remigiani
3184 2505 3322 2572 apud
3366 2505 3583 2569 Ilemos,
3631 2505 3808 2558 altero
3847 2521 3906 2560 ex

2329 2579 2652 2631 monasterio
2671 2575 3185 2644 SanctiTheoderici
3223 2576 3653 2645 propeeamdem
3688 2577 3906 2640 urbem;

2329 2649 2486 2701 tertio
2517 2648 2746 2717 denique
2771 2643 2967 2700 uestrae
3013 2643 3352 2700 bibliotheca:
3389 2644 3565 2700 Sancti
3594 2643 3906 2700 Germania

2284 2724 2291 2731 '
2327 2717 2521 2772 Pratis.

2396 2789 2486 2842 26.
2530 2788 2846 2842 INVENTINUS
2895 2785 3322 2840 Manonsnnnsm.
3379 2785 3552 2849 Editi,
3603 2785 3906 2842 Juventinus

2329 2855 2735 2912 Marovanensis.
2789 2859 2965 2911 Codex
2999 2856 3197 2910 Halleri
3236 2855 3372 2924 apud
3394 2855 3678 2918 Ortelium,
3725 2858 3903 2910 Maro—

2328 2931 2517 2984 nensis.
2563 2929 2814 2996 chnam
2849 2942 2977 2981 vero
3022 2932 3086 2980 ex
3133 2928 3247 2980 istis
3287 2926 3446 2980 lectio
3478 2928 3546 2980 sit
3571 2925 3840 2996 prtcfcrcn
3865 2933 3903 2981 ia

2326 3000 2565 3054 divinare
2587 3015 2691 3052 non
2719 3000 2860 3052 licet.

2398 3070 2489 3124 2‘7.
2521 3071 2955 3124 MOLICUNZENSIS.
2990 3069 3079 3124 Sic
3111 3069 3279 3122 codex
3319 3067 3709 3134 Laudunensis.
3752 3068 3906 3123 Orte-

2330 3140 2430 3192 lius
2458 3156 2584 3193 vero
2627 3156 2695 3195 ex
2730 3140 2929 3194 Halleri
2973 3141 3174 3194 codice.
3207 3138 3614 3192 Molicuntensis.
3667 3142 3737 3194 At
3781 3141 3901 3194 editi

2329 3209 2950 3272 habentlllelicbuzensis,
2996 3220 3048 3264 et
3077 3226 3140 3265 ex
3174 3210 3257 3272 iis,
3307 3211 3359 3262 ni
3404 3209 3578 3274 fallor,
3609 3210 3772 3264 index
3803 3212 3901 3281 Cy-

2334 3283 2605 3351 prianicus
2634 3281 2968 3334 Melicbuzam
2993 3288 3234 3334 recenset.

2397 3353 2488 3406 “28.
2542 3351 2929 3406 Stanrtatriuus.
2984 3351 3072 3404 Sic
3122 3360 3342 3410 uterque
3396 3350 3559 3404 codex
3609 3365 3714 3420 ms.
3770 3350 3904 3404 Editi

2328 3437 2475 3490 vero,
2510 3422 2847 3478 Sertcitanus.
2869 3421 3058 3475 Nostra
3079 3421 3232 3476 lectio
3257 3421 3496 3490 Iirmatur
3521 3436 3585 3474 ex
3604 3421 3904 3475 Collatione

2327 3489 2604 3562 Carthag.,
2637 3495 2721 3545 ubi
2746 3508 2863 3560 cap.
2898 3492 2966 3545 80
2997 3500 3320 3562 memoratur
3347 3489 3694 3543 Maximianus
3719 3490 3905 3562 stertei-

2329 3572 2478 3616 tanus
2527 3561 2793 3632 cpiscopus
2844 3563 3145 3627 Danatisla;
3181 3561 3353 3629 capite
3393 3576 3518 3614 vero
3567 3563 3700 3626 215,
3762 3561 3905 3614 Felix

2329 3633 2648 3688 Serteitanus
2673 3635 2935 3701 episcopus
2962 3633 3243 3685 catholicus
3275 3634 3453 3698 pedem
3489 3632 3661 3684 dolere
3691 3632 3902 3696 dicitur,

2327 3720 2627 3773 quanquam
2668 3704 2766 3757 iste
2813 3705 2863 3757 in
2920 3702 3182 3771 prioribus
3217 3701 3535 3756 editionibus
3577 3701 3904 3756 Sertertensis

2327 3785 2416 3827 aut
2447 3774 2770 3828 Sertirtensis
2796 3775 3111 3842 appelletur.

2398 3845 2487 3898 9.9.
2538 3841 2956 3898 CeoauustctsSIs.
3021 3843 3108 3898 Sic
3165 3852 3387 3911 uterque
3431 3857 3562 3906 ms.;
3630 3841 3728 3894 sed
3784 3841 3905 3896 editi

2329 3915 2525 3969 habent
2570 3915 2987 3969 Cadamuseusis.
3037 3915 3198 3969 Index
3238 3915 3590 3984 Cyprjanicus
3644 3922 3906 3966 memorat

2329 3986 2615 4041 Cidamam.
2667 3986 2957 4054 Procopius
3001 3984 3134 4038 libro
3167 4001 3214 4038 γι
3260 3981 3325 4037 (Ie
3349 3981 3901 4054 Edificiistnemorat

2327 4058 2513 4111 urbem
2546 4055 2810 4110 Cidamam
2844 4071 2870 4108 a
2899 4055 3095 4109 Mauris
3133 4055 3504 4119 inhabitatam,
3537 4053 3630 4106 sed
3663 4054 3714 4106 in
3752 4054 3904 4125 183

2329 4129 2501 4182 limite
2546 4125 3224 4196 Tripolitano.VCydamum
3273 4126 3428 4178 habet
3466 4126 3675 4196 Plinius
3720 4125 3821 4196 lib.
3853 4140 3903 4187 ν,

2328 4213 2447 4265 cap.
2471 4197 2526 4260 5,
2551 4214 2575 4249 e
2600 4193 2806 4265 regione
2828 4193 3081 4260 Sabratae,
3108 4196 3433 4265 proindeque
3464 4194 3516 4265 in
3545 4193 3900 4265 Tt'iltolttaua.

2328 4264 2589 4321 Czeterttm
2622 4264 2774 4319 lectio
2803 4276 2982 4318 nostra
3016 4264 3150 4319 latet
3179 4266 3385 4319 erudito
3414 4264 3648 4325 Baluzio,
3692 4267 3784 4333 qui
3816 4279 3904 4317 su-

2328 4341 2562 4401 spicatur
2613 4337 2891 4405 legendum
2943 4351 3061 4389 esse
3107 4336 3554 4399 Ceramusensem;
3597 4335 3770 4405 cujus
3809 4334 3904 4405 loci

2332 4407 2639 4460 Severianus
2672 4403 2943 4472 episcopus
2974 4405 3362 4466 Ceramunensis
3401 4405 3704 4457 catholicus
3733 4403 3906 4457 Colla-

2332 4477 2458 4528 tioni
2487 4476 2667 4540 Cartb.
2706 4477 2943 4528 interfuit
2971 4492 3090 4545 cap.
3119 4479 3239 4532 I55.
3274 4477 3347 4530 De
3376 4477 3472 4528 hac
3504 4490 3562 4527 re
3593 4475 3710 4525 fuso
3742 4476 3906 4545 di:se-

2326 4558 2530 4600 rentem
2565 4547 2830 4599 Balnzium
2863 4543 3082 4601 consule
3115 4549 3164 4600 in
3215 4551 3352 4600 notis
3383 4545 3448 4599 ad
3477 4545 3752 4598 laudatum
3787 4543 3905 4597 Co!-

2327 4617 2541 4670 lationis
2569 4616 2764 4671 locum.
3579 4675 3584 4680 .

2398 4688 2486 4741 5U.
2520 4687 3026 4742 THAMAGBISTENSIS.
3062 4687 3255 4741 Incod.
3282 4685 3480 4741 Ilalleri
3505 4686 3763 4739 scribitur
3784 4685 3905 4738 abs-

2325 4773 2431 4827 que
2473 4760 2799 4826 aspiratione
2840 4757 3290 4827 Tamagristcnsis.
3318 4759 3406 4811 Sic
3440 4758 3666 4810 habetur
3701 4758 3753 4809 in
3786 4756 3906 4807 Col-

2325 4828 2522 4882 latione
2552 4829 2803 4897 Carthag.
2846 4844 2966 4897 cap.
3013 4830 3140 4893 128,
3183 4829 3274 4881 ubi
3323 4827 3588 4880 Prim‘ulus
3631 4827 3906 4892 episcopus

2325 4900 2482 4970 plebis
2513 4898 2939 4968 Tomagristeusts
2968 4900 3262 4952 eatholtcus
3290 4905 3620 4970 memoratur
3647 4911 3774 4950 cum
3808 4898 3906 4970 Sa:

2326 4967 2528 5022 iurnino
2561 4967 2828 5024 Donatista
2860 4970 3025 5039 ipsius
3056 4970 3386 5036 adversario,
3416 4968 3609 5021 iterum
3642 4981 3766 5036 cap.
3802 4967 3900 5020 1117

2319 5042 2603 5095 reccnsito.

2388 5112 2478 5166 5t.
2512 5113 2883 5165 PRIVATENSIS.
2917 5111 3180 5164 Privatum
3221 5109 3396 5162 locum
3442 5107 3810 5177 episeopalem
3841 5122 3902 5159 ex

2325 5182 2536 5237 Victore
2579 5181 2759 5235 laudat
2794 5182 3028 5237 Ortelius
3091 5181 3282 5233 Villam
3329 5176 3573 5248 Magnam
3609 5185 3666 5231 et
3715 5176 3904 5248 Villam

2323 5252 2589 5306 Privatam
2639 5252 2799 5306 habet
2844 5254 3166 5317 Antoninus,
3199 5251 3291 5303 sed
3328 5254 3376 5302 in
3421 5247 3775 5318 ‘l'ripolitana.
3807 5247 3906 5315 Cy-

2322 5324 2532 5393 prianus
2571 5323 2832 5393 episcopus
2871 5321 3018 5377 Villae
3049 5320 3343 5393 Magnensis
3381 5321 3701 5393 subscripsit
3739 5331 3903 5386 syno-

2323 5390 2458 5447 dica:
2486 5390 2943 5461 proconsularium
2969 5395 3019 5446 in
3045 5392 3270 5446 concilio
3303 5390 3557 5444 Lateran.
3587 5390 3686 5444 sub
3719 5398 3907 5440 sancto

2321 5463 2399 5517 Ma
2410 5464 2570 5517 rtino.

2389 5533 2479 5588 52.
2516 5535 2913 5588 PAB'I'ENIENSIS.
2937 5533 3026 5588 Sic
3054 5546 3268 5603 quoque
3298 5532 3550 5586 scribitur
3578 5529 3720 5602 apud
3752 5531 3907 5586 One-

2321 5604 2451 5658 lium
2476 5621 2541 5658 ex
2581 5603 2808 5658 Victore.
3821 5665 3828 5670 ,

2391 5676 2480 5729 55.
2519 5679 2870 5729 stozoressts.
2903 5676 2991 5731 Sic
3030 5690 3161 5731 mss.
3191 5684 3246 5728 et
3293 5673 3444 5729 editi.
3481 5674 3555 5728 Ea
3589 5683 3670 5729 est
3699 5675 3908 5739 abStIIIO

2321 5744 2484 5799 dubio
2502 5749 2698 5816 civitas
2721 5761 2840 5814 qutc
2866 5747 2995 5802 alias
3030 5746 3305 5800 Moctensis
3335 5757 3426 5799 aut
3457 5744 3738 5816 Moptensis
3771 5743 3909 5797 dici-

2322 5826 2426 5871 tur.
2461 5815 2628 5876 Mopti
2656 5817 2989 5876 municipium
3036 5819 3261 5874 habetur
3292 5819 3344 5872 in
3373 5815 3591 5870 Tabulis
3619 5816 3909 5884 Peutinge-
