4078 6348
533 396 641 453 359

541 555 1965 565 ,πῇ-ήρή
3630 555 3639 556 ,

1534 390 1879 448 APPENDIX
1917 391 2006 446 AD
2048 389 2391 448 VICTOREM
2435 387 2794 444 VITENSEM.

3683 391 3790 450 560

600 538 3781 563 Mm
2272 555 3311 563 ___—___—
3350 560 3357 563 .
3386 560 3419 563 _
3434 560 3513 563 ___
3564 559 3781 563 ﬂ

1144 594 1147 595 ξ
1242 674 2083 787 APPENDI.‘

2188 674 2204 782 :
2280 672 3069 821 TERTIA,

925 969 1104 1038 TH.
1177 962 1704 1038 RUINABTI
1775 960 2654 1037 COMMENTARIUS
2727 963 3381 1036 HISTORICUS

2108 1110 2193 1153 DE

1744 1210 2211 1262 PERSECUTIONE
2248 1210 2614 1262 VANDALICA.

598 1439 749 1510 193
777 1437 1028 1505 Quamvis
1049 1452 1111 1491 ex
1139 1433 1365 1510 Victoris
1389 1434 1623 1489 Vitensis
1647 1434 1909 1510 Historia,
1937 1450 2094 1504 quam
2125 1435 2173 1493 Α
2202 1433 2465 1510 praesidiis
2488 1430 2829 1510 destituerat,
2852 1431 3441 1510 invasereid‘Arcadio
3464 1448 3510 1485 νι
3533 1442 3585 1487 et
3606 1433 3783 1510 Probo

524 1505 684 1565 nio—do
708 1505 1063 1572 Exhibuimus,
1098 1505 1362 1576 prmcipua
1394 1520 1615 1574 qumque
1647 1506 1947 1559 Vandalicaa
1976 1522 2097 1574 per-

522 1580 811 1635 secutionis
838 1578 1007 1645 capita
1056 1577 1339 1629 hauriemla
1370 1584 1508 1636 sint.
1542 1591 1653 1629 rem
1685 1587 1861 1629 tamen
1894 1577 2097 1629 nemini

521 1652 777 1719 ingratam
823 1664 919 1703 nos
957 1663 1080 1719 esse
1118 1647 1351 1700 facturos
1390 1647 1629 1719 arbitrati
1674 1661 1857 1700 sumus
1881 1688 1894 1711 ,
1927 1648 1990 1719 ssi
2034 1661 2097 1699 ea

558 1716 638 1776 uae
672 1720 866 1788 passim
892 1721 944 1773 in
974 1718 1205 1787 probatis
1236 1726 1287 1771 et
1317 1717 1540 1788 vetustis
1570 1718 1875 1770 auctoribus
1906 1716 1972 1770 de
2002 1732 2097 1769 eo-

558 1738 638 1776 ua:
672 1738 866 1788 pass‘tm
892 1738 944 1773 In
974 1738 1205 1787 promtus
1236 1738 1287 1771 et
1318 1738 1540 1769 vetusus
1570 1738 1875 1770 aucutrluus
1906 1738 1972 1770 ut:
2002 1738 2095 1769 eu-

518 1738 640 1845 iiem
672 1800 981 1859 argumento
1004 1795 1306 1859 occurrunt,
1341 1788 1425 1839 hic
1450 1787 1501 1839 in
1530 1802 1688 1859 unum
1720 1795 2095 1859 congerantur,

518 1871 575 1915 ut
606 1862 705 1915 hoc
742 1856 982 1914 subsidio
1026 1876 1130 1913 non
1178 1858 1347 1911 solum
1386 1872 1446 1910 ea
1491 1872 1609 1925 quie
1656 1856 1793 1910 forte
1831 1873 1858 1909 a
1891 1857 2099 1910 Victore

516 1931 673 2001 paulo
715 1932 949 1984 strictius
996 1940 1206 1982 narrata
1246 1928 1492 2001 luerunt,
1527 1928 1692 1979 fusius
1739 1936 2092 1996 exponautur,

517 1997 610 2055 sed
644 2009 702 2055 ut
750 2001 861 2071 ipsa
910 2003 1068 2054 etiam
1113 2014 1231 2067 quae
1275 1997 1342 2051 ab
1389 1998 1575 2051 eodem
1627 2007 1845 2052 auctore
1888 2006 2098 2071 luerunt

517 2074 715 2125 omissa
735 2113 748 2134 ,
773 2069 1048 2140 iquatenus
1079 2071 1128 2122 in
1162 2078 1303 2122 tanta
1334 2082 1512 2140 rerum
1545 2082 1607 2121 ac
1651 2080 1945 2140 temporum
1981 2069 2098 2140 Ion:-

514 2138 820 2211 ginquitate‘
845 2141 999 2205 licet,
1042 2154 1354 2211 quocunque
1394 2138 1563 2211 modo
1600 2138 1829 2211 anubis
1860 2139 2093 2211 suppleri

517 2207 743 2280 possint.
777 2212 836 2265 Et
872 2211 1084 2278 quidem
1114 2226 1233 2263 cum
1265 2208 1529 2280 Arianicae
1553 2208 1601 2259 in
1633 2208 1809 2280 Alt-ica
1841 2224 1933 2280 per
1959 2207 2099 2280 Van-

515 2278 666 2336 ilalos
692 2282 1078 2351 persecutionis
1108 2278 1473 2351 describendae
1508 2278 1773 2345 provincia
1809 2278 1961 2351 nobis
1995 2279 2095 2329 ob-

518 2349 728 2422 tigerit,
771 2352 923 2406 nobis
965 2367 1070 2405 non
1118 2350 1264 2422 licuit
1307 2351 1599 2422 quidquam
1647 2349 2091 2422 prieteiuiittere,

516 2418 660 2493 quod
686 2423 751 2476 ad
797 2432 901 2476 tam
948 2422 1179 2493 nobilem
1213 2418 1449 2493 historice
1490 2420 1867 2493 ecclesiasticae
1898 2419 2097 2487 portio-

515 2489 635 2547 nem
688 2492 1054 2547 illustrandam
1108 2490 1406 2543 conducere
1457 2489 1741 2544 videretur.
1798 2491 1988 2542 Verum
2040 2500 2096 2542 ut

515 2563 716 2632 absque
751 2563 854 2616 ulla
884 2560 1199 2632 confusione
1227 2559 1463 2613 narratio
1497 2561 1778 2632 procedat,
1813 2562 1981 2613 visum
2013 2569 2095 2614 est

515 2630 689 2701 operae
717 2635 946 2702 pretium
972 2646 1089 2686 eam
1123 2631 1174 2683 in
1202 2632 1403 2699 aliquot
1433 2630 1606 2696 capita
1638 2631 1842 2697 partiri.

1035 2722 1260 2778 CAPUT
1299 2720 1584 2775 PRIMUM.

844 2815 1191 2871 Vandalorum
1220 2815 1272 2866 in
1303 2811 1500 2867 Gallias
1530 2813 1772 2880 irruptio.

589 2911 638 2963 l.
668 2908 783 2964 Non
825 2924 927 2961 una
966 2918 1049 2961 est
1093 2914 1364 2959 auctorum
1400 2903 1467 2955 de
1502 2902 1853 2955 Vandalorum
1887 2900 2089 2968 origine

514 2980 797 3035 sententia.
819 2979 903 3043 Hi,
924 2987 1059 3033 teste
1090 2976 1372 3039 Proc0pio,
1405 2974 1539 3027 libro
1571 2988 1583 3025 l
1611 2974 1678 3026 de
1712 2973 1856 3026 Bello
1883 2972 2089 3025 Vanda-

514 3050 637 3115 lico,
669 3050 907 3106 Gothicae
938 3049 1165 3102 nationis
1199 3046 1400 3113 portio,
1444 3043 1553 3097 Arii
1588 3044 1824 3115 placitis.
1870 3044 2086 3115 sicutet

515 3113 723 3176 canora:
746 3121 983 3173 nationes
1014 3118 1274 3182 barbaras,
1299 3115 1515 3180 addicti,
1547 3115 1610 3165 ad
1634 3113 1927 3167 MJ‘Olltiem
1955 3114 2084 3167 olim

513 3192 667 3245 sedes
686 3193 952 3244 habuere:
978 3190 1167 3257 quibus
1193 3188 1261 3240 ob
1284 3199 1461 3257 rerum
1483 3186 1899 3236 necessariarum
1922 3200 2087 3257 penu—

513 3262 641 3313 riam
669 3261 920 3323 dimissis,
943 3254 1105 3312 ascita
1134 3271 1312 3309 secum
1338 3255 1623 3307 Alanorum
1648 3263 1822 3321 gente.
1858 3254 2083 3322 primum

514 3329 565 3385 in
599 3346 690 3385 eas
711 3330 955 3399 regiones
986 3344 1105 3397 qua:
1135 3327 1275 3379 circa
1310 3325 1548 3377 Rhenum
1580 3326 1695 3399 sitae
1724 3332 1869 3385 sunt,
1904 3335 2026 3399 tunc
2052 3342 2081 3399 a

514 3402 732 3454 Francis
773 3395 1074 3470 possessas,
1124 3400 1363 3470 irrupere
1382 3411 1403 3470 ;7
1430 3404 1539 3470 tum
1579 3395 1734 3470 paqu
1776 3396 2082 3470 post_simul

513 3484 628 3524 cum
653 3465 923 3524 aliis—leris
948 3480 1003 3523 et
1031 3468 1270 3521 barbaris
1303 3466 1602 3518 nationibus
1636 3466 1685 3515 in
1715 3468 1891 3517 varias
1920 3465 2086 3529 impe-

514 3542 574 3594 rii
608 3541 829 3594 Romani
873 3537 1177 3609 provincias
1203 3534 1445 3609 ingressi,
1474 3550 1565 3609 eas
1593 3534 1801 3609 penitus
1832 3536 2082 3609 devasta-

513 3622 654 3665 runt.
709 3613 775 3666 At
818 3604 1111 3664 Hadrianus
1140 3606 1378 3660 Vale-sius
1426 3606 1571 3657 initio
1618 3606 1733 3657 libri
1785 3619 1840 3657 ιιι
1886 3604 2080 3657 Rerum

512 3681 883 3736 Fraucicarum
914 3682 1106 3734 mirum
1148 3677 1248 3730 sibi
1280 3675 1445 3729 videri
1471 3676 1575 3742 ait,
1621 3675 1756 3728 hanc
1785 3678 1850 3727 de
1871 3672 2085 3728 Vanda-

508 3750 680 3806 lorum
710 3752 914 3820 origine
945 3750 1247 3819 opinionem
1281 3748 1525 3809 cuiquam
1566 3747 1800 3820 potuisse
1830 3746 2042 3820 probari
2064 3787 2080 3807 .

512 3837 675 3891 quam,
696 3817 841 3876 nimii
858 3838 943 3875 um
971 3817 1205 3891 omnium
1230 3820 1564 3891 antiquorum
1591 3818 1905 3891 testimoniis
1926 3817 2084 3891 plane

508 3887 801 3963 oppositam
832 3908 954 3948 esse
989 3890 1697 3963 194(ξρῃῐυιιάὶῃηε’ςειηῃἱ
1737 3899 1790 3940 ιιι
1822 3887 2077 3963 ip_s_e__ait,

511 3958 797 4034 Vandalus,
825 3978 959 4034 quos
986 3958 1369 4034 aliiVindilos,
1396 3959 1484 4034 alii
1512 3958 1788 4034 vaudilos,
1819 3958 1906 4011 alii
1937 3958 2082 4034 \[an-

510 4032 678 4089 dalios
704 4029 993 4104 appellant,
1024 4032 1224 4104 Plinius
1249 4030 1527 4086 Secundus
1560 4032 1697 4104 inter
1726 4044 1919 4104 genera
1949 4029 2084 4104 Ger-

509 4099 788 4160 manorum
813 4107 1077 4175 quinque;
1104 4102 1482 4175 Tacitusinter
1507 4099 2080 4175 antiquas‘Gernianiae

2204 1505 2546 1565 Consulibus,
2580 1504 2678 1555 sub
2708 1503 2831 1555 anni
2870 1504 3075 1556 scilicet
3105 1504 3205 1556 406
3240 1504 3393 1557 linem
3426 1512 3477 1557 ct
3508 1508 3785 1571 sequentis

2204 1575 2435 1636 initium,
2466 1574 2751 1639 contigisse
2781 1572 2993 1625 tradunt
3025 1573 3264 1626 nonnulli
3295 1584 3503 1628 veteres
3530 1575 3785 1631 historia-

2204 1661 2322 1698 rum
2363 1648 2682 1712 scriptor‘es,
2734 1644 2981 1712 Prosper,
3029 1644 3404 1709 Cassiodorus,
3438 1655 3577 1709 etc.;
3618 1662 3782 1711 quam

2202 1724 2378 1768 tamen
2403 1717 2607 1769 cladem
2633 1714 2848 1767 biennio
2878 1724 3015 1781 post,
3048 1713 3210 1767 Basso
3240 1724 3294 1768 et
3322 1714 3563 1782 Philippo
3583 1730 3785 1771 consu—

2203 1787 2359 1847 libus,
2392 1786 2596 1838 duobus
2620 1786 2824 1838 scilicet
2850 1785 3003 1837 annis
3026 1794 3340 1853 anteaquam
3370 1785 3534 1838 Roma
3560 1788 3625 1837 ab
3654 1787 3787 1840 Ala-

2202 1857 2312 1908 ricti
2334 1856 2629 1909 Gothorum
2655 1871 2779 1923 rege
2809 1865 3109 1922 caperetur,
3140 1856 3226 1908 alii
3252 1870 3370 1908 cum
3404 1856 3565 1907 Paulo
3586 1856 3784 1911 Orosio

2202 1933 2257 1978 et
2288 1926 2589 1979 Marcellino
2623 1928 2819 1979 comite
2849 1927 3090 1979 evenisse
3122 1927 3325 1978 volunt.
3363 1924 3418 1977 ln
3465 1925 3565 1980 hoc
3598 1936 3781 1981 autem

2201 1996 2540 2049 censentium
2565 2011 2773 2055 omnes.
2798 2011 2857 2049 ea
2888 2004 3199 2064 tempestate
3224 1994 3421 2049 Gallias
3447 1999 3637 2063 primo,
3663 2008 3781 2051 tum

2205 2068 2503 2133 Hispanias,
2530 2082 2590 2119 ac
2616 2068 2824 2119 tandem
2852 2066 3126 2119 Africanas
3155 2066 3454 2132 provincias
3482 2068 3784 2134 eragitatas

2202 2137 2363 2190 fuisse
2394 2156 2403 2185 ε
2439 2152 2555 2204 qua:
2579 2137 2758 2189 clades
2787 2152 2851 2188 eo
2881 2136 3171 2189 atrooiores
3216 2138 3362 2191 luere
3382 2176 3395 2199 ,
3425 2152 3530 2201 quo
3561 2137 3655 2204 ipsi
3684 2138 3784 2202 qui

2201 2223 2291 2261 eas
2340 2208 2667 2268 inferebant,
2725 2207 2914 2258 animis
2964 2206 3293 2260 efl'eratiores
3345 2215 3512 2259 erant.
3566 2207 3781 2262 Etenim

2203 2288 2392 2343 praeter
2420 2292 2536 2329 eam
2576 2292 2732 2344 quam
2775 2276 2978 2329 itiVehit
3018 2276 3263 2329 hmretica
3315 2277 3455 2329 fraus
3494 2277 3783 2330 crudelita-

2202 2357 2305 2399 tem
2332 2388 2344 2407 ,
2375 2348 2515 2399 nulla
2548 2347 2770 2399 naturali
2801 2348 3050 2409 lenitate,
3083 2347 3227 2398 nullo
3268 2346 3581 2399 urbanitatis
3613 2362 3781 2401 succo

2203 2417 2560 2470 Vandalorum
2586 2432 2783 2479 mores,
2810 2418 3041 2482 utiame
3068 2415 3353 2469 Romanos.
3377 2425 3527 2469 erant
3548 2418 3775 2473 conditi.

2270 2489 2322 2539 5.
2364 2489 2475 2552 Qua
2503 2502 2630 2540 vero
2654 2488 2875 2548 saevitia,
2911 2502 3079 2553 quove
3104 2486 3280 2539 furore
3304 2486 3354 2539 in
3377 2486 3574 2539 Gallias
3598 2488 3777 2553 primo

2201 2559 2520 2624 irruperint,
2572 2558 2823 2611 describit
2867 2558 3015 2610 testis
3055 2558 3196 2609 omni
3228 2559 3539 2622 exceptione.
3576 2558 3778 2625 major,

2200 2640 2417 2682 sanctus
2450 2628 2801 2695 Hieronymus
2833 2628 2885 2679 in
2912 2629 3131 2694 epistola
3158 2629 3221 2677 ad
3254 2628 3649 2693 Auerruchiani,
3679 2629 3776 2682 ubi

2199 2702 2274 2751 sic
2310 2702 2579 2763 loquitur:
2616 2698 2954 2751 Prtesentium
2995 2698 3315 2750 miseriarum
3359 2713 3520 2763 pauca
3554 2713 3779 2764 percur-

2198 2785 2329 2823 ram.
2366 2768 2766 2821 Innumerabiles
2806 2781 2851 2820 et
2892 2769 3215 2833 ferarissima:
3254 2768 3481 2820 nationes
3510 2769 3777 2822 universas

2121 2810 2169 2870 Β
2195 2810 2766 2901 (ἔτλῖίὲαἶςῖἦεαραῖηλιῖῖ
3066 2810 3775 2907 ίῆὶεῗΑίρὲκνθινΡῃνξῖιξέῖηἱ

2192 2919 2285 2969 est,
2314 2911 2448 2976 quod
2481 2909 2682 2961 Oceano
2702 2920 2747 2960 et
2781 2910 2953 2959 lilieno
2984 2908 3280 2966 includitur,
3302 2909 3533 2971 Quadus,
3567 2908 3772 2962 Vanda-

2192 2978 2293 3042 lus,
2332 2982 2589 3037 Sormuta.
2624 2980 2794 3042 Alani,
2824 2978 3062 3044 Gipedes,
3102 2977 3312 3039 Heruli,
3345 2978 3596 3040 Saxones,
3629 2976 3774 3031 Bur-

2190 3051 2493 3119 gundiones,
2523 3049 2791 3101 Alemanni
2808 3090 2821 3111 ,
2843 3060 2989 3119 et,-o
3020 3050 3235 3119 lugenda
3255 3049 3539 3115 respublica
3554 3048 3574 3100 .'
3596 3046 3773 3101 hostes

2195 3117 2451 3174 Pannonii
2498 3127 2781 3173 vastarunt.
2836 3117 3034 3171 Etenim
3076 3117 3244 3170 ‘Assur
3296 3119 3425 3169 veiit
3466 3134 3581 3171 cum
3636 3119 3771 3173 illis.

2190 3191 2393 3245 Deinde
2426 3206 2714 3244 recensens
2745 3188 3038 3242 nobiliores
3064 3188 3351 3241 Galliarum
3382 3189 3625 3244 civimes
3645 3205 3774 3257 qua;

2189 3278 2248 3315 ea
2282 3262 2562 3315 occasione
2592 3260 2788 3313 excisa:
2816 3270 2907 3311 aut
2934 3259 3155 3329 direpta:
3192 3258 3437 3323 fuerunt,
3475 3260 3552 3313 sic
3581 3275 3774 3327 prose-

2188 3332 2366 3398 quitur
2398 3352 2409 3382 :
2450 3330 2829 3399 Mogontiacum
2849 3371 2861 3387 .
2889 3330 3068 3381 nobilis
3089 3330 3346 3398 quondam
3378 3330 3583 3393 civita~,
3614 3338 3776 3395 capta

2187 3413 2339 3467 atque
2367 3402 2601 3453 subversa
2627 3412 2720 3461 est,
2753 3410 2800 3453 et
2828 3400 2880 3452 in
2903 3400 3111 3454 ecclesia
3138 3401 3292 3452 multa
3316 3400 3574 3452 hominum
3602 3402 3774 3453 millia

2191 3472 2469 3523 trucidata.
2510 3470 2791 3541 Vangiones
2822 3471 2973 3537 longa
2996 3472 3253 3524 obsidione
3280 3469 3458 3533 deleti,
3493 3468 3774 3524 Remorum

2190 3544 2309 3594 urbs
2340 3554 2622 3610 pi'trpotens
2642 3584 2656 3600 ,
2690 3542 2954 3604 Ambiani,
3001 3542 3301 3604 Attrebatw,‘
3337 3541 3642 3607 extremique
3672 3542 3776 3592 Ito-

2188 3613 2379 3665 minam
2406 3612 2618 3671 Morini,
2642 3610 2924 3668 Tornncus.
2958 3611 3185 3664 Nemete.
3212 3615 3577 3676 Argentoratus
3598 3619 3776 3662 trans-

2187 3682 2279 3735 lati
2311 3684 2364 3735 in
2394 3682 2736 3735 Germaniam.
2774 3681 3088 3750 Aquitaniaz,
3124 3680 3412 3749 Novemque
3438 3682 3770 3749 populorum,

2187 3751 2547 3818 Lugdunensis
2576 3765 2621 3805 et
2652 3752 3000 3805 Narbonensis
3036 3752 3331 3816 provinciae,
3366 3764 3546 3819 praeter
3574 3768 3773 3818 paucas

2189 3823 2360 3887 urbes,
2392 3824 2633 3892 papulata
2659 3834 2772 3875 iuni
2803 3833 3004 3884 cuncta,
3028 3840 3151 3890 quas
3178 3833 3225 3873 et
3250 3823 3385 3889 ipsas
3411 3821 3535 3888 foris
3561 3822 3773 3892 gladius

2188 3903 2233 3945 ct
2255 3889 2575 3946 intust-astat
2608 3898 2783 3963 fontes.
2820 3892 2937 3946 Non
2962 3889 3163 3961 possunt
3194 3893 3377 3954 absque
3406 3892 3638 3960 lacrgmis
3663 3889 3773 3944 Tu-

2188 3963 2310 4015 lostc
2347 3966 2512 4032 facere
2543 3967 3026 4034 imzntionantquw
3069 3975 3119 4014 ut
3157 3964 3309 4034 195
3352 3963 3446 4014 huc
3475 3977 3627 4034 usque
3662 3978 3773 4017 non

2188 4045 2384 4098 rueret,
2417 4036 2581 4086 sancti
2618 4036 2839 4101 episcopi
2877 4033 3148 4097 Exsuperii
3188 4032 3365 4086 merita
3404 4032 3770 4099 prtt’stiterunt.

2188 4105 2335 4157 Alias
2360 4105 2410 4156 in
2433 4105 2741 4158 Stiliconcm
2768 4105 2967 4156 invehit
2990 4104 3126 4156 idem
3147 4114 3363 4157 sanctus
3388 4103 3768 4170 Hieronymus,

509 4187 691 4241 gentes
719 4168 997 4229 numeret}
1028 4188 1255 4244 cumque
1282 4171 1627 4244 Dio-Cassius
1660 4168 1880 4244 inlibro
1905 4185 2075 4244 Lxxn,
2108 4177 2155 4240 α
2185 4190 2342 4241 quem
2370 4176 2767 4227 seinibarliarum
2798 4176 3108 4244 proditarcm
3132 4173 3380 4241 appellat,
3411 4171 3549 4244 quod
3572 4168 3771 4244 ncian

507 4238 679 4299 Julius
706 4244 1035 4313 Capitolinus
1055 4284 1069 4307 ,
1102 4238 1645 4313 Eutroiiius,_'l‘abula
1677 4238 2074 4313 Tlieodosiana,

507 4328 571 4366 ac
598 4308 971 4384 Hieronymus,
997 4327 1090 4364 cos
1112 4310 1463 4384 Marcomanis
1489 4320 1541 4384 et
1561 4309 1767 4384 Quadis
1787 4308 2079 4384 Germano-

508 4397 625 4435 rum
654 4378 859 4451 populis
888 4383 1124 4436 conlines
1153 4382 1293 4433 circa
1340 4379 1636 4431 Danubiuu.
1662 4389 1713 4451 e_t
1745 4378 2081 4451 Albisbcaput

506 4447 737 4521 ponant.
759 4453 861 4508 Sed
894 4454 1032 4506 idem
1064 4462 1249 4521 auctor
1276 4458 1455 4517 postea
1486 4451 1653 4499 innuit
1680 4447 1918 4521 Procopii
1949 4466 2077 4502 seu-

509 4519 761 4586 tentiam,
790 4522 1061 4586 Salviani,
1101 4520 1338 4578 Sidonii.
1388 4521 1718 4584 aliorumque
1759 4519 2077 4584 scriptorum

507 4593 823 4648 auctoritate
852 4592 1157 4646 eonlirmari
1193 4604 1348 4655 posse
1375 4605 1387 4639 :
1421 4588 1556 4639 unde
1586 4603 1704 4639 cum
1737 4588 1820 4639 isti
1856 4588 1917 4642 iis
1946 4600 2079 4642 tem-

505 4661 727 4730 poribus
772 4663 1049 4717 ﬂorucrint
1093 4662 1284 4729 quibus
1316 4658 1537 4712 Vandali
1584 4658 1634 4710 in
1666 4657 1825 4730 variis
1873 4660 2078 4723 imperii

506 4728 731 4787 Romani
759 4733 993 4800 provinci
1018 4747 1043 4786 s
1073 4734 1245 4785 adhuc
1276 4729 1673 4800 grassabantur,
1708 4728 1843 4781 hanc
1872 4731 2079 4795 opinio-

508 4818 627 4857 nem
658 4804 725 4859 de
748 4807 1102 4872 posteriorum
1126 4803 1315 4855 saltem
1342 4800 1699 4872 Vandaloium
1728 4800 1930 4867 origine
1953 4811 2078 4856 tunc

506 4871 924 4944 receptisSiinam
954 4874 1111 4927 [υὶεςυ
1140 4887 1297 4926 nemo
1325 4871 1536 4944 difﬁteri
1555 4879 1765 4944 potest.

576 4940 649 4999 ΞΣ
676 4946 781 4999 Hos
819 4959 1008 4999 omnes
1038 4944 1295 4996 barbaros
1326 4942 1596 4997 Stilicouis
1631 4940 1848 5008 perfidia
1878 4956 2075 4995 evoca-

504 5022 589 5067 tos
618 5014 780 5069 fuisse
807 5016 1075 5069 altirmant
1104 5027 1310 5067 veteres
1346 5013 1500 5065 situut
1534 5020 1588 5065 et
1615 5014 1939 5066 recentiores
1978 5013 2078 5064 bi—

504 5086 707 5154 storici,
733 5100 955 5156 quorum
977 5084 1224 5156 operaad
1250 5084 1531 5156 imperium
1558 5081 1819 5156 Eucherio
1847 5082 1957 5156 lilio
1978 5095 2076 5156 suo

498 5152 889 5209 conciliandum
919 5158 991 5209 uti
1024 5154 1233 5208 volebat
1266 5170 1278 5205 :
1310 5163 1469 5222 atque
1497 5155 1564 5204 ita
1590 5152 1831 5220 'perlldus
1856 5152 1963 5216 ille,
1992 5152 2075 5205 in-

501 5229 616 5294 quit
640 5224 833 5279 Paulus
860 5225 1080 5281 Orosius
1107 5225 1206 5278 sub
1229 5222 1348 5276 libri
1373 5238 1441 5275 vu
1472 5224 1654 5294 linem,
1680 5235 1733 5275 ut
1756 5236 1917 5294 unum
1948 5237 2076 5294 pue-

498 5291 619 5349 rum
650 5310 879 5363 purpura
912 5297 1173 5358 indueret,
1204 5294 1365 5347 tonus
1388 5291 1838 5363 generishumani
1860 5292 2076 5361 sangui-

496 5381 624 5433 _nem
650 5361 817 5419 dedit.
851 5366 1017 5421 Porro
1040 5364 1395 5419 Vandalorum
1422 5361 1698 5416 conatibus
1726 5362 1880 5429 primi
1908 5364 2075 5415 obsti—

502 5444 618 5493 tere
645 5436 859 5502 Franci;
891 5452 1046 5506 quos,
1072 5436 1252 5504 viginti
1281 5450 1342 5485 cx
1368 5434 1471 5485 illis
1494 5434 1656 5485 l'erme
1680 5433 1909 5506 millibus
1933 5436 2071 5485 ferro

503 5513 813 5577 peremptis,
844 5503 1250 5575 Godigiscl0que
1278 5519 1461 5557 eorum
1497 5519 1621 5577 rege
1648 5503 1879 5577 occiso,
1902 5518 2072 5577 usque

500 5572 567 5633 ad
606 5572 1018 5633 internecionem
1070 5572 1419 5637 delevnsent,
1458 5575 1557 5626 nisi
1601 5574 1781 5626 Alanis
1818 5574 1882 5624 ad
1928 5572 2069 5643 Van-

500 5648 743 5703 dalorum
794 5650 1049 5703 auxilium
1101 5648 1519 5708 accurrentibus,
1574 5642 1673 5709 ipsi
1731 5642 2064 5709 postmodum

502 5719 641 5774 Fran
679 5722 691 5773 i
717 5720 875 5789 fugati
904 5716 1291 5789 luisseut.|ude
1320 5714 1535 5789 Yatidsli
1556 5714 1713 5789 _simul
1741 5729 1865 5789 cum
1881 5714 2065 5789 Alanis

501 5781 804 5859 conjuncti:
835 5791 1120 5845 substituto
1146 5788 1197 5841 in
1226 5784 1515 5859 Godigiscii
1541 5784 1729 5859 locum
1764 5781 2065 5859 Gunderico

502 5852 617 5931 ejus
641 5861 771 5930 lilio,
792 5852 1047 5919 Rhenum
1077 5858 1352 5926 transiere,
1376 5852 1434 5912 et
1459 5854 1684 5921 Gallias,
1719 5868 1850 5924 quas
1875 5852 2063 5910 Stilico

2095 5549 2149 5608 D

2186 4245 2275 4299 il'e
2305 4260 2333 4297 e
2364 4244 2723 4297 Vandalorum
2754 4242 2910 4309 gente
2941 4244 3200 4312 originem
3240 4243 3441 4297 ducens
3466 4243 3529 4293 ad
3564 4242 3772 4304 primas

2187 4314 2398 4381 imperii
2428 4316 2708 4382 dignitates
2733 4324 2969 4376 evectus,
2998 4315 3205 4372 nostris.
3241 4314 3430 4376 in-iuit,
3464 4320 3637 4363 contra
3670 4330 3771 4366 nos

2183 4387 2361 4449 Opibus
2390 4393 2633 4436 armasset
2662 4384 2913 4436 inimicos.
2963 4384 3020 4438 In
3061 4383 3283 4452 epistola
3314 4383 3378 4435 ad
3422 4382 3771 4437 Heliodorum

2184 4457 2253 4509 de
2280 4454 2537 4518 eiu-modi
2572 4453 2916 4506 barbarorum
2949 4454 3340 4507 incursionibus
3370 4453 3619 4518 loquens,
3652 4467 3773 4505 ma-

2184 4535 2367 4577 tronas
2405 4525 2610 4576 nobiles
2649 4534 2702 4575 et
2732 4523 2963 4591 virgines
2996 4526 3085 4578 Dei
3118 4522 3349 4578 ludibrio
3380 4522 3617 4583 habitas,
3650 4525 3771 4588 epi-

2184 4609 2376 4659 scopos
2418 4604 2633 4661 Captos,
2690 4598 3028 4663 presbyteros
3078 4606 3131 4648 et
3175 4596 3417 4649 diversos
3448 4596 3770 4663 clericorum

2184 4664 2380 4732 gradus
2410 4663 2738 4725 interfectos,
2766 4662 3019 4718 ecclesias
3041 4679 3274 4722 eversas.
3302 4678 3467 4732 equos
3488 4662 3553 4716 ad
3575 4662 3770 4717 altaria

2184 4734 2499 4797 stabulatos,
2530 4746 2820 4801 martyrum
2850 4734 3071 4787 eliossas
3100 4734 3373 4802 reliquia~,
3404 4742 3457 4787 et
3482 4734 3579 4786 alia
3613 4733 3769 4787 simi-

2185 4804 2256 4856 lia
2299 4812 2716 4869 commemorat,
2749 4804 2941 4872 quibus
2994 4805 3261 4858 Romanus
3309 4804 3454 4857 orbis
3494 4802 3603 4871 jam
3639 4813 3769 4857 ante

2182 4874 2333 4927 urbis
2361 4874 2544 4926 Romae
2575 4874 2837 4927 excidium
2870 4876 3035 4928 luerat
3064 4876 3304 4929 obrutus.
3720 4906 3736 4918 -

2254 4943 2301 4996 4.
2360 4943 2582 4997 Easdem
2630 4959 2760 4997 vero
2805 4944 3095 4998 Galliarum
3144 4944 3475 4997 calamitates
3519 4940 3769 5010 deplorat

2182 5012 2465 5068 Salvianus
2495 5014 2776 5084 presbyter
2808 5015 3149 5069 Massiliensis
3170 5053 3184 5077 ,
3234 5014 3324 5080 qui
3354 5023 3419 5084 et
3454 5013 3768 5084 ipseurebus

2181 5088 2344 5152 gestis
2373 5099 2612 5151 praesens
2641 5081 2842 5139 aderat.
2886 5084 2976 5138 Sic
3004 5090 3144 5140 enim
3188 5086 3327 5138 inter
3355 5082 3456 5136 alia
3486 5083 3553 5136 de
3584 5081 3648 5135 iis
3674 5084 3768 5150 qui

2181 5154 2389 5208 urbium
2416 5156 2621 5209 excidia
2659 5165 2943 5209 evaserant
2965 5198 2978 5217 ,
3022 5156 3255 5223 loquitur
3282 5153 3420 5207 libro
3452 5168 3531 5214 vi,
3561 5152 3628 5205 de
3656 5152 3767 5206 ϐυ·

2180 5225 2492 5279 bernatione
2526 5226 2615 5279 Dei
2644 5241 2657 5277 :
2693 5226 2867 5278 Omnis
2896 5226 3069 5279 civitas
3105 5225 3303 5277 bustum
3341 5234 3479 5285 erat,
3526 5223 3676 5275 malis
3720 5231 3768 5277 et

2179 5307 2292 5364 post
2336 5296 2531 5349 excidia
2565 5295 2918 5348 crescentibus.
2959 5294 3098 5349 Nam
3128 5310 3253 5361 quos
3292 5294 3452 5346 hostis
3486 5294 3537 5364 in
3565 5294 3767 5349 excidia

2178 5362 2283 5417 non
2311 5367 2593 5427 occiderat,
2628 5373 2739 5433 post
2768 5367 3021 5418 excidium
3049 5365 3315 5419 calamitas
3344 5362 3583 5415 obruebat
3606 5377 3624 5413 :
3648 5379 3766 5415 cum

2174 5434 2233 5487 id
2260 5438 2395 5500 quod
2434 5438 2486 5487 in
2514 5436 2713 5487 excidio
2738 5448 2961 5488 evaserat
3006 5437 3182 5500 morti,
3231 5445 3341 5500 post
3380 5433 3633 5486 excidium
3660 5449 3765 5485 non

2178 5517 2458 5575 superesset
2490 5505 2788 5575 ralamitati.
2833 5507 2974 5558 Alios
3002 5508 3132 5558 enim
3178 5506 3425 5575 impressa
3469 5504 3625 5575 altius
3653 5504 3762 5556 vul-

2175 5592 2297 5627 nera
2328 5575 2494 5643 longis
2522 5574 2764 5626 mortibus
2788 5576 3066 5641 necabam,
3096 5577 3227 5629 alios
3252 5574 3509 5627 ambustas
3543 5574 3764 5626 hostium

2169 5646 2609 5717 ﬂammis,setiam
2642 5653 2752 5717 post
2780 5647 3014 5715 ﬂammas
3043 5662 3190 5717 paena
3224 5644 3508 5717 torquebat.
3681 5646 3765 5717 ins-

2169 5712 2383 5769 teribant
2424 5715 2585 5783 fame,
2630 5712 2723 5766 alii
2763 5712 3157 5781 nuditate;'alii
3194 5712 3531 5773 tabescentes,
3565 5714 3657 5765 alii
3697 5714 3763 5765 ri-

2168 5796 2376 5855 gentes;
2404 5802 2463 5838 ac
2490 5786 2563 5838 sic
2596 5785 2649 5837 in
2682 5802 2838 5839 unum
2868 5788 3059 5841 exitum
3092 5788 3265 5840 mortis
3304 5801 3393 5853 per
3430 5785 3631 5835 diversa
3659 5800 3763 5834 mo.

2167 5856 2330 5911 riernli
2357 5873 2543 5924 genera
2563 5858 2883 5913 corruebant.
2913 5857 2975 5911 Et
3002 5858 3126 5920 quid
3153 5858 3341 5918 plura?
3376 5855 3575 5908 excidio
3612 5856 3761 5908 unius
