4078 6348
307 255 400 314 58!
662 252 987 313 RUINARTI
1026 252 1091 314 IN
1133 252 1501 315 HISTORIAM
1545 252 1829 316 I’ERSEC.
1880 226 2174 317 VA'NDAL.
2215 254 2751 323 COMMENTARIUS
2789 264 3207 325 IIISTORICUS.

3463 264 3567 327 362

300 372 439 451 urbis
476 368 827 451 aﬂligebantur
857 387 1053 451 queque
1086 371 1486 451 niiwrciritates.
1526 372 1773 451 J_acebu_nt
1814 374 1887 424 εἱ-
1914 373 1967 432 Α
1993 372 2234 451 ecclesiae
2260 375 2441 430 limine
2464 376 2782 451 martyrium
2804 377 3093 446 gloriosum
3128 380 3282 445 fecit;
3313 396 3413 451 qua
3438 384 3564 441 item

304 442 501 512 quidem
531 441 741 507 passim,
766 442 900 509 quod
920 442 1029 512 ipse
1051 442 1153 494 vidi
1175 450 1323 507 atque
1351 443 1587 507 sustinui,
1620 445 1882 510 utriusque

303 518 445 568 sexus
475 512 725 564 cadavera
757 512 925 574 nuda,
956 511 1155 573 lacera,
1184 512 1321 564 urbis
1360 512 1536 566 oculos
1562 515 1880 577 incestantia,

303 584 473 638 avibus
514 581 824 649 canibusque
865 581 1059 635 laniata
1095 596 1118 652 :A
1151 580 1259 635 lues
1303 593 1409 636 erat
1444 584 1709 635 viventium
1758 585 1890 652 fetor

305 660 541 724 funereus
561 660 901 724 mortuorum,
931 668 1065 724 mors
1087 650 1150 705 de
1169 660 1328 724 morte
1345 653 1678 706 eas/talabatur
1698 669 1715 714 ;
1737 650 1796 705 ac
1816 653 1889 709 sic

303 722 451 778 etiam
488 723 574 786 qui
617 722 824 775 excidiis
858 722 1167 789 supradicta:
1205 722 1343 775 urbis
1375 739 1475 775 non
1518 724 1884 792 interfuerant,

304 797 439 846 mala
470 793 628 845 alieni
655 792 839 845 excidii
872 792 1214 862 perferebant.
1256 793 1362 862 Nec
1391 808 1451 846 ea
1485 796 1776 861 putandum
1805 805 1885 847 est

304 881 331 918 a
360 864 611 919 Salviano
652 876 798 915 more
826 861 1061 916 oratorio
1092 861 1230 915 dicta
1268 861 1432 918 fuisse
1455 878 1573 916 cum
1600 879 1888 932 exaggera-

306 936 468 1001 lionc,
503 942 560 987 ut
590 933 807 1001 populos
829 933 894 985 ad
924 932 1292 1001 pmnitentiam
1322 942 1653 1001 provocarat,
1678 950 1797 989 cum
1824 950 1884 989 ea

305 1008 482 1059 munia
508 1020 625 1067 qua!
648 1002 800 1057 nobis
822 1012 1103 1071 supersunt
1127 1002 1346 1057 istorum
1373 1014 1671 1073 temporum
1698 1022 1887 1058 monu-

306 1087 481 1130 menta
526 1075 666 1127 idem
716 1087 935 1140 prorsus
976 1082 1314 1127 attestentur.
1362 1074 1527 1142 Hujus
1571 1075 1647 1128 rei
1696 1084 1885 1129 testem

305 1146 783 1208 locupletissimum
812 1143 1125 1197 adducimus
1154 1152 1423 1198 auctorem
1459 1144 1576 1198 libri
1608 1146 1673 1200 de
1704 1145 1890 1198 Provi-

305 1216 481 1270 dentia
508 1215 707 1277 divina,
741 1214 829 1281 qui
861 1213 959 1268 sub
981 1212 1152 1266 sancti
1188 1214 1433 1279 Prosperi
1467 1214 1679 1270 nomine
1702 1216 1887 1283 vulga-

307 1296 389 1340 tus
418 1296 521 1340 est.
560 1284 653 1337 llic
682 1292 857 1339 autem
897 1294 1135 1354 extrema
1178 1299 1400 1354 quasque
1440 1286 1493 1339 in
1528 1285 1609 1339 his
1650 1286 1888 1339 cladibus

305 1357 484 1411 Gallos
520 1355 803 1423 pertulisse
848 1352 1073 1407 afﬁrmat
1104 1354 1155 1407 in
1196 1352 1433 1422 ejusdem
1474 1355 1714 1419 opusculi
1758 1373 1885 1424 pro-

306 1426 447 1495 logo,
481 1426 571 1479 ubi
604 1426 785 1492 patriae
814 1440 945 1495 sua»,
976 1438 1104 1491 quas
1137 1440 1243 1495 pra:
1272 1426 1439 1489 oculis
1473 1425 1719 1489 habebat,
1748 1427 1889 1480 cala-

305 1493 521 1552 mitatcs
556 1495 816 1564 deplorat.
860 1494 1067 1548 Nullam
1111 1493 1330 1561 urbem,
1366 1496 1566 1549 nullum
1604 1496 1885 1564 oppidum;

247 1619 250 1621 Α
307 1583 411 1623 non
445 1566 665 1622 castella
694 1575 781 1618 aut
807 1570 975 1631 ames,
1006 1564 1113 1618 imo
1140 1579 1238 1619 nec
1269 1567 1412 1634 ipsos
1439 1579 1595 1637 agros
1622 1567 1885 1621 excidium

306 1638 549 1693 evasisse
573 1638 666 1699 ait,
701 1651 805 1690 uno
829 1636 993 1689 verbo
1021 1653 1032 1686 :

428 1732 478 1781 Si
506 1738 639 1780 totus
659 1729 819 1779 Gallos
835 1743 948 1779 sese
962 1730 1226 1793 effudisset
1246 1731 1295 1781 iu
1312 1744 1459 1793 agros

491 1793 737 1854 Oceanus,
760 1793 904 1841 vastis
926 1792 1034 1854 plus
1055 1801 1338 1856 superesset
1354 1792 1517 1854 aquis.

307 1897 419 1955 Nec
454 1898 631 1953 minus
656 1898 707 1950 in
734 1896 977 1951 homines
1006 1913 1163 1964 quam
1196 1898 1247 1951 in
1278 1897 1438 1952 urbes
1460 1897 1698 1951 saevitum
1730 1898 1891 1952 fuisse

308 1972 499 2025 scribit
529 1970 668 2023 idem
700 1980 916 2030 auctor;
951 1968 1077 2020 nulli
1109 1975 1166 2020 ut
1199 1969 1344 2021 sexui
1383 1977 1473 2022 aut
1507 1970 1648 2023 aetati
1682 1970 1890 2023 barbari

308 2048 613 2115 parcentes,
644 2038 831 2092 obvios
857 2052 1097 2107 quosque
1129 2038 1477 2093 trucidarent.

436 2155 541 2217 Nec
557 2166 738 2217 querar
759 2154 1043 2217 exstinctam
1065 2150 1198 2199 nullo
1220 2151 1718 2217 discrimineplebem
1754 2166 1765 2199 :

505 2215 634 2264 Mors
652 2228 846 2276 quoque.
876 2216 1135 2276 primorum
1154 2219 1317 2262 cesset
1341 2215 1401 2261 ab
1426 2215 1617 2262 invidia.

434 2278 555 2337 Quid
582 2274 720 2337 pueri
741 2274 991 2337 insontes?
1006 2275 1117 2336 quid
1141 2276 1429 2323 commisere
1450 2276 1643 2336 puellm,

503 2335 641 2387 Nulla
665 2339 843 2398 quibus
864 2335 1071 2385 dederat
1089 2336 1289 2398 crimina
1317 2338 1412 2384 vita
1431 2335 1627 2384 brevis?

436 2402 599 2460 Quare
626 2399 805 2461 templa
833 2399 921 2446 Dei
946 2399 1082 2446 licuit
1102 2397 1539 2461 popularierjgni?

504 2463 601 2512 Cur
620 2459 793 2509 violata
817 2461 942 2507 sacri
969 2472 1077 2507 vasa
1097 2459 1397 2508 ministerii?

437 2523 537 2574 Non
558 2525 713 2574 bouor
741 2524 961 2582 innuptas
982 2523 1175 2569 dUVOIIB
1198 2522 1503 2581 virginitatis,

499 2586 603 2635 Nec
628 2585 754 2634 texit
780 2585 951 2632 viduas
971 2582 1245 2642 relligionis
1262 2595 1411 2630 amor.

436 2646 535 2710 Ipsi
558 2648 775 2710 desertis
797 2646 877 2710 qui
901 2646 1046 2693 vitam
1068 2644 1252 2710 ducere
1278 2645 1327 2692 in
1346 2650 1518 2710 antris.

499 2710 714 2757 Suerant
736 2705 991 2755 laudantes
1015 2714 1156 2753 nocte
1181 2705 1364 2765 dieque
1390 2706 1570 2767 Deum,

433 2770 538 2821 Non
562 2770 703 2818 aliam
723 2769 925 2817 subiere
950 2780 1153 2830 necem,
1170 2779 1310 2827 quam
1334 2769 1538 2830 quisque
1558 2766 1794 2830 profanus
1815 2782 1827 2815 ε

496 2831 631 2881 Idem
648 2831 791 2880 turbo
816 2831 965 2877 bonos
987 2828 1181 2876 sustulit
1205 2836 1352 2889 atque
1372 2829 1536 2876 malos.

438 2892 577 2943 Nulla
602 2893 882 2941 sacerdotes
906 2892 1187 2938 reverentia
1216 2892 1419 2938 nominis
1441 2890 1550 2939 almi

503 2955 748 3004 Discrevit
770 2953 936 3001 miseri
963 2951 1214 3012 suppliciis
1238 2951 1419 3011 populi.

436 3018 519 3067 Sic
543 3018 651 3065 duri
672 3016 784 3065 cassi
809 3014 993 3074 ﬂagris,
1015 3014 1085 3060 sic
1110 3015 1223 3073 igne
1250 3014 1461 3073 perusti;

503 3078 711 3128 Inclusa:
731 3076 902 3127 vinclis
919 3077 987 3123 sic
1010 3085 1251 3134 gemuere
1270 3087 1452 3122 manus.

394 3184 551 3257 ιω
578 3181 632 3236 5.
665 3180 770 3257 liis
798 3177 1188 3257 calamitatibus
1215 3177 1472 3231 decennio
1516 3178 1721 3249 integro
1762 3180 1890 3257 Gal:-

306 3248 720 3312 Iias'If‘lIictatas
749 3252 911 3304 fuisse
956 3248 1200 3303 laudatus
1229 3258 1415 3302 auctor
1454 3248 1699 3315 testatur,
1748 3254 1886 3319 quod

305 3335 490 3383 tamen
514 3324 581 3379 de
605 3322 793 3378 Gothis
819 3321 1152 3390 potissimum
1177 3318 1396 3387 intelligi
1418 3320 1596 3376 debet.
1622 3318 1888 3378 Vandalos

305 3406 489 3452 autem
520 3406 847 3460 caterosque
874 3391 1131 3445 barbaros
1155 3403 1339 3442 eorum
1376 3391 1548 3443 socios
1582 3390 1887 3460 aliquandiu

305 3466 365 3523 in
402 3464 585 3520 Galliis
614 3463 916 3518 substitisse
959 3460 1115 3514 tradit
1146 3460 1338 3513 Paulus
1367 3460 1586 3514 Orosius
1618 3460 1753 3516 libro
1784 3480 1882 3528 vn,

306 3552 435 3606 cap.
466 3532 1009 3606 40,7quodAPyrenaji
1057 3529 1195 3599 iugis
1236 3532 1506 3606 iii-inpediti
1552 3532 1778 3606 fuerint,
1821 3550 1885 3590 ne

308 3599 425 3663 cit'o
448 3608 505 3660 in
540 3599 832 3671 Hispanias
852 3601 1230 3671 pertingerenl:
1265 3599 1513 3654 Excitata:
1547 3620 1635 3669 per
1676 3604 1887 3671 Stilico-

308 3694 452 3745 nem,
478 3677 666 3745 inquit,
682 3682 850 3745 gentes
872 3670 1173 3745 Ainuoritm,
1193 3670 1494 3737 Sueuorum,
1516 3670 1885 3741 Vandalorum,

307 3739 587 3815 autneque
616 3739 729 3815 eum
764 3742 999 3815 illisalia;
1044 3739 1271 3815 Francos
1316 3754 1606 3809 proterunt,
1654 3739 1885 3798 Rhenum

306 3812 600 3877 transeunt,
632 3813 827 3868 Gallias
846 3812 1091 3866 invadunt
1110 3854 1122 3875 ,
1156 3812 1445 3881 directoque
1473 3815 1661 3885 impetu
1684 3816 1751 3866 ad
1780 3815 1885 3885 Py-

300 3903 534 3942 remeum
563 3900 719 3953 usque
748 3887 1077 3950 perveniunt;
1107 3885 1252 3954 cujus
1298 3884 1436 3936 obire
1475 3884 1542 3935 ad
1587 3894 1777 3954 tempus
1807 3884 1886 3938 re-

303 3959 493 4030 pulcre,
524 3972 611 4024 per
631 3955 1041 4030 circumjacentes
1063 3953 1347 4030 progiricias
1372 3954 1725 4030 refundantur:
1755 3956 1886 4009 Lau-

303 4022 402 4082 dat
432 4022 697 4096 praecipue
735 4022 872 4096 idem
918 4022 1430 4096 auctor_Didy_muin
1464 4033 1517 4077 et
1546 4024 1882 4079 Veriuianum

305 4093 507 4152 fratres
536 4093 669 4150 duos
699 4094 904 4149 nobiles
927 4104 1087 4162 atque
1115 4093 1425 4161 locupletes,
1456 4095 1541 4162 qui
1567 4109 1685 4148 cum
1715 4098 1885 4152 servis

302 4169 422 4222 suis
448 4167 671 4236 aliisque
701 4178 832 4233 quos
869 4164 1241 4236 tumultuatim
1276 4165 1628 4233 collegerant,
1674 4168 1884 4221 rusticis

300 4234 607 4303 militibus,
641 4236 873 4291 Honorio
910 4234 1133 4302 principi
1177 4234 1279 4287 (ide
1318 4244 1525 4289 servata
1549 4276 1562 4297 ,
1610 4236 1883 4304 Hispanias

302 4324 419 4363 non
450 4309 625 4360 solum
658 4322 686 4359 a
716 4304 1067 4359 Constantino
1095 4313 1338 4373 tyranno,
1371 4306 1462 4359 sed
1500 4306 1657 4360 etiam
1699 4323 1726 4360 a
1760 4309 1881 4361 bar-

301 4380 563 4434 barorum
601 4376 1027 4441 incursionibus,
1061 4374 1290 4445 quandiu
1326 4376 1507 4430 vixere
1541 4379 1689 4430 tutati
1731 4390 1879 4445 sunt;

299 4450 402 4504 sed
437 4449 521 4502 isti
554 4448 753 4502 interea
788 4462 881 4511 per
903 4445 1099 4500 Gallias
1126 4444 1323 4517 diffusi,
1351 4447 1526 4501 omnia
1560 4447 1701 4501 ferro
1731 4444 1881 4501 llam;

299 4534 503 4587 maque
527 4518 1002 4586 depopulabantur.

373 4585 435 4642 ϐξ
477 4589 641 4641 Porro
671 4585 802 4641 cum
851 4589 963 4641 ista:
1004 4585 1245 4641 nationes
1276 4588 1511 4641 barbare.
1543 4587 1732 4642 Ariana
1767 4590 1883 4645 labe

296 4658 522 4713 Infecta:
542 4700 556 4723 ,
587 4666 677 4711 aut
703 4656 863 4710 variis
894 4656 1167 4722 gentilium
1202 4659 1663 4727 superstitionibus
1708 4661 1882 4715 adhuc

295 4729 769 4799 addictzeessent,
794 4742 918 4799 _non
948 4728 1123 4781 minus
1168 4728 1462 4799 animarum
1509 4744 1663 4797 quam
1692 4745 1883 4799 corpo-

294 4814 431 4854 rum
476 4796 635 4852 saluti
675 4797 1089 4860 insidiabantur;
1139 4811 1235 4851 nec
1272 4798 1488 4852 dubium
1520 4796 1599 4853 est
1626 4802 1750 4868 quin
1792 4796 1881 4855 his

295 4870 643 4935 temporibus
672 4870 739 4920 ob
762 4868 880 4920 lidei
914 4870 1268 4936 integritatem
1298 4868 1611 4922 servandam
1643 4871 1791 4923 multi
1815 4887 1878 4925 ex

294 4940 508 4994 nostris
550 4938 715 4991 Gallis
741 4938 981 5006 graviora
1016 4939 1249 5005 perpessi
1282 4938 1476 4992 fuerint
1503 4939 1778 5007 supplicia.
1816 4943 1879 4995 Et

294 5011 524 5079 quidem
548 5008 673 5062 licet
698 5023 852 5079 nemo
884 5007 950 5079 de
982 5007 1064 5060 bis
1092 5009 1248 5062 rebus
1288 5009 1581 5077 singulares
1611 5024 1881 5065 commen-

296 5077 497 5143 (arios,
522 5078 711 5131 saltem
736 5078 821 5146 qui
844 5077 908 5130 ad
937 5091 1032 5131 nos
1054 5092 1220 5147 usque
1243 5079 1597 5143 pervenerint,
1629 5079 1876 5147 ediderit,

295 5148 565 5203 u-iituulla
596 5158 771 5201 tamen
796 5148 967 5201 adhuc
994 5157 1101 5201 tum
1134 5151 1182 5201 in
1209 5148 1465 5210 historiis,
1500 5158 1606 5201 tum
1632 5150 1682 5202 in
1707 5149 1881 5206 Fastis

293 5217 686 5275 ecclesiasticis
716 5218 932 5286 vesugia
962 5229 1265 5286 supersunt,
1290 5234 1351 5271 ex
1383 5222 1572 5287 quibus
1594 5218 1746 5273 facile
1769 5224 1881 5274 col-

295 5290 513 5357 ligitur,
540 5300 594 5343 et
624 5288 917 5356 frequentia
941 5295 1065 5341 tunc
1090 5290 1362 5357 temporis,
1389 5300 1441 5343 et
1472 5289 1692 5344 illustria
1718 5288 1879 5346 fuisse

290 5360 660 5426 complurium
691 5367 992 5410 sanctorum
1026 5360 1296 5427 martyria.
1330 5360 1438 5412 Iluc
1469 5367 1614 5413 certe
1643 5365 1881 5417 revocari

293 5437 535 5500 possunt
561 5444 681 5500 quae
706 5442 864 5496 supra
899 5442 968 5481 ex
1014 5428 1232 5500 prologo
1263 5428 1386 5500 libri
1431 5430 1498 5483 de
1543 5430 1880 5487 Providentia

292 5496 482 5553 divitia
528 5498 811 5551 retulimus
845 5513 995 5551 nutu.
1039 5496 1091 5550 4.
1132 5497 1379 5553 Celebrat
1422 5508 1597 5552 autem
1646 5502 1880 5557 Ecclesia

292 5569 590 5623 Bernensis
616 5568 702 5621 die
734 5568 797 5621 M
826 5567 1132 5622 Decembris
1160 5570 1446 5624 beatissimi
1478 5570 1670 5624 Nicasii
1705 5574 1879 5638 ponti-

291 5641 418 5694 ficis
445 5640 746 5709 suil‘estum
767 5681 781 5703 ,
817 5639 905 5707 qui
935 5652 1054 5692 cum
1082 5639 1284 5709 virgine
1316 5639 1563 5707 Eutrapia
1594 5641 1759 5709 ipsius
1797 5659 1883 5697 so,

290 5725 462 5778 rure,
510 5708 783 5763 Florentio
822 5710 1048 5763 diacono
1093 5721 1147 5763 et
1174 5708 1424 5765 'Jocundo
1455 5712 1654 5768 lectore
1684 5714 1733 5767 in
1768 5716 1885 5785 ipso

549 5806 824 5868 Puram.
872 5804 1087 5865 LVI".

1920 1745 1968 1804 B

1996 444 2283 499 occasione
2306 444 3005 513 coniplures'omnis'sexus
3025 491 3037 513 ,
3077 452 3247 505 mtatis
3270 444 3344 506 'et'
3388 457 3570 510 condi-

1998 513 2155 567 tionis
2206 516 2551 589 barbarorum
2601 518 2843 589 manibus
2902 520 3283 575 occubuerunt.
3331 526 3567 589 Quorum

1994 594 2252 665 mortem,
2298 587 2394 665 eisi
2442 588 2680 640 nonnulli
2730 588 2795 641 ad
2847 589 3023 642 Attilae
3074 587 3381 665 l_|_unnorum
3430 598 3571 665 regis

1997 662 2231 730 tempora
2255 657 2465 730 referre
2510 666 2798 730 conentur;
2844 662 3219 730 cumscilicct
3256 672 3374 730 post
3402 657 3572 721 annos

1994 724 2209 778 circiter
2242 727 2312 779 45
2344 726 2629 781 Remorum
2659 727 2877 781 urbs‘ab
2898 729 3083 783 eodem
3113 724 3455 788 reae-iterum
3480 753 3571 791 ex-

1995 804 2221 862 pugnata
2256 796 2417 849 fuisse
2449 797 2639 850 dicitur
2668 814 2679 849 :
2710 808 2886 851 manet
2918 807 3093 853 tamen
3129 800 3441 859 inconcussa
3476 824 3571 862 no-

1993 863 2114 916 bilis
2144 866 2293 919 istius
2326 866 2581 921 Ecclesize
2612 867 2847 928 traditio,
2876 883 2993 935 qua:
3029 870 3291 925 Nicasium
3320 888 3573 930 caeteros-

1993 948 2093 1002 qne
2116 935 2231 1015 ejus
2252 936 2424 990 socios
2443 947 2702 1006 martyres
2724 952 2751 987 a
2772 936 3021 1015 Vandaiis
3046 940 3570 1015 fuisseinteremptos

1993 1014 2301 1086 constanter
2330 1017 2635 1086 asseverat;
2669 1023 2824 1075 quam
2852 1008 3071 1086 quidem
3098 1014 3433 1086 traditionem
3454 1008 3569 1086 'jain

1994 1076 2189 1146 saeculo
2218 1091 2356 1129 nono
2388 1088 2440 1130 et
2468 1077 2675 1130 decimo
2707 1092 2799 1145 pro
2822 1078 3033 1146 antiqua
3061 1079 3291 1136 habitam
3321 1076 3482 1141 fuisse
3506 1104 3571 1142 ex

1994 1142 2278 1219 ilincmaro
2314 1155 2368 1219 et
2407 1142 2719 1219 Flodoardo'
2735 1148 2906 1219 colligi
2942 1142 3134 1214 potest.
3172 1152 3337 1219 Quin,
3371 1165 3571 1211 etcum

1992 1213 2285 1293 iiuiumeia:
2332 1216 2459 1293 fere
2492 1216 2732 1293 barbara:
2782 1213 3024 1272 nationes
3080 1213 3213 1293 istis'
3232 1213 3572 1293 temporibus

1992 1282 2192 1360 Gallias
2219 1286 2761 1360 inundarint,_mirum
2783 1303 2884 1360 non
2910 1298 2991 1341 est
3013 1290 3151 1357 quod
3172 1292 3260 1345 alii
3287 1282 3569 1360 Va'ndalos,

1991 1354 2079 1407 alii
2114 1354 2369 1421 IIunnos,
2405 1370 2496 1410 aut
2544 1358 2744 1410 Alanos
2785 1354 3043 1426 ejusmodi
3077 1360 3303 1415 cladium
3352 1354 3575 1422 f'ecerini

1991 1433 2259 1496 auctores.
2293 1426 2557 1482 Caeterum
2600 1428 2809 1481 barbari
2857 1444 2951 1496 per
2991 1430 3136 1483 varia
3178 1432 3462 1487 Remorum
3496 1438 3576 1492 di-

1994 1494 2159 1567 tionis
2193 1496 2305 1551 loea
2333 1497 2694 1551 discurrentes
2717 1539 2731 1562 ,
2777 1494 2907 1567 quos
2939 1499 3074 1553 forte
3101 1499 3367 1556 habebant
3391 1506 3573 1562 obvios

1993 1565 2377 1645 interficiebani
2411 1585 2424 1620 :
2458 1583 2488 1645 e
2515 1583 2738 1637 quorum
2783 1565 3005 1623 numero
3034 1573 3312 1645 nonnulli,
3353 1577 3441 1643 qui
3477 1592 3574 1645 po-

1993 1643 2103 1687 stea
2140 1638 2408 1708 miraculis
2440 1638 2764 1696 claruerunt.
2798 1649 3090 1708 martyrum
3134 1643 3282 1695 titulo
3312 1638 3575 1702 condeco-

1995 1709 2096 1759 rati
2125 1716 2270 1785 suni.
2305 1707 2381 1761 Ex
2417 1709 2496 1785 iiis
2526 1718 2608 1785 est
2638 1709 2861 1785 Aderiits
2901 1707 2950 1761 in
2990 1710 3262 1785 L‘haniaco
3300 1715 3417 1769 vico
3447 1732 3575 1785 pas-

1994 1791 2113 1840 sus,
2163 1778 2312 1847 cujus
2356 1778 2594 1845 reliquias
2643 1779 2740 1831 sub
2783 1779 3039 1833 Gervasio
3087 1784 3334 1845 pontifice.
3377 1778 3574 1841 saiculo

1992 1847 2276 1901 undecimo
2306 1849 2579 1902 miraculis
2610 1848 2829 1902 detecta:
2852 1891 2866 1914 ,
2912 1864 3099 1916 magna
3150 1856 3484 1919 postmodum
3523 1861 3572 1911 in

1992 1920 2336 1972 veneratione
2354 1936 2379 1971 a
2406 1919 2875 1973 circumstantibus
2899 1922 3106 1988 populis
3130 1921 3320 1977 habita.-
3338 1926 3570 1982 fuerunt,

1991 1988 2265 2042 Celebrior
2306 1991 2403 2043 fuit
2430 1990 2677 2043 Oriculus
2700 2029 2711 2051 ,
2744 2003 2863 2043 eum
2909 1990 3111 2043 duabus
3148 1995 3419 2048 Sororibus
3465 2001 3574 2051 suis

1992 2060 2201 2130 pricula
2258 2070 2310 2112 et
2362 2059 2582 2113 Basilica
2660 2059 3010 2127 interemptus
3080 2064 3216 2130 apud
3275 2064 3571 2123 Sindunum

1995 2128 2361 2202 Dulcomensis
2392 2132 2510 2197 pagi
2543 2130 2746 2202 vicum;
2787 2146 3011 2202 quorum
3054 2128 3203 2186 sacra
3235 2149 3458 2202 corpora
3503 2140 3571 2191 ob

1992 2198 2253 2270 bellorum
2284 2204 2537 2253 tumultus
2562 2202 2610 2270 in
2646 2201 2830 2253 urbem
2862 2199 3040 2270 allata,
3076 2202 3125 2254 in
3158 2198 3448 2270 percelebri
3480 2224 3570 2263 ar—

1992 2268 2406 2339 cliimonasterio
2430 2269 2743 2339 Remigiano
2774 2268 3174 2337 religiosissime
3203 2288 3566 2332 asservautur.

1993 2337 2198 2394 Colitur
2231 2341 2367 2410 apud
2399 2337 2700 2394 Attrebates
2728 2340 3018 2409 Diogenes,
3047 2357 3202 2410 quem
3227 2346 3373 2399 aiunt
3402 2361 3429 2398 a
3462 2350 3568 2403 llo-

1994 2424 2155 2484 mano
2203 2411 2453 2484 pontifice
2490 2410 2785 2484 directum,
2826 2420 2879 2465 et
2923 2410 3079 2484 beato
3108 2412 3315 2467 Nicasio
3342 2418 3567 2484 primunt

1994 2480 2215 2534 istorum
2246 2481 2556 2554 populorum
2587 2480 2880 2554 antiStitem
2915 2482 3066 2551 197
3096 2480 3484 2554 consecratum,
3518 2491 3569 2545 in

1993 2554 2265 2605 communi
2297 2551 2482 2606 Gallic
2515 2551 2738 2618 Belgicze
2768 2551 2919 2604 clade
2948 2553 3265 2606 trucidatum
3297 2551 3481 2612 f‘ui~sc.
3504 2561 3569 2612 At.

1995 2622 2137 2675 nulla
2171 2621 2307 2675 hanc
2338 2622 2389 2675 in
2432 2636 2543 2674 rem
2576 2620 2841 2675 habentur
2869 2630 3108 2675 veterum
3142 2625 3474 2691 testimonia,
3516 2641 3568 2685 ut

1994 2691 2345 2764 observarunt
2376 2691 2887 2764 Bollandianiitomo
2920 2691 2973 2764 I,
3009 2691 3286 2764 Februarii
3314 2696 3401 2751 die
3430 2699 3485 2764 6,
3516 2700 3567 2755 in

1995 2762 2282 2829 prmunissis
2324 2762 2388 2838 a_d
2433 2763 2599 2838 sancti
2636 2761 3066 2838 V_edasti_vitam.
3118 2763 3318 2838 Eadem
3358 2761 3568 2838 quoque

1995 2840 2309 2901 tempestate
2348 2832 2633 2908 involutam
2670 2831 2830 2886 fuisse
2862 2832 3349 2908 veronianduorum
3375 2831 3567 2908 'Augu-

1995 2912 2131 2956 stam
2165 2903 2401 2956 nonnulli
2434 2902 2797 2967 tradiderunt;
2831 2913 2882 2954 at
2912 2902 3219 2957 Laudunum
3250 2920 3365 2971 seu,
3400 2918 3453 2962 ut
3476 2902 3566 2963 ve-

1995 2980 2140 3027 teres
2166 2973 2436 3049 scribuni,
2487 2972 2796 3049 Lugdunum
2823 2972 3081 3049 clavatum
3101 3018 3114 3041 ,
3144 2989 3170 3026 a
3202 2974 3441 3031 barbaris
3468 2995 3566 3049 op-

1997 3050 2284 3113 pugnatum
2313 3043 2525 3111 quidem
2573 3043 2762 3116 fuisse,
2792 3043 2906 3116 _s_ed_
2936 3044 3153 3116 minime
3180 3043 3532 3116 expugnatum
3552 3094 3564 3112 ,

1925 3108 1972 3173 C
2000 3108 2153 3168 ies'tis
2191 3124 2272 3167 est
2301 3108 2486 3168 auctor
2515 3114 2762 3183 antiquus
2791 3112 2908 3166 libri
2950 3117 3015 3167 de
3041 3113 3158 3168 Vita
3188 3108 3385 3171 sauciae
3414 3108 3568 3174 Sala-l

1991 3186 2187 3240 berem.

2064 3203 2084 3234 r
2124 3202 2187 3237 ω.

2063 3201 2118 3308 7g.
2158 3254 2409 3309 Eamdem
2437 3269 2593 3322 quam
2626 3252 2914 3307 Remorum
2951 3254 3138 3309 civitas
3167 3266 3364 3311 sortem
3402 3261 3566 3316 altera

1992 3326 2217 3396 Belgica).
2265 3325 2608 3393 metropolis,
2662 3326 2897 3397 Augusta
2951 3326 3155 3380 scilicet
3201 3328 3563 3397 Trevirorum,

1990 3395 2207 3470 experta
2241 3404 2322 3470 est
2352 3410 2556 3470 :Aquam
2589 3395 2696 3470 etsi
2720 3410 2823 3448 non
2856 3397 3181 3470 recensuerit
3212 3395 3567 3470 Hieronymus

1989 3464 2107 3522 loco
2135 3468 2346 3541 laudato
2375 3466 2836 3541 interprzecipuas
2860 3464 3150 3520 Galliarum
3180 3464 3428 3524 civitates
3450 3489 3566 3541 qua:

1990 3548 2113 3592 tunc
2150 3553 2178 3591 a
2210 3537 2449 3590 barbaris
2479 3535 2703 3602 direpta:
2741 3535 2973 3599 fuerunt,
3004 3552 3343 3593 communem
3388 3535 3564 3597 tamen

1990 3608 2124 3663 hanc
2159 3608 2368 3680 cladem
2401 3607 2683 3680 pertulisse
2712 3605 3108 3680 extra‘dubium
3144 3609 3369 3672 videtur,
3419 3627 3563 3680 cum,

1988 3687 2122 3733 teste
2150 3674 2577 3732 Salviano’initio
2609 3676 2725 3729 libri
2765 3692 2814 3728 Vl
2844 3674 2911 3729 de
2940 3675 3335 3733 Gubernatioue
3369 3680 3480 3745 Dei,
3512 3674 3564 3739 in

1989 3747 2107 3803 istis
2137 3748 2482 3820 barbarorum
2508 3746 2921 3820 incursionibus
2950 3761 3117 3820 usque
3144 3759 3330 3817 quater
3358 3752 3563 3820 direpta

1988 3828 2042 3873 et
2064 3832 2247 3891 eversa
2282 3817 2453 3891 fuerit.
2507 3816 2798 3891 ld_disert_e
2838 3818 3028 3869 asserit
3055 3816 3207 3872 vetus
3236 3828 3441 3891 auctor,
3474 3816 3564 3891 qui

1994 3890 2285 3954 primorum
2330 3888 2483 3959 istius
2511 3887 2657 3959 urbis
2675 3887 3052 3959 episcoporum
3082 3900 3230 3959 gesta
3258 3887 3562 3959 descripsit,

1988 3960 2038 4012 in
2066 3960 2171 4012 vita
2201 3958 2369 4009 sancti
2394 3957 2635 4027 Materni.
2674 3956 2737 4009 Et
2764 3955 2978 4025 qnidem
3010 3957 3059 4027 in
3091 3956 3188 4010 hac
3216 3958 3324 4027 ipsa
3356 3955 3562 4017 Vandai-

1988 4029 2157 4081 lorum
2206 4028 2519 4095 irruptione,
2554 4026 2620 4080 de
2660 4040 2759 4095 qua
2794 4040 2933 4078 nunc
2960 4026 3186 4094 agimus,
3224 4028 3558 4087 Valentinum

1987 4098 2358 4153 Trevirensem
2406 4097 2715 4166 episc0pum
2758 4096 3106 4151 barbarorum
3158 4098 3335 4163 gladio
3391 4115 3557 4155 oecu-

1989 4170 2167 4223 buisse
2192 4167 2346 4221 tradit
2368 4165 2606 4220 Andreas
2624 4165 2921 4237 Sarussayus
2951 4168 3003 4237 in
3035 4169 3413 4237 martyrologio
3440 4171 3563 4227 Gal—

1986 4240 2157 4294 licano
2184 4239 2268 4291 die
2293 4238 2356 4291 16
2381 4237 2533 4300 Julii;
2562 4252 2661 4304 qua
2689 4236 2813 4290 item
2829 4235 2922 4290 die
2950 4235 3211 4292 Valentini
3233 4235 3562 4297 Trevirensis

1986 4310 2218 4378 episcopi
2244 4309 2497 4362 memoria
2520 4308 2571 4378 in
2588 4308 2827 4360 Romano
2846 4308 3012 4377 Marty
3022 4308 3221 4377 rologio
3239 4310 3561 4378 celebratur,

1988 4377 2080 4437 sed
2125 4382 2325 4447 absque
2371 4379 2475 4432 ulla
2521 4377 2586 4431 de
2632 4378 2799 4446 ipsius
2828 4378 3013 4431 mortis
3055 4389 3292 4446 tempore
3323 4392 3412 4434 aut
3447 4383 3564 4438 aliis

1911 4474 1962 4529 Β
1988 4450 2398 4529 circumstantiis
2416 4448 2557 4529 facta
2584 4448 2883 4529 mentione._
2900 4447 3298 4529 Nec_Valentini
3323 4454 3563 4529 _me_min_it

1994 4522 2297 4586 Browerus,
2341 4520 2429 4588 qui
2470 4518 3089 4591 1'revirensesannales
3128 4521 3463 4591 conscripsit,
3511 4525 3563 4579 in

1992 4591 2184 4661 quibus
2216 4599 2393 4643 tamen
2424 4589 2590 4642 multa
2621 4589 2686 4643 de
2712 4589 2958 4661 Vandalis
2981 4588 3165 4661 habet.

2060 4662 2112 4715 8.
2158 4662 2282 4714 Post
2305 4660 2631 4727 Belgicarum
2662 4659 2935 4726 regionum
2964 4659 3373 4727 devastationes,
3403 4671 3562 4719 totum

1990 4731 2147 4786 etiam
2178 4747 2360 4799 corpus
2387 4732 2611 4800 onmium
2637 4728 2957 4800 Galliarum,
3004 4738 3060 4783 ut
3090 4729 3323 4800 loquitur
3351 4734 3561 4789 Salvia-

1990 4816 2089 4855 nus
2118 4802 2252 4854 libro
2273 4815 2363 4865 vit,
2388 4799 2742 4872 Vandatorunt
2767 4799 3002 4872 incendio
3023 4799 3230 4872 ean’rrsitt
3266 4800 3329 4853 Et
3350 4805 3560 4872 quidem

1989 4872 2043 4926 in
2072 4872 2242 4924 varias
2282 4884 2463 4942 earum
2505 4870 2805 4942 provincias
2842 4868 3039 4934 diffusi,
3073 4884 3178 4939 quo
3211 4868 3387 4942 furore
3422 4879 3561 4942 apud

1990 4942 2177 5009 Belgas
2207 4941 2507 5004 saevierant,
2540 4940 2590 4993 in
2631 4941 2840 4993 cmteris
2879 4955 3090 5009 quoque
3129 4940 3434 5009 regionibus
3458 4940 3563 5000 _de~

1986 5011 2227 5065 baccliati
2268 5018 2406 5063 sunt.
2444 5011 2720 5075 Bisuntini,
2753 5010 2992 5082 Manimm
3024 5010 3393 5078 Sequanorum
3440 5030 3560 5082 pro.

1990 5082 2174 5135 vincia:
2202 5095 2334 5149 gens
2361 5083 2655 5149 prtecipua,
2691 5080 2961 5134 Antidium
2991 5083 3298 5149 episcopum
3332 5091 3385 5136 et
3415 5080 3562 5140 mar-

1987 5160 2155 5223 iyrem
2204 5166 2251 5223 a_
2282 5150 2532 5203 Vandalis
2584 5151 3141 5223 occisum_c_clebrant
3176 5152 3262 5223 die
3295 5153 3360 5206 17
3396 5153 3558 5212 Junii.

1987 5220 2042 5275 lii
2087 5220 2578 5296 Pseuduno_castro
2626 5221 2763 5296 apud
2791 5221 3008 5296 _}_F_3_tluos
3054 5222 3107 5296 in
3144 5222 3561 5296 primahLugdu-

1988 5292 2157 5363 nensi,
2192 5303 2248 5344 ut
2281 5290 2466 5358 probat
2496 5300 2677 5344 noster
2704 5292 3043 5363 Mibillonius
3080 5290 3353 5347 in'smculi
3385 5290 3559 5363 quarti

1989 5362 2317 5416 lienedictini
2346 5372 2493 5429 parte
2521 5377 2577 5425 ll,
2612 5376 2731 5430 pag.
2752 5360 2879 5427 494,
2907 5362 3048 5429 passi
3080 5373 3204 5417 sunt
3224 5360 3561 5419 Florentinus

1984 5442 2035 5486 ct
2067 5431 2295 5485 llilarius
2334 5442 2631 5500 martyres,
2668 5433 2753 5485 die
2785 5433 2849 5485 27
2880 5434 3209 5500 Septembris
3248 5433 3301 5487 in
3335 5434 3560 5502 vulgatis

1985 5502 2374 5571 martyrologiis
2420 5503 2707 5567 CCIubt‘illi;
2759 5517 2890 5571 quos
2936 5504 3179 5557 nonnulli
3228 5520 3291 5557 ex
3330 5507 3561 5557 nominis

1985 5572 2332 5625 similitudine
2367 5572 2571 5641 decepti
2613 5572 2750 5641 apud
2787 5574 3088 5635 Sedunum,
3124 5572 3262 5643 quod
3300 5588 3440 5625 nunc
3478 5586 3560 5627 est

1987 5643 2216 5713 Valesia‘.
2265 5644 2557 5710 superioris
2603 5653 2791 5711 caput,
2845 5648 3156 5713 maztyrium
3208 5643 3561 5713 complcvisse

1986 5712 2230 5769 arbitrati
2267 5723 2392 5768 sunt
2446 5715 2513 5767 At
2545 5714 2883 5768 l’seudunum
2929 5712 3121 5767 disert-v
3158 5712 3347 5763 habent
3376 5723 3561 5771 vetera

3140 5806 3210 5865 12
