4078 6348
366 352 478 408 575

739 345 1066 402 RUINARTI
1110 351 1173 406 IN
1215 349 1586 410 HISTORIAM
1629 343 1907 402 PERSEG.
1949 340 2251 397 VANDAL.
2289 340 2826 399 COMMENTARIUS
2869 341 3295 400 HISTORICUS-

3529 338 3637 395 δτι

368 462 713 533 εοριιιαιὶοτεξ
742 461 1073 533 siliquam-et,
1106 460 1158 533 in
1184 461 1430 514 Arianant
1450 459 1717 533 perfidiam
1739 462 1956 516 transire
1991 463 2033 519 Α
2065 457 2556 533 instructissimum,
2589 458 2866 533 catholicis
2887 469 3076 533 contra
3091 459 3338 533 rArianos
3368 454 3634 526 proponit,

349 529 634 602 praecpit.
671 529 777 586 Sed
805 529 884 584 illi
905 529 1223 602 [iaciantur
1259 529 1662 602 constantissime
1705 547 1954 602 respuenv

368 599 462 666 tes,
502 599 723 656 excitato
747 602 801 654 in
849 599 1223 653 nitidissimam
1267 600 1398 653 iram
1440 601 1678 666 barbaro,
1732 601 1954 669 primum

369 672 684 741 proscripti,
725 671 987 738 deindein
1015 669 1252 741 exsilium
1298 671 1420 734 acti,
1467 680 1576 741 tam
1622 667 1952 725 atrocissimis

367 739 642 810 suppliciis
685 741 986 810 excrucia“,
1014 739 1082 794 ad
1121 739 1681 810 postremumaiversis
1713 741 1954 796 mortibus

369 804 660 882 interempti
713 809 907 882 illustri
942 804 1192 882 martyr-ia
1241 804 1541 882 mirabiliter
1588 811 1951 882 occubuerunt.

370 883 464 939 His
489 877 764 951 subjungit
785 880 926 936 idem
957 877 1142 935 auctor
1163 877 1369 951 Paulilli
1397 881 1544 949 pueri
1567 881 1814 936 catholici
1836 896 1956 936 cer-

373 963 577 1015 tamen,
603 950 702 1022 qui
717 951 902 1023 maluit
925 951 1188 1023 ex‘au‘lico
1213 950 1474 1023 ditissima
1501 951 1604 1023 vile
1625 967 1722 1023 pro
1753 951 1953 1023 Christi

374 1023 596 1078 nomine
620 1020 944 1092 mancipium
963 1020 1110 1092 Alieri,
1143 1037 1298 1088 quam
1331 1021 1543 1092 eiurare
1558 1020 1690 1092 _lidci
1719 1020 1952 1092 catholi-

371 1109 450 1149 ere
478 1089 891 1165 professionem.
948 1090 1303 1165 Paer‘autein,
1329 1091 1522 1165 inquit,
1550 1089 1809 1165 Pauliltus
1863 1108 1954 1165 no-

372 1160 531 1229 miné,
587 1167 748 1234 frater
797 1161 1112 1234 Eutychiani
1149 1171 1194 1234 et
1240 1160 1532 1234 Pascltasii,
1588 1177 1680 1228 pro
1702 1162 1952 1234 elegantia

358 1231 734 1306 formatque
781 1231 968 1306 ingenii
1013 1233 1290 1306 admodum
1339 1231 1444 1306 regi
1482 1242 1716 1306 acceptus
1742 1231 1953 1306 ,A'cttmna

374 1300 696 1375 professione
715 1300 865 1373 atque
886 1320 1058 1375 arnore
1079 1302 1350 1375 catholicae
1371 1300 1672 1375 fideinttllis
1698 1303 1846 1356 minis
1870 1302 1955 1355 de-

375 1372 576 1429 turhari
597 1372 1014 1444 posset,fttstibtts
1035 1374 1122 1428 diu
1135 1381 1375 1436 cwsus,et
1399 1373 1468 1425 ad
1493 1372 1719 1439 inﬁmam
1734 1375 1954 1426 servitu-

357 1454 475 1517 tem
501 1446 775 1499 damnatus
797 1443 871 1517 est
891 1443 1066 1517 :idea,
1095 1450 1148 1496 ut
1168 1451 1410 1517 apparet,
1431 1459 1542 1517 non
1554 1445 1878 1517 interfectus,
1895 1458 1955 1498 ne

376 1517 443 1570 de
456 1525 695 1583 superata
706 1516 899 1570 sterilia
914 1509 1055 1583 impii
1072 1509 1374 1583 regis'etiam
1386 1521 1508 1567 artas
1526 1513 1614 1583 illa
1627 1509 1950 1582 gloriaretur.

448 1582 725 1642 6.llorum
748 1582 1056 1642 sanctorum
1089 1582 1400 1638 memoriam
1423 1582 1695 1638 celebrant
1715 1589 1954 1638 veterum

377 1655 538 1711 simul
569 1666 624 1711 et
645 1657 1000 1712 recentiorum
1031 1655 1530 1724 martyrologiorum
1550 1654 1860 1720 scriptores,
1887 1669 1955 1708 ex

378 1729 580 1797 quibus
610 1726 726 1797 Ade
758 1727 933 1797 locum
980 1724 1228 1797 Prospcri
1268 1725 1528 1797 integrum
1574 1724 1955 1797 martyrologio

377 1793 478 1851 suo
510 1795 736 1852 inseruit
761 1795 828 1851 ad
859 1797 998 1851 diem
1040 1796 1108 1850 13
1141 1793 1479 1862 Novembris,
1502 1794 1642 1864 quod
1691 1803 1744 1848 ct
1769 1805 1952 1864 postea

357 1867 435 1938 _in
495 1867 994 1938 Romattoiquoque
1047 1865 1422 1938 martyrologio
1483 1863 1678 1918 factum
1716 1876 1833 1938 εει.
1887 1863 1954 1919 At

387 1937 659 1993 Usuardus
686 1933 858 1992 solum
880 1933 940 1992 ea
973 1935 1155 1990 retulit
1175 1933 1290 2004 quia:
1310 1933 1373 1990 ad
1393 1947 1621 2004 quatuor
1649 1936 1855 2004 priores
1874 1943 1956 1988 at-

384 2011 592 2072 tinent,
624 2007 754 2062 nihil
798 2009 864 2063 de
907 2006 1126 2061 Paulillo
1175 2019 1636 2073 commemorans,
1670 2009 1809 2060 sicut
1857 2021 1954 2062 nec

382 2076 594 2144 Florus,
628 2081 679 2133 in
721 2081 871 2145 cujus
911 2076 1294 2148 martyr-elogio
1339 2075 1496 2148 iidem
1541 2077 1711 2148 sancti
1757 2076 1954 2142 pariter

359 2159 752 2212 recensentur,
782 2149 874 2203 sed
907 2149 991 2202 die
1029 2145 1373 2210 praecedenti.
1414 2145 1489 2199 lbi
1520 2145 1704 2211 etiam,
1737 2149 1874 2200 sicut
1899 2155 1955 2204 et

381 2219 435 2274 in
481 2221 757 2274 Canisianzi
803 2217 1053 2286 Ριοενιπί
1100 2216 1350 2271 Chronici
1398 2216 1653 2281 editione,
1685 2217 1772 2286 qui
1815 2218 1953 2273 inter

381 2291 528 2358 ipsos
557 2301 778 2359 quartus
802 2292 901 2344 sub
929 2289 1143 2342 nomine
1172 2286 1481 2359 Eutychiani
1511 2298 1836 2353 recensetur,
1861 2303 1954 2355 ap-

384 2357 612 2429 pellatur
635 2359 933 2430 Eutychius.
969 2357 1288 2412 Eorumdetn
1317 2357 1512 2430 Christi
1549 2366 1836 2430 martyrum
1857 2359 1955 2430 _l_'e-

381 2426 671 2486 stivitatem
693 2473 708 2497 ,
736 2426 906 2484 veluti
935 2444 1151 2484 suorum
1199 2427 1520 2494 concivium,
1554 2427 1826 2481 celebrant
1856 2426 1951 2481 ili-

382 2503 588 2571 spanize
617 2503 930 2570 scriptores.
966 2500 1030 2555 Et
1061 2499 1251 2571 merito
1280 2497 1516 2571 quidem.
1550 2497 1655 2551 Eos
1682 2499 1822 2551 enim
1856 2497 1950 2553 lli-

383 2568 584 2638 spanos
635 2568 818 2638 fuisse,
866 2572 946 2627 vel
1002 2586 1067 2625 ex
1117 2569 1363 2638 Prosperi
1421 2568 1546 2638 loco,
1586 2583 1744 2637 quem
1794 2583 1952 2638 supra

381 2637 769 2710 descripsimus
791 2649 1015 2696 constat.
1050 2640 1203 2694 Plura
1236 2637 1342 2710 prze
1371 2637 1580 2710 egeteris
1606 2641 1768 2710 habet
1796 2637 1862 2710 de
1889 2640 1953 2694 iis

381 2708 652 2783 Tamayos
671 2714 884 2783 satazar
920 2712 970 2783 in
998 2709 1375 2783 martyrolngio
1401 2708 1706 2783 Hispanico,
1739 2709 1952 2783 uirico-

383 2799 504 2836 rum
528 2780 642 2836 acta
672 2781 738 2837 ad
771 2784 910 2838 diem
939 2782 1004 2836 15
1028 2780 1342 2836 Novembris
1369 2794 1436 2834 ex
1460 2781 1622 2834 variis
1649 2780 1954 2835 auctoribus

382 2855 796 2909 consarcinavit.
827 2853 962 2922 Quin
991 2860 1047 2907 et
1080 2852 1147 2907 ibi
1195 2849 1520 2920 epitaphium
1548 2865 1734 2905 eorum
1776 2852 1953 2922 sepul-

383 2938 500 2988 cro,
534 2925 610 2977 uti
648 2924 838 2991 refert,
887 2924 1199 2989 inscriptum
1243 2922 1452 2986 laudat,
1483 2922 1534 2975 in
1563 2935 1668 2991 quo
1685 2921 1953 2991 Arcadius

384 2987 583 3058 Toleti,
605 2995 785 3048 ereteri
814 2987 1148 3050 Salmauticce
1173 2991 1279 3046 uati
1300 2987 1955 3062 dicupturfvodauturque

384 3073 676 3134 martyrum
703 3065 999 3119 Vandalica‘.
1019 3063 1403 3133 persecutionis
1420 3061 1473 3134 in
1496 3062 1671 3116 Africa
1694 3061 1949 3130 primitiaz.

387 3133 722 3189 Postremum
754 3136 891 3190 hunc
940 3135 1146 3188 titulum
1192 3135 1268 3189 eis
1296 3147 1414 3187 esse
1443 3133 1698 3196 debitum,
1733 3148 1794 3184 ex
1839 3134 1953 3200 epi-

2063 538 2120 591 ttt
2151 527 2348 582 exinde
2369 529 2497 597 quid
2533 529 2902 584 hmrelicorum
2945 527 3374 584 cavil’ntionihus
3419 541 3638 593 respon-

2060 597 2245 663 deant,
2271 599 2485 653 haurire
2505 599 2730 666 possint,
2759 615 2878 654 cum
2897 599 2964 654 ab
2994 601 3055 654 iis
3092 601 3493 667 iinpctcren'ur.
3526 597 3636 650 lmo

2061 667 2377 723 Varimadus
2413 669 2667 724 diaconus
2719 670 2980 734 Arianus.
3025 671 3284 725 adversus
3313 685 3468 737 quem
3501 667 3636 721 liber

2060 739 2162 794 iste
2182 741 2422 810 scriptus
2440 748 2541 806 est,
2574 756 2677 794 non
2709 741 2844 810 alius
2871 741 3079 796 videtur
3105 756 3248 806 esse,
3281 743 3356 794 uti
3391 739 3632 806 suspica-

2061 819 2144 880 tur
2177 809 2492 865 Sirmondus
2536 812 2589 865 in
2635 809 2950 880 praefatione
2993 811 3061 866 ad
3103 812 3358 872 onuscula
3400 811 3636 880 quinque

2059 878 2360 950 dogtnatica
2389 878 2650 949 superius
2669 880 2903 951 laudata,
2933 898 3090 951 quam
3124 881 3421 936 Marivadus
3448 878 3632 932 diaco-

2061 967 2182 1022 nus,
2212 966 2394 1022 quem,
2425 959 2557 1006 teste
2578 952 2808 1022 ipsemet
2832 950 3040 1006 Victore
3067 951 3263 1006 Vitensi
3295 952 3386 1006 lib.
3410 964 3628 1022 unum.

2062 1021 2148 1086 16,
2198 1021 2370 1076 adhuc
2418 1024 2627 1077 vivente
2656 1021 2949 1077 Genserieo
2982 1022 3275 1076 Hunericus
3305 1021 3633 1086 Stttt‘tulurilef

2059 1092 2362 1146 honorabat.
2388 1091 2554 1146 Porro
2584 1093 2822 1158 ejusdem
2852 1093 3030 1158 operis
3059 1102 3328 1146 auctorem
3368 1091 3492 1146 facit
3532 1089 3634 1144 Pe-

2060 1170 2168 1215 trus
2200 1159 2514 1218 Franciscus
2543 1161 2858 1218 Chiflletius
2885 1159 3133 1229 Vigilium
3164 1161 3488 1231 Tapsensem
3517 1161 3632 1231 epi-_-

2058 1245 2273 1302 scopum
2295 1273 2309 1296 ,
2341 1233 2392 1287 in
2433 1233 2691 1302 opusculo
2717 1232 2754 1286 2
2793 1232 2860 1288 de
2892 1231 3150 1288 Vindiciis
3191 1229 3348 1298 huius
3394 1229 3630 1287 Africani

2059 1301 2297 1372 episcopi
2343 1301 2841 1368 elucubratinnum,
2869 1303 3010 1372 quod
3064 1305 3224 1358 etiam
3271 1303 3370 1358 hoc
3412 1302 3630 1356 nomine

2058 1371 2224 1426 edidit
2247 1373 2296 1426 in
2325 1373 2490 1429 libros
2515 1382 2622 1428 tres
2651 1371 3014 1429 distributum.
3043 1373 3148 1429 Sed
3181 1375 3511 1442 refragantur
3540 1386 3631 1426 co-

2058 1442 2206 1497 dices
2227 1458 2399 1514 _mss.,
2427 1444 2538 1514 qui,
2585 1445 2810 1513 ipsemet
2842 1454 3125 1500 attestante
3151 1441 3443 1509 Cliil‘iletio,
3487 1441 3631 1497 idem

2059 1526 2192 1584 opus
2224 1512 2691 1584 ldatiodepiscopo
2737 1515 2994 1570 tribuunt.
3043 1514 3291 1570 Chililetii
3323 1515 3630 1581 opinionem

2058 1581 2334 1653 impugnat
2379 1581 2443 1639 ν.
2477 1581 2542 1638 C.
2575 1581 2774 1650 Joseph
2817 1586 3117 1640 Antelmius
3152 1587 3206 1639 in
3257 1585 3630 1640 dissertatione

2057 1667 2421 1726 quauiAnnper
2452 1654 2617 1709 edidit
2645 1655 2713 1710 de
2735 1655 2964 1726 symboli
2992 1656 3341 1710 Athanasiani
3381 1666 3628 1719 auctore,

2057 1732 2189 1778 seet.
2215 1723 2268 1778 2.
2300 1725 2496 1780 Verum
2523 1726 2621 1780 etsi
2655 1723 2965 1794 persuasum
2995 1728 3149 1780 nobis
3171 1727 3240 1781 sit
3266 1727 3488 1780 ldatium
3520 1726 3631 1792 epi-

2058 1808 2275 1868 scopum
2302 1795 2460 1864 hujus
2481 1797 2660 1864 operis
2686 1811 2774 1849 aut
2790 1807 2979 1868 torem,
3011 1812 3342 1868 nequaquam
3371 1811 3491 1851 esse
3512 1797 3630 1868 ida-3

2061 1864 2187 1936 tium
2217 1863 2459 1936 Clarium
2479 1863 2789 1935 episcopum
2839 1863 3164 1936 Hispanum,
3204 1863 3301 1935 qui
3342 1865 3630 1923 Theodosii

2057 1935 2230 2005 Magni
2263 1937 2586 2003 temporibus
2607 1941 2675 1992 ob
2701 1947 3004 1992 accusatum
3031 1935 3418 1993 PrisCillianum
3453 1938 3629 1993 haere-

2058 2007 2218 2060 ticunt
2261 2008 2487 2062 celebris
2516 2007 2631 2074 fuit,
2664 2018 2719 2060 nt
2752 2009 2988 2078 plerique
3019 2024 3082 2063 ex
3114 2010 3499 2063 recentioribus
3527 2025 3628 2062 no-

2058 2078 2630 2160 rninnum'similitudine
2651 2078 2857 2160 decepti
2881 2079 3121 2160 arbitrati
3143 2089 3299 2160 sunt}
3326 2097 3429 2160 non
3452 2087 3628 2160 tamen

2057 2147 2282 2216 inficiari
2326 2163 2606 2212 possumus
2651 2150 2826 2216 ipsum
2858 2150 3010 2202 alteri
3043 2151 3230 2216 ldatio,
3265 2151 3490 2204 Lemicce
3518 2151 3626 2204 sci-

2057 2215 2178 2270 licet
2210 2217 2259 2270 in
2288 2216 2535 2272 Callaecia
2567 2215 2839 2287 episcopo,
2869 2219 3062 2274 ascribi
3089 2215 3264 2287 posse,
3298 2237 3453 2286 quem
3486 2220 3628 2273 Gen-

2054 2287 2214 2356 serici
2260 2289 2588 2356 temporibus
2641 2289 2885 2345 ﬂoruisse
2928 2301 3169 2353 constat,
3228 2306 3346 2344 cum
3408 2289 3627 2345 Vandali

2058 2355 2311 2429 Hispania
2331 2355 2515 2414 relicta
2536 2360 2589 2413 in
2613 2359 2846 2414 Africam
2878 2360 3310 2414 transfretat-unt.
3331 2360 3392 2414 Et
3410 2361 3626 2429 quidem

2056 2427 2287 2510 ipsemet
2331 2429 2386 2510 in
2415 2430 2702 2510 Qlironieo,
2750 2431 2888 2497 quod
2919 2430 2986 2485 ad
3020 2431 3234 2510 tertium
3269 2427 3439 2510 usque
3466 2429 3628 2501 214

2057 2499 2395 2566 imperatoris
2421 2501 2692 2556 Anthemii
2716 2515 2910 2555 annum
2941 2501 3209 2570 perduxit,
3241 2517 3300 2556 se
3345 2499 3514 2556 rebus
3530 2499 3625 2570 ge:

2055 2571 2151 2650 stis
2183 2585 2300 2650 qua:
2327 2581 2526 2650 narrat
2551 2580 2869 2640 praesentem
2902 2579 2959 2626 ut
2998 2571 3281 2641 plurimum
3308 2572 3470 2627 fuisse
3497 2587 3627 2642 pas-

2054 2647 2153 2694 sim
2183 2647 2426 2695 testatur.

2126 2710 2178 2765 8.
2203 2710 2370 2782 Paulo
2403 2720 2521 2780 post
2558 2710 2700 2768 istud
2732 2719 2962 2782 tempus,
2993 2727 3112 2782 eum
3169 2713 3374 2768 scilicet
3401 2712 3628 2769 Cartha-

2055 2779 2230 2853 ginem
2249 2779 2696 2853 jamGeusericus
2715 2779 3018 2847 invasisset,
3033 2781 3267 2840 Cerealis
3283 2786 3376 2837 Ca~
3391 2785 3626 2839 tellensis

2055 2851 2338 2922 episcopus
2360 2851 2552 2906 librum
2581 2853 2838 2910 adversus
2863 2855 3203 2909 Maximinum
3238 2857 3448 2910 Arianae
3465 2865 3626 2909 secta:

2055 2924 2363 2991 episcopum
2392 2924 2732 2994 conscripsit,
2764 2925 2853 2994 qui
2882 2934 3057 2981 exstat
3087 2925 3139 2979 in
3174 2924 3498 2980 Bibliotheca
3529 2923 3626 2979 Pa-

2059 2989 2218 3056 trum,
2243 2989 2640 3062 laudaturquea
2671 2989 2945 3051 Gen'nadio
2969 3010 3087 3063 cap.
3107 2994 3192 3050 66.
3222 2996 3361 3049 Idem
3389 2995 3625 3050 Cerealis

2056 3064 2108 3118 in
2140 3063 2334 3118 Notitia
2363 3063 2612 3118 Africana
2641 3073 2952 3120 recensetur
2979 3066 3120 3119 inter
3161 3065 3488 3119 Mauritania:
3511 3063 3626 3120 Cae-

2059 3135 2312 3188 sariensis
2341 3137 2645 3202 episcopos,
2676 3135 2767 3204 qui
2792 3135 3041 3189 Hunerici
3062 3135 3201 3202 regis
3227 3138 3476 3189 mandato
3496 3134 3626 3189 Car-

384 3205 523 3260 stola
549 3205 802 3260 Ilouorati
829 3205 1102 3276 Antonini,
1121 3220 1277 3274 quam
1295 3218 1453 3272 supra
1472 3204 1628 3274 213
1651 3204 1946 3276 retulimus,
1978 3203 2024 3267 ο
2059 3206 2326 3276 thaginem
2346 3215 2712 3260 convenerunt
2733 3220 2830 3276 pro
2849 3205 3116 3276 reddenda
3138 3204 3254 3260 fidei
3269 3221 3380 3276 sua}
3397 3206 3623 3276 ratione,

387 3291 547 3330 nemo
577 3285 756 3345 potest
783 3275 1027 3330 ittﬁciari.
1072 3272 1150 3329 lbi
1171 3276 1311 3328 enim
1358 3272 1640 3345 Amantium
1668 3273 1745 3326 sic
1774 3272 1951 3327 Hono-

384 3357 533 3402 ratus
566 3343 853 3414 alloquitur
883 3361 1032 3406 num.
1071 3346 1136 3400 5:
1174 3345 1399 3416 Signifer
1425 3359 1475 3416 es
1517 3343 1724 3416 Christi,
1768 3345 1820 3396 in
1848 3345 1955 3396 acie

382 3419 580 3486 primus
619 3419 869 3476 ambulas.
916 3418 975 3471 Si
1004 3429 1056 3469 tu
1087 3415 1359 3481 cecideris,
1416 3415 1476 3468 ab
1522 3415 1750 3486 aliorunt
1800 3426 1957 3468 morte

382 3484 489 3541 non
518 3489 617 3542 eris
672 3490 932 3549 immunis.
978 3497 1082 3542 etc.
1131 3486 1235 3541 Sed
1277 3501 1394 3555 quat
1423 3496 1678 3556 praeterea
1722 3484 1790 3539 de
1838 3487 1957 3538 istis

383 3559 709 3629 martyribus
733 3575 800 3630 ex
833 3557 1430 3630 recentioribusuarrat
1457 3557 1594 3630 idem
1627 3565 1840 3630 auctor,
1864 3571 1956 3630 ne-

383 3645 475 3684 mo
500 3626 656 3685 facile
679 3629 922 3683 admittet
947 3628 1147 3697 absque
1172 3626 1348 3697 aliquo
1371 3629 1504 3680 vade
1527 3628 1771 3680 certioris
1814 3626 1953 3680 lidei.

456 3700 506 3753 7.
526 3701 794 3754 Cancrum
810 3700 972 3754 multo
989 3699 1166 3768 plures
1179 3698 1277 3752 hac
1295 3706 1609 3764 tempestate
1631 3704 1891 3768 martyres
1903 3705 1958 3751 et

383 3770 729 3826 confessores
752 3787 846 3838 pro
867 3766 1058 3824 Christi
1088 3768 1374 3823 asserenda
1398 3769 1672 3838 divinitate
1698 3769 1750 3838 in
1779 3766 1957 3821 Africa

384 3843 693 3897 decertasse
721 3832 966 3895 auctores
995 3839 1190 3894 laudati
1226 3832 1470 3902 innuurft,
1497 3837 1737 3906 quamvis
1767 3853 1958 3904 pauco-

382 3928 505 3968 rum
533 3911 872 3968 solummodo
907 3911 1120 3964 nomina
1160 3911 1439 3964 brevitatis
1460 3907 1634 3961 studio
1675 3922 1961 3962 recensue-

383 3983 515 4037 tint.
536 3983 644 4037 Nec
666 3983 827 4038 etiam
853 3981 1066 4036 defuere
1084 3979 1403 4035 sanctissimi
1433 3977 1706 4045 praesides,
1731 3979 1817 4045 qui
1841 3993 1959 4032 sese

383 4053 555 4106 veluti
599 4067 782 4108 muros
825 4066 994 4106 aereos
1025 4066 1123 4120 pro
1169 4051 1362 4104 domus
1411 4049 1622 4102 Domini
1652 4048 1960 4102 defensione

385 4124 670 4180 Genserici
693 4123 974 4178 conatibus
1005 4129 1362 4190 opponerent:
1396 4134 1461 4174 ex
1491 4133 1712 4187 quorum
1739 4132 1960 4171 numero

353 4208 355 4210 '
384 4195 591 4262 aliquot
621 4193 800 4248 laudat
827 4192 1131 4248 Gennadius
1160 4193 1210 4246 in
1241 4190 1482 4256 catalo;;o
1511 4192 1962 4262 scriptoru_tu_ec-

385 4259 813 4321 clesiasticorum
860 4264 968 4334 qui,
1011 4272 1229 4333 accepto
1277 4262 1503 4326 calamo,
1537 4260 1655 4334 tittei
1687 4259 1962 4314 catholica:

346 4340 352 4343 ’
385 4334 675 4389 veritatem
701 4333 888 4390 contra
924 4334 1150 4388 Arianos
1171 4334 1383 4401 scriptis
1417 4333 1628 4400 egregie
1660 4344 1960 4398 prOpugua-

387 4415 536 4461 runt.
568 4403 812 4460 Celebris
861 4403 998 4458 inter
1027 4403 1160 4458 alios
1211 4403 1306 4456 fuit
1354 4402 1532 4456 Victor
1580 4402 1860 4454 Cartennae
1909 4401 1961 4453 in

389 4475 712 4531 Mauritania
734 4475 1030 4543 episcopus,
1053 4475 1142 4544 qui
1172 4473 1364 4544 librum
1392 4489 1419 4525 a
1447 4487 1509 4544 se
1517 4471 1780 4544 adversus
1808 4469 1962 4544 Aria-

389 4561 492 4602 nos
513 4545 715 4600 editum
747 4542 960 4614 ipsimet
989 4542 1101 4614 regi
1131 4543 1423 4600 Genserieo
1452 4542 1631 4614 offerri
1653 4542 1875 4614 curavit,
1905 4549 1961 4593 ut

371 4625 454 4670 'se
493 4616 749 4670 didicisse
770 4611 1010 4670 'testatur
1041 4611 1347 4670 Gennadius
1375 4628 1494 4682 cap.
1534 4613 1604 4682 777
1627 4611 1959 4682 citaejusdcm

387 4686 513 4740 libri
541 4685 784 4754 prologo.
816 4685 890 4740 De
914 4686 1013 4754 hoc
1034 4685 1155 4740 vide
1183 4699 1339 4753 supra
1366 4681 1484 4752 pag.
1519 4681 1621 4754 169
1640 4681 1834 4754 (Nobis
1856 4685 1954 4734 col.

386 4755 520 4821 340,
543 4752 834 4824 _num.'50).
856 4755 930 4809 Ad
963 4753 1103 4810 idem
1125 4752 1335 4824 quoque
1359 4753 1538 4820 procul
1567 4752 1727 4824 dubio
1752 4760 1963 4824 tempus

387 4827 639 4881 revocari
660 4822 817 4898 debet
833 4822 1155 4898 breviarium
1165 4822 1559 4898 fideiadversus
1575 4823 1790 4876 eosdem
1809 4822 1962 4875 Aria-

387 4911 492 4951 nos
504 4897 887 4965 conscriptum,
903 4895 1042 4965 quod
1069 4893 1188 4949 cuin
1210 4893 1328 4948 aliis
1353 4903 1577 4965 quatuor
1601 4901 1961 4965 veteruman-

386 4975 602 5021 ctorum
621 4962 894 5035 opusculis
907 4962 1314 5020 edidttJacobus
1326 4964 1799 5035 Sirmondusauna
1803 4962 1960 5035 1650.

391 5031 686 5105 thuidem
695 5036 806 5105 jam
823 5051 980 5104 supra
994 5035 1397 5090 observavimus
1417 5037 1469 5105 in
1485 5032 1683 5105 notam
1699 5033 1762 5086 ad
1779 5031 1958 5086 Victo-

390 5103 510 5161 rem
539 5103 810 5177 Vitepéem
830 5103 1030 5177 (Supra
1049 5106 1150 5177 col.
1168 5105 1290 5171 188,
1314 5121 1368 5159 n.
1387 5104 1458 5173 ε),
1477 5103 1848 5177 schastianam
1865 5117 1957 5158 co-

393 5178 582 5256 mitem
601 5192 631 5230 a
646 5172 945 5256 Genserieo
959 5176 1298 5256 sollicitatum
1324 5183 1380 5229 ut
1407 5172 1628 5256 patriam
1646 5172 1956 5254 religionem

391 5246 706 5316 abnegaret,
721 5262 784 5301 ex
801 5245 902 5300 isto
915 5247 1175 5316 breviario
1189 5242 1584 5316 responsionem
1600 5242 1841 5316 hausisse
1856 5258 1957 5316 qua

396 5313 614 5386 tyranni
630 5325 854 5386 conatus
866 5317 1042 5386 irritos
1055 5315 1194 5370 fecit.
1216 5314 1402 5370 Iisdem
1423 5313 1750 5382 temporibus
1765 5313 1962 5386 prodiit

392 5384 454 5440 in
495 5388 670 5442 lucem
691 5385 844 5439 Liber
875 5401 968 5442 seu
996 5384 1282 5440 Declaratio
1305 5400 1616 5454 quorumque
1643 5386 1867 5437 locorum
1895 5384 1958 5438 de

391 5455 652 5511 Trinitate
679 5469 856 5509 contra
905 5455 1238 5510 Varimadum
1267 5457 1472 5510 Arianae
1497 5465 1645 5510 sectae
1668 5454 1959 5519 diaconum,

393 5527 758 5595 quodquidem
785 5542 918 5596 opus
947 5527 1144 5596 editum
1183 5534 1265 5582 est
1286 5527 1338 5579 in
1369 5525 1692 5580 Bibliotheca
1723 5523 1964 5596 Patrum,

393 5597 490 5650 ubi
519 5598 684 5666 ipsius
713 5595 898 5653 auctor
918 5597 970 5651 in
996 5595 1303 5666 praefatione
1330 5596 1475 5664 operi
1500 5597 1715 5663 przelixa
1741 5608 1800 5666 se
1829 5595 1968 5664 apud

327 5684 330 5686 τ
395 5664 676 5737 Neap—olim
719 5664 1024 5737 Campania:
1071 5668 1257 5722 urbem
1301 5668 1647 5721 constitutum
1691 5664 1971 5733 scripsisse

398 5736 628 5792 testatur
656 5753 720 5792 eo
751 5736 990 5809 tempore
1013 5753 1116 5807 quo
1158 5738 1335 5809 Ariani
1383 5738 1445 5791 de
1481 5736 1766 5809 infidelium
1795 5742 1970 5806 regum

326 5819 328 5821 ’
396 5809 758 5869 t'ioriabantur
789 5805 1056 5867 sutierbia‘:
1074 5823 1228 5876 quem
1254 5808 1469 5870 librum.
1502 5805 1662 5864 veluti
1681 5808 1967 5865 armarium

1991 4583 2043 4644 ι)

2059 3275 2124 3330 de
2151 3274 2255 3346 quo
2276 3289 2436 3343 supra
2458 3276 2691 3346 diximus
2706 3274 2824 3346 pag.
2847 3276 2966 3331 £79.
2990 3274 3193 3329 Floruit
3212 3284 3260 3330 in
3276 3275 3626 3344 eademprovi

2057 3350 2134 3400 cia
2151 3345 2419 3401 Vocmiius
2441 3345 2636 3400 Castell
2657 3345 2793 3412 inus,
2809 3361 2926 3408 seu,
2953 3356 3010 3400 ut
3035 3347 3191 3400 habet
3213 3354 3452 3400 nostrum
3471 3357 3624 3400 vetus

2060 3416 2667 3486 exemplar,Castallante
2681 3416 3008 3486 Mauritaniae
3025 3417 3627 3484 urbisepisCopns,cujus

2062 3490 2205 3540 varia
2223 3485 2480 3550 opuscula
2499 3499 2739 3541 recenset
2753 3485 3056 3542 Gennadius
3074 3503 3191 3554 cap.
3216 3488 3301 3542 78.
3323 3487 3448 3541 Vide
3467 3501 3626 3556 supra

2057 3559 2162 3613 Col.
2191 3557 2486 3626 175(Nobis
2499 3558 2734 3622 cof.543,
2759 3574 2898 3612 num.
2928 3556 3036 3626 75).
3059 3558 3294 3627 Denique
3315 3559 3497 3628 grandi
3514 3559 3624 3622 api-

2060 3628 2418 3683 ni0neceleltris
2446 3628 2582 3695 apud
2601 3627 2844 3682 eumdem
2870 3641 3164 3694 auctorem,
3181 3645 3297 3696 cap.
3319 3627 3406 3691 75,
3431 3628 3626 3680 dicitur

2059 3701 2337 3766 Asclepius
2365 3697 2488 3752 Afer
2517 3700 2568 3751 in
2597 3698 2822 3752 docendo
2854 3716 2915 3752 rx
2945 3707 3186 3768 tempore,
3218 3701 3304 3768 qtti
3347 3701 3506 3753 etiam
3535 3699 3628 3750 ad-

2059 3787 2246 3824 versus
2273 3769 2502 3822 Arianos
2528 3770 2660 3822 sicut
2692 3775 2746 3820 et
2765 3779 2948 3823 contra
2979 3770 3281 3823 Douatistas
3305 3770 3465 3823 multa
3495 3769 3628 3822 scri-

2063 3841 2230 3910 psisse
2262 3837 2737 3910 memoratur.Scd
2765 3839 2906 3892 illius
2926 3838 3068 3893 sedis
3096 3855 3290 3910 nomen
3324 3841 3468 3894 varie
3499 3840 3628 3891 varii
3719 3883 3725 3889 .

2060 3909 2275 3966 Codices
2322 3910 2581 3971 seribunt,
2619 3909 2686 3961 ita
2721 3917 2894 3962 tamen
2934 3919 2990 3961 ut
3025 3909 3198 3961 nullus
3226 3925 3254 3962 a
3286 3911 3628 3974 corruptione

2063 3983 2298 4034 videatur
2345 3979 2610 4032 immunis.
2645 3978 2784 4031 Editi
2835 3979 3058 4044 habent,
3109 3977 3374 4046 Asclepius
3426 3979 3546 4046 Afer
3576 3980 3628 4031 in

2062 4049 2335 4118 Bugaiensi
2368 4050 2621 4101 territario
2668 4048 2762 4100 vici
2792 4064 2890 4101 non
2933 4048 3145 4118 grandis
3175 4052 3487 4118 episcopus;
3520 4063 3628 4118 Ano-

2063 4115 2232 4175 suum
2261 4135 2388 4173 vero
2417 4118 2674 4173 Gennadii
2699 4115 2970 4186 exemplar
2995 4115 3406 4172 vetustissimum
3450 4115 3628 4180 habet,

2062 4193 2117 4245 in
2138 4189 2387 4245 Gabaensi
2417 4190 2672 4242 territorio
2709 4187 3118 4254 Vicincegrantis,
3145 4197 3283 4250 ctc.;
3313 4188 3413 4241 alia
3445 4202 3626 4252 tnanu,

2065 4276 2170 4316 non
2203 4270 2378 4316 tamen
2407 4257 2542 4312 adeo
2585 4259 2825 4328 antiqua,
2881 4257 3060 4313 Vicine
3106 4259 3341 4311 civitatis.
3393 4257 3630 4328 Priorem

2066 4341 2241 4388 tamen
2291 4331 2569 4384 lectionem
2596 4326 2875 4384 ceniirmat
2906 4331 3072 4385 codex
3123 4326 3538 4392 Fiseamnensis,
3576 4337 3632 4381 ut

2065 4405 2270 4456 monuit
2293 4415 2377 4455 me
2408 4411 2588 4455 noster
2609 4400 2835 4454 domnus
2862 4397 3178 4454 Guillelmus
3199 4397 3463 4462 Fillastre,
3479 4399 3564 4453 ubi
3581 4399 3632 4452 in

2068 4471 2117 4526 Ν
2124 4472 2343 4543 avigensi
2357 4471 2612 4525 territorio
2628 4470 3012 4543 _Vicinigra_ndis
3025 4471 3290 4543 episcopus
3302 4469 3509 4543 dicitur.
3528 4469 3633 4543 llo-

2067 4540 2246 4598 noritis
2268 4543 2468 4610 cap/1‘2
2483 4541 2727 4595 eumdem
2747 4541 3056 4608 simpliciter
3079 4542 3130 4593 in
3148 4541 3354 4594 Baiensi
3379 4540 3633 4610 territorio

2069 4608 2356 4684 episcopum
2370 4613 2621 4684 appellat.
2638 4611 2927 4684 thuidem
2949 4611 3031 4684 hic
3045 4610 3186 4684 forte
3203 4608 3635 4684 nomanalicnjns

2069 4680 2169 4738 vici
2187 4680 2514 4752 designatur.
2532 4682 2820 4752 Episcopus
2837 4681 2976 4734 enim
2998 4683 3052 4734 in
3080 4681 3213 4752 vittis
3243 4689 3287 4734 et
3309 4680 3636 4752 infundiset
3667 4725 3670 4728 .

2068 4769 2156 4824 per
2184 4747 2331 4824 agros
2354 4752 2406 4806 in
2432 4747 2609 4824 Africa
2641 4747 2805 4824 fuisse
2831 4765 2989 4824 nemo
3019 4751 3220 4824 nescit,
3239 4751 3379 4824 quod
3412 4765 3477 4805 ex
3512 4747 3635 4804 Col-

2073 4820 2268 4879 latioue
2297 4821 2702 4886 Carthagineusi
2737 4835 2854 4889 Cap.
2900 4822 2992 4875 |8l
3030 4832 3083 4875 et
3130 4820 3248 4888 l82,
3286 4821 3506 4889 aliisque
3539 4833 3635 4889 ve-_

2073 4894 2226 4947 tustis
2272 4889 2629 4973 monumentis
2661 4887 2876 4972 absque
2925 4905 3114 4973 magno
3162 4887 3373 4959 negotio
3403 4887 3637 4973 'probari

2074 4973 2268 5030 pmset.
2302 4963 2513 5030 Sedliis
2542 4961 2741 5015 diutius
2766 4960 3034 5015 immorari
3066 4975 3170 5014 non
3203 4968 3375 5015 vacat.
3401 4960 3635 5030 (Stetere:

2073 5028 2200 5088 vero
2218 5028 2461 5088 auctores
2483 5031 2571 5103 qui
2594 5031 3042 5103 subsequentibus
3065 5030 3388 5103 temporibus
3406 5028 3638 5103 ﬂoruere

2066 5103 2438 5172 praetermitto,
2487 5101 2625 5157 inter
2653 5115 2788 5171 quos
2832 5102 3025 5156 enituit
3076 5101 3410 5172 potissimum
3451 5101 3637 5156 beatus

2064 5170 2396 5244 Fulgentius,
2430 5173 2497 5228 de
2523 5187 2627 5242 quo
2656 5170 2805 5242 plura
2828 5187 2928 5227 suo
2955 5172 3074 5227 loco
3092 5170 3282 5226 dicturi
3311 5185 3518 5226 sumus.

2679 5264 2905 5322 CAPUT
2936 5264 2976 5320 V

2134 5357 2433 5414 Genserictu
2460 5366 2608 5427 capta
2638 5356 2947 5428 Carthagine
2974 5356 3028 5410 in
3061 5371 3220 5426 ipsius
3252 5356 3382 5411 cives
3409 5365 3567 5412 stertit.

2149 5453 2197 5505 l.
2230 5450 2573 5518 Genserieus,
2606 5450 2672 5505 de
2701 5451 2851 5519 cujus
2883 5449 2983 5504 lide
3009 5449 3078 5503 ob
3107 5463 3311 5520 pacem,
3335 5463 3638 5504 sacramen-

2077 5531 2151 5590 to,
2183 5526 2257 5576 uti
2289 5522 2536 5584 diximus,
2561 5522 2951 5583 confirmatam,
2980 5519 3202 5575 securus
3231 5519 3508 5590 videbatur
3545 5521 3638 5570 im-

2077 5588 2308 5663 perator,
2341 5591 2526 5646 videns
2549 5590 2804 5663 Romanis
2827 5592 2929 5663 alio
2951 5591 3202 5663 detentis,
3221 5604 3310 5643 eas
3342 5588 3507 5663 urbes
3524 5602 3640 5655 qua:

2075 5659 2177 5719 sibi
2205 5664 2305 5732 ipsi
2336 5676 2439 5716 non
2473 5662 2750 5731 parebant,
2781 5676 2840 5716 se
2865 5661 3002 5715 haud
3034 5675 3226 5728 magno
3260 5659 3471 5732 negotio
3497 5659 3640 5708 inva-

2077 5727 2281 5795 surum,
2317 5727 2595 5802 repentino
2619 5733 2817 5802 impetu
2840 5727 3212 5802 Carthaginem
3236 5727 3507 5802 advplans,
3523 5743 3639 5802 eam

2077 5821 2174 5864 suo
2202 5795 2879 5874 subiecititnocrio,'ratus,
2911 5795 3064 5872 capta
3088 5799 3250 5856 tot-ius
3277 5795 3472 5856 Africae
3504 5800 3637 5862 urbe
