4078 6348
503 353 608 410 375

1354 348 1694 406 APPENDIX
1735 348 1824 404 Al)
1866 346 2210 404 VICTUREM
2252 343 2605 403 VITENSEM

3453 251 3499 265 τ’*
3513 257 3524 263 ⁵
3550 258 3578 268 ιο
3596 256 3666 277 εφη
3677 259 3688 266 σ

3671 348 3768 408 570

3305 274 3398 290 -Η

3347 299 3378 313 ‘

546 467 793 536 razcipua,
827 480 946 521 cum
978 474 1218 520 senatum
1259 463 1508 536 virosque
1537 463 1749 536 nobiles
1776 462 1828 516 in
1861 477 1957 516 sua
1987 462 2082 536 ha-
2110 464 2161 523 Α
2188 463 2330 517 enim
2349 463 2579 536 timeret
2609 458 2930 536 Gensertcus
2961 473 3048 536 ne,
3076 458 3121 514 si
3147 457 3223 514 illi
3248 458 3332 536 vel
3360 457 3624 536 modicum
3644 464 3766 536 quid

546 481 793 536 rarespua,
827 480 946 521 cum
978 480 1218 520 senatum
1259 480 1508 532 virosque
1537 480 1745 518 nonnes
1776 480 1828 516 in
1861 480 1957 516 sua
1989 480 2074 515 na-

501 480 655 592 beret
687 546 965 605 potestate.
1000 536 1110 590 fore
1135 541 1197 591 ut
1229 535 1353 588 nulli
1378 534 1629 603 deinceps
1652 535 1752 588 sibi
1777 533 2074 605 resistendo

502 624 658 678 pares
687 603 886 661 essent.
920 609 987 659 At
1017 613 1157 678 tanta
1187 621 1306 659 cum
1336 606 1538 678 sasvitia
1577 608 1624 659 in
1651 605 1812 678 istius,
1835 603 2081 678 miserrig

504 675 605 732 inae
637 678 780 731 urbis
809 679 956 731 cives
986 677 1205 740 exarsit,
1243 686 1296 730 ut
1320 677 1420 730 nisi
1452 691 1638 729 omnes
1668 675 1779 730 fere
1805 677 1953 729 istius
1981 677 2079 730 aevi

501 759 751 804 auctores
775 759 935 801 testes
965 762 1152 800 eorum
1185 763 1302 816 qua!
1327 747 1427 801 hac
1449 749 1729 801 occasione
1759 745 2081 801 Gensericus

503 819 730 889 patravit
761 817 1101 889 haberemus,
1132 833 1344 872 omnem
1381 832 1601 886 prorsus
1627 817 1784 869 tidem
1815 818 2078 889 excedere

501 885 829 943 viderentur.
867 887 997 942 Rem
1036 888 1259 942 aliorum
1289 885 1468 942 verbis
1514 901 1783 958 exponere
1806 885 1978 954 juvat,
2012 901 2077 941 ne

500 961 620 1027 quis
649 960 782 1011 forte
807 973 890 1012 me
917 959 1279 1014 celeberrima:
1307 960 1536 1012 civitatis
1563 958 1894 1011 calamitates
1921 973 2080 1027 exag-

536 1043 714 1084 erasse
743 1031 1033 1083 existimet.
1063 1030 1150 1083 Sic
1181 1033 1359 1098 itaque
1381 1029 1447 1083 de
1479 1029 1578 1082 hoc
1610 1027 1816 1098 excidio
1843 1028 2078 1095 loquitur

536 1046 714 1084 crasse
743 1046 1033 1083 exisvmet.
1063 1046 1150 1083 me
1181 1046 1359 1098 itaque
1381 1046 1447 1083 ne
1479 1046 1578 1082 noc
1610 1046 1816 1082 excnno
1844 1046 2078 1095 loquitur

499 1046 733 1166 grospcr
758 1100 810 1152 in
839 1101 1136 1154 Chronico:
1164 1098 1206 1152 Τ
1207 1100 1446 1152 heodosio
1478 1116 1584 1153 xvn
1610 1110 1658 1153 et
1690 1096 1840 1151 Festo
1860 1100 2081 1151 consuli-

501 1180 607 1231 tus,
641 1171 691 1222 id
728 1178 809 1223 cst
843 1185 963 1223 terte
994 1172 1225 1238 vulgaris
1273 1185 1412 1224 anno
1443 1171 1566 1234 459,
1602 1168 1748 1222 /Etio
1798 1169 1941 1221 rebus
1968 1185 2081 1236 qute

496 1242 551 1294 in
578 1240 760 1294 Galliis
783 1242 1212 1307 componebantur
1234 1242 1444 1300 intento.
1489 1239 1827 1310 Gensericus,
1845 1241 1906 1291 de
1931 1243 2080 1310 cujus

499 1313 720 1363 amicitia
779 1311 903 1364 nihil
955 1312 1292 1377 metuebatur,
1351 1328 1436 1364 xrv
1488 1310 1728 1364 calendas
1777 1309 2081 1364 Novembris

501 1381 862 1452 Carthagine»:
910 1382 1028 1434 dolo
1062 1385 1202 1449 pacis
1248 1383 1463 1448 invadit,
1493 1397 1763 1451 omnesque
1790 1397 1907 1448 opes
1929 1383 2041 1451 ejus
2061 1420 2076 1444 ,

500 1453 803 1507 excruciatis
827 1453 1024 1506 diverso
1057 1463 1421 1506 tormentorum
1447 1468 1628 1521 genere
1665 1452 1874 1511 civibus,
1903 1452 1953 1502 in
1992 1455 2082 1523 jus

497 1539 646 1577 suum
670 1524 816 1576 uertit
835 1541 852 1588 ;
873 1539 962 1576 nec
986 1523 1048 1575 ab
1069 1525 1398 1578 ecclesiarum
1422 1523 1789 1593 despoliatione
1805 1523 2076 1586 abstinens,

499 1610 629 1663 quas
657 1603 703 1646 et
730 1596 887 1648 sacris
921 1595 1056 1648 vasis
1097 1595 1379 1648 exinanitas
1421 1605 1466 1647 tt
1505 1593 1821 1646 sacerdotum
1865 1594 2083 1646 admini-

498 1665 744 1718 stratione
773 1667 1015 1729 privatas,
1049 1681 1150 1718 non
1172 1669 1288 1737 jam
1315 1665 1468 1718 divini
1494 1664 1666 1737 cultus
1684 1665 1816 1725 loca,
1854 1663 1942 1716 scd
1970 1679 2083 1737 suo:

498 1751 613 1788 rum
643 1738 802 1807 215
818 1737 970 1804 jussit
1001 1751 1106 1789 esse
1136 1734 1455 1800 habitacula;
1493 1737 1545 1788 in
1581 1736 1867 1807 uniuersum
1895 1734 2082 1807 captiui

501 1806 680 1875 populi
711 1805 938 1860 ordinem
983 1823 1166 1872 servus,
1210 1808 1297 1860 sed
1321 1805 1862 1878 pra'cipue_itobili.‘a!i
1885 1813 1931 1858 et
1956 1805 2078 1878 reli-

499 1879 639 1948 gioni
667 1879 915 1948 infensus,
951 1886 1006 1930 ut
1035 1895 1136 1930 non
1169 1876 1540 1948 discerneretur
1573 1876 1867 1948 homiiibus
1909 1876 2070 1945 magis

499 1947 940 2001 anDeo'bellum
995 1948 1268 2001 intulisset.
1323 1947 1474 2000 Herc
1512 1957 1680 2000 autem
1737 1947 2073 2014 captivitatem

500 2016 757 2090 Carthago
787 2019 938 2072 subiit
964 2035 1111 2090 anno
1148 2030 1412 2089 postquam
1454 2019 1694 2090 flamonii
1717 2035 1828 2090 esse
1850 2025 2075 2090 Διἰιτερειοαι

499 2087 625 2143 585.
661 2087 857 2143 Eadem
891 2089 1052 2144 habet
1098 2087 1332 2143 Isidorus
1356 2090 1408 2142 in
1453 2088 1682 2141 Historia
1716 2087 2076 2141 Vandalorum

497 2173 605 2230 atra
625 2159 750 2214 467.
786 2160 887 2213 Ille
907 2163 1093 2213 violata
1119 2160 1421 2213 sacramenti
1447 2159 1692 2230 religione
1719 2157 2078 2230 Carthaginem

498 2228 622 2283 dolo
654 2232 794 2297 pacis
822 2231 1055 2294 invadit,
1089 2239 1216 2293 etc.,
1259 2240 1315 2283 ut
1347 2228 1606 2293 Prosper;
1655 2229 1845 2293 quibus
1891 2228 2073 2281 addit:

495 2299 744 2356 Arianam
777 2303 1113 2370 pestilentiam
1139 2317 1226 2367 per
1249 2302 1639 2365 totamAfricam
1664 2299 1972 2363 intromittit,
1991 2315 2078 2353 sa-

495 2373 726 2426 cerdotes
751 2371 974 2426 ecclesiae
1023 2373 1184 2439 pellit,
1233 2381 1480 2439 martyres
1514 2372 1760 2438 plurimos
1791 2371 1965 2438 eﬂicit;
1997 2380 2077 2434 et,

493 2443 646 2514 juxta
668 2444 986 2514 prephetiam
1013 2441 1266 2506 Danielis,
1300 2443 1569 2495 demutatis
1593 2441 1843 2514 mysteriis
1878 2450 2080 2493 sancto-

496 2512 613 2564 rum
634 2515 868 2566 ecclesias
888 2512 1077 2566 Christi
1102 2515 1328 2566 hostibus
1350 2514 1581 2566 tradidit.
1609 2514 1739 2576 Qua:
1763 2512 1944 2565 ultima
1962 2527 2080 2565 vcr-

496 2582 565 2636 ba
587 2597 653 2637 ex
681 2585 828 2636 ldatii
857 2583 1126 2638 Chronico
1166 2595 1436 2636 mutuatus
1459 2594 1564 2637 est.
1599 2583 1660 2636 Di
1679 2600 1748 2634 nn
1776 2597 1902 2636 vero
1933 2588 2084 2636 notat.

498 2651 845 2707 Marcellinus
870 2669 1052 2709 comes
1086 2671 1115 2706 ιι
1147 2656 1400 2707 calendas
1428 2652 1763 2718 Novembris,
1798 2669 1902 2720 quo
1929 2667 2080 2707 asse-

496 2723 570 2776 rit
608 2725 985 2794 Carthaginem
1017 2741 1046 2778 a
1080 2723 1372 2780 Genserico
1421 2737 1736 2793 occupatam
1782 2722 1964 2778 fuisse.
2016 2724 2083 2778 At

495 2793 832 2865 praeferenda
860 2805 941 2849 est
966 2795 1213 2865 Prosperi
1243 2806 1295 2849 et
1318 2796 1466 2849 ldatii
1492 2794 1803 2849 auctoritas.

567 2863 620 2920 2.
666 2865 741 2920 De
779 2863 1148 2920 Africanarum
1191 2867 1581 2936 p:ovmciarum
1635 2867 1902 2935 ipsiusque
1958 2864 2086 2919 Car-

499 2934 730 3004 thaginis
773 2937 983 2993 excidio
1025 2934 1375 3006 plura'habet
1421 2934 1698 2991 Salvianus
1742 2934 2085 2990 Massiliensis

495 3006 777 3076 presbyter
837 3010 888 3061 in
941 3009 1087 3062 libris
1131 3009 1196 3062 de
1229 3007 1624 3061 Gubernutione
1677 3009 1764 3060 ltci
1796 3049 1810 3068 ,
1859 3023 2083 3074 quorum

495 3085 678 3132 sextus
710 3088 764 3131 ct
802 3079 908 3132 duo
945 3089 1228 3146 sequentes
1275 3079 1382 3133 fere
1415 3089 1539 3132 sunt
1583 3079 1675 3132 teti
1713 3079 1780 3132 de
1807 3079 1906 3132 ltoc
1931 3093 2087 3147 argn-

496 3157 700 3201 mento.
729 3149 831 3203 Has
863 3165 992 3204 vero
1017 3149 1349 3205 calamitates
1376 3150 1560 3203 divina?
1588 3150 1836 3203 sereritati
1866 3150 2088 3202 tribuen-

495 3218 590 3290 das
630 3236 730 3271 non
762 3236 868 3273 esse
887 3261 900 3283 ,
929 3221 1058 3273 dicit
1085 3221 1221 3274 idem
1267 3230 1488 3284 auctor,
1517 3220 1604 3272 sed
1638 3222 1878 3290 Afrorum
1907 3220 2086 3273 sceleri

497 3287 839 3356 deputandas,
871 3292 960 3358 qui
996 3291 1257 3344 Vandalos
1286 3293 1447 3358 gravi,
1475 3287 1742 3359 antequam
1765 3292 2090 3361 illucperge-

495 3367 638 3423 rent,
669 3376 729 3410 ac
759 3364 912 3430 longa
938 3361 1201 3430 iniquitate
1234 3369 1527 3416 traxerant.
1573 3362 1894 3416 Eornmdem
1935 3361 2089 3415 Afro-

495 3443 617 3499 rum
641 3431 765 3483 vitia
793 3441 845 3485 et
874 3433 1199 3499 depravatos
1237 3447 1413 3486 mores
1443 3436 1510 3485 ita
1547 3443 1858 3499 exaggerat,
1891 3446 1941 3486 ut
1977 3437 2092 3486 nut-

497 3498 605 3552 lum
632 3502 770 3568 apud
805 3498 955 3570 ipsos
983 3501 1192 3567 bonum,
1226 3503 1317 3556 sed
1343 3511 1500 3556 totum
1533 3498 1724 3556 malum
1753 3503 1911 3556 fuisse
1941 3518 2089 3557 asse-

496 3584 688 3641 verare
735 3587 840 3626 non
882 3573 1086 3627 dubitet
1117 3613 1131 3637 ,
1183 3573 1322 3639 quod
1386 3589 1576 3641 nempe
1640 3575 1845 3628 erclusa
1895 3585 2092 3628 natura:

496 3640 769 3709 originalis
798 3645 1116 3701 sinceritate.
1157 3644 1312 3696 aliam
1343 3640 1720 3712 quodammodo
1750 3646 1799 3696 in
1829 3644 1906 3698 Itis
1944 3655 2092 3699 uatu-

496 3727 611 3785 ram
635 3714 758 3766 vitia
791 3713 1059 3769 fecissent.
1112 3714 1307 3768 Eorum
1345 3715 1675 3782 potissimum
1709 3715 2088 3785 impudicitiam

497 3781 796 3854 insectatur
826 3786 962 3838 libro
993 3801 1085 3838 vtl.
1117 3786 1188 3839 At
1214 3781 1352 3839 libro
1376 3789 1618 3854 sequenti
1651 3785 1701 3840 in
1734 3781 1828 3840 eos
1859 3788 2090 3842 maxime

497 3853 725 3926 invehit,
756 3855 896 3924 quod
928 3858 1066 3909 nulla
1099 3858 1149 3910 in
1177 3871 1361 3911 servos
1393 3853 1506 3919 Dei,
1539 3856 1871 3926 potissimum
1906 3874 2092 3912 mona-

497 3922 672 3992 chos,
703 3922 902 3980 sanctos
949 3927 1041 3978 Dei
1085 3927 1359 3995 appellat,
1411 3922 1706 3983 reverentia
1758 3939 2086 3996 tenerentur,

498 4010 635 4065 quos
677 4006 860 4052 contra
902 3998 1213 4063 irridebant,
1255 3999 1612 4053 maledicebunt
1637 4040 1652 4062 ,
1695 4000 2088 4066 detestabantur,

498 4067 907 4140 insectabantur,
949 4086 1008 4122 ea
1040 4073 1211 4123 omnia
1245 4071 1294 4123 in
1324 4071 1440 4124 illos
1468 4089 1593 4140 pene
1624 4071 1863 4140 facientes
1901 4087 2012 4138 qua:
2040 4075 2090 4125 in

499 4135 824 4210 salvatorem
847 4141 1392 4194 nostrumJudworum
1413 4135 1643 4206 impietas
1667 4155 1782 4193 ante
1806 4135 1920 4208 fecit
1941 4158 2092 4210 quant

500 4209 571 4259 ad
595 4208 1094 4282 effusionemgipsam
1131 4213 1286 4282 clienti
1320 4213 1582 4277 summittis
1616 4213 1917 4282 perveniret.
1955 4208 2090 4266 "l'unt

499 4277 662 4345 paulo
694 4285 812 4344 post
841 4279 1107 4346 subjungit
1137 4297 1150 4332 :
1188 4279 1329 4333 Inter
1356 4283 1543 4346 Africa:
1567 4277 1793 4334 ciuitates
1812 4322 1824 4341 ,
1854 4288 1899 4332 et
1928 4284 2092 4334 maxi-

434 4409 436 4411 g
500 4362 582 4398 me
597 4347 746 4419 intra
780 4347 1104 4418 Carthaginis
1138 4366 1334 4410 muros,
1366 4351 1635 4419 palliatum
1667 4363 1709 4404 et
1742 4352 2017 4418 pallidum,
2047 4363 2094 4405 et

501 4417 687 4490 recisis,
717 4417 1008 4490 comarum
1031 4421 1292 4490 ﬂuentium
1314 4417 1456 4490 jubis
1496 4437 1650 4488 usque
1697 4417 1764 4472 ad
1791 4433 1952 4473 cutem
1983 4431 2095 4474 ton-

501 4502 616 4541 sum
638 4487 832 4560 uidere,
861 4498 966 4539 tam
993 4489 1177 4558 infelix
1199 4489 1286 4542 ille
1314 4487 1538 4557 populus
1566 4487 1962 4560 quentia/idolis
1985 4493 2094 4545 sine

502 4558 741 4630 convicio
767 4566 919 4630 atque
957 4570 1184 4612 exsecrat
1208 4575 1303 4630 one
1330 4565 1413 4613 vix
1459 4558 1674 4629 poterat.
1711 4559 1776 4612 Et
1811 4563 1855 4613 si
1885 4564 2091 4630 quando

503 4628 691 4701 aliquis
707 4626 799 4680 Dei
814 4643 984 4701 servus
1002 4641 1090 4682 aut
1111 4631 1172 4683 de
1186 4626 1551 4701 /Egyptiorum
1568 4632 1824 4696 caznobiis,
1837 4626 1949 4697 aut,
1966 4642 2067 4687 etc.
2078 4675 2090 4698 ,

503 4700 576 4761 ad
605 4702 779 4752 urbem
816 4696 961 4750 illam
1009 4701 1169 4769 officio
1211 4696 1366 4754 divini
1395 4703 1562 4770 cperis
1593 4704 1831 4767 accessit,
1863 4696 2016 4756 simul
2040 4696 2093 4758 ut

505 4770 698 4839 populo
727 4771 982 4845 apparuit,
1013 4771 1380 4845 contumelias,
1411 4773 1679 4845 sacrilegia
1705 4784 1750 4827 et
1780 4774 2096 4829 maledictio-

505 4855 595 4893 nes
623 4844 846 4916 excepit.
870 4840 980 4894 Nec
1005 4843 1168 4916 solum
1198 4845 1313 4909 hoc,
1346 4840 1845 4916 sedginiprobissimis
1871 4846 2095 4916 ﬂagitio-

505 4926 680 4964 sorum
707 4911 972 4965 hominum
999 4915 1290 4980 cachinnis,
1327 4923 1376 4968 et
1417 4911 1776 4968 detestantibus
1819 4911 2094 4969 ridentium

505 4980 667 5034 sibilis
691 4983 836 5054 quasi
861 4987 1046 5037 laureis
1068 4985 1376 5049 caedebatur,
1402 5001 1535 5052 vere,
1560 4998 1613 5038 ut
1634 4989 1676 5040 si
1697 4987 1807 5054 quis
1829 5004 1887 5040 ea
1909 4987 2096 5041 inscius

505 5067 675 5104 rerum
695 5052 807 5126 ﬁeri
831 5055 1018 5108 videret
1042 5071 1143 5107 non
1166 5054 1388 5120 aliquem
1409 5056 1662 5111 hominem
1690 5052 1945 5126 ludiﬁcari
1966 5100 1982 5122 ,
2007 5059 2096 5113 sed

505 5136 691 5198 novum
717 5123 1104 5198 inauditamque
1132 5135 1414 5180 monstrum
1437 5127 1575 5196 abigi
1593 5138 1743 5198 atque
1771 5123 2098 5182 easterntinari

506 5193 862 5264 arbitraretur.
905 5193 1030 5249 llmc
1057 5206 1108 5250 et
1136 5198 1238 5251 alia
1288 5199 1437 5264 plura
1481 5193 1764 5254 salvia'nus
1807 5214 1956 5253 more
2001 5215 2098 5252 suo

509 5263 736 5335 populos
761 5267 825 5316 ad
867 5267 1236 5335 paenitentiam
1281 5263 1598 5334 provocandi
1643 5269 1912 5324 desiderio
1941 5271 2098 5325 abre-

507 5342 652 5406 ptus.
689 5333 806 5406 Sed
846 5333 912 5389 de
951 5337 1051 5391 hac
1079 5333 1413 5406 Carthaginis
1443 5340 1594 5394 clade
1628 5341 1988 5395 consulendus
2016 5349 2100 5395 est

512 5405 846 5480 potissimum
880 5408 1061 5480 Victor
1083 5409 1325 5480 ~\titensis
1366 5411 1500 5463 libro
1526 5412 1699 5480 primo
1741 5429 1752 5465 :
1788 5427 1852 5465 ex
1883 5426 1988 5478 quo
2016 5412 2097 5464 di-

507 5476 711 5551 scimus
758 5475 1185 5551 Qttodvulrldemn
1241 5475 1576 5551 Carthaginis
1620 5475 1926 5551 episcopum
1977 5497 2096 5536 rum

509 5547 900 5620 maximarcleri
931 5550 1012 5602 sui
1044 5560 1226 5618 parte,
1271 5547 1496 5606 vetusta:
1541 5547 1666 5607 navi
1697 5547 2001 5620 impositum
2040 5563 2098 5607 ut

512 5619 686 5691 undis,
711 5619 1165 5691 absorberentur,
1213 5621 1487 5690 Neapolim
1529 5619 1832 5691 Campaniae
1873 5621 2100 5680 feliciter

512 5689 802 5761 appulisse.
851 5690 928 5744 De
959 5692 1060 5746 isto
1089 5706 1307 5761 agemus
1329 5689 1470 5746 infra
1501 5709 1618 5760 cap.
1651 5689 1704 5747 9.

587 5761 640 5840 ξιτ
681 5758 943 5840 Οφιρτιιιιι
992 5777 1096 5840 quo
1125 5758 1444 5840 mobiliores
1477 5758 1631 5840 erant
1670 5765 2098 5840 Carthaginepsis

517 5830 668 5888 urbis
695 5835 866 5898 cives,
897 5847 962 5888 eo
991 5830 1348 5891 miserabilior
1377 5835 1468 5891 fuit
1503 5837 1713 5892 illorum
1749 5830 1922 5891 casus.
1963 5835 2098 5893 Cum

2123 4596 2172 4655 D

2185 549 2251 588 ex
2282 534 2502 598 pristina
2531 532 2849 586 auctoritate
2884 530 3215 598 retinerent,
3245 529 3531 599 aliquando
3561 529 3768 587 sibiiu-

2186 603 2448 672 fensiores
2472 611 2652 657 essent
2678 601 2861 664 futuri,
2895 601 3175 670 universos
3202 602 3292 670 qui
3317 601 3494 671 aliqua
3525 602 3768 672 dignitate

2186 671 2481 743 pollebant,
2503 673 2586 726 vel
2610 672 2822 742 generis
2846 672 3122 743 nobilitate
3141 673 3351 743 cieteris
3377 671 3766 739 praestantiores

2187 741 2454 816 utcunque
2476 741 2821 816 rvidebantur,
2845 741 3010 816 bonis
3043 741 3305 816 omnibus
3338 744 3766 816 spoliatos_trans

2185 830 2335 870 mare
2366 813 2615 884 navigare
2643 813 2923 881 compulit,
2956 813 3057 867 nisi
3091 813 3404 868 maluissent
3435 813 3500 867 ad
3531 814 3767 871 viliorum

2185 883 2572 952 mancipiorum
2619 883 2979 938 conditionem
3037 884 3230 953 redigi.
3288 885 3527 939 Priorem
3577 898 3766 941 sortem

2184 956 2325 1010 beati
2351 955 2610 1024 Fulgentii
2639 971 2794 1008 avum
2817 955 2982 1025 216
3003 968 3214 1025 passum
3246 954 3410 1010 fuisse
3431 955 3686 1009 discimus
3708 973 3766 1010 ex

2184 1027 2424 1095 ejusdem
2456 1028 2624 1080 sancti
2655 1026 2784 1090 vita,
2810 1024 2930 1093 cap.
2968 1025 3015 1088 l,
3050 1024 3498 1095 ubiGordianus,
3530 1027 3605 1080 sic
3634 1028 3765 1079 enim

2184 1094 2575 1166 appellabatur,
2599 1112 2665 1151 ex
2692 1094 3522 1166 senatorumiCarthaginensium
3557 1112 3768 1151 numero

2185 1168 2475 1236 impositam
2515 1167 2974 1237 peregrinationem
3015 1165 3198 1237 libenti
3236 1165 3424 1221 animo
3474 1170 3766 1235 suscepisse

2184 1240 2399 1304 dicitur,
2419 1236 2587 1292 volens
2600 1236 2804 1306 saltem,
2831 1236 3162 1307 facultatibus
3184 1239 3418 1308 perditis,
3442 1255 3542 1292 non
3567 1237 3768 1305 perdere

2187 1310 2485 1364 libertatem.
3630 1329 3636 1334 ι

2255 1379 2310 1434 4.
2343 1381 2582 1434 Aliorum
2607 1378 2955 1450 quorumdam
2982 1378 3242 1433 fortunam
3268 1379 3462 1434 docent
3483 1394 3579 1433 nos
3603 1380 3769 1433 Theo-

2184 1450 2341 1506 doriti
2375 1451 2617 1517 epistolze
2638 1493 2652 1518 ,
2681 1452 2769 1520 qui
2798 1465 2829 1505 e
2858 1451 3026 1517 patria
3061 1450 3288 1518 profugi,
3323 1459 3439 1516 post
3468 1462 3768 1519 peragratas

2187 1521 2362 1578 varias
2399 1521 2633 1576 Orientis
2664 1521 2970 1588 provincias
3009 1522 3302 1592 inSyriam
3343 1537 3512 1588 u<que
3545 1523 3768 1590 pertige-

2185 1603 2328 1647 runt.
2367 1592 2608 1648 Celebris
2635 1592 2776 1647 inter
2802 1601 3028 1646 caeteros
3058 1591 3154 1644 fuit
3183 1592 3549 1656 lecstiacus,
3576 1603 3689 1656 aut,
3719 1600 3769 1648 ut

2184 1664 2304 1718 alite
2333 1664 2596 1718 editiones
2644 1663 2880 1728 habent,
2918 1662 3277 1717 leestianus
3319 1662 3531 1727 quidam
3559 1703 3573 1726 ,
3615 1678 3767 1730 quem

2187 1735 2327 1789 idem
2353 1733 2713 1788 Theodoritus
2736 1733 3035 1801 Appellioni
3065 1733 3405 1788 commendat
3427 1733 3650 1800 eristola
3673 1735 3768 1799 ‘29;

2190 1805 2244 1858 in
2270 1820 2372 1875 qua
2400 1804 3076 1875 Carthaginensinmvices
3105 1805 3412 1875 deplorans,
3440 1804 3654 1873 egregie
3687 1821 3770 1859 ur-

2186 1875 2264 1930 bis
2293 1874 2458 1930 istius
2499 1875 2704 1930 cladem
2745 1874 3019 1929 describit.
3054 1875 3178 1940 Qua:
3207 1874 3652 1944 Carthaginenset,
3697 1876 3772 1930 itt-

2176 1946 2311 2016 quit,
2331 1947 2467 2015 passi
2488 1956 2627 2012 sunt,
2647 1945 2886 2013 zEschyli
2908 1953 2952 1999 et
2981 1945 3250 2006 Sophoclis
3275 1946 3520 2014 (ragadia
3549 1956 3767 2014 egerent,
3793 1943 3797 1949 ’

2177 2028 2326 2087 atque
2355 2019 2538 2070 horum
2565 2033 2762 2084 quoque
2787 2017 3012 2082 linguam
3041 2018 3253 2086 fortasse
3282 2018 3498 2069 vinceret
3529 2017 3772 2072 titulorum

2178 2088 2496 2157 magnitudo.
2517 2087 2618 2141 Illa
2638 2088 2771 2141 enim
2791 2105 2822 2140 a
2843 2089 3085 2158 Romanis
3104 2090 3228 2158 ipsis
3244 2087 3498 2154 quondam
3513 2089 3771 2157 rixcapto,

2178 2161 2280 2213 imo
2304 2165 2418 2227 qua:
2447 2175 2563 2212 cum
2585 2160 2808 2212 maxima
2835 2157 2996 2212 Roma
3037 2159 3098 2210 de
3126 2159 3416 2226 principatu
3443 2174 3578 2226 satpe
3608 2171 3770 2212 certa-

2179 2238 2259 2282 rat
2283 2270 2296 2292 ,
2342 2246 2552 2300 eamque
2592 2232 2645 2282 in
2686 2244 2938 2300 sumntum
2979 2228 3245 2300 discrimen
3277 2228 3606 2300 adduxerat,
3641 2230 3772 2283 ludi-

2183 2299 2350 2353 brium
2373 2298 2522 2354 modo
2548 2301 2685 2366 facta
2715 2309 2787 2354 est
2816 2299 3168 2353 barbarorum.
3202 2298 3264 2352 Et
3287 2301 3374 2367 qui
3400 2299 3773 2354 celeberrimam

2181 2371 2292 2438 ejus
2327 2373 2523 2426 curiam
2559 2372 2830 2437 ornabant,
2869 2370 2986 2424 orbe
3019 2381 3122 2424 toto
3157 2387 3289 2422 nunc
3318 2380 3512 2431 errant,
3537 2372 3691 2422 vitam
3715 2387 3774 2424 ea:

2183 2442 2518 2510 hospitalium
2546 2442 2811 2495 hominum
2860 2443 3091 2496 manibus
3137 2450 3478 2494 sustentantes
3501 2482 3515 2502 ,
3551 2442 3774 2506 cientque

2184 2515 2526 2582 spectantibus
2554 2513 2836 2582 lacrymas,
2873 2522 2918 2566 et
2954 2527 3123 2566 rerum
3159 2511 3498 2564 huinanarum
3528 2512 3772 2565 instabili.

2186 2581 2339 2635 tatem
2371 2581 2837 2653 rolubilitatemque
2885 2584 3168 2636 declarant.
3213 2581 3353 2635 Alios
3401 2583 3637 2652 equidem
3679 2583 3775 2635 ridi

2186 2654 2467 2722 complures
2498 2655 2616 2709 inde
2646 2657 2922 2723 profectos,
2954 2663 2998 2706 et
3023 2654 3170 2707 timui
3204 2669 3220 2705 :
3260 2657 3426 2706 nescio
3456 2654 3620 2719 enim,
3647 2655 3775 2718 qtth

2186 2725 2257 2777 ait
2291 2725 2561 2794 Scriptura
2602 2725 2782 2793 (Prov.
2836 2723 3112 2794 xxvtt,l),
3148 2724 3270 2791 quid
3299 2734 3660 2789 superuentura
3693 2741 3777 2786 ira-

2187 2794 2287 2849 riat
2318 2797 2443 2850 dies.
2484 2796 2620 2850 Tum
2661 2797 2964 2864 Appellioni
2994 2793 3368 2850 Cratestfacnm
3397 2795 3618 2857 siicriali
3649 2795 3774 2848 alle-

2188 2877 2277 2919 etu
2299 2867 2657 2931 commendat,
2683 2868 2770 2936 qui
2797 2882 3043 2934 magnum
3071 2881 3134 2919 ex
3161 2865 3768 2936 ealamitatibnsgqnihus

2190 2936 2545 2992 afllictabatur
2575 2934 2800 2992 faciebat
2832 2937 2883 2990 in
2917 2938 3110 3002 pietate
3152 2944 3490 3004 proventum.
3553 2934 3776 2988 Venator

2189 3016 2390 3073 autem,
2423 3009 2623 3078 inquit,
2655 3011 2708 3061 in
2742 3009 2918 3076 primis
2953 3007 3434 3078 prtestantissimum
3465 3017 3508 3060 ct
3544 3008 3777 3074 magnifi-

2190 3077 2534 3133 centissimum
2557 3078 2906 3133 Caelestiacum
2927 3120 2940 3143 ,
2970 3080 3054 3145 qui
3085 3087 3128 3130 et
3153 3077 3489 3130 calamitatem
3513 3093 3661 3146 (equo
3685 3079 3776 3144 fert

2191 3152 2395 3214 animo,
2437 3160 2483 3204 et
2523 3150 2784 3218 felicitatis
2824 3151 3153 3202 mutationem
3193 3150 3244 3201 in
3282 3149 3593 3200 occasionem
3641 3150 3778 3200 vertit

2114 3216 2161 3280 C
2194 3216 2563 3288 philosophice,
2598 3223 3042 3289 universorumque
3082 3220 3289 3272 Rec‘ore
3310 3235 3338 3267 ιι
3373 3218 3582 3280 laudat,
3614 3226 3658 3268 et
3689 3219 3779 3270 hoc

2194 3292 2476 3346 conducere
2516 3293 2817 3357 arbitratur,
2851 3292 2988 3360 quod
3021 3289 3108 3344 ille
3140 3300 3225 3342 aut
3255 3289 3363 3354 fieri
3387 3289 3563 3355 jussit,
3605 3301 3692 3340 aut
3725 3305 3782 3340 nc

2194 3363 2335 3429 fieret
2384 3379 2483 3415 non
2544 3363 2822 3430 prohibuit.
2865 3359 3172 3428 ’Ine/fabilis
3231 3375 3445 3428 namque
3489 3369 3560 3412 cst
3603 3361 3781 3412 dicina:

2200 3433 2539 3486 Providentia:
2567 3435 2719 3486 ratio.
2758 3433 2914 3485 Hunc
2941 3449 3040 3484 una
3066 3448 3178 3484 cum
3212 3447 3369 3483 urere
3400 3447 3461 3482 ac
3491 3431 3616 3497 filiis
3645 3447 3781 3500 pere-

2193 3504 2480 3575 grinantem
2518 3503 2895 3556 Abrahamitira
2944 3503 3281 3575 benevolentia
3325 3518 3374 3575 ea
3389 3501 3544 3575 cipiat
3584 3502 3781 3575 magni-

2195 3573 2400 3641 Iicentia
2440 3585 2546 3628 tua.
2602 3575 2676 3628 De
2719 3575 2879 3626 animi
2911 3574 3044 3628 enim
3077 3573 3150 3626 tui
3179 3573 3529 3638 magnitudine
3558 3573 3782 3638 confisus

2194 3646 2415 3715 hospites
2453 3647 2574 3700 istos
2602 3645 2874 3699 introdueo
2897 3686 2912 3710 ,
2955 3655 3000 3697 tt
3046 3645 3303 3697 liberalem
3343 3642 3608 3703 dexteram
3646 3653 3782 3695 tamn

2195 3717 2424 3772 ostendo.
3792 3739 3794 3759 ί

2267 3789 2318 3842 5.
2366 3789 2590 3841 Exstant
2621 3787 2771 3856 apud
2800 3786 3047 3842 eumdem
3089 3784 3469 3856 'l‘hcodoritum
3504 3783 3620 3837 vari
3643 3785 3783 3856 elit-

2198 3868 2327 3912 tcrzn
2355 3859 2420 3912 ad
2448 3854 2728 3927 episcopos
2760 3858 3077 3919 nonnullos,
3110 3858 3353 3927 aliosque
3397 3854 3540 3927 viros
3575 3855 3783 3910 nobiles

2196 3929 2332 4000 datm
2357 3931 2422 3982 de
2444 3924 2995 4000 eodemiargumento,
3022 3929 3074 3982 in
3097 3924 3289 3998 quibus
3309 3924 3782 4000 _laudn_t_sumn_tam

2195 3999 2497 4056 leestiaci
2541 4001 2591 4053 in
2639 3995 3158 4055 ltis'calamitatihus
3204 3995 3536 4066 perferendis
3579 3997 3784 4066 patien-

2197 4072 2346 4125 tiam.
2376 4068 2736 4138 Paupertatem
2759 4082 2948 4132 autem,
2976 4069 3147 4139 inquit
3173 4065 3396 4138 epistola
3427 4065 3494 4120 54
3520 4065 3591 4118 ad
3617 4067 3785 4122 Patri-

2195 4143 2334 4196 cium
2362 4144 2611 4195 comitem
2629 4182 2643 4205 ,
2677 4142 2828 4210 facile
2862 4144 2931 4194 ita
2957 4144 3074 4209 fert,
3109 4141 3359 4210 quomodo
3381 4139 3532 4206 pauci
3557 4139 3783 4192 divitias.

2201 4212 2373 4282 Utitur
2399 4213 2560 4264 etiam
2592 4211 2689 4268 hac
2719 4213 3000 4266 occasione
3039 4212 3308 4282 piissimus
3345 4211 3568 4262 anti>les
3609 4218 3668 4263 ut
3704 4224 3785 4263 re-

2197 4297 2312 4336 rum
2360 4281 2710 4335 humanarum
2746 4281 3079 4349 fragilitatem
3116 4283 3186 4334 ob
3225 4282 3408 4336 oculos
3437 4290 3664 4346 prinerct
3698 4296 3786 4334 eo.

2198 4368 2313 4406 rum
2342 4352 2407 4404 ad
2438 4367 2571 4420 quos
2602 4353 2887 4408 scribebat.
2918 4354 3006 4406 Szc
3029 4353 3093 4406 ad
3123 4352 3410 4408 Stasimum
3439 4353 3694 4405 comitem
3729 4360 3780 4405 ct

2199 4424 2480 4498 primatem
2518 4425 2999 4498 loquitur-epistola
3030 4425 3100 4498 5.3
3144 4439 3158 4476 :
3188 4422 3417 4498 Expone
3454 4422 3787 4498 magni/ieeu-

2201 4494 2283 4544 tire
2324 4502 2428 4545 taw
2468 4493 2686 4564 patriam
2723 4493 2802 4546 illi
2843 4495 3202 4564 (leestiaco)
3244 4509 3348 4547 esse
3387 4493 3620 4545 omnibus
3665 4493 3785 4544 «lim

2199 4564 2517 4616 decantatam
2579 4563 3128 4632 Libgam,'ciz-itotem
3185 4582 3299 4618 rero
3358 4565 3786 4627 spectatissimum

2198 4633 2578 4704 Carthaginem,
2604 4637 2788 4688 tribum
2819 4645 2864 4688 et
2895 4635 3145 4707 familiam
3184 4632 3236 4688 in
3267 4641 3443 4689 senatu
3474 4634 3785 4696 clarissimo,

2200 4714 2306 4775 tum
2342 4722 2459 4774 apes
2480 4721 2716 4775 magnas,
2751 4715 2796 4757 et
2825 4722 2983 4771 supra
3016 4723 3169 4775 quam
3201 4722 3326 4771 Opus
3356 4711 3462 4775 erat
3489 4708 3784 4775 afﬂuentes.

2206 4774 2393 4829 Verum
2423 4777 2529 4830 [nec
2559 4774 2727 4829 Omnia
2751 4776 2925 4842 fabula
2963 4774 3094 4830 nunc
3123 4787 3260 4836 sunt,
3293 4786 3336 4828 et
3371 4774 3789 4830 rebusdrstituta

2199 4847 2542 4900 narratio.....
2578 4845 2721 4900 Talis
2747 4849 2985 4901 nimirum
3023 4859 3093 4900 est
3125 4848 3384 4900 hominum
3416 4846 3450 4910 fi
3467 4846 3502 4899 li
3537 4850 3658 4909 itas,
3683 4857 3787 4899 t-tc.

2201 4917 2400 4970 Eadem
2435 4919 2601 4973 ferme
2636 4921 2828 4988 repetit
2860 4919 2911 4971 in
2945 4921 3166 4987 epistula
3195 4917 3262 4972 ΞΟ
3291 4918 3354 4969 ad
3385 4921 3567 4975 Αιὶιιιιι
3593 4918 3790 4985 Sophi-

2200 4998 2370 5049 stam.
2401 4999 2455 5042 et
2492 4990 2543 5042 in
2584 4990 2807 5058 ep¥smla
2849 4990 2917 5041 52
2945 4989 3010 5043 ad
3041 4988 3372 5042 Theotisunn
3418 4993 3638 5046 Btrl)8.l,'
3678 4990 3792 5054 ep“:-

2202 5073 2444 5130 sﬁcopum.
2484 5059 2589 5115 Sed
2623 5061 2994 5115 observatione
3021 5058 3178 5128 digna
3207 5070 3330 5112 sunt
3357 5078 3473 5130 qua:
3504 5060 3571 5113 de
3596 5059 3790 5110 emhm

2203 5129 2518 5184 Cmicstiaco
2557 5131 2742 5184 scribit
2768 5131 2832 5182 ad
2867 5131 3127 5184 Dortmnm
3163 5129 3550 5187 Antiochenam
3579 5131 3792 5195 episca-

2203 5214 2347 5268 pntn,
2379 5203 2604 5270 epistola
2632 5201 2720 5254 51.
2753 5199 3206 5264 Prtrstantissimo,
3245 5202 3431 5269 ἰιιιιιιίι,
3465 5213 3512 5254 et
3551 5201 3794 5270 inagnift-

2202 5268 2487 5323 centissimo
2518 5271 2811 5325 leestiaco
2857 5273 3024 5336 patria
3055 5273 3254 5338 quidem
3301 5268 3623 5327 c.l.:bcrri:ua
3668 5268 3794 5322 Car-

2207 5342 2389 5412 thago,
2419 5358 2576 5412 genus
2611 5344 2724 5395 vero
2758 5341 2892 5410 quod
2913 5343 3002 5394 illa
3039 5343 3135 5409 fuit
3155 5345 3450 5410 spectabile.
3478 5345 3539 5395 At
3570 5356 3709 5393 ιιταιισ
3737 5355 3795 5392 at

2205 5427 2264 5465 ea
2287 5413 2462 5480 pulsus
2489 5430 2540 5466 es
2554 5422 2686 5466 teras
2721 5430 2836 5466 oras
2859 5424 3126 5481 peragrat,
3153 5423 3199 5466 et
3235 5413 3330 5466 Dei
3365 5415 3648 5467 amantium
3688 5429 3795 5462 ina.

2204 5498 2329 5535 nam
2366 5484 2729 5552 circumspicit.
2776 5482 2941 5536 Habet
2982 5494 3223 5551 pra’tcren
3261 5501 3390 5538 onus
3424 5483 3795 5543 necessarium,

2204 5555 2339 5622 quod
2361 5553 2439 5607 illi
2460 5570 2608 5608 curas
2630 5564 2778 5626 auget
2796 5597 2808 5620 ,
2839 5570 3050 5607 uxorem
3076 5555 3283 5626 eti/ilio}
3309 5567 3355 5610 et
3382 5556 3622 5626 famulos,
3665 5568 3798 5626 quo-

2203 5639 2318 5676 rum
2343 5639 2499 5697 causa
2529 5624 2757 5695 pluribus
2789 5635 2896 5697 eget
2923 5625 3202 5697 impensis-
3226 5625 3338 5696 Ego
3361 5624 3475 5680 vero
3509 5624 3653 5697 illius
3686 5624 3799 5697 ani-

2204 5710 2344 5747 mum
2380 5694 2663 5749 admiratus
2701 5694 2832 5748 sum;
2869 5696 2958 5751 Sic
3000 5696 3132 5750 enim
3170 5694 3316 5762 quasi
3352 5695 3577 5751 secundis
3635 5694 3799 5745 vetitis

2204 5767 2438 5838 ferretur,
2472 5767 2862 5838 gubernatorem
2899 5767 3097 5830 laudat,
3134 5775 3182 5820 et
3217 5784 3420 5836 gravem
3447 5774 3799 5838 tempestatem

2137 5887 2158 5912 ﬁ.
2203 5834 2352 5892 nihili
2389 5834 2543 5908 217
2580 5837 2720 5907 facit.
2753 5834 3001 5892 Pietatem
3035 5834 3252 5907 namque
3279 5854 3342 5894 ea:
3377 5835 3672 5891 calamitate
3709 5851 3798 5889 sua
