4078 6348
356 386 457 440 377

650 458 660 466 .
710 375 1039 437 RUINARTI
1079 378 1141 433 IN
1180 375 1552 433 HISTORIAM
1591 373 1876 431 PERSEC.
1918 372 2215 430 VANDAL.
2256 375 2801 434 COMMENTARIUS
2842 372 3264 435 IIISTORICUS.

3516 378 3621 436 378

355 502 694 572 tuc’ritusfst,
715 491 1312 572 felicissimamque_tmnc
1333 490 1411 544 illi
1430 493 1661 572 fructum.
1674 488 1948 572 infelicitas
1976 486 2030 547 A
2054 490 2160 544 Nos
2185 507 2313 572 vero
2344 493 2460 560 ejus
2490 492 2939 572 passionisﬁgesta
2958 490 3271 572 integrae;
3299 490 3481 547 codice
3510 508 3623 572 ma-

354 568 543 621 attulit.
572 559 852 619 Nant'dum
880 559 1122 629 prospera
1145 568 1351 629 fortuna
1374 570 1617 622 uteretur,
1641 559 1943 629 Itnjttsmodi

353 653 603 691 sermones
644 652 747 688 non
783 636 1077 687 admittebat
1122 647 1139 684 :
1178 632 1270 684 illa
1306 647 1418 684 vero
1459 630 1705 701 spoliatus
1729 670 1743 692 .
1787 629 1941 684 simul

352 709 535 779 nbjecit
580 706 910 779 impietatem,
953 714 1002 779 et
1042 703 1243 779 pietatis
1281 702 1480 754 diritias
1520 702 1938 779 nunc_poseide_t,

420 772 567 831 arum
589 772 755 847 gratia
777 775 1125 829 adversilatent
1145 774 1294 847 istam
1321 772 1611 847 contemnit.
1638 772 1761 847 Ilaec
1784 772 1942 847 paulo

377 851 519 903 usius
548 842 753 902 referre
778 847 949 898 visum
978 854 1081 908 est,
1105 853 1161 897 ut
1186 842 1379 897 exinde
1410 852 1585 911 pateat
1609 843 1940 896 calamitates

348 929 404 974 et
435 922 555 973 vita:
596 919 755 985 hujus
784 916 1026 970 miserias
1057 924 1113 967 ut
1158 914 1439 985 plurimum
1466 911 1577 985 illis
1608 927 1726 968 esse
1754 927 1940 985 perne-

349 990 610 1045 cessarias
633 984 722 1057 qui
749 988 902 1040 saluti
929 1001 1043 1057 suae
1081 984 1361 1039 consulere
1392 984 1577 1057 volunt
1600 1023 1615 1046 ,
1656 998 1775 1057 cum
1806 984 1939 1037 alias

347 1061 551 1113 divitiis
580 1069 635 1113 et
653 1052 953 1111 honoribus
974 1056 1311 1110 afﬂuentibus
1333 1069 1399 1109 ne
1427 1054 1493 1109 de
1519 1070 1581 1108 ea
1607 1052 1818 1122 quidem
1841 1069 1935 1109 co-

348 1130 525 1201 gitare
561 1130 612 1201 in
648 1137 879 1201 mentem
912 1127 1108 1181 veniat.

420 1206 473 1254 t3.
505 1199 611 1254 Sed
630 1210 681 1253 et
708 1198 844 1252 alios
873 1213 1083 1267 quoque
1112 1196 1388 1251 Africanos
1417 1196 1559 1250 cives
1588 1211 1621 1267 e
1652 1195 1818 1267 patria
1842 1211 1934 1250 ex-

348 1280 548 1335 torres,
583 1270 775 1324 litteris
804 1267 916 1322 suis
945 1265 1323 1321 commendare
1351 1268 1558 1320 curavit
1583 1266 1721 1319 idem
1755 1265 1933 1320 Theo-

345 1343 575 1397 doritus.
630 1341 821 1394 Exstat
857 1356 923 1392 ex
971 1340 1035 1393 iis
1062 1354 1163 1392 una
1184 1379 1197 1401 ,
1252 1352 1472 1390 numero
1501 1336 1708 1391 scilicet
1733 1338 1802 1389 52
1826 1376 1840 1400 ,
1867 1336 1933 1390 ad

346 1411 497 1464 Itmm
524 1410 739 1464 Edessa:
759 1410 1092 1477 episcopum,
1112 1411 1315 1462 sicutet
1344 1423 1573 1476 sequi-ns
1596 1410 1660 1460 ad
1695 1408 1936 1475 Sophro-

346 1483 496 1536 nium
537 1482 845 1551 episcopum
864 1479 1267 1551 Constantium,
1302 1479 1353 1531 in
1386 1478 1577 1545 quibus
1621 1480 1931 1551 episcopum

343 1549 633 1620 quemdam
685 1549 751 1603 ex
806 1550 982 1604 Africa
1040 1551 1109 1605 ob
1161 1550 1505 1603 barbarorum
1559 1549 1930 1603 crudelitatem

345 1624 678 1692 profugum,
712 1621 926 1674 nomine
974 1620 1533 1692 Cyprianum,»eorum
1574 1620 1749 1692 pietati
1788 1634 1931 1692 com-

344 1689 531 1747 inittitl
580 1691 686 1745 Sed
744 1691 828 1745 hic
870 1689 1117 1746 omittere
1171 1705 1276 1744 non
1325 1690 1453 1743 licet
1501 1691 1639 1753 quod
1689 1689 1929 1759 ejusdem

342 1763 613 1818 Africana:
641 1763 1025 1830 persecutionis
1064 1763 1345 1815 occasione
1374 1760 1557 1814 scribit
1585 1760 1723 1830 idem
1754 1760 1928 1815 Theo-

2048 563 2343 629 nuscripto,
2394 579 2551 630 quem
2599 578 2718 617 cum
2753 562 3097 616 Bollandiana
3125 562 3361 617 editione
3393 563 3623 618 contuli-

2047 650 2186 702 mus,
2216 635 2380 701 nacti,
2406 650 2465 687 ea
2497 648 2676 702 opera:
2706 636 2933 701 pretium
2958 634 3208 688 duximus
3232 633 3317 687 hic
3344 634 3619 692 exhibere.

2045 694 2298 773 Quamvis
2342 694 2483 757 enim
2527 694 2629 757 non
2662 694 2729 757 ab
2777 705 2841 758 iis
2870 705 3066 772 scripta
3097 705 3293 759 fuerint
3325 705 3412 767 qui
3460 707 3623 763 rebus

2042 777 2205 845 gestis
2248 785 2537 841 prmsentes
2567 774 2818 839 adfuere,
2847 790 2951 827 non
2984 785 3157 830 tamen
3202 775 3267 845 iis
3306 774 3619 844 deneganda

2042 844 2261 900 otnniuo
2291 845 2423 899 ﬁdes
2453 845 2539 915 qui
2572 860 2656 898 res
2688 854 2843 910 prout
2873 860 2963 898 eas
2984 861 3011 898 a
3058 844 3296 911 patribus
3320 846 3431 900 suis
3461 861 3619 903 acce-

2043 926 2260 985 perant.
2297 916 2497 982 absque
2530 915 2648 969 ullis
2690 917 2958 969 ﬁctionum
2990 917 3364 970 additamentis
3395 919 3620 985 posteri-

2042 990 2132 1042 tati
2167 986 2422 1041 mandare
2451 995 2780 1051 sategerunt.
2815 986 2920 1039 Nec
2939 1002 3256 1056 quemquam
3287 1002 3504 1043 movere
3522 989 3619 1043 de-

2042 1058 2129 1113 bet
2158 1058 2297 1126 quod
2335 1058 2385 1110 in
2419 1057 2501 1110 his
2521 1057 2653 1109 Julia
2682 1072 2710 1109 a
2744 1057 2960 1124 paganis
2991 1058 3211 1111 deorum
3235 1056 3494 1111 sacriﬁcia
3525 1074 3618 1114 cu-

2040 1130 2281 1182 rantibus
2310 1141 2461 1194 passa
2493 1128 2718 1181 dicatur.
2764 1127 2877 1179 Non
2910 1129 3050 1180 enim
3087 1128 3221 1182 adeo
3241 1135 3398 1182 erant
3421 1132 3617 1183 exstir-

2041 1201 2144 1266 pati
2174 1209 2297 1252 tunc
2318 1204 2571 1265 temporis
2591 1198 2843 1266 gentiles,
2876 1206 2931 1250 ut
2964 1198 3012 1251 in
3044 1198 3173 1251 locis
3198 1199 3388 1251 Saltem
3416 1199 3617 1256 dissitis

2037 1270 2298 1323 sacriﬁcia
2316 1278 2569 1322 consueta
2596 1268 2749 1335 plane
2766 1271 3064 1322 omiserint.
3097 1269 3161 1323 Et
3181 1268 3391 1337 quidem
3420 1271 3615 1324 smequ

2037 1341 2279 1406 sequenti
2310 1349 2525 1393 sanctus
2555 1347 2704 1407 pater
2736 1338 3073 1404 Benedictus,
3100 1346 3387 1393 attestante
3413 1338 3614 1409 Grego-

2038 1411 2117 1479 rio
2148 1410 2334 1477 Magno
2359 1410 2493 1462 libro
2513 1426 2546 1462 ιι
2573 1410 3068 1478 Dialogorum,cap.
3098 1410 3150 1470 8,
3176 1409 3418 1464 ethnicos
3446 1425 3613 1479 prope

2034 1478 2287 1534 Casinum
2325 1488 2558 1534 montem
2590 1480 2931 1533 demorantes
2961 1481 3025 1532 ad
3055 1478 3214 1533 ﬁdem
3245 1479 3485 1542 adduxit,
3514 1478 3609 1535 eo-

2034 1550 2554 1619 rumquedelubrum
2580 1551 2811 1618 Apollini
2842 1564 3073 1611 sacrum,
3100 1551 3395 1617 silvamque
3425 1566 3611 1607 eorum

2033 1622 2397 1688 superstitioni
2444 1622 2695 1681 dicatam,
2742 1635 2858 1683 qua:
2879 1622 3054 1674 adhuc
3087 1628 3427 1690 supererant.
3460 1622 3613 1688 plane

2032 1694 2226 1746 evertit
2265 1707 2326 1745 ac
2370 1692 2650 1745 destruxit.
2681 1691 2815 1756 Quin
2847 1700 2901 1745 et
2939 1690 3108 1761 Cyrus
3131 1732 3147 1756 ,
3182 1691 3343 1745 homo
3373 1691 3609 1758 gentilis,

2031 1775 2099 1814 eo
2131 1762 2248 1831 ipso
2299 1773 2535 1828 tempore
2581 1777 2686 1830 quo
2713 1761 3086 1827 Carthaginem
3132 1763 3441 1816 invaserunt
3471 1762 3612 1817 Van-

342 1834 553 1914 doritus
602 1829 827 1914 epistola
878 1832 984 1914 :70,
1153 1830 1483 1914 Eustathium
1535 1829 1788 1911 {Egaruin
1834 1847 1929 1914 an:
1961 1829 2392 1914 Bdaliggprimas
2418 1829 2639 1914 Romani
2667 1832 2873 1914 imperii
2895 1832 3179 1914 dignitates
3200 1832 3607 1914 obtinebat_,qui

342 1905 591 1971 tistitem,
621 1900 720 1973 pro
752 1901 924 1955 Maria
946 1902 1109 1956 nobili
1155 1902 1351 1973 puella,
1401 1917 1521 1973 qua:
1556 1900 1609 1973 in
1656 1903 1927 1955 communi

343 1976 535 2043 patria:
581 1971 736 2028 clade
782 1975 833 2026 in
873 1988 1082 2027 servam
1138 1971 1378 2035 vendita,
1425 1972 1475 2025 in
1496 1972 1711 2043 Syriam
1762 1988 1928 2039 usque

341 2041 687 2115 pervenerat.
734 2046 838 2097 Ites
884 2052 967 2098 est
1002 2044 1169 2112 ipsius
1220 2042 1396 2115 veghis
1435 2041 1773 2115 exponenda,
1806 2058 1925 2111 qua:

340 2112 791 2183 interpretatione
836 2129 941 2168 non
993 2115 1249 2182 indigent.
1287 2112 1557 2183 Tragoedia
1587 2113 1799 2182 dignum
1851 2123 1925 2166 est

339 2181 586 2257 quod—de
613 2184 778 2239 Maria
810 2183 1140 2257 nobilissima
1183 2181 1442 2257 narratur.
1500 2181 1627 2257 Illuc
1649 2181 1793 2234 enim
1815 2226 1829 2247 ,
1872 2194 1926 2257 ut

339 2254 459 2323 ipsa
480 2257 656 2325 refert,
694 2266 739 2309 et
768 2254 858 2308 alii
880 2256 1088 2323 quidam
1120 2256 1289 2307 testati
1316 2262 1430 2305 sunt
1452 2298 1465 2321 ,
1501 2254 1609 2325 ﬁlia
1632 2262 1705 2325 est
1728 2255 1951 2323 magni-,

342 2323 664 2396 ﬁcantissimi
710 2326 1070 2386 Eudwmonis,
1117 2326 1205 2378 sed
1256 2325 1311 2376 in
1334 2325 1427 2376 illa
1476 2323 1766 2396 calamitate
1796 2340 1926 2396 ante

338 2395 573 2468 Africam
594 2398 794 2468 invasit,
827 2398 1013 2450 avitam
1041 2396 1319 2449 libertatem
1341 2395 1534 2468 (inrisit,
1560 2404 1623 2468 et_
1636 2395 1924 2461 mancipata

338 2464 418 2522 est
439 2469 683 2523 servituti.
718 2466 1026 2521 Mercatores
1054 2480 1169 2519 vero
1195 2482 1306 2517 eam
1345 2481 1378 2516 a
1426 2464 1650 2517 barbaris
1701 2475 1921 2535 emptam

339 2540 682 2608 popularibus
721 2537 1022 2608 quibusdam
1068 2536 1255 2590 nostris
1284 2534 1657 2608 iventliderunt.
1714 2534 1923 2608 Vendat:

339 2605 498 2679 porro
526 2618 600 2662 est
640 2605 741 2679 una
770 2625 886 2661 cum
913 2610 1028 2677 ipsa
1062 2617 1108 2661 et
1154 2607 1361 2679 puella,
1389 2605 1547 2675 ipsius
1577 2606 1696 2658 olim
1727 2606 1922 2673 famula

339 2676 643 2733 domestica.
672 2677 854 2750 Itaque
875 2676 1110 2750 acerbum
1125 2676 1389 2750 servitutis
1409 2679 1594 2750 iugum
1628 2678 1813 2750 pariter
1828 2678 1924 2730 du-

337 2750 521 2803 cebant
554 2751 746 2803 ancilla
768 2746 818 2802 et
848 2749 1078 2803 domina.
1110 2746 1363 2803 Craterum
1388 2746 1653 2800 discrimen
1684 2746 1923 2814 ignorare

338 2820 539 2892 famula
558 2822 742 2884 noluit,
769 2836 857 2873 nec
870 2820 1028 2892 oblita
1053 2829 1124 2872 est
1156 2817 1795 2892 pristina:dominationis,
1831 2820 1921 2871 sed

339 2888 739 2945 benevolentiam
768 2892 821 2943 in
841 2890 1132 2943 calamitate
1159 2888 1421 2942 reservavit
1443 2928 1457 2948 ,
1482 2898 1527 2941 ct
1555 2897 1666 2956 post
1696 2904 1921 2942 comnm-

336 2961 486 3015 nium
536 2962 862 3015 dominorunt
905 2962 1251 3032 famulatum,
1281 2957 1629 3032 [ansulabatur
1667 2958 1813 3012 etiam
1841 2960 1919 3013 illi

337 3047 456 3101 qua:
480 3047 723 3086 conserva
750 3029 1055 3102 putabatur,
1079 3031 1233 3099 pedes
1263 3029 1505 3090 abluens,
1528 3032 1767 3102 lectulum
1787 3039 1918 3083 ster-

337 3099 466 3156 nens
484 3144 499 3167 ,
526 3113 575 3157 et
603 3099 800 3170 reliqua
827 3103 1057 3155 similiter
1083 3102 1245 3171 οθὶεἱα
1272 3116 1567 3166 procurans.
1597 3099 1697 3152 lies
1725 3102 1794 3153 ad
1822 3117 1921 3155 em-

337 3185 547 3243 ptorum
579 3174 811 3227 notitiam
837 3174 1059 3243 pervenit
1091 3188 1108 3226 :
1139 3171 1258 3224 inde
1280 3172 1487 3243 vulgata
1505 3186 1594 3238 per
1620 3171 1787 3243 urbem
1816 3171 1915 3225 liu-

2034 1912 2088 1955 et
2114 1906 2282 1959 altero
2328 1912 2447 1971 post
2485 1912 2693 1969 captam
2740 1905 2875 1957 hanc
2917 1904 3101 1955 urbem
3139 1918 3279 1957 anno
3309 1905 3492 1957 consul
3524 1918 3611 1959 re-

2034 1975 2307 2028 nuntiatus
2338 1976 2450 2027 fuit.
2485 1974 2598 2027 Non
2642 1973 2865 2026 multum
2900 1984 3080 2041 postea
3114 1973 3501 2034 bIarchliatitts.
3553 1982 3611 2030 et

2032 2043 2144 2110 ipse
2171 2047 2414 2099 ethnicus
2440 2086 2451 2103 .
2486 2044 2590 2097 dux
2624 2044 2845 2097 Romani
2886 2045 3154 2097 exercitus
3181 2044 3438 2098 adversus
3464 2043 3607 2098 Gen-

2030 2116 2258 2169 sericnm
2287 2131 2408 2169 cum
2452 2115 2767 2168 Ileracliano
2816 2114 3137 2168 constitutus
3166 2113 3263 2167 fuit
3302 2114 3401 2167 sub
3431 2114 3610 2169 Leone

2032 2184 2372 2249 imperatore.
2395 2186 2500 2239 Sed
2524 2183 2647 2250 quid
2679 2194 2896 2237 externa
2925 2200 3166 2252 quaerere
3194 2185 3435 2249 exemi-la
3469 2201 3608 2253 opus

2029 2256 2144 2308 est?
2171 2271 2290 2309 eum
2314 2272 2378 2307 ex
2409 2266 2591 2308 sancto
2620 2253 2875 2321 Gregorio
2897 2262 3110 2307 constet
3130 2254 3305 2307 adhuc
3347 2269 3445 2307 suo
3469 2264 3607 2309 tem-

2041 2340 2168 2391 pore
2196 2327 2422 2393 gentiles
2454 2326 2711 2391 plurimos
2751 2324 2917 2378 fuisse
2949 2326 2997 2377 in
3039 2325 3255 2379 Corsica
3288 2324 3489 2389 insula,
3517 2327 3607 2381 ubi

2029 2397 2141 2463 ipsa
2171 2396 2306 2450 Julia
2344 2410 2500 2466 passa
2530 2395 2742 2448 dicitur.
2790 2396 2835 2448 Is
2871 2394 3012 2449 enim
3062 2395 3152 2448 lib.
3190 2411 3292 2460 vn,
3327 2395 3511 2448 indict.
3549 2395 3602 2456 I,

2025 2466 2245 2533 epistola
2274 2467 2307 2519 2
2331 2509 2345 2530 ,
2383 2467 2539 2520 Petro
2582 2466 2814 2520 Corsica:
2843 2468 3093 2532 cpiscOpo
3120 2468 3415 2533 gratulatur
3461 2466 3605 2532 quod

2026 2538 2300 2602 gentilium
2325 2537 2659 2591 conversioni
2698 2537 3044 2603 procuranda:
3070 2534 3299 2590 sotlicite
3334 2535 3606 2589 incumbe-

2026 2617 2144 2671 ret,
2172 2624 2396 2677 quorum
2447 2608 2641 2661 multos
2670 2608 2785 2674 ejus
2829 2621 3015 2677 Operai
3035 2608 3103 2659 ab
3153 2606 3415 2660 idolorum
3460 2607 3605 2677 cultu

2021 2678 2130 2745 jain
2162 2676 2439 2733 revocatos
2482 2678 2645 2733 fuisse
2701 2686 2947 2732 testatur.
2995 2676 3163 2731 Porro
3210 2685 3409 2730 saneta:
3452 2676 3607 2731 Julia:

2028 2749 2244 2811 virginis
2266 2758 2319 2803 et
2345 2749 2594 2818 martyris
2619 2750 2874 2802 memoria
2896 2747 3124 2811 celebris
3153 2756 3237 2802 est
3266 2748 3607 2818 inmartyro-

2026 2819 2180 2886 logiis
2209 2828 2317 2873 tum
2346 2817 2578 2886 antiquis
2624 2827 2731 2872 tum
2767 2819 3155 2874 recentioribus
3179 2857 3195 2882 ,
3236 2833 3353 2885 qua:
3382 2817 3498 2886 ejus
3525 2818 3604 2872 fc-

2024 2898 2165 2941 stum
2192 2890 2331 2943 diem
2363 2890 2433 2942 22
2465 2890 2585 2944 Maii
2612 2890 2874 2944 recolunt.
2921 2889 3030 2941 Hac
3063 2888 3188 2942 item
3220 2887 3307 2941 die
3338 2903 3605 2942 memora-

2034 2968 2119 3040 tur
2141 2976 2169 3013 a
2198 2960 2448 3040 Fet-rario
2466 2961 2516 3013 in
2534 2960 2787 3040 Catalogo
2814 2958 3047 3040 generali
3078 2958 3394 3040 Sanctorum
3412 2956 3600 3040 Italiae,

2025 3030 2113 3083 ubi
2160 3032 2235 3085 ait
2264 3030 2457 3084 Juliam
2514 3030 2652 3099 apud
2705 3026 3037 3099 Bonifacium
3079 3027 3306 3082 Corsicae
3342 3026 3603 3099 quppidutn

2024 3101 2188 3155 fuisse
2236 3102 2489 3157 occisam.
2519 3097 2738 3156 Sacrum
2768 3115 2897 3154 vero
2925 3097 3090 3167 ipsius
3115 3112 3308 3167 corpus
3339 3098 3391 3152 in
3432 3098 3603 3152 insula

2026 3171 2275 3237 Gorgona
2307 3172 2563 3226 remansit
2585 3186 2752 3240 usque
2781 3170 2845 3225 ad
2872 3185 3071 3240 annum
3100 3169 3234 3234 763,
3267 3184 3370 3237 quo
3398 3184 3426 3221 a
3451 3168 3601 3222 Desi-

336 3227 423 3312 ius
448 3244 688 3303 libertos,
730 3253 775 3296 et
806 3227 1027 3311 probitas
1054 3242 1276 3296 ancillw.
1310 3227 1437 3307 Qua:
1465 3227 1581 3294 cum
1617 3242 1912 3296 didicissent
1941 3227 1987 3290 C
2019 3227 2170 3295 ἀοι·Ῑὸ
2218 3227 2687 3311 Langobardorum
2724 3257 2848 3309 rege
2890 3239 3121 3312 Brixiatn
3166 3227 3477 3312 translatum
3500 3246 3602 3302 est,

335 3315 425 3385 qui
459 3315 605 3384 apud
644 3330 737 3368 nos
759 3315 945 3385 degunt
973 3313 1155 3385 milites
1179 3312 1618 3385 ﬁdelissitni_,ego
1644 3313 1775 3364 enim
1798 3325 1916 3385 tunc

337 3382 546 3438 aberam
574 3426 589 3448 ,
618 3386 784 3453 pretio
820 3382 1128 3455 emptoribus
1166 3383 1392 3455 restituto
1416 3423 1429 3447 ,
1452 3382 1593 3436 illam
1623 3400 1655 3435 a
1680 3384 1914 3455 servitute

336 3456 706 3526 vindicarunt._
727 3455 836 3526 Ego
857 3453 979 3526 ivero
1017 3462 1129 3524 post
1164 3453 1383 3506 reditum
1408 3494 1422 3517 ,
1457 3462 1502 3507 et
1528 3455 1589 3506 de
1609 3454 1913 3526 calamitatis

335 3541 485 3589 casu,
516 3537 568 3578 et
596 3527 661 3578 de
689 3524 937 3579 laudabili
966 3528 1183 3579 militum
1199 3526 1370 3576 studio
1391 3526 1572 3577 certior
1597 3529 1784 3592 factus.
1806 3525 1912 3579 illis

332 3598 539 3665 quidem
555 3600 729 3666 fausta
745 3607 979 3665 precatus
1001 3612 1113 3650 sum
1130 3595 1526 3666 mobilissimum
1546 3611 1661 3666 uero
1687 3595 1913 3663 puellam

332 3664 563 3720 cuidam
597 3683 625 3720 e
666 3664 1060 3737 religiosissimis
1106 3665 1333 3737 diaconis
1368 3664 1628 3735 [Al.cdit.
1672 3667 1914 3735 piissima:

334 3738 547 3791 cuidam
569 3735 889 3805 diaconissw‘]
924 3735 1300 3802 commendari,
1329 3751 1372 3789 et
1395 3752 1649 3788 annonam
1678 3738 1756 3789 illi
1780 3738 1915 3805 a/fa-

334 3809 426 3862 tim
446 3808 839 3877 prttberijussi.
860 3805 978 3860 Jnm
998 3812 1166 3862 decem
1193 3805 1353 3876 elapsi
1374 3822 1563 3859 menses
1593 3818 1733 3859 erant
1751 3847 1766 3871 ,
1798 3824 1912 3860 cum

335 3886 535 3946 patrem
574 3880 787 3931 audiens
827 3878 996 3931 adhuc
1036 3880 1214 3939 vivere,
1257 3878 1710 3945 nragistrntumque
1743 3894 1913 3945 gerere

333 3950 386 4001 in
420 3948 720 4013 Occidente,
753 3949 915 4002 redire
942 3950 1008 4001 ad
1035 3950 1201 4010 illum,
1237 3955 1291 4000 ut
1321 3962 1414 4014 par
1436 3958 1542 3999 erat
1565 3989 1578 4011 ,
1606 3949 1910 4013 concupivit.

333 4016 541 4071 Etcum
568 4020 876 4088 afﬁrmarent
908 4021 1141 4072 nonnulli
1170 4021 1236 4073 ad
1267 4014 1516 4069 nundinas
1539 4033 1651 4086 qua:
1670 4019 1807 4085 apud
1830 4035 1914 4072 ros

331 4105 469 4143 nunc
493 4100 719 4161 aguntur
749 4091 1030 4158 complures
1067 4090 1129 4161 ab
1163 4089 1436 4161 Occidente
1464 4096 1763 4161 mercatores
1796 4105 1911 4142 ven-

333 4158 823 4229 turos,'postulavit
862 4169 918 4213 ut
952 4177 1067 4213 cum
1100 4159 1280 4213 litteris
1322 4158 1445 4210 meis
1481 4159 1909 4225 proficisceretur.

332 4228 450 4283 Hac
474 4228 572 4299 ego
606 4232 669 4289 de
693 4247 846 4283 causa
870 4231 1135 4298 epistolam
1158 4230 1372 4297 scripsi,
1401 4229 1636 4296 pietatem
1663 4238 1799 4281 luant
1825 4230 1913 4281 ob-

330 4310 531 4353 testans
579 4312 631 4353 u:
667 4317 922 4370 generosa:
966 4302 1137 4370 stirpis
1178 4316 1349 4354 curam
1391 4306 1551 4365 gerat,
1578 4307 1641 4370 ret
1673 4300 1913 4368 religione

329 4372 557 4440 pra'dito
588 4369 813 4439 cuipiam
826 4371 1040 4441 jubeat,
1071 4382 1123 4423 ut
1150 4388 1264 4425 cum
1306 4369 1629 4441 naviculariis
1659 4378 1704 4421 et
1733 4371 1911 4439 guber-

327 4442 625 4501 natoribus.
652 4443 1107 4511 mercatoribusque
1121 4451 1261 4512 agat,
1296 4449 1339 4493 et
1362 4440 1477 4512 ﬁdis
1495 4455 1604 4491 eam
1634 4441 1693 4490 rit
1707 4441 1750 4492 is
1776 4458 1914 4494 com-

327 4513 543 4575 mittat,
575 4513 663 4583 qui
699 4514 835 4579 patri
871 4510 1131 4565 restituere
1159 4510 1373 4583 'queant.
1422 4510 1637 4583 Prorsus
1667 4513 1799 4563 enim
1833 4516 1911 4564 lu-

2021 3312 2106 3365 ubi
2134 3314 2183 3368 in
2209 3310 2534 3368 monasterio
2565 3312 2928 3376 Benedictino,
2958 3328 2985 3363 a
3016 3326 3074 3365 se
3098 3310 3258 3364 Ausa:
3286 3310 3464 3364 uxoris
3493 3323 3604 3363 sua:

2018 3386 2362 3439 suasionibus
2389 3384 2912 3453 magniﬁcentissime
2943 3389 3252 3453 constructo
3287 3397 3383 3453 pro
3408 3378 3604 3448 Angel-

2020 3454 2175 3523 berga
2207 3471 2391 3509 eorum
2425 3450 2525 3508 lilia
2557 3496 2569 3515 ,
2601 3455 2923 3510 collocatum
2954 3453 3090 3517 fuit,
3120 3452 3302 3519 ibiun
3347 3450 3605 3506 hactenus

2016 3540 2222 3580 summa
2252 3526 2429 3595 populi
2460 3526 2751 3581 devotione
2777 3526 3103 3580 celebratur.

2641 3658 2860 3709 PASSIO

2355 3779 2547 3813 SANC‘I'AS
2567 3777 2710 3813 ιυιιᾱι
2735 3775 2935 3811 νιιιϐιιιειε
2958 3778 3016 3811 E'l'
3034 3774 3266 3810 MARTYRIS

2060 3871 2166 3932 (Ex
2187 3869 2295 3920 cod.
2322 3883 2411 3920 ms.
2439 3865 3087 3990 arclrintoripateriillnfmigii
3113 3868 3165 3917 S.
3194 3863 3434 3917 Rettttttsis
3455 3881 3565 3918 cum

2646 3944 2687 3979 Cl
2712 3945 2726 3979 ι
2752 3964 2762 3978 .
2790 3943 2844 3979 co
2889 3967 2899 3976 .

2646 3943 2762 3979 οιιιι.
2790 3943 2899 3979 8οη.

2444 4034 2604 4103 219
2652 4047 2839 4087 INCIPIT
2884 4045 3168 4103 rnatocrs.

2089 4167 2129 4221 1.
2148 4166 2411 4235 Scriptum
2432 4175 2534 4229 est,
2552 4166 2739 4220 fratres
2754 4164 3017 4222 carissimi
3037 4182 3051 4217 :
3070 4163 3372 4218 Narrabuut
3392 4178 3455 4218 ea
3480 4164 3600 4221 ﬁliis

2016 4242 2148 4301 suis,
2182 4246 2235 4289 ιιι
2268 4245 2465 4305 ponant
2491 4238 2542 4289 in
2574 4238 2681 4291 Deo
2706 4252 2853 4304 spem
2878 4251 3051 4299 suam,
3074 4244 3129 4290 et
3158 4250 3261 4288 non
3278 4235 3597 4290 obliviscan-

2019 4318 2101 4362 tur
2140 4322 2470 4376 qu:rcunque
2513 4317 2767 4376 operatus
2807 4316 2890 4362 est
2946 4306 3085 4361 Deus
3137 4306 3188 4358 in
3239 4306 3436 4359 sanctis
3484 4308 3596 4362 suis

2017 4378 2208 4450 (I’sal.
2257 4394 2429 4431 Lxxvn
2458 4418 2473 4442 ,
2534 4379 2566 4450 ti
2624 4388 2669 4431 et
2714 4395 2818 4448 seq.
2844 4378 2887 4450 )A.
2942 4376 3053 4450 Illis
3102 4390 3330 4450 namque
3354 4378 3597 4450 diebus,

2018 4447 2417 4519 requirentibus
2465 4449 2619 4503 nobis
2676 4464 2703 4501 a
2767 4447 3290 4519 Senioribusqualis
3348 4447 3444 4501 fuit
3494 4448 3600 4502 vita

2018 4518 2216 4574 sancta:
2274 4519 2523 4589 martyris
2570 4519 2766 4583 Julize,
2824 4518 2907 4589 vel
2938 4518 3110 4589 iquud
3171 4527 3429 4589 tropteutn
3487 4519 3601 4584 ejus

325 4598 477 4636 crum
529 4581 708 4653 ingens
739 4584 968 4664 lreferent
993 4628 1006 4651 ,
1040 4583 1154 4664 qui.
1179 4581 1353 4664 filiam
1381 4582 1447 4664 a-rl
1491 4590 1689 4664 patrem
1720 4592 1917 4664 prater
1942 4604 1993 4664 Ι)
2022 4591 2283 4664 passionis
2326 4581 2615 4664 obtinuerit
2662 4581 2832 4664 palma
2883 4581 3088 4659 [nam
3132 4581 3401 4664 palmam]
3455 4581 3598 4664 tuar-

325 4670 471 4721 spem
502 4650 704 4706 omnem
729 4652 1003 4707 humanam
1031 4650 1377 4720 perduxerint.
1409 4650 1907 4708 Ilmc'fheodoritus

321 4725 391 4778 ad
433 4738 751 4791 episcopum
798 4723 1081 4793 IEgarnm,
1111 4738 1228 4792 qua:
1256 4724 1443 4777 civitas
1472 4722 1598 4793 olim
1637 4732 1752 4775 erat
1796 4724 1909 4791 epi-

321 4794 567 4861 scppalis
610 4794 766 4849 sedes
810 4792 911 4848 sub
940 4795 1301 4849 Anazarbensi
1337 4792 1704 4858 metrOpolita,
1737 4793 1789 4847 in
1817 4809 1911 4848 ex-

320 4873 503 4920 trema
521 4864 725 4919 Cilicia:
754 4877 930 4932 parte.
961 4866 1025 4918 ad
1055 4880 1214 4933 quam
1244 4864 1602 4933 negotiatores
1630 4880 1696 4917 es
1731 4864 1911 4919 diver-

321 4936 402 4991 sis
427 4934 584 4989 orbis
606 4936 839 5003 partibus
867 4936 1115 4990 Solebant
1144 4936 1446 4989 convenire.

395 5008 451 5060 7.
492 5005 626 5059 ltuit:
654 5021 784 5059 vero
808 5006 1043 5059 historia:
1071 5006 1229 5058 aliam
1259 5003 1499 5073 adiungit
1530 5004 1792 5058 Baronius
1813 5004 1908 5059 Ju-

319 5075 413 5131 lia:
452 5075 735 5144 cujusdam
774 5076 1023 5146 virginis,
1054 5091 1174 5144 qua:
1196 5091 1301 5130 non
1341 5077 1537 5139 solum,
1561 5075 1698 5129 sicut
1719 5074 1904 5146 Maria,

320 5156 448 5212 post
471 5155 683 5215 Captum
713 5161 744 5200 a
768 5144 1018 5201 Varidalis
1050 5148 1211 5216 218
1238 5146 1608 5213 Carthaginem
1634 5144 1834 5215 pariter
1856 5147 1911 5200 in

318 5216 540 5288 Syriam
568 5217 793 5288 abducta
821 5228 873 5271 et
895 5216 1107 5271 vendita
1130 5220 1247 5278 fuit,
1272 5216 1364 5270 sed
1393 5224 1649 5288 praeterea
1680 5216 1911 5271 servitu-

318 5286 434 5343 te'm
456 5330 475 5354 ,
507 5287 749 5355 aliasque
777 5288 1111 5341 calamitates
1147 5288 1383 5355 glorioso
1409 5286 1623 5340 tandem
1653 5288 1909 5357 martyrio

320 5358 647 5429 complevt,
670 5358 793 5411 Htec
815 5367 897 5429 est
923 5358 1060 5411 Julia
1088 5358 1235 5425 virgo
1255 5356 1479 5429 celebris
1503 5359 1654 5423 cuius
1682 5372 1909 5425 agonem

314 5429 468 5483 idem
498 5428 763 5482 Batonius
787 5444 850 5483 ex
877 5428 1077 5483 Adonis
1099 5428 1496 5497 martyrologio,
1532 5442 1626 5481 seu
1652 5428 1826 5495 potius
1853 5438 1910 5482 ut

314 5500 555 5567 ipsemet
598 5500 850 5553 observat
889 5500 943 5552 in
974 5498 1112 5551 notis
1150 5497 1215 5551 ad
1245 5497 1679 5567 Martyrologium
1712 5498 1911 5553 Roma-

312 5557 451 5625 num
479 5610 494 5630 .
540 5585 606 5624 ex
647 5569 851 5625 Adonis
893 5568 1186 5640 appendice
1229 5557 1432 5638 profe'rt
1457 5557 1750 5623 advanuum
1778 5569 1901 5624 440.

387 5720 417 5749 ει
443 5709 581 5766 Cod.
612 5708 844 5778 Remig.,
875 5707 1155 5763 inoccultus
1183 5715 1338 5760 tanta:
1361 5706 1600 5776 martyris
1630 5705 1897 5775 impenda-

307 5793 417 5838 tur.
446 5782 611 5837 Forte
627 5821 642 5847 ,
666 5780 841 5834 nullus
862 5779 1028 5833 cultus
1054 5790 1207 5831 tanta:
1228 5778 1439 5845 martyri
1454 5815 1469 5837 .
1494 5786 1600 5831 etc.

386 5854 589 5929 ἓϐαρο
643 5851 824 5918 Corso,
864 5847 1286 5920 promontorium
1338 5849 1390 5904 in
1439 5847 1672 5905 Corsicw
1719 5848 1907 5904 insula:

2020 4662 2163 4731 tyrii,
2196 4660 2295 4715 hoc
2324 4660 2474 4713 nobis
2508 4661 2657 4731 plena
2686 4660 2788 4714 fide
2819 4668 3089 4731 gestorum
3120 4659 3416 4731 retulerunt
3436 4660 3535 4731 sibi
3564 4674 3592 4712 a

2021 4729 2326 4800 parentibus
2373 4732 2487 4784 suis
2530 4730 2601 4782 ita
2637 4730 2801 4784 fuisse
2848 4730 3116 4785 relatum:
3152 4729 3293 4798 quod
3336 4745 3435 4783 nos
3462 4730 3600 4783 idem

2020 4802 2313 4871 posteritati
2342 4801 2699 4870 qualicunque
2746 4801 2995 4871 paginula
3013 4838 3029 4864 ,
3060 4814 3168 4871 non
3204 4810 3310 4852 tam
3334 4801 3598 4871 elegantia

2017 4869 2283 4927 Sermonis
2322 4886 2480 4940 quam
2534 4869 2877 4936 simplicitate
2932 4869 3258 4932 fidelissima,
3311 4870 3598 4924 lectoribus

2016 4943 2288 4998 credimus
2340 4941 2840 5007 transmittendum,
2890 4956 2957 4995 ne
3012 4940 3237 4994 fortasse
3285 4948 3599 4995 senescente

2020 5013 2144 5077 ﬁde,
2178 5016 2229 5065 in
2260 5013 2484 5067 occultis
2514 5020 2673 5065 tanta:
2701 5012 2949 5079 martyris
2982 5010 3159 5079 passio
3183 5020 3208 5047 α
3235 5010 3598 5075 impendatur,

2015 5100 2136 5151 qua:
2163 5100 2191 5136 a
2219 5082 2244 5122 ὓ
2273 5083 2450 5150 capite
2475 5082 2709 5137 Corsica:
2738 5081 2997 5137 elfusione
3026 5080 3300 5149 sanguinis
3328 5080 3380 5134 in
3412 5096 3599 5136 amore

2018 5154 2227 5208 Domini
2269 5154 2439 5207 nostri
2482 5151 2608 5207 Jcsu
2639 5152 2839 5208 Christi
2880 5161 3043 5206 totam
3093 5152 3425 5222 provinciam
3472 5167 3600 5207 cou-

2017 5225 2267 5280 secratit.

2591 5332 2783 5372 INCIPIT
2827 5329 3027 5370 PASSIO.

2086 5430 2149 5484 Il.
2205 5428 2264 5483 In
2314 5434 2554 5496 tempore
2601 5430 2693 5483 illo
2731 5443 2852 5483 cuin
2899 5427 3092 5481 civitas
3134 5428 3399 5497 Carthago
3444 5435 3596 5495 capta

2024 5499 2229 5565 fuisset,
2248 5508 2371 5557 tunc
2391 5500 2539 5555 beat.)
2558 5499 2697 5555 Julia
2719 5514 2785 5555 ex
2808 5514 2873 5571 ea
2893 5499 3099 5571 captiva
3122 5499 3295 5571 ducta
3307 5504 3407 5571 est,
3440 5504 3601 5571 atque

2018 5572 2209 5628 sortito
2251 5572 2306 5625 in
2346 5573 2622 5627 servitium
2662 5570 2906 5641 pervenit
2945 5566 3223 5625 cuiusdam
3250 5566 3351 5622 viri
3380 5567 3598 5621 nomine

1951 5667 1971 5694 ἑ
2020 5708 2215 5763 ﬁnibus
2245 5723 2433 5764 versus
2467 5707 2692 5764 Italiam.
2728 5707 2858 5765 Tota
2895 5720 3037 5762 nunc
3075 5702 3245 5762 insula
3272 5699 3455 5757 subest
3495 5698 3599 5767 Ge.

2017 5779 2301 5836 nuensium
2324 5780 2561 5836 dominio
