4078 6348
558 387 653 454 579

1402 386 1740 444 APPENDIX
1778 388 1871 444 AD
1911 386 2253 444 VICTOle
2299 378 2641 439 VITENSEH

3690 374 3791 435 380

559 509 792 567 Eusebii.
810 507 914 564 Sed
939 501 1252 561 venerabilis
1276 507 1477 569 martyr
1499 499 1845 567 apostolicum
1865 499 2121 553 observa-
2158 512 2191 565 Α
2227 508 2315 553 tuo
2342 504 2596 569 quantum
2627 491 2837 556 petierit
2858 504 3015 569 uano,
3045 498 3099 544 et
3123 504 3316 569 nexum
3346 490 3791 569 tute-conditionis

508 580 511 583 ’
560 581 649 636 bat
679 586 1022 649 prccccptum.
1044 572 1319 649 Servieb_at
1348 571 1563 623 domino
1581 570 1812 649 carnali,
1843 586 1947 649 non
1969 570 2119 648 quasi

508 662 511 665 '
560 650 621 705 ad
651 640 869 707 o'culum'
887 645 1141 709 serviens,
1179 641 1271 695 sed
1305 650 1552 709 tanquam
1581 640 1690 694 Deo
1722 640 1866 693 omni
1898 641 2122 706 imperio

560 730 585 757 "
609 704 819 775 sublimi
862 704 1069 771 sob'dita
1102 704 1503 783 (Emistin-ll;
1530 709 1751 783 Colum,
1775 711 1867 783 22)
1900 704 2121 783 famula-

561 791 733 845 batur.
764 790 827 843 Et
856 788 975 841 licet
1001 784 1031 824 δ
1058 780 1290 852 paganus
1319 782 1504 835 fuisset
1525 780 1768 833 dominus
1792 781 1926 848 ejus,
1959 782 2123 852 admi-

560 862 772 914 rabatur
804 864 1003 912 tantam
1036 851 1151 925 ejus
1182 852 1383 925 servitii
1412 852 1661 925 virtutem
1698 868 1710 902 :
1736 862 1952 925 propter
1980 851 2119 921 quod

506 930 509 933 ’
559 931 717 985 etiam
747 930 795 982 in
819 929 994 997 aliquo
1024 921 1744 997 venerahatur_constantiam
1777 921 2013 997 ejusdem
2040 937 2116 997 re-

557 1000 790 1067 ligionis.
817 1001 885 1052 At
907 992 997 1051 ubi
1016 996 1229 1067 expleto
1252 993 1471 1067 servitio
1498 992 1780 1067 famulatus
1802 993 1881 1045 sui
1912 993 2121 1067 requies

506 1074 509 1075 ⁷
562 1061 623 1125 ei
642 1071 761 1123 data
796 1069 1017 1133 fuisset,
1045 1061 1133 1120 aut
1162 1062 1375 1118 lectioni
1399 1062 1617 1133 vacabat
1642 1103 1657 1125 ,
1683 1071 1772 1115 ant
1793 1061 2120 1133 orationibus

555 1140 852 1196 insistebat.
891 1132 1054 1207 Igitur
1083 1150 1202 1207 cum
1231 1148 1296 1207 se
1324 1133 1426 1186 cibi
1449 1132 1768 1207 contritione
1800 1132 1852 1185 in
1882 1148 2118 1207 amorem

504 1220 505 1223 ‘
561 1210 648 1265 Dei
674 1209 866 1283 [Βοιι22
899 1203 1179 1283 diligeret]
1214 1204 1488 1273 afﬁgeret,
1519 1203 1822 1283 nullatenus
1853 1218 1880 1253 a
1904 1203 2121 1283 domino

557 1273 780 1335 suoiiee
816 1273 1195 1333 blandimentis
1219 1314 1233 1339 ,
1266 1288 1364 1328 nec
1400 1273 1780 1327 monitionibus
1803 1314 1817 1339 ,
1850 1274 1931 1327 Vel
1966 1275 2120 1326 unius

553 1349 686 1418 diei,
722 1360 777 1404 ut
818 1349 1021 1413 fertur,
1048 1343 1717 1418 jejunioqrotuitrelaxari
1745 1386 1758 1407 ,
1803 1344 1902 1418 nisi
1945 1346 2117 1418 solum

556 1363 686 1418 alet,
722 1363 777 1404 ut
818 1363 1021 1413 turtur,
1048 1363 1099 1417 πρ
1130 1363 1249 1399 unto
1292 1363 1459 1409 pount
1493 1363 1717 1397 relaxari
1745 1386 1758 1407 ,
1803 1363 1902 1396 ntsr
1945 1363 2117 1399 solum

556 1420 981 1476 Resurrectionis
1024 1428 1045 1456 ο
1082 1363 1362 1472 (fominicre
1391 1414 1515 1467 diei.
1551 1413 1782 1467 Pallebat
1807 1414 1981 1466 vultus
2005 1417 2120 1479 ejus

550 1488 772 1559 jejunio,
805 1490 896 1545 sed
924 1490 1055 1559 ﬁdes
1088 1486 1237 1540 firma
1255 1484 1479 1559 durabat
1506 1501 1518 1534 :
1544 1484 1861 1559 arescebant
1882 1485 2117 1559 membra

551 1555 867 1623 afflictione,
896 1558 993 1615 sed
1020 1572 1169 1612 mens
1210 1555 1349 1609 cmlo
1379 1558 1578 1608 intenta
1611 1555 1789 1610 verbis
1824 1556 1915 1609 Dei
1945 1555 2119 1620 quoli—

553 1628 639 1686 die
676 1632 1028 1699 pascebatur;
1074 1624 1891 1699 pallebatuvioiisal'rstinentia‘,
1939 1623 2120 1696 [Forte

550 1696 871 1773 albescebat]
892 1696 1207 1773 ardescebat
1238 1697 1360 1773 liliis
1388 1696 1666 1773 castitatis2

622 1771 704 1824 Ill.
743 1764 923 1841 Itaque
954 1769 1207 1841 dominus
1231 1765 1346 1841 ejus
1376 1766 1601 1819 carnalis
1655 1764 1916 1841 Eusebius
1942 1805 1954 1829 ,
1987 1766 2116 1820 civis

551 1836 1047 1911 SyriaePalaastintr,
1078 1839 1140 1894 ad
1170 1838 1366 1911 Gallias
1389 1850 1507 1911 cum
1537 1836 2112 1911 prelioSissitnis_met'-

548 1906 791 1965 ci'moniis
819 1924 1109 1980 properans
1134 1954 1149 1976 ,
1182 1906 1960 1980 inopinantibns‘nobis,_qnud
2001 1923 2119 1975 pre-

549 1983 741 2035 tiosnm
794 1976 975 2036 habuit
1011 1980 1191 2048 Capite
1238 1980 1466 2033 Corsiczc
1512 1976 1742 2044 reliquit.
1798 1977 1959 2044 Igitur
1999 1994 2118 2032 cum

547 2049 741 2109 ibidem
773 2050 1074 2105 fortissimis
1112 2049 1346 2117 remigiis
1375 2050 1548 2099 navim
1590 2064 1735 2099 suam
1773 2050 2019 2101 anchoris
2048 2050 2121 2102 si-

547 2130 767 2193 sterent,
796 2121 976 2176 vident
998 2120 1157 2193 220
1183 2121 1390 2193 eminus
1422 2118 1554 2193 ritus
1597 2120 1981 2171 sacriﬁciorum
2006 2120 2113 2193 ibi-

546 2192 667 2246 dem
708 2187 1528 2261 a7p;iganisvirnpendi._gSlatint
1584 2203 1823 2261 [ιεἰιίξριιεΔ
1863 2191 2119 2261 lusi-hius

543 2275 661 2315 cnm
687 2258 796 2317 suis
816 2258 1060 2316 omnibus
1088 2262 1151 2314 ad
1170 2258 1574 2314 sacrificandum
1600 2258 1890 2311 descendit.
1920 2259 2117 2314 Eadem

541 2346 667 2387 \ero
685 2332 771 2387 die
793 2342 996 2387 taurum
1022 2330 1351 2386 dmmonibus
1375 2331 1484 2381 suis
1519 2329 1880 2382 immolabant.
1915 2331 2117 2385 litterca

541 2415 661 2455 cum
712 2402 785 2455 illi
830 2402 1066 2468 crapulis
1113 2400 1531 2465 baccharentur,
1584 2410 1764 2453 sancta
1810 2416 1938 2454 vero
1980 2401 2115 2455 Julii

544 2481 758 2541 propter
784 2473 991 2528 illarum
1020 2486 1255 2527 errorem
1279 2474 1344 2525 de
1364 2473 1471 2525 imo
1496 2469 1729 2541 pectoris
1752 2471 1855 2523 alta
1888 2472 2115 2540 suspiria

502 2548 507 2553 ’
543 2544 898 2625 protraheret,
932 2544 1229 2625 nuntiatum
1258 2552 1339 2597 est
1360 2541 1521 2625 Felici
1540 2540 1564 2575 α
1584 2555 1614 2625 a
1638 2541 2111 2625 satellitilurs'suic,

542 2612 597 2683 in
617 2614 735 2667 navi
764 2629 885 2669 esse
915 2613 1141 2683 puellam
1187 2629 1304 2681 quae
1344 2612 1542 2665 cultum
1584 2612 1803 2683 deorum
1846 2612 2111 2666 irritlcrct.

541 2682 846 2752 Alloquitur
886 2680 1175 2739 Eusebium
1206 2684 1344 2737 filius
1372 2682 1655 2751 serpentis,
1688 2680 1869 2735 dicens
1904 2700 1913 2733 :
1941 2684 2115 2749 Quare

542 2767 643 2823 non
685 2769 872 2809 omnes
918 2755 1007 2824 qui
1056 2764 1226 2809 tecum
1258 2761 1407 2824 sunt,
1443 2752 1508 2805 ad
1539 2752 1987 2824 cultnmdeornm
2020 2769 2116 2807 no-

539 2824 770 2894 strorum
825 2822 1253 2879 descenderunt?
1322 2823 1585 2878 Prreterea
1658 2822 1816 2894 audio
1872 2822 1945 2894 ibi
1995 2838 2115 2879 esse

536 2892 767 2965 puellam
799 2910 916 2965 quae
937 2895 1151 2950 nomina
1180 2895 1401 2950 deorum
1432 2900 1738 2947 nostrorum
1771 2892 1996 2965 deridet.
2031 2895 2111 2949 Ad

573 2979 653 3036 rec
681 2963 938 3020 Eusebius
958 2967 1233 3036 respondit
1266 2984 1279 3019 :
1312 2965 1544 3036 Puellam
1571 2978 1726 3036 quam
1761 2963 1914 3022 dicis.
1942 2966 2113 3020 nullo-

537 3035 695 3089 modo
732 3052 757 3087 a
786 3038 930 3091 cultu
956 3036 1037 3091 vel
1054 3034 1447 3107 superstitione
1487 3034 1915 3107 Christianorum
1959 3051 2110 3090 amo-

536 3106 963 3178 vereprtevalui,
986 3104 1168 3178 neque
1189 3107 1288 3162 sub
1317 3104 2108 3178 interminationeadnostram

535 3174 845 3244 religionem
894 3174 1159 3233 adducere
1192 3178 1365 3247 potui;
1408 3184 1461 3231 et
1494 3176 1593 3230 nisi
1642 3174 1768 3230 mihi
1796 3174 2109 3231 fidelissimo

2228 560 2465 621 absolvo.
2499 566 2689 618 Sancta
2719 576 2848 616 vero
2886 561 3023 615 Julia
3062 560 3340 627 respondit
3368 577 3381 611 :
3417 560 3655 616 Libertas
3679 582 3786 620 mea

2225 639 2419 692 Christi
2464 635 2734 689 servitium
2788 642 2898 697 est,
2933 632 3013 684 cui
3047 646 3145 699 ego
3189 630 3427 699 quotidie
3458 646 3585 697 pura
3620 646 3791 692 mente

2227 706 2771 776 deservio.‘Ca-terum
2803 703 2959 776 ismm
2979 711 3211 776 vestrum
3234 717 3600 776 errorenLnon
3625 708 3790 776 solum

2224 786 2328 834 n‘on
2360 772 2618 841 veneror,
2660 789 2845 828 verum
2877 773 3036 827 etiam
3083 782 3137 827 et
3162 773 3421 827 detestor.
3462 772 3609 827 Tunc
3651 775 3790 831 Felix

2226 852 2367 905 Saxo
2388 849 2667 915 jubeteam
2695 842 2864 910 alapis
2885 844 3041 897 caidi.
3068 844 3259 897 Sancta
3284 858 3412 895 vt-ro
3431 842 3565 897 Julia
3597 848 3671 899 ait
3700 865 3711 897 :
3740 850 3795 902 Si

2224 914 2479 973 Dominus
2522 932 2672 971 meus
2717 914 2874 969 Jesus
2912 915 3156 967 Christus
3206 922 3529 983 propterime
3563 926 3713 981 sputa
3742 929 3793 973 et

2223 992 2406 1058 alapas
2427 989 2478 1043 in
2513 988 2645 1051 facie
2666 986 2900 1058 accepit,
2920 1000 3085 1051 quare
3116 999 3339 1058 non‘cgo
3372 982 3553 1058 [Forte
3583 997 3793 1054 propter

2222 1055 2418 1131 ipsum]
2471 1066 2688 1131 propter
2747 1072 2831 1131 me
2880 1055 3047 1131 ipsam
3103 1055 3273 1124 alapis
3310 1055 3645 1131 ctedarhet
3704 1074 3793 1127 pro

2222 1126 2669 1199 Spntis'lacrymis
2702 1127 2833 1199 meis
2864 1126 3098 1199 maxilla:
3140 1141 3275 1199 mea:
3307 1126 3576 1199 rigentur?
3604 1126 3789 1199 Iterum

2221 1196 2549 1255 smvissimus
2573 1197 2913 1265 dracojuSsit
2934 1210 3049 1249 eam
3080 1196 3316 1250 crinibus
3339 1197 3593 1264 torqueri.
3629 1198 3793 1253 Vene-

2223 1272 2405 1325 rabilis
2438 1268 2533 1325 Dci
2563 1281 2765 1337 martyr
2788 1276 3097 1334 torquetur,
3120 1267 3433 1335 ﬂagellatur.
3466 1266 3557 1319 illa
3592 1285 3722 1322 vero
3744 1273 3791 1326 in

2221 1343 2562 1395 confessione
2591 1354 2685 1391 sua
2724 1337 2992 1391 clamabat
3024 1356 3037 1390 :
3073 1337 3221 1390 illum
3253 1337 3510 1391 confitear
3540 1339 3629 1404 qui
3679 1356 3795 1408 pru-

2224 1420 2340 1480 pter
2372 1427 2457 1465 me
2501 1409 2721 1480 ﬂagellis
2751 1422 2920 1461 caesus
2962 1418 3044 1461 est
3072 1424 3084 1461 :
3112 1423 3231 1461 naut
3275 1409 3317 1461 si
3365 1408 3618 1461 Dominus
3650 1427 3796 1467 utens
3858 1446 3865 1453 -

2223 1478 2438 1551 propter
2466 1497 2551 1536 me
2581 1478 2748 1545 spinis
2774 1490 2855 1532 est
2892 1487 3177 1531 coronatus
3197 1521 3211 1545 ,
3242 1488 3296 1551 et
3337 1487 3591 1551 tropantm
3625 1484 3797 1538 crucis

2221 1547 2476 1618 suscepit,
2526 1564 2689 1621 quare
2728 1564 2831 1621 non
2876 1563 2976 1617 ego
3004 1564 3120 1621 per
3167 1547 3447 1621 mollitiem
3477 1551 3793 1615 capillorum

2221 1637 2464 1677 meorum
2490 1664 2504 1687 ,
2541 1618 2555 1671 ἱ
2574 1632 2595 1675 t
2620 1636 2714 1689 per
2742 1619 2857 1689 ejus
2898 1619 3149 1673 vexillum
3177 1618 3296 1673 ﬁdei
3323 1620 3613 1672 sustincam
3646 1622 3797 1689 hujus

2222 1694 2485 1761 passionis
2505 1691 2822 1756 certamina,
2849 1697 2905 1743 ut
2928 1705 3135 1745 merear
3158 1693 3439 1759 pervenire
3469 1690 3532 1745 ad
3561 1694 3796 1763 martyrii

2221 1763 2582 1903 palilﬁai't'ailue
2621 1830 2849 1903 festinus
2876 1831 3040 1903 draco
3062 1871 3078 1896 ,
3116 1844 3185 1885 ne
3223 1830 3441 1903 similia:
3470 1845 3580 1903 suae
3603 1833 3799 1891 damna

2148 1886 2197 1949 Β
2227 1886 2536 1973 pateretur},
2564 1886 2739 1957 statim
2764 1901 2922 1971 jussit
2946 1886 3195 1973 sanetam
3226 1900 3420 1955 Christi
3464 1886 3796 1960 fanmlamin

2230 1977 2462 2033 ratihnlo
2504 1976 2680 2029 crucis
2762 1972 2991 2040 imponi;
3043 1981 3097 2027 et
3144 1973 3515 2040 expergefacto
3568 1974 3799 2032 Eusebio

2227 2047 2422 2099 ibidem
2455 2048 2682 2100 maxima
2720 2043 3021 2111 perdomuit
3066 2042 3240 2097 carnis
3277 2044 3568 2097 certamina
3610 2049 3799 2102 victrix

2226 2117 2429 2171 ultima.
2470 2126 2491 2152 ε·
2523 2118 2760 2184 Cumque
2791 2114 2876 2167 ille
2900 2114 3109 2183 soporis
3146 2113 3290 2184 frena
3324 2114 3552 2167 laxasset
3574 2155 3589 2177 .
3618 2128 3798 2173 sancta

2228 2187 2316 2240 illa
2346 2188 2519 2240 anima
2550 2183 2711 2240 carne
2739 2186 2910 2238 soluta
2933 2226 2946 2248 ,
2975 2183 3214 2253 martyrii
3248 2185 3421 2251 palma
3452 2195 3659 2238 rOScata
3686 2228 3706 2251 ,
3738 2188 3800 2242 ad

2228 2269 2365 2310 astra
2395 2259 2651 2311 oculorum
2684 2257 2862 2310 lmtum
2890 2270 3008 2308 cum
3030 2256 3231 2323 angelis
3254 2256 3383 2323 petit
3409 2256 3669 2321 volatum,
3707 2259 3801 2312 ibi-

2222 2328 2342 2382 dem
2371 2329 2421 2381 in
2455 2329 2688 2382 thalamo
2719 2327 2892 2381 crucis
2920 2326 3135 2397 dotalia
3157 2340 3281 2390 sua,
3314 2326 3611 2379 astantibus
3638 2343 3801 2397 auges

2224 2399 2305 2459 iis,
2337 2400 2488 2467 plena
2523 2398 2626 2452 fide
2655 2399 3005 2453 confessionis
3035 2396 3296 2460 recitavit,
3320 2399 3677 2467 etsanguiuis
3722 2396 3802 2456 sui

2219 2466 2480 2523 effusione
2524 2469 2843 2537 subscripsit
2880 2486 2891 2520 :
2926 2476 3085 2534 atque
3110 2481 3207 2538 per
3242 2484 3334 2521 eos
3364 2466 3542 2521 divina
3583 2470 3802 2538 dispen.

2220 2541 2430 2595 Salinae
2474 2541 2524 2593 in
2568 2540 2735 2593 insula
2784 2538 3064 2607 Margarita
3103 2537 3121 2576 ί
3167 2537 3463 2609 nuntiatum
3509 2537 3685 2609 221’
3723 2550 3801 2596 cst

2219 2619 2524 2664 sanctorum
2554 2611 2950 2678 congregationi
2971 2609 3377 2663 monachorum.
3395 2608 3495 2674 Qui
3510 2608 3796 2666 εωῐὶίὲειίιη

2221 2683 2395 2735 navim
2440 2680 2887 2743 conscenderunt,
2935 2688 2989 2733 et
3033 2680 3271 2733 levantes
3310 2680 3467 2743 vela,
3515 2690 3801 2746 praestante

2219 2751 2320 2805 sibi
2372 2759 2527 2806 vento
2555 2752 2802 2804 solatium
2829 2791 2842 2814 ,
2901 2750 3078 2803 subito
3119 2760 3475 2816 pervenerunt
3505 2750 3556 2803 in
3609 2750 3801 2818 Capite

2217 2829 2231 2870 t
2259 2823 2450 2875 orsieaa
2469 2863 2482 2885 ,
2514 2833 2565 2876 et
2596 2821 2924 2888 requirentes
2962 2822 3033 2874 ita
3062 2820 3377 2874 invenerunt
3403 2859 3419 2884 ,
3459 2822 3597 2874 sicut
3625 2821 3709 2874 eis
3737 2825 3802 2878 ab

2215 2894 2420 2962 angelis
2454 2894 2623 2947 fuerat
2654 2892 2968 2947 revelatum.
3014 2890 3114 2955 Qui
3148 2905 3266 2944 cum
3305 2891 3451 2962 ontni
3491 2893 3801 2962 reirei-entia

2215 2960 2545 3032 deponentes
2565 2977 2759 3029 corpus
2781 2972 2981 3034 sanctae
3010 2962 3262 3034 martyris
3292 2960 3490 3034 Christi
3517 2961 3581 3034 de
3604 2977 3795 3034 cruce,

2216 3042 2506 3102 posuerunt
2534 3049 2649 3087 eam
2676 3034 2727 3087 in
2752 3033 2891 3095 navi,
2925 3041 2980 3102 et
3008 3033 3245 3087 levantes
3275 3033 3391 3084 vela
3412 3032 3801 3098 navigaverunt

2214 3101 2315 3158 Sub
2330 3103 2471 3158 omni
2484 3104 2760 3159 celeritate
2772 3101 3135 3173 regredientes
3152 3110 3436 3173 prmstarite
3449 3103 3549 3154 sibi
3564 3116 3730 3156 vento
3746 3115 3771 3153 ε
3785 3146 3797 3160 ,

2289 3174 2371 3228 Vl.
2404 3175 2553 3229 Tunc
2591 3172 2941 3229 obviaverunt
2981 3174 3061 3227 eis
3104 3172 3347 3226 monachi
3393 3188 3511 3226 cum
3562 3174 3694 3228 navi
3724 3176 3791 3231 de
3862 3198 3875 3201 -

534 3242 1091 3327 servitiomiamulatus
1138 3242 1247 3327 sui__
1272 3242 1599 3327 necessaria“
1628 3256 1791 3327 esset,
1825 3247 1932 3316 jam
1987 3262 2103 3327 eam
2136 3264 2181 3327 ρ
2216 3246 2381 3299 insula
2412 3261 2530 3315 quae
2572 3243 2817 3327 ¹(Ιίίςίιυνι1
2844 3244 3112 3327 Capraria,
3143 3252 3427 3327 praestante
3468 3242 3568 3327 sibi
3628 3256 3800 3327 Vento

534 3317 703 3385 poenis
723 3316 1012 3379 aflicerctn.
1038 3318 1185 3371 Tunc
1208 3316 1359 3373 Felix
1388 3318 1528 3373 Saxo
1550 3317 1682 3370 dixit
1709 3317 1774 3369 ad
1805 3332 1923 3371 eum
1950 3334 1963 3371 :
2002 3319 2106 3374 Aut

533 3398 649 3456 eam
675 3387 775 3439 diis
801 3387 996 3441 nostris
1022 3397 1139 3443 vota
1155 3389 1361 3444 solvere
1382 3389 1662 3456 compelle,
1692 3397 1780 3440 aut
1797 3397 1942 3442 certe
1968 3389 2105 3444 dabo

496 3464 499 3471 ‘
536 3452 627 3508 tibi
659 3456 727 3530 de
754 3458 885 3530 meis
916 3467 1142 3524 quatuor
1181 3457 1333 3530 [ϐοά.
1367 3452 1519 3512 Rom.
1544 3497 1559 3522 ,
1593 3455 1818 3528 ancillis]
1861 3460 2099 3527 ancillas,

531 3539 650 3594 qua:
675 3526 763 3579 tibi
795 3528 1084 3594 placuerint
1104 3526 1389 3592 meliores;
1419 3535 1510 3581 aut
1539 3529 1764 3595 pretium
1787 3526 1925 3596 quod
1952 3526 2104 3582 taxa;

512 3603 639 3652 tum
671 3595 866 3661 fuerit,
902 3606 1103 3652 tantum
1137 3599 1202 3651 da
1240 3600 1369 3653 mihi
1400 3613 1538 3654 eam.
1590 3598 1667 3651 Ad
1698 3595 1811 3651 haec
1844 3598 2103 3654 Eusebius

529 3667 843 3739 respondit:
877 3666 932 3722 Si
976 3669 1101 3723 mihi
1126 3669 1386 3739 integrum
1418 3683 1633 3723 censum
1674 3678 1817 3721 tuum
1851 3670 1978 3723 dare
2006 3683 2099 3724 vo-

529 3737 712 3819 lueris,
746 3754 847 3792 non
876 3739 1151 3807 poteritad
1180 3737 1418 3809 ejusdem
1446 3739 1692 3794 meritum
1722 3738 1923 3793 servitii
1954 3754 2100 3794 com-

527 3818 721 3878 parari.

595 3876 680 3950 IV.
717 3877 865 3950 Tunc
911 3878 1090 3934 habito
1129 3880 1353 3936 consilio
1392 3879 1838 3934 venenatissimus
1874 3895 2099 3950 serpens

524 3947 825 4002 convivium
855 3952 1188 4020 prmparavit,
1218 3951 1303 4006 ubi
1335 3950 1596 4006 Eusebius
1629 3951 1830 4017 poculis
1859 3947 2099 4021 crapula-

526 4025 609 4091 tus
637 4059 652 4084 ,
686 4021 795 4074 alto
821 4034 1010 4077 somno
1039 4024 1243 4091 80pitus
1281 4030 1383 4077 est.
1413 4022 1598 4076 Statim
1627 4022 1900 4090 gentilium
1945 4022 2095 4077 turba

523 4086 703 4163 (urens
735 4091 913 4163 navim
950 4086 1401 4163 conscenderunt,
1445 4102 1602 4162 atque
1626 4086 1827 4163 exinde
1858 4106 2093 4147 sanetam

522 4158 716 4232 Juliam
756 4161 834 4232 ad
854 4162 999 4216 littus
1029 4158 1412 4232 deposuerunt.
1444 4158 1592 4217 Tunc
1620 4162 1765 4216 Felix
1787 4162 1930 4217 Saxo
1958 4163 2094 4218 dixit

521 4228 584 4281 ad
614 4244 732 4283 eam
769 4246 785 4283 :
820 4231 1067 4287 Sacrifico
1101 4228 1234 4298 diis,
1278 4233 1448 4302 puella
1485 4251 1497 4285 :
1534 4247 1634 4303 ego
1663 4248 1759 4300 pro
1803 4244 1852 4287 te
1877 4232 2094 4288 domino

588 4372 615 4436 ξι
656 4364 813 4436 Dom,
844 4366 1057 4434 imperio
1090 4368 1292 4419 subdita
1313 4366 1512 4436 publice
1545 4368 1911 4435 famulabatur.

586 4431 613 4471 δ
654 4431 1047 4501 Papebrocbius
1073 4444 1258 4490 censet
1284 4431 1468 4505 reponi
1490 4431 1688 4490 debere
1717 4437 1964 4501 Ariauus,
1998 4448 2088 4492 aut

520 4502 831 4559 Saracenus.
864 4505 935 4560 At
966 4514 1076 4560 tota
1119 4502 1385 4575 passionis
1411 4505 1580 4560 series
1605 4507 1772 4576 exigit
1804 4517 1862 4562 ut
1890 4509 2092 4578 legatur

520 4587 951 4716 ﬁgag‘izverbis
986 4646 1252 4716 quaslibet
1276 4644 1571 4699 dominicas
1598 4645 1713 4701 dies
1742 4646 1996 4716 intellige,
2030 4657 2089 4702 ut

519 4714 570 4786 in
617 4714 884 4786 plerisque
920 4714 1186 4785 sequioris
1223 4716 1321 4770 aevi
1361 4717 1685 4771 auctoribus.
1726 4716 1853 4773 Vide
1891 4714 2091 4786 episto-

2218 3313 2462 3382 magnum
2507 3316 2780 3380 solatium;
2827 3326 2881 3370 et
2907 3314 3086 3368 mirati
3112 3322 3233 3366 stitit
3261 3313 3401 3379 quod
3426 3326 3613 3368 contra
3642 3318 3798 3372 venti

2215 3388 2574 3440 fortitudincm
2600 3387 2650 3440 in
2677 3387 2888 3439 modum
2914 3385 3183 3439 volucrum
3203 3385 3314 3436 vela
3336 3383 3488 3452 plena
3515 3388 3615 3437 iter
3632 3402 3794 3441 suum

2211 3468 2449 3527 agerent.
2470 3458 2568 3527 Qui
2591 3456 2905 3511 accedentes
2926 3464 2980 3510 et
3000 3455 3406 3524 diligentissime
3430 3454 3793 3527 requirentes,

2212 3526 2330 3594 qua;
2353 3528 2519 3581 virtus
2549 3526 2643 3581 Dei
2675 3536 2816 3581 esset
2845 3527 2898 3580 in
2936 3527 3078 3588 navi,
3117 3533 3478 3594 exposuerunt
3502 3526 3579 3579 eis
3610 3528 3798 3582 omnia

2215 3612 2307 3665 per
2332 3597 2574 3652 ordinem
2622 3600 2756 3651 sicut
2784 3604 2934 3666 gesta
2981 3596 3209 3663 fuerant,
3261 3604 3315 3649 et
3352 3596 3698 3662 postulantes
3725 3599 3795 3652 ab

2211 3670 2289 3721 eis
2316 3669 2661 3736 reliquiarum
2701 3668 3125 3722 benedictionem
3170 3667 3587 3733 impetraverunt
3614 3676 3672 3721 ct
3702 3683 3791 3723 re-

2209 3739 2377 3803 gressi
2402 3748 2525 3793 sunt
2557 3738 2607 3792 in
2636 3753 2751 3792 sua.
2778 3738 2855 3791 illi
2888 3748 3064 3791 autem
3092 3746 3447 3806 pervenerunt
3471 3738 3521 3789 in
3555 3738 3793 3792 insulam

2210 3807 2628 3878 Gorgonensem,
2657 3821 2707 3861 et
2730 3808 3059 3877 deponentes
3085 3822 3280 3869 corpus
3308 3808 3421 3873 ejus
3461 3806 3529 3860 de
3560 3809 3710 3870 navi,
3737 3819 3795 3864 et

2205 3881 2521 3933 condientes
2542 3894 2658 3932 eam
2683 3880 3011 3932 aromatibus
3033 3889 3329 3946 posuerunt
3357 3880 3407 3930 in
3433 3888 3793 3934 monumento

2204 3965 2323 4005 cum
2350 3951 2543 4019 gaudio
2577 3964 2785 4017 magno.
2814 3949 2973 4003 Gesta
3004 3958 3181 4002 autem
3214 3958 3337 4001 sunt
3375 3947 3488 4002 haec
3519 3964 3570 4001 st
3599 3950 3791 4004 calen-

2203 4022 2298 4075 das
2328 4020 2487 4074 Junii.
2543 4021 2596 4073 ln
2628 4034 2733 4089 quo
2773 4019 2892 4073 loco
2935 4019 3126 4073 ﬂorent
3154 4019 3433 4089 orationes
3472 4030 3788 4073 sanctorum

2203 4094 2269 4147 ad
2296 4091 2503 4145 Iaudem
2546 4084 2755 4144 Domini
2784 4091 2950 4143 nostri
2983 4089 3111 4144 Jesu
3138 4086 3354 4153 Christi,
3381 4089 3465 4142 cui
3494 4098 3577 4144 est
3608 4089 3792 4145 honor

2204 4171 2259 4217 et
2281 4163 2447 4231 gloria
2472 4161 2522 4214 in
2555 4160 2747 4215 saecula
2776 4160 3114 4215 saeculorum.
3137 4161 3309 4213 Amen

2198 4370 2309 4436 ipsa
2334 4410 2347 4434 ,
2390 4382 2583 4437 magno
2613 4368 2841 4422 Etruria:
2871 4367 2992 4421 duci
3010 4365 3252 4437 subdita.
3280 4365 3356 4420 De
3386 4365 3653 4435 Gorgona!
3706 4370 3789 4425 in-

2196 4439 2327 4492 sulm
2359 4436 2636 4492 monachis
2661 4440 2950 4507 Gregorius
2974 4436 3193 4506 Magnus
3216 4437 3267 4489 in
3293 4437 3384 4491 hb.
3411 4453 3459 4504 ι,
3492 4439 3656 4507 epist.
3688 4442 3782 4496 50.

2268 4518 2294 4551 κ
2320 4508 2449 4561 Cod.
2481 4508 2554 4560 Bo
2578 4511 2636 4571 l.,
2667 4523 2910 4579 prospero
2945 4516 3087 4561 vento
3126 4515 3458 4578 pervenerunt
3491 4509 3561 4560 ad
3590 4525 3787 4565 mona-

2195 4578 2406 4631 sterium
2428 4594 2598 4640 suum,
2623 4591 2725 4633 etc.

2265 4646 2292 4684 ιι
2323 4648 2493 4702 insula
2523 4648 2774 4717 Capraria
2802 4649 2975 4703 media
3004 4656 3091 4703 est
3113 4648 3253 4703 inter
3273 4647 3543 4703 Corsicam
3565 4661 3620 4706 et
3641 4652 3790 4708 Gor-

2192 4734 2406 4788 gonam,
2454 4719 2685 4781 Hujusce
2727 4718 2913 4774 insulae
2956 4722 3251 4773 monachos
3296 4718 3364 4773 ob
3406 4725 3788 4778 conversatio-

515 4781 628 4859 latn'
651 4784 711 4837 11
741 4781 811 4840 εξ
832 4781 1025 4859 Leonis
1067 4787 1315 4859 editionis
1339 4787 1709 4853 Quesnelianm
1741 4802 1861 4859 qua:
1907 4781 1991 4842 est
2020 4789 2087 4843 ad
2118 4781 2167 4840 D
2194 4781 2315 4843 item
2332 4781 2570 4845 sanctam
2590 4788 3113 4859 laudatAugustinus
3126 4790 3286 4855 epist.
3304 4790 3373 4844 48
3394 4790 3459 4843 ad
3477 4791 3788 4855 Eudox'mm

524 4854 835 4910 Dioscorum
865 4856 1304 4911 Alexandrinum.

580 4921 608 4961 ά
636 4925 769 4999 Cod.
807 4926 1003 4982 Bodee.
1033 4926 1174 4999 apud
1208 4926 1356 4999 Boil.
1378 4926 1546 4999 addit,
1569 4929 1659 4998 qui
1690 4929 1860 4999 major
1886 4938 1996 4983 erat
2017 4930 2091 4983 in-

512 5002 594 5068 ter.
615 4996 789 5049 turbas
816 4998 1206 5051 immolantium.
1249 4997 1305 5051 In
1332 4997 1533 5053 Adonis
1562 4996 1858 5068 append'ice
1891 5000 2090 5055 dicitur

511 5064 775 5136 princeps‘
808 5069 942 5134 quod
974 5068 1110 5122 forte
1135 5069 1435 5136 pracipuos
1458 5064 1723 5124 esset-loci
1756 5070 1915 5124 illius.
1949 5070 2089 5124 infra

486 5117 703 5210 diuini
728 5117 901 5210 Teii};
918 5117 1108 5205 sua;
1136 5117 2086 5210 ia.1;;'s’;.;o:f;."s';gtt;'cistas

511 5202 643 5279 urbe
669 5220 809 5279 nunc
836 5207 1032 5279 diruta,
1064 5202 1121 5263 ut
1151 5202 1896 5279 suSpicatur'Papebrochius.
1931 5210 2085 5277 Apud

508 5270 815 5354 [errat-lium
872 5277 925 5331 in
978 5270 1260 5349 catalogo"
1302 5270 1608 5335 sanctorum
1672 5280 1837 5335 italiae
1887 5270 2085 5335 dicitur

505 5340 660 5397 Felix-
680 5344 956 5400 Tribunus.

576 5421 599 5450 θ
628 5414 936 5470 Lectiouem
968 5417 1086 5472 cod.
1138 5418 1463 5475 Bodecensis
1496 5421 1832 5477 retinuimns.
1858 5421 2082 5479 Floron-

502 5484 646 5559 tinus
684 5494 737 5559 et
786 5485 989 5559 Remig.
1026 5488 1254 5555 trahent,
1290 5489 1515 5559 Cumque
1564 5493 1821 5551 laxassent
1857 5496 2082 5547 claustra

498 5557 721 5633 sepulcri
762 5558 987 5633 subjecta
1016 5562 1206 5633 meritis
1228 5601 1240 5623 ,
1283 5575 1345 5613 ea:
1384 5557 1477 5614 ore-
1509 5563 1618 5631 ejus
1643 5563 1875 5617 columba
1896 5564 2079 5633 rapido

501 5627 641 5692 petiit
679 5636 816 5680 astra
846 5626 1036 5682 uolatu.
1072 5626 1301 5693 Ibidem,
1327 5638 1431 5685 etc.

529 5763 539 5773 ο
572 5693 590 5731 τ
790 5699 995 5767 Remig.
1024 5700 1168 5753 addit
1198 5743 1210 5766 ,
1245 5717 1357 5773 qua:
1376 5716 1519 5773 nunc
1547 5703 1696 5773 vulgo
1724 5701 1967 5773 Gorgona
1987 5705 2066 5758 di-

503 5768 647 5844 ξιτατ
696 5768 789 5844 Εμμι
845 5779 1019 5844 autem
1060 5773 1195 5844 inter
1236 5771 1507 5826 Corsicam
1556 5768 1784 5827 insulam
1814 5768 1868 5829 et
1916 5789 2062 5829 oram

506 5832 698 5892 Tusciae
729 5840 867 5893 sita.
910 5840 1035 5899 olim
1077 5840 1390 5899 l’isanorum
1420 5883 1433 5904 .
1482 5859 1621 5899 nunc
1646 5883 1659 5907 ,
1694 5845 1828 5901 sicut
1858 5854 1910 5901 et
1944 5846 2063 5902 Pisa

2196 4874 2381 4914 eorum
2442 4860 2688 4913 abbatem
2745 4861 2887 4914 data.
2936 4859 3196 4915 Mascezel
3248 4860 3504 4914 adversus
3552 4861 3788 4918 fratrem

2196 4944 2352 4985 suum
2385 4928 2667 4984 GildOuem
2705 4932 2757 4983 in
2801 4929 2980 4985 Africa
3023 4931 3375 4985 rebellantem
3425 4942 3786 5000 pugnaturus,

2195 5009 2380 5053 noctes
2411 5001 2461 5053 in
2486 5000 2817 5055 orationibus
2838 5015 2958 5053 cum
2981 4999 3251 5067 Capraria:
3279 5000 3466 5054 insulae
3495 5005 3788 5059 tuonachis

2195 5072 2482 5138 transegit;
2534 5072 2659 5138 quin
2690 5080 2744 5125 et
2780 5086 2965 5125 eorum
3010 5070 3213 5138 aliquot
3239 5084 3418 5124 secum
3451 5072 3503 5124 in
3535 5071 3785 5130 Africam

2192 5140 2360 5210 duxit,
2412 5150 2467 5195 ut
2508 5140 2625 5209 ipse
2668 5140 2851 5207 armis,
2898 5141 2972 5194 illi
3014 5154 3142 5193 vero
3172 5140 3416 5210 precibus
3448 5157 3783 5209 pugnarent.

2194 5209 2319 5264 Post
2342 5218 2550 5265 noctein
2570 5211 2620 5263 in
2645 5212 2842 5280 hymnis
2869 5222 2913 5263 et
2936 5209 3246 5263 orationibus
3270 5212 3577 5280 pervigilem
3598 5224 3790 5271 trans.

2188 5291 2360 5353 actam
2391 5282 2613 5353 munitus
2653 5282 2778 5353 ipsis
2820 5281 3095 5335 caelestium
3118 5292 3551 5353 sacramentorum
3583 5294 3789 5353 myste-

2187 5352 2280 5405 riis
2313 5353 2547 5419 przeiium
2593 5350 2732 5419 iniit,
2788 5359 2946 5420 atque
2983 5366 3103 5405 cum
3142 5366 3302 5420 parva
3343 5352 3572 5406 militum
3605 5350 3784 5410 manu

2187 5422 2456 5490 ingentem
2500 5420 2776 5476 rebellium
2818 5422 3111 5476 exercitum
3156 5420 3210 5474 in
3255 5421 3430 5490 fugam
3479 5423 3658 5487 vertit,
3718 5434 3786 5480 ut

2186 5500 2369 5545 narrat
2410 5492 2606 5545 Paulus
2642 5492 2892 5554 Orosius,
2947 5500 3133 5546 auctor
3181 5492 3393 5546 illorum
3437 5502 3780 5562 temporum,

2186 5561 2279 5615 lib.
2308 5577 2400 5625 vn,
2442 5576 2559 5630 cap.
2586 5562 2676 5615 95.
2710 5562 2996 5616 Monaehos
3026 5562 3239 5630 Etrusci
3276 5562 3436 5616 maris
3471 5561 3785 5621 insularum

2185 5646 2214 5685 a
2252 5631 2469 5685 Fabiola
2495 5625 2739 5686 visitatos
2766 5631 2930 5687 fuisse
2955 5625 3141 5687 scribit
3170 5631 3521 5700 Hieronymus
3546 5635 3597 5686 in
3623 5636 3785 5701 ejus-

2174 5704 2293 5758 dem
2324 5701 2554 5755 Fabiola:
2578 5704 3010 5770 epitapltio.Vide
3037 5704 3323 5758 Baronium
3349 5713 3404 5757 et
3423 5714 3674 5758 auctores
3703 5707 3784 5760 ab

2174 5787 2239 5829 eo
2274 5773 2513 5827 laudatos
2553 5774 2618 5826 ad
2662 5788 2857 5828 annum
2900 5776 3024 5830 598.
3066 5774 3332 5829 Caeterum
3358 5774 3531 5829 codex
3560 5776 3781 5839 Bodec.

2177 5844 2306 5901 nihil
2338 5842 2495 5899 habet
2521 5843 2585 5900 de
2613 5844 2713 5899 hoc
2738 5842 3008 5907 Caprariae
3032 5844 3415 5903 monachorum
3437 5856 3693 5905 occursu.
