4078 6348
304 287 416 344 335

672 280 995 337 RUINARTI
1037 279 1099 336 lN
1139 280 1505 336 IIISTORIAM
1548 277 1833 333 PERSEC.
1880 276 2172 333 VANDAL.
2214 273 2749 331 COMMENTARIUS
2787 273 3207 332 HISTORICUS.

3463 273 3564 329 536

304 397 633 452 Gensericus
660 392 880 447 Romam
908 392 1177 456 invaserit,
1210 406 1365 461 quam
1395 391 1606 446 tandem
1638 405 1730 460 per
1758 405 1882 458 qua-
1915 393 1967 451 Α
1990 388 2051 461 24
2081 388 2133 442 in
2190 388 2514 459 Panegyrico
2562 388 2829 443 Anthemii
2876 387 3215 458 imperatoris
3248 427 3265 455 ,
3328 388 3410 443 his
3450 402 3567 443 vcr-

307 466 608 523 tuordecim
640 465 753 518 dies
782 462 1041 531 direptam
1084 472 1137 515 et
1175 460 1465 531 espilatam
1490 503 1505 525 ,
1557 469 1615 514 ut
1666 476 1727 515 es
1760 460 1889 514 Pro-

307 553 474 607 spero
502 535 734 607 diximus
754 574 770 600 ,
803 534 1015 607 demum
1045 532 1286 607 reliquit,
1340 532 1394 586 in
1442 532 1673 607 Africam
1695 541 1887 607 “trans—

308 601 599 663 missurus.
632 604 740 658 Nec
766 604 919 657 obest
949 603 1088 669 quod
1136 601 1200 656 eo
1248 603 1298 655 in
1332 616 1579 657 sermone
1624 601 1760 655 ludis
1787 601 1890 654 cir-

311 674 690 744 Censibus,qui
717 688 1047 743 nequaquam
1075 688 1257 744 mense
1281 672 1438 744 .Iunio
1461 673 1887 744 celebrabantur,

314 748 487 818 magis
518 742 679 816 quam
709 742 1013 818 sanctorum
1038 743 1202 818 cultui
1234 742 1475 797 addictos
1506 743 1667 818 fuisse
1698 742 1892 818 Itoma-

314 810 589 873 nos'dieat
617 814 982 869 sanctissimus
1014 814 1244 882 pontifex
1263 829 1276 865 :
1295 828 1413 867 cum
1438 829 1501 867 ex
1535 813 1698 882 ipsius
1721 810 1897 865 verbis

316 889 503 944 inferri
539 902 643 940 non
674 886 858 955 possit,
885 886 999 951 ipso
1030 895 1265 951 tempore
1292 899 1397 954 quo
1421 884 1532 938 bazc
1562 882 1895 953 loquebatur,

318 958 586 1029 ejusmodi
619 957 773 1010 ludos
802 955 1100 1010 celebratos
1128 955 1312 1015 fuisse,

397 1050 484 1102 ll.
527 1047 795 1103 Caeterum
824 1046 1143 1101 Gensericus
1175 1045 1547 1114 Carthaginem
1584 1044 1749 1099 redux
1797 1044 1901 1098 Eu-

323 1120 539 1174 doxiam
582 1119 845 1187 iuniorem
878 1117 1143 1170 I‘Iunerico
1192 1116 1295 1169 lilio
1340 1131 1439 1171 suo
1468 1130 1688 1187 uxorem
1716 1114 1898 1187 dedit;

326 1186 618 1245 Placidiam
672 1203 797 1243 vero
838 1186 1002 1254 ipsius
1047 1201 1329 1255 sororem,
1382 1202 1497 1255 quas
1542 1186 1761 1255 Olybrio
1810 1186 1903 1239 de-

325 1268 581 1328 sponsata
615 1258 813 1321 fuerat,
841 1272 960 1311 cum
996 1254 1229 1310 Eudoxio
1262 1254 1496 1328 Augusta
1524 1254 1903 1328 earumhmatre
1938 1276 1954 1289 α

326 1325 847 1399 Constantinopolim
894 1328 959 1381 ad
992 1328 1226 1399 Leonem
1274 1326 1650 1399 imperatorem
1686 1325 1901 1391 direxit,

330 1409 390 1454 ut
430 1415 573 1468 saepe
604 1397 849 1454 laudatus
882 1397 1169 1468 Proc0pius
1204 1406 1405 1468 narrat.
1443 1397 1698 1468 Evagrius
1730 1405 1904 1468 tamen

330 1471 425 1524 lib.
476 1466 533 1534 tt',
587 1484 705 1537 cap.
753 1470 806 1535 7,
849 1483 939 1525 eas
979 1467 1245 1521 Marciano
1292 1467 1528 1520 redditas
1557 1483 1585 1519 a
1619 1466 1908 1522 Gcnserico

332 1540 497 1595 fuisse
542 1541 766 1602 scribit,
800 1550 853 1593 ut
881 1554 1000 1593 emn
1030 1540 1301 1607 placaret,
1335 1538 1409 1590 ira
1436 1538 1906 1591 excandescentem

333 1618 444 1663 tum
490 1611 562 1663 ob
594 1609 751 1663 Urbis
800 1609 1118 1670 incendium,
1154 1616 1263 1661 tum
1294 1608 1433 1675 quod
1466 1609 1719 1674 Augusta:
1766 1617 1909 1661 tanta

333 1678 662 1735 contumelia
690 1679 893 1734 all'ect:e
924 1678 1165 1732 fuissent.
1184 1678 1439 1744 Procopio
1468 1676 1912 1732 consentithro-

332 1751 439 1808 uici
469 1749 817 1824 Alexandrini
866 1763 957 1803 seu
991 1748 1267 1824 Paschal-5
1315 1756 1519 1824 auctor,
1558 1750 1644 1818 qui
1682 1748 1911 1824 lfalenti—
1946 1765 1989 1824 Β

335 1824 490 1876 niano
514 1820 745 1889 Augusto
773 1835 861 1873 vnt
892 1828 936 1871 et
966 1821 1231 1889 Anthemio
1275 1820 1583 1883 consulibus,
1628 1819 1791 1872 refert
1819 1821 1911 1873 bas

334 1888 613 1962 principes
658 1889 879 1944 feminas
918 1904 947 1942 a
993 1888 1169 1962 Leone
1214 1890 1533 1962 imperatore
1580 1906 1609 1943 e
1640 1889 1909 1944 Genserici

333 1959 649 2031 captivitate
694 1962 995 2031 redemptas
1034 1959 1217 2031 fuisse.
1248 1959 1351 2013 Sed
1386 1970 1509 2013 tunc
1552 1962 1804 2031 temporis
1830 1962 1910 2013 vi-

332 2030 492 2087 vebat
518 2032 698 2085 adhuc
726 2030 1040 2085 Marcianus.
1069 2030 1360 2083 Eudosiam
1386 2044 1524 2084 anno
1552 2040 1704 2084 sexto
1722 2030 1915 2099 [.eoziis

334 2101 682 2172 imperatoris
707 2099 1218 2167 Constantinopolim
1246 2102 1507 2153 remissam
1539 2100 1703 2155 fuisse
1732 2103 1917 2156 scribit

335 2173 539 2229 Idatius
587 2172 640 2225 in
689 2172 984 2231 Chronico,
1020 2180 1296 2239 postquam
1343 2172 1546 2225 scilicet
1591 2186 1684 2237 per
1713 2172 1914 2239 aliquot

334 2257 508 2298 annos
562 2244 614 2295 in
664 2243 839 2295 Africa
884 2256 913 2294 a
963 2241 1252 2294 Genserico
1298 2241 1513 2294 detenta
1561 2242 1760 2294 luisset.
1798 2245 1918 2296 lltec

337 2324 519 2367 tamen
563 2313 871 2381 opinionum
921 2312 1145 2365 varietas
1186 2313 1253 2363 ita
1305 2311 1551 2379 componi
1602 2322 1835 2383 potest,.-
1865 2325 1920 2367 ut

340 2383 615 2438 Marciano
659 2383 729 2436 ob
778 2392 976 2435 tantam
1025 2382 1270 2445 iniuriam
1314 2382 1671 2447 imperatoriae
1709 2383 1919 2436 fatnilic

341 2454 543 2509 illatam
576 2453 985 2507 excandescenti
1008 2492 1020 2514 ,
1054 2454 1317 2519 Augustas
1344 2452 1607 2505 dimittere
1650 2453 1919 2519 pollicitus

344 2524 505 2578 tuerit
531 2563 547 2587 ,
579 2524 822 2592 quamvis
853 2523 904 2576 id
930 2563 943 2582 .
978 2524 1241 2576 exstincto
1291 2522 1445 2587 paulo
1476 2532 1592 2589 post
1632 2523 1918 2588 Marciano,

344 2609 450 2648 non
482 2594 588 2647 nisi
631 2602 749 2662 post
774 2594 973 2661 aliquot
1002 2607 1169 2646 annos
1197 2596 1266 2645 sit
1294 2602 1598 2647 exsecutus.
1628 2593 1784 2647 Certe
1810 2596 1918 2661 jam

346 2679 529 2733 supra,
576 2678 693 2731 cap.
737 2664 938 2717 scilicet
965 2665 1019 2729 ι,
1053 2680 1199 2718 ηιιιη.
1226 2663 1287 2726 8,
1316 2679 1379 2717 ex
1409 2663 1692 2733 Theodoro
1722 2665 1921 2717 lectore

346 2732 752 2789 observavimus
782 2734 1105 2787 Marcianum
1148 2735 1403 2786 adversus
1428 2732 1690 2787 Vandalus
1719 2735 1923 2788 exerci-

346 2813 460 2859 tum
492 2818 855 2874 comparasse,
885 2804 1133 2874 quamvis
1161 2803 1275 2871 ejus
1306 2816 1528 2857 conatus
1556 2815 1725 2859 morte
1756 2806 1922 2857 inter-

348 2876 600 2929 veniente
620 2873 761 2927 irriti
805 2874 1019 2928 fuerint.
1061 2873 1380 2928 Gensericus
1410 2877 1633 2937 interea,
1663 2876 1737 2928 uti
1770 2877 1922 2928 tcsus

352 2953 436 3000 est
460 2945 598 2998 idem
625 2944 934 3012 Procopius,
964 2954 1020 2998 ut
1049 2944 1151 2999 sibi
1181 2943 1411 2999 Africam
1452 2955 1635 2999 contra
1659 2946 1923 2999 Romano-

350 3030 472 3070 rum
506 3014 732 3069 insoltus
761 3024 1043 3080 assereret,
1076 3028 1283 3081 omnes,
1316 3023 1537 3083 excepta
1579 3016 1920 3083 Carthagine,

351 3085 497 3140 illius
527 3084 685 3139 urbes
714 3100 775 3138 ac
805 3086 995 3154 oppida
1028 3088 1228 3139 munita
1251 3126 1265 3149 ,
1315 3088 1479 3140 muris
1510 3101 1730 3155 prorsus
1757 3086 1921 3139 nuda-

1990 459 2137 515 sibus
2171 479 2184 513 ;

2545 528 2667 578 Hinc
2690 528 2931 577 Vandalus
2953 528 3104 580 hostis

2090 591 2262 653 Urget,
2289 597 2341 639 ct
2367 593 2413 639 in
2434 598 2649 639 nostrum
2674 603 2932 639 numerosa
2955 590 3112 640 classe
3128 592 3396 653 quotannis

2091 652 2259 700 Militat
2285 654 2545 709 excidium,
2566 665 2900 712 conversoque
2926 653 3095 699 ordine
3120 652 3205 700 lati

2094 714 2297 762 'l‘orrida
2315 713 2583 763 Caucaseos
2601 714 2749 763 infert
2768 714 2881 761 mibi
2906 713 3051 775 Byrsa
3074 714 3269 763 furores

2073 818 2158 871 Η.
2192 818 2438 885 Ejusdem
2472 817 2546 871 rei
2572 826 2758 872 testem
2794 816 3269 871 luculentissimum
3312 814 3571 874 habemus

2001 887 2340 955 Procopium,
2372 888 2461 955 qui
2493 888 2630 941 libro
2658 888 2760 941 ide
2794 887 2938 940 Bello
2966 886 3277 952 Vandalico,
3308 887 3572 956 ejusmodi

1998 957 2323 1026 irruptiones
2372 968 2488 1027 post
2536 957 2894 1011 Valentiniani
2937 956 3137 1011 obitum
3184 958 3571 1026 frequentiores

2003 1027 2167 1081 fuisse
2199 1028 2390 1091 refert;
2421 1043 2539 1079 rum
2566 1042 2753 1095 nempe
2786 1036 2976 1095 praeter
2997 1027 3193 1079 Alanos
3231 1028 3394 1081 Mauri
3444 1044 3574 1096 quo-

2041 1113 2107 1151 ue
2152 1113 2273 1152 sese
2318 1097 2565 1151 Vandalis
2608 1097 2656 1149 in
2694 1099 2773 1150 his
2803 1096 3227 1165 expeditionibus
3263 1096 3573 1165 adiunxere.

2041 1113 2107 1151 ue
2152 1113 2273 1152 sese
2322 1112 2565 1151 vatiuatts
2608 1113 2656 1149 tn
2694 1112 2773 1150 tus
2803 1112 3227 1165 expeutttontuus
3263 1112 3573 1165 anyunxcre.

2002 1112 2346 1232 Eensericus,
2383 1168 2572 1236 inquit,
2602 1167 2904 1219 Maurorum
2926 1166 3119 1219 auxilio
3143 1166 3359 1219 validior
3388 1168 3576 1237 factus,

2007 1247 2276 1306 postquam
2315 1237 2701 1291 Valentinianus
2726 1238 2845 1305 fatis
2888 1246 3224 1301 concesserat,
3262 1239 3452 1303 quoties
3498 1252 3576 1290 ver

2006 1309 2252 1374 redierat,
2286 1324 2418 1360 nunc
2442 1308 2704 1368 Siciliam,
2756 1321 2885 1360 nunc
2930 1306 3140 1358 Italiam
3189 1306 3578 1375 papulabundus

2007 1379 2236 1438 vexabat,
2283 1378 2471 1447 Oppida
2516 1378 2619 1429 alia
2664 1378 2717 1430 in
2767 1378 3026 1430 servitium
3068 1376 3309 1439 trahens,
3354 1377 3581 1442 diruens,

2009 1448 2111 1500 alia
2134 1458 2316 1501 cuncta
2343 1446 2538 1514 rapinis
2569 1448 2896 1513 exltauriens,
2922 1449 3078 1499 donec
3119 1446 3237 1499 inde
3257 1447 3396 1517 Aipsa
3425 1447 3582 1499 vasti-

2010 1527 2111 1571 tate
2130 1518 2356 1571 locornm
2386 1534 2650 1586 rerumque
2674 1518 2887 1586 penuria
2916 1519 3119 1585 fugatus
3148 1516 3215 1567 ad
3244 1514 3462 1586 Orienti!
3495 1518 3583 1569 int-

2013 1590 2261 1656 peratoris
2290 1589 2491 1641 subdita
2512 1584 2573 1640 se
2590 1584 2753 1653 vertit,
2785 1584 3149 1656 Illyricumque
3172 1602 3314 1638 omne
3350 1598 3398 1639 et
3430 1584 3585 1656 Pelo-

2013 1652 2327 1727 ponnesum,
2374 1660 2523 1729 eique
2562 1652 3127 1729 adjacentes'insulas,
3187 1657 3389 1726 altaque
3422 1652 3587 1729 Gnaei

2017 1731 2233 1781 nominis
2255 1726 2463 1782 invadit.
2494 1726 2637 1781 lnde'
2659 1726 2868 1781 Italiam
2909 1727 3240 1795 Siciliamque
3267 1736 3513 1789 repetens,
3543 1726 3587 1778 si

2016 1800 2140 1868 quid
2165 1815 2322 1868 nuper
2344 1799 2575 1851 relictum
2618 1800 2803 1868 fuerat,
2850 1797 3049 1865 diripit.
3090 1795 3258 1868 _Cerle
3288 1797 3498 1868 Mauros
3520 1797 3587 1847 si-

2016 1864 2124 1923 mul
2170 1864 2289 1922 cum
2339 1868 2587 1923 Vandalis
2618 1864 3041 1922 'commistosiu
3090 1864 3292 1919 Italiam
3334 1867 3589 1933 irrupisse

2016 1946 2280 1992 memorat
2324 1954 2482 2003 supra
2538 1938 2781 1992 laudatus
2821 1936 3075 1993 Sidonius
3117 1937 3439 2004 Apollinaris
3473 1951 3589 1988 car-

2018 2010 2160 2063 mine
2188 2008 2252 2073 5;
2280 2009 2362 2063 ubi
2394 2008 2682 2075 Maioriano
2717 2012 2953 2076 Augusto
2981 2007 3274 2076 gratulatur
3303 2010 3371 2062 ob
3404 2005 3582 2061 Victo-

2017 2080 2147 2133 riam
2180 2079 2231 2132 in
2264 2081 2389 2133 istas
2420 2088 2605 2147 gentes
2636 2080 2890 2131 barbaras
2921 2079 3142 2131 relatam
3171 2093 3184 2128 :

2337 2170 2622 2229 Campanam
2649 2168 2873 2217 ﬂantibus
2898 2168 3072 2215 austris

2114 2232 2403 2290 Ingrediens
2430 2227 2629 2287 terram,
2652 2243 2873 2278 securum
2898 2229 3050 2277 milite
3075 2227 3237 2276 Mauro

2114 2289 2389 2353 Agricolam
2410 2292 2712 2353 aggreditur,
2741 2292 2933 2353 pinguis
2956 2302 3043 2347 per
3067 2295 3273 2353 transtra
3297 2289 3501 2353 sedebat

2116 2350 2373 2406 Vitttlalus,
2395 2350 2665 2414 opperiens
2684 2350 2892 2415 prtetlam
2917 2364 3059 2413 quam
3074 2352 3287 2411 jusserat
3309 2350 3421 2399 illuc

2116 2415 2310 2476 Captivo
2336 2420 2560 2476 capit-nte
2590 2417 2739 2473 trahi;
2765 2416 3033 2476 selvestra
3060 2418 3268 2473 repente

2117 2473 2249 2525 Inter
2275 2473 2536 2537 utrumque
2563 2476 2750 2524 hostem
2782 2474 3021 2523 dederant
3042 2485 3155 2522 sese
3179 2473 3369 2534 agmina
3394 2473 3563 2534 planis.

2024 2580 2264 2646 Magnam
2332 2581 2430 2634 hac
2491 2578 2771 2634 occasione
2822 2577 3027 2631 cladem
3094 2576 3350 2632 Vandalis-
3398 2576 3597 2632 illatam

2023 2650 2278 2705 describit
2333 2653 2467 2703 idem
2519 2660 2725 2715 auctor,
2770 2648 3026 2717 dissipato
3078 2649 3283 2715 penitus
3330 2658 3382 2701 et
3422 2646 3599 2716 fugato

2026 2721 2374 2774 barbarorum
2404 2723 2665 2783 exercitu,
2697 2719 2833 2773 cuia
2858 2718 3147 2771 Genscrico
3178 2717 3459 2786 praefectus
3486 2717 3599 2772 fue-

2024 2802 2107 2844 rat
2136 2794 2336 2845 sororis
2363 2807 2422 2843 su
2442 2809 2471 2840 υ
2498 2790 2741 2843 maritus.
2785 2790 3052 2857 Ingentem
3076 2803 3284 2856 quoque
3322 2788 3600 2842 victoriam

2027 2863 2127 2915 8|th
2167 2861 2321 2915 Avito
2351 2862 2401 2914 in
2434 2859 2946 2925 Vandalusrelatam
2998 2867 3259 2912 memorat
3304 2858 3500 2911 ldatius
3549 2860 3601 2911 iu

2025 2932 2312 2996 Chronico,
2345 2932 2429 2986 ubi
2478 2944 2718 2998 magnam
2764 2944 2946 2983 eorum
2986 2928 3376 2983 multitudinem
3402 2942 3430 2978 a
3463 2926 3602 2998 Ricig

2028 3017 2173 3055 mere
2221 2997 2637 3055 circumventam
2687 3013 2982 3066 cassamque
3023 3000 3185 3052 fuisse
3225 2999 3464 3067 asserit,
3509 2997 3602 3067 qui

2027 3086 2147 3125 eum
2176 3073 2442 3139 sexaginta
2467 3072 2691 3125 navibus
2721 3071 2788 3123 ad
2834 3065 3030 3139 Gallias
3068 3069 3143 3121 vel
3189 3065 3399 3139 italiam
3440 3065 3603 3121 move-

350 3135 1226 3221 ἶίίξέξίᾆᾷἶιίξέι’ἑῦέιξῖιίῌξιέὸῆ
1252 3135 1660 3210 ξοίᾖέῆἶιιᾛῆ
1673 3135 1927 3225 abi—‘65:,
1954 3135 1999 3196 C
2031 3153 2167 3225 rant.
2202 3142 2254 3196 Id
2284 3135 2334 3196 in
2366 3142 2579 3197 Corsica
2605 3140 2775 3195 insula
2800 3138 3089 3208 contigisse
3110 3137 3334 3192 articulo
3356 3138 3603 3206 sequenti

352 3227 532 3282 moliri
560 3225 776 3291 vellent,
804 3235 1049 3280 carerent
1089 3226 1356 3295 confugio,
1390 3227 1481 3280 sed
1519 3230 1679 3281 etiam
1721 3238 1775 3280 ut
1803 3242 1868 3280 ne
1898 3226 1932 3281 ii

353 3299 443 3368 qui
477 3296 619 3350 forte
650 3296 988 3368 mitterentur
1017 3297 1083 3368 ab
1114 3298 1527 3368 imperatoribus
1548 3338 1563 3362 ,
1594 3312 1742 3366 spem
1770 3298 1931 3351 ullam

352 3366 644 3446 Quidquam
679 3366 915 3439 tentandi
948 3370 997 3421 in
1024 3367 1286 3422 Vandalos
1318 3368 1594 3422 haberent.

428 3458 519 3530 12.
560 3458 755 3513 Verum
800 3461 1011 3529 gravior
1058 3460 1154 3514 fuit
1182 3460 1296 3527 eiu;
1335 3460 1387 3514 in
1421 3462 1664 3515 homines
1692 3478 1847 3530 quam
1880 3464 1933 3517 in

355 3529 569 3585 urbium
605 3545 799 3600 muros
830 3532 1150 3599 persecutio.
1199 3531 1403 3584 Etenim
1435 3548 1559 3600 quos
1579 3574 1594 3597 ,
1640 3529 1720 3586 uti
1748 3548 1933 3600 prose-

353 3601 539 3670 quitur
567 3599 706 3672 idem
735 3610 939 3672 auctor,
969 3601 1107 3669 fama
1134 3612 1222 3654 aut
1249 3602 1426 3671 opibus
1448 3599 1678 3672 egregios
1706 3599 1932 3670 navarat,

353 3686 472 3742 eum
500 3674 639 3742 agris
665 3670 916 3742 simulque
943 3673 1157 3735 pecunia
1188 3673 1346 3740 omni,
1361 3670 1497 3725 velut
1514 3670 1789 3742 mancipia,
1816 3676 1936 3741 ﬁliis

355 3738 663 3795 Honorii-Ito
696 3748 741 3793 et
768 3738 988 3795 Gensoui
1016 3738 1518 3796 lrarlebal......Aliis
1545 3738 1786 3809 Afrorum
1816 3738 1935 3811 plu-

355 3812 516 3865 rimas
564 3814 904 3883 optimusque
940 3812 1123 3880 fundos
1166 3814 1644 3883 ademit...quorum
1694 3815 1938 3869 veteribus

357 3882 600 3952 dominis,
623 3881 794 3952 liberis
818 3881 1041 3952 quidem,
1077 3883 1165 3935 sed
1191 3892 1407 3952 egestate
1441 3881 1650 3951 pressis,
1682 3884 1821 3937 abire
1842 3902 1938 3952 quo

355 3951 540 4007 vellent
572 3950 872 4005 licebat.....
904 3951 1188 4007 Deteriores
1214 3950 1375 4007 terras
1415 3950 1660 4007 veteribus
1693 3950 1939 4021 relinque-

324 4038 331 4043 '
357 4023 446 4076 bat
474 4022 711 4087 dominis,
742 4021 831 4075 sed
861 4030 999 4075 tanto
1025 4026 1116 4076 sub
1141 4025 1349 4087 tributo,
1382 4033 1437 4077 ut
1462 4023 1569 4077 illis
1595 4027 1656 4078 de
1688 4040 1781 4076 suo
1810 4024 1940 4077 nihil

357 4090 634 4164 rediret.”
642 4094 744 4158 inc,
772 4092 960 4161 inquit,
980 4094 1170 4161 factum
1201 4107 1252 4146 ut
1280 4100 1505 4164 fugerent
1536 4094 1700 4157 multi,
1716 4096 1863 4147 multi
1894 4104 1941 4148 et

355 4162 771 4234 interﬁcerentur
799 4164 1096 4216 criminibus
1124 4162 1310 4229 variis,
1340 4162 1476 4234 iuno,
1497 4166 1900 4234 frequentissimo
1923 4206 1938 4228 ,

354 4233 497 4306 quod
530 4238 766 4306 pecunias
787 4236 1050 4306 occultare
1094 4235 1402 4306 dicerentur.
1453 4233 1539 4289 Ita
1584 4236 1939 4306 omnis7227

354 4302 543 4375 Africa
585 4302 892 4375 gravissimis
938 4305 1309 4357 calamitatibus
1352 4306 1598 4375 implicita
1627 4315 1719 4359 est.
1754 4302 1940 4360 verse.

358 4371 637 4428 cntionem
679 4373 817 4427 hanc
845 4371 1010 4427 fusius
1052 4376 1305 4429 describit
1337 4371 1516 4430 Victor
1549 4378 1779 4431 Vitensis
1808 4376 1943 4431 libro

357 4459 404 4512 ι,
432 4457 461 4495 a
490 4458 637 4497 num.
664 4442 697 4496 9
720 4457 886 4512 usque
912 4446 977 4499 ad
1006 4445 1125 4499 libri
1157 4446 1343 4510 linem;
1386 4448 1475 4501 ubi
1502 4448 1658 4500 etiam
1687 4461 1943 4515 quorum-

359 4515 489 4569 dam
522 4522 817 4581 martyrum
843 4529 1039 4581 agones
1063 4518 1248 4579 refert,
1273 4519 1362 4584 qui
1392 4520 1441 4571 in
1471 4519 1629 4571 variis
1659 4512 1945 4584 provinciis
1977 4512 2025 4570 ῐ)

361 4592 743 4657 consummato
784 4588 1039 4657 martyrio
1079 4587 1400 4640 claruerunt.
1448 4588 1552 4642 Sed
1585 4588 1697 4641 hmc
1723 4603 1787 4641 es
1833 4588 1947 4657 ipso

362 4653 937 4727 Victoregrepetenda‘
970 4665 1114 4721 sunt,
1164 4672 1281 4727 qure
1321 4658 1515 4713 videsis
1544 4672 1703 4727 supra
1748 4653 1867 4727 pag;
1917 4662 1949 4714 8

362 4724 499 4797 (col.
531 4723 656 4793 193)
683 4736 737 4778 et
769 4727 1135 4795 sequentibus.

448 4814 535 4871 15.
557 4815 671 4870 Non
700 4816 875 4871 minus
903 4827 1081 4873 autem
1105 4828 1256 4874 extra
1282 4819 1514 4875 Africam
1537 4820 1791 4877 saeviebat
1811 4821 1955 4877 Gen-

364 4888 621 4960 sericas,
634 4898 690 4939 ut
721 4897 943 4960 testatur
972 4889 1113 4944 idem
1140 4898 1351 4954 auctor,
1400 4892 1491 4960 qui
1541 4892 1677 4945 libro
1714 4893 1950 4958 laudato,

365 4971 526 5029 rsum.
546 4958 651 5029 ,ηε
675 4959 927 5012 tredecim
953 4960 1252 5028 provincias
1275 4958 1519 5015 recenset
1545 4962 1596 5015 in
1620 4964 1811 5029 quibus
1833 4978 1954 5016 cru-

366 5026 683 5101 delissimus
714 5028 802 5101 ille
828 5026 1083 5098 tyrannus
1103 5032 1501 5101 acerbissimam
1530 5026 1951 5101 persecutionem

368 5097 1002 5172 (Ξριῃιηογὶιηρυωίυενο,
1044 5101 1235 5172 inquit,
1280 5102 1334 5154 in
1366 5097 1643 5172 Hispania,
1675 5106 1725 5155 in
1772 5102 1946 5168 Italia,

370 5166 663 5240 pulsantia,
694 5168 999 5240 Campania,
1031 5166 1291 5237 Calabria,
1334 5166 1545 5240 Apulia,
1580 5166 1788 5240 Sicilia,
1824 5166 1954 5226 Sar-

370 5235 830 5314 ginia,_Brutiis,_'
873 5235 1396 5314 VenetiaLLuca‘nia',
1448 5235 1607 5314 Epiro
1664 5235 1831 5297 Veteri
1875 5243 1950 5296 vel

301 5343 309 5349 -
374 5303 609 5383 Hellade
636 5310 866 5383 gesserit,
898 5303 1175 5383 melius-ibi
1207 5314 1305 5381 ipsi
1349 5303 1437 5382 qui
1469 5303 1607 5383 passi
1644 5325 1761 5367 sunt
1807 5315 1955 5367 mise-

373 5375 859 5458 rabiliter-lugendo
880 5381 1181 5458 narrabant.
1210 5375 1326 5458 Non
1348 5375 1488 5458 enini
1514 5398 1631 5458 sese
1653 5386 1957 5458 continebat

375 5448 525 5501 intra
556 5448 744 5524 Africa;
774 5454 1030 5524 terminos
1060 5452 1269 5506 barbari
1292 5456 1433 5522 regis
1461 5456 1681 5507 saevitia.
1724 5455 1956 5524 Singulis

378 5531 581 5585 nempe
617 5520 789 5591 annis_
810 5520 1081 5590 piraticam
1124 5520 1400 5589 exercens,
1439 5524 1697 5590 Siciliam,
1728 5520 1950 5591 Italiam,

379 5598 717 5663 (steterasque
758 5588 1118 5645 Romanorum
1158 5596 1474 5662 provincias,
1529 5611 1660 5663 quas
1686 5588 1956 5663 'przesidio

380 5659 671 5735 destitutas
701 5662 984 5735 languente
1014 5659 1236 5728 imperio
1262 5659 1482 5731 sciebat,
1513 5659 1952 5735 depopulabatur.

380 5730 466 5795 De
506 5732 605 5789 lttc
630 5746 689 5789 re
715 5733 1060 5801 conqueritur
1080 5735 1329 5792 Sidonius
1357 5730 1677 5800 Apollinaris
1717 5751 1795 5792 ca'
1812 5738 1958 5792 mine

2034 3220 2278 3268 testatur.

2108 3285 2194 3338 t5.
2229 3283 2489 3337 Caeterum
2518 3283 2819 3351 Majoranus
2847 3295 3053 3345 omnes,
3101 3278 3270 3348 inquit
3294 3277 3605 3346 Procopius,

2034 3356 2121 3424 qui
2153 3364 2308 3409 antea
2335 3352 2588 3407 Romanis
2637 3354 3046 3421 imperaverunt,
3091 3354 3287 3424 virtute
3325 3362 3604 3424 superans,

2034 3419 2227 3480 Africa:
2276 3426 2525 3478 damnum
2582 3419 2850 3493 nunquam
2900 3424 3086 3477 leviter
3127 3419 3363 3493 perferre
3414 3420 3602 3487 potuit,

2036 3495 2272 3567 nihilque
2320 3510 2423 3548 non
2464 3493 2663 3567 audere
2708 3491 2920 3567 paratus
2954 3500 3070 3567 er_at
3095 3491 3256 3561 228
3300 3499 3356 3542 ut
3398 3498 3606 3567 partem

2038 3562 2477 3621 hanc'terrarum
2538 3565 2685 3617 orbis
2725 3565 2949 3633 imperio
2998 3562 3239 3633 Romano
3283 3562 3605 3633 restitueret.

2038 3636 2117 3691 Eo
2147 3637 2326 3689 animo
2358 3638 2407 3687 in
2440 3634 2668 3688 Afritam
2702 3628 2902 3686 mutato
2931 3632 3113 3685 habitu
3142 3641 3497 3685 transmeasse
3523 3628 3608 3682 di-

2037 3708 2194 3770 citur,
2226 3706 2500 3760 Genserici
2524 3706 2665 3757 vires
2686 3704 2895 3772 aliaque
2923 3717 3015 3772 per
3035 3702 3401 3772 semetipsum,
3438 3699 3603 3767 prius-

2039 3764 2196 3846 quam
2244 3776 2441 3829 bellum
2493 3764 3243 3846 susciperet;exploraturus.
3309 3764 3613 3846 dimittimus
3658 3801 3665 3807 -

2040 3839 2192 3899 etiam
2232 3862 2402 3908 naves,
2431 3854 2489 3896 ttt
2519 3845 2569 3897 in
2595 3839 2745 3897 ldatii
2779 3842 3045 3896 Chronico
3088 3839 3305 3907 legitur,
3334 3839 3386 3892 in
3422 3839 3612 3907 llispa-

2042 3918 2129 3970 nia
2183 3914 2470 3983 prteparari
2516 3922 2799 3983 curaverat
2839 3912 2911 3963 ad
2956 3911 3249 3983 transitum,
3302 3908 3509 3983 bneque
3560 3910 3610 3961 in

2042 3978 2487 4040 Africam'statim
2522 3982 2929 4037 transmissurus
2966 3981 3073 4047 jam
3114 3978 3450 4048 properabat,
3492 3991 3613 4030 cum

2044 4056 2160 4111 illas
2189 4054 2403 4108 Vandali
2437 4069 2529 4121 per
2572 4052 2869 4119 proditores
2915 4049 3223 4121 commoniti
3265 4047 3612 4114 corripuere;

2043 4128 2224 4193 sicque
2250 4126 2539 4192 imperator
2565 4139 2622 4177 re
2649 4121 2849 4194 inlecta
2875 4121 2927 4174 in
2961 4120 3164 4194 Italiam
3213 4124 3614 4194 reversusest;

2044 4186 2161 4267 quin
2205 4186 2412 4267 duobus
2440 4193 2709 4267 Augustis,
2746 4192 2936 4267 _L_eune
2968 4190 3177 4267 scilicet
3216 4186 3613 4267 et_Majo.rian_o,

2045 4256 2373 4330 consulibus,
2401 4265 2449 4317 Μ
2473 4256 2554 4317 est
2576 4256 2718 4317 anno
2738 4262 2933 4315 Christi
2956 4261 3082 4324 458,
3106 4258 3391 4327 contigisse
3411 4256 3619 4330 cessio.

2046 4337 2209 4391 dorus
2240 4326 2417 4389 tradit.
2454 4334 2647 4388 Verum
2699 4333 2799 4386 etsi
2851 4339 2997 4384 tanto
3042 4330 3228 4383 classis
3260 4326 3385 4382 sua:
3422 4326 3619 4380 damno

2050 4409 2322 4477 perculsus
2344 4405 2366 4477 Γ
2370 4405 2530 4477 uisset
2552 4404 2891 4471 Majorianus,
2917 4403 2983 4477 ab
3006 4402 3235 4467 inempto
3261 4406 3436 4451 tamen
3458 4414 3621 4477 opere

2050 4470 2269 4531 minimc
2326 4470 2795 4548 deterritttsest_,_
2842 4474 2928 4541 qui
2973 4486 3239 4548 nunquam
3284 4470 3618 4548 propositum

2053 4548 2245 4602 Africa:
2289 4545 2666 4613 recuperanda:
2713 4540 2939 4617 abiecit,
2990 4541 3243 4595 Romanis
3284 4540 3521 4617 idipsuttl
3554 4553 3621 4591 ex

2052 4619 2390 4687 imperatoris
2406 4608 2608 4687 virtute
2629 4608 2996 4687 sperantibus:
3021 4626 3141 4665 cum
3163 4609 3461 4687 econtrario
3483 4608 3624 4662 Gen-

2054 4679 2259 4743 sericus
2288 4686 2415 4740 nihil
2448 4702 2553 4739 nou
2586 4679 2821 4739 moveret
2850 4683 2917 4736 ad
2944 4696 3125 4750 pacem
3151 4679 3220 4733 ab
3246 4694 3311 4732 eo
3334 4680 3623 4745 impetran-

2056 4760 2195 4823 dam,
2230 4772 2386 4826 quam
2413 4772 2505 4825 per
2553 4755 2756 4823 legatos
2784 4753 2942 4822 paulo
2978 4761 3098 4826 post
3132 4758 3341 4826 ereptas
3369 4762 3500 4816 quas
3529 4763 3623 4800 su-

2057 4844 2151 4899 pra
2183 4820 2825 4899 memor_a'vimus:t_taves,
2862 4823 3159 4899 postulasse
3202 4826 3269 4873 ab
3302 4820 3623 4899 imperatore

2059 4887 2308 4953 observat
2348 4896 2565 4949 ldatius.
2614 4894 2804 4947 Verum
2846 4887 2966 4946 cum
3014 4891 3135 4945 huic
3178 4887 3500 4957 expeditioni
3548 4896 3628 4941 to-

2061 4978 2145 5023 tus
2204 4967 2537 5021 incumberet
2608 4964 2971 5033 Majoriauus,
3046 4960 3319 5033 repentino
3382 4958 3631 5033 viscerum

2060 5039 2232 5091 morbo
2294 5037 2594 5100 absumitur,
2650 5028 2820 5103 inquit
2872 5028 3163 5099 Procopius
3199 5074 3233 5103 ,7
3273 5030 3347 5080 vir
3411 5028 3463 5088 in
3513 5028 3633 5079 sub-

2060 5109 2527 5169 ditosmoderotus,
2575 5107 2628 5158 in
2668 5102 2835 5157 hostes
2883 5104 3143 5155 terribilis.
3198 5102 3329 5153 lium
3377 5107 3559 5153 tamen
3605 5112 3633 5149 a

2062 5178 2329 5232 Ricimere
2362 5174 2696 5247 interfectum
2728 5172 3089 5247 fuisseLatjni
3115 5179 3360 5247 auctores
3386 5169 3635 5247 produnt,

2061 5264 2286 5319 quorum
2324 5248 2610 5319 potior,_ut
2640 5246 2712 5319 ait
2738 5243 2977 5319 Papirius
3005 5243 3283 5319 Massonus
3327 5239 3377 5293 in
3410 5239 3635 5319 Historia

2063 5308 2423 5372 calamitatum
2457 5308 2660 5381 Gallic,
2680 5316 2785 5387 hac
2814 5308 2863 5367 in
2893 5324 3043 5383 parte
3074 5312 3228 5387 debet
3257 5324 3377 5365 esse
3407 5308 3639 5387 auctori-

2066 5399 2169 5443 tas.
2195 5388 2259 5440 Et
2284 5388 2497 5456 quidem
2547 5388 2627 5440 liis
2671 5386 2831 5449 favet,
2878 5380 3071 5456 printer
3102 5382 3339 5456 locorum
3371 5380 3636 5456 viciniam,

2068 5459 2182 5527 ipsa
2204 5446 2502 5525 teut-porum
2533 5446 2953 5527 t-ircumsta'utia.
3060 5456 3181 5527 ilius
3219 5468 3251 5521 q
3276 5452 3499 5527 iippe,‘q
3525 5446 3639 5524 uiid

2064 5517 2260 5601 αἴθει-ω
2292 5517 2470 5601 liabet,
2502 5525 2943 5601 sicut_l-;_unodius
2968 5517 3291 5601 Ticinensi's,
3314 5517 3389 5601 Ve}
3426 5517 3642 5601 υξίδζὶυο

2062 5600 2243 5660 dorus,
2274 5583 2467 5651 eodeni
2492 5614 2594 5665 quo
2624 5597 2942 5661 Maiorianus
2968 5583 3509 5665 letnporevivebant:
3540 5583 3642 5637 Lo-

2064 5684 2183 5723 cum
2211 5658 2350 5722 indic
2371 5680 2445 5721 ant
2471 5658 2650 5721 comes
2679 5658 3011 5720 .llarcellinus
3034 5658 3087 5718 et
3106 5658 3639 5715 MarinsAventincn-

2063 5739 2138 5795 sis
2182 5753 2278 5795 seu
2324 5739 2714 5795 Lausattnettsis
2763 5740 3044 5809 episcopus
3076 5735 3127 5787 itt
3170 5725 3472 5789 Οιιτοιιίείε.
3520 5742 3643 5787 cum
