4078 6348
314 344 422 401 597

670 295 1013 398 lRUlNARTl
1048 340 1119 411 In
1158 339 1524 404 HISTORIAM
1563 330 1846 387 PERSEG.
1895 330 2189 390 VANDAL.
2229 334 2763 394 COMMENTARIUS
2803 329 3224 390 lllSTORlCUS.
3319 349 3372 374 με

3481 329 3589 392 398

313 454 508 521 fundo,
539 463 736 527 cietera
767 468 896 527 vero
925 468 1045 527 quae
1075 453 1140 506 de
1173 467 1415 527 augente
1445 454 1669 527 aliisque
1695 455 1907 507 confes-
1931 462 1988 527 Α
2013 458 2181 527 ctesne
2209 455 2646 527 conﬁrntanonem
2671 454 2834 506 vivere
2860 453 3068 527 asserit.
3102 451 3310 527 Locum
3328 457 3590 527 tntegrum

313 527 532 581 soribus
582 523 850 579 Africanis
907 523 1139 590 profert,
1192 539 1253 593 ex
1310 523 1694 590 antiquioribus
1743 532 1903 593 atque

314 600 480 653 certis
507 596 872 650 monumentis
899 593 1167 647 hauserat.
1195 591 1457 663 Caeterum
1487 609 1546 647 ea
1579 593 1754 648 omnia
1783 591 1903 663 qua:

314 670 387 723 de
429 668 529 721 hac
567 667 941 731 persecutione
979 671 1083 716 tatu
1119 667 1168 715 in
1205 663 1365 733 240
1393 662 1627 718 Historia
1670 662 1904 718 Franco-

315 755 436 792 rum
473 753 632 807 quam
666 737 718 788 in
758 734 1001 807 li_bro_d_e
1032 733 1210 788 Gloria
1241 737 1531 807 Martyrum
1571 734 1767 807 ret‘ert,
1806 751 1904 788 suo

313 810 439 863 loco
470 804 695 862 inferius
723 805 1112 869 exhibebimus,
1145 820 1264 859 cum
1299 804 1549 858 nonnulla
1581 806 1902 871 praemiseri-

316 895 438 933 tnus
469 893 606 948 quze
627 878 694 930 de
737 876 842 930 illis
879 876 1226 930 sanetissimis
1256 873 1652 930 confessoribus
1680 873 1769 928 alii
1813 890 1904 928 au-

313 947 498 1004 ctores
525 947 746 1003 habent.

387 1021 441 1073 2.
480 1020 554 1073 De
585 1016 805 1086 liugenii
829 1014 1162 1086 ordinatione
1188 1015 1264 1086 sic
1292 1014 1525 1086 loquitur
1548 1013 1730 1086 Victor
1759 1013 1904 1086 Tun-

316 1091 576 1145 noneosis
618 1083 988 1158 episcopusjn
1027 1083 1293 1158 Chronico
1325 1083 1592 1158 :Yiviano
1644 1083 1708 1138 V.
1754 1083 1903 1158 C._et

321 1160 519 1213 Basilio
565 1155 852 1212 consulibus
902 1155 1315 1226 Carthaginiensis
1366 1155 1602 1210 Ecclesia
1645 1165 1757 1223 post
1801 1155 1902 1209 Ca-

318 1231 551 1298 preolum
568 1273 582 1294 ,
619 1228 1016 1294 Quodvultdeus,
1044 1224 1303 1298 Eugenius
1329 1226 1590 1298 episcopus
1611 1225 1900 1280 ordinatur.

317 1295 506 1353 Annus
538 1301 618 1353 his
649 1298 956 1354 consulibus
985 1295 1292 1364 designatus
1322 1295 1459 1365 apud
1495 1296 1758 1350 Victorem
1782 1312 1904 1350 terte

319 1371 639 1425 Ciuistianze
679 1384 819 1422 anno
863 1366 968 1422 465
998 1368 1318 1434 respondet,
1358 1381 1464 1435 quo
1511 1381 1641 1420 sane
1683 1367 1903 1435 Eugenii

317 1442 588 1494 ι-τιιὶιιηῑὶο
620 1439 918 1506 eonsignari
959 1440 1158 1500 nequit.
1191 1437 1393 1491 Etenim
1437 1451 1502 1490 ex
1545 1437 1765 1490 alterius
1816 1437 1904 1490 Vi-

319 1513 521 1572 ctoris.
561 1510 790 1565 Viteusis
831 1507 1032 1562 scilicet
1063 1506 1324 1571 ilistoria,
1357 1519 1562 1576 certum
1602 1514 1685 1562 est
1734 1506 1903 1576 Euge-

320 1584 468 1636 nium
500 1583 623 1634 huic
661 1581 917 1634 Ecclesia:
951 1577 1254 1646 prchectttm
1297 1575 1460 1631 fuiss’e
1500 1579 1599 1631 sub
1638 1575 1905 1632 Hunerico

321 1667 468 1722 rege,
503 1668 623 1705 cum
659 1651 906 1722 nimirum
930 1651 1047 1722 iste
1090 1648 1344 1722 barbarus
1375 1647 1439 1702 ad
1469 1647 1905 1722 Zenonis‘intpe-

321 1718 518 1790 raioris
549 1721 894 1790 Placidimquc
922 1719 1126 1790 Olybrii
1158 1718 1358 1790 relictae
1386 1733 1589 1790 preces,
1623 1718 1903 1773 catholicis

322 1787 838 1862 Carthagin’ensibus
861 1787 1189 1862 permisisset
1208 1787 1442 1862 episcopi
1465 1789 1781 1862 electionem
1799 1829 1826 1862 ,_
1847 1797 1904 1862 ut

324 1864 491 1916 fusius
525 1858 705 1916 narrat
742 1861 828 1914 ille
861 1867 1043 1913 auctor
1085 1859 1202 1912 libri
1249 1874 1284 1912 ιι
1318 1860 1487 1912 ittitio.
1520 1861 1584 1914 At
1627 1873 1768 1912 anno
1800 1858 1906 1913 462

326 1934 651 1987 Gensericus
704 1931 954 1985 llunerici
1004 1941 1152 1997 pater
1196 1939 1248 1983 et
1295 1943 1588 1996 praecessor
1633 1930 1806 1984 adhuc
1853 1930 1904 1984 in

327 2005 464 2057 vivis
505 2004 724 2073 agebat,
760 2011 812 2054 et
840 1997 986 2073 Zeno
1019 2000 1098 2073 his
1140 2000 1466 2073 temporibus
1513 1999 1744 2053 nondum
1779 2016 1906 2053 con-

329 2071 614 2129 scenderat
647 2072 972 2138 imperialetn
1025 2071 1301 2134 thronum,
1347 2072 1421 2124 uti
1459 2079 1818 2138 certum_cst,
1853 2079 1909 2125 et

328 2161 393 2198 ex
427 2146 543 2212 ipso
577 2143 804 2198 Victoris
833 2141 1207 2197 Tunnoneusis
1245 2138 1510 2194 Chronico
1543 2142 1753 2264 probari
1785 2155 1908 2209 pos-

328 2226 428 2264 set.
457 2217 602 2264 Sane
631 2231 697 2264 ex
724 2213 839 2264 aliis
873 2212 1234 2264 compluribus
1262 2210 1516 2264 Victorini
1565 2211 1705 2264 ltlillS
1729 2210 1903 2264 Chro-

327 2226 428 2267 set.
448 2210 602 2270 Sane
631 2231 697 2267 ex
724 2213 839 2266 aliis
873 2212 1234 2279 compluribus
1262 2210 1516 2265 Victorini
1548 2210 1705 2280 hujus
1729 2210 1903 2266 Chro-

332 2287 430 2340 nici
462 2285 596 2339 locis
625 2295 825 2338 eertum
868 2290 950 2336 est
981 2283 1119 2335 hunc
1157 2291 1448 2344 auctorem,
1478 2297 1596 2336 cum
1625 2283 1906 2350 episeopos

331 2358 664 2410 diversarum
700 2355 903 2408 sedium
939 2362 1215 2418 recenset,
1250 2352 1406 2405 simul
1438 2354 1486 2405 in
1521 2367 1680 2406 unum
1711 2365 1906 2405 annum

330 2428 510 2493 plures
555 2427 890 2495 congessisse
931 2437 1063 2492 quos
1103 2429 1289 2495 tamen
1325 2423 1484 2476 variis
1527 2432 1580 2476 et
1622 2421 1906 2495 plurimum

328 2499 529 2551 dissitis
553 2492 882 2561 temporibus
904 2495 1174 2547 ordinatos
1197 2492 1359 2547 fuisse
1384 2509 1540 2550 nemo
1564 2493 1903 2547 inliciabitur.

327 2568 411 2621 Sic
441 2568 601 2635 paulo
639 2565 858 2621 inferius
899 2564 1147 2619 Hilarium
1167 2602 1181 2627 ,
1212 2561 1561 2635 Simplicituai
1591 2573 1640 2616 et
1670 2563 1904 2617 Felicem

329 2633 613 2701 pontiﬁces
641 2639 907 2690 Romanos
933 2637 985 2689 in
1019 2650 1180 2688 unum
1212 2637 1484 2702 congerit,
1513 2633 1651 2688 sicut
1685 2642 1739 2687 et
1765 2635 1908 2687 Gen-

330 2709 581 2772 nadium,
612 2707 914 2761 Anatolium
956 2716 1008 2759 et
1039 2707 1286 2758 Acacium
1328 2705 1605 2774 episcopos
1645 2703 1908 2758 Constan-

331 2778 737 2845 tiuopolitanns,
769 2787 855 2842 et,
890 2787 943 2829 ut
987 2785 1212 2830 eteteros
1242 2783 1475 2838 taceam,
1520 2775 1901 2842 Alexandrum,

329 2849 638 2918 Martyrium
666 2855 719 2899 et
745 2847 1011 2918 lulianum
1044 2845 1424 2918 Antiochenos.
1449 2846 1607 2918 Adde
1637 2845 1904 2901 Victorem

331 2937 398 2973 co
435 2915 536 2972 loci
574 2919 768 2972 nullam
810 2917 1119 2986 Deogratias
1156 2917 1393 2984 epiSCOpi
1442 2915 1630 2972 fecisse
1674 2920 1904 2970 mentio-

327 3005 502 3042 nem:
544 3003 695 3059 quem
747 2999 925 3059 tamen
977 2987 1114 3040 inter
1160 2986 1617 3059 Quodvultdeu'm,
1653 2989 1753 3059 qui
1808 3001 1906 3059 pro

329 3061 436 3114 fide
477 3062 527 3112 in
559 3055 799 3113 exsilium
841 3057 1024 3127 pulsus
1063 3068 1174 3122 est,
1218 3069 1270 3112 et
1314 3055 1609 3126 Eugenium
1651 3057 1904 3111 Ecclesiae

327 3130 365 3183 η
387 3130 736 3198 ιτιιιιιςξιιειιεὶ
768 3129 1042 3198 praefuisse
1072 3137 1299 3181 constat.
1333 3129 1397 3182 At
1428 3127 1646 3197 Eugenii
1690 3129 1906 3182 ordina-

327 3203 492 3282 tionis
503 3209 734 3282 .tempus
763 3215 825 3282 ex
857 3201 1010 3282 longe
1047 3199 1361 3254 certioribus
1391 3200 1716 3282 argumentis
1755 3198 1905 3282 colit-

327 3286 453 3342 gere
479 3267 733 3342 licet,’iex
765 3271 828 3326 iis
854 3267 1059 3342 scilicet
1092 3285 1210 3342 quat.
1246 3283 1405 3338 supra
1434 3283 1553 3342 cap.
1581 3267 1634 3335 6,
1670 3284 1816 3323 num.
1846 3268 1904 3336 6,

325 3339 391 3396 de
441 3343 600 3396 beato
646 3341 953 3410 Deogratias
995 3339 1109 3408 ejus
1154 3339 1438 3394 decessore
1485 3340 1903 3395 observavimus.

325 3417 459 3465 titnn
489 3416 631 3466 enim
660 3429 724 3465 ex
757 3413 848 3474 his
864 3419 1040 3481 pateat
1070 3411 1374 3479 Deogratias
1399 3424 1540 3463 anno
1565 3411 1777 3481 circiter
1797 3411 1906 3466 457

326 3486 393 3536 ad
419 3497 641 3550 superos
664 3480 879 3544 abiisse,
908 3482 1228 3550 aliundeque
1257 3495 1322 3536 ex
1347 3481 1557 3534 Victore
1578 3480 1779 3536 Vitensi
1808 3482 1901 3538 lib.

326 3570 394 3616 ll,
431 3572 576 3607 ιιιιιιι.
623 3556 683 3620 1,
731 3567 953 3612 certum,
983 3553 1050 3606 sit
1095 3552 1382 3606 Ecclesiatu
1429 3551 1906 3620 Carthaginiensem

325 3625 481 3678 annis
538 3625 608 3677 ἐι
662 3634 780 3694 post
832 3627 996 3691 ipsius
1043 3623 1246 3694 obitum
1278 3624 1546 3694 tepisc0po
1596 3623 1903 3676 destitutam

327 3697 626 3759 mansisse;
659 3693 800 3764 patet
829 3708 1040 3764 quoque
1070 3693 1289 3764 Eugeuii
1322 3693 1714 3747 ordinationem
1735 3737 1749 3760 ,
1780 3694 1902 3762 qui,

325 3779 378 3817 ιιι
412 3781 472 3818 ex
504 3762 690 3820 eodem
719 3762 932 3817 auctore
958 3762 1238 3830 discimus,
1269 3762 1427 3817 beato
1457 3764 1760 3831 Deogratias
1787 3777 1907 3818 suco

323 3837 526 3900 cess-it,
555 3850 699 3890 attito
732 3835 945 3889 circiter
973 3834 1069 3889 481
1109 3834 1306 3888 debere
1334 3833 1656 3902 eousignari.
1700 3835 1761 3886 Et
1791 3833 1909 3903 qui-

325 3908 452 3961 dem
480 3907 579 3962 hoc
609 3920 748 3958 anno
779 3906 1011 3959 nondum
1039 3914 1216 3973 aperta
1247 3912 1362 3957 erat
1390 3909 1570 3971 gravis
1605 3903 1693 3956 illa
1726 3919 1908 3971 perse-

327 3983 476 4030 cutio
515 3993 614 4046 qua
647 3977 940 4031 ﬂunericus
972 3986 1149 4041 postea
1191 3986 1293 4028 tam
1340 3977 1574 4044 graviter
1596 3974 1904 4046 Africanam

327 4044 564 4100 turbavit
605 4047 892 4101 Ecclesiazn
913 4088 928 4113 ,
959 4057 1017 4100 ut
1047 4059 1206 4114 supra
1250 4059 1368 4113 cap.
1404 4044 1722 4113 praecedenti
1755 4060 1903 4098 num.

330 4118 400 4172 10
426 4127 477 4171 ct
505 4120 740 4187 sequenti
767 4119 1128 4185 exposuimus.

400 4191 453 4243 3.
490 4185 656 4242 Porro
689 4187 866 4242 Victor
897 4185 1270 4242 Tunnonensis
1313 4186 1429 4240 loco
1463 4185 1678 4240 laudato
1714 4185 1905 4240 obser-

322 4272 417 4314 vat
440 4260 730 4327 Eugenium
771 4266 879 4330 post
903 4259 1016 4310 dira
1044 4259 1192 4330 eremi
1220 4257 1398 4310 exsilia
1429 4258 1658 4330 plurimis
1679 4257 1910 4330 afﬂictio-

321 4331 480 4384 nibus
526 4326 785 4400 poenisnte
815 4331 1006 4382 clarum
1053 4329 1191 4400 apud
1214 4343 1405 4400 ⁸οηιηεδ
1436 4326 1628 4391 fuiSse,
1662 4328 1802 4394 quod
1841 4343 1908 4384 ex

321 4397 553 4454 aliorum
587 4403 745 4453 etiam
778 4400 1012 4468 ejusdem
1053 4397 1151 4452 aevi
1194 4397 1536 4452 illustriorem
1578 4400 1900 4466 scriptorum

317 4471 651 4525 testimoniis
674 4471 976 4524 continuari
1011 4490 1052 4534 ιιι
1078 4478 1200 4522 test.
1233 4469 1304 4522 De
1333 4469 1412 4522 his
1439 4485 1558 4536 qute
1583 4471 1649 4523 ab
1678 4471 1910 4524 Antonio

316 4543 743 4596 Tamallumensi
785 4543 1098 4598 Arianorum
1145 4540 1397 4607 episcopo
1440 4542 1489 4592 in
1535 4541 1724 4593 exsilio
1763 4539 1902 4610 apud

321 4629 446 4665 cum
471 4613 793 4666 constitutus
825 4612 1068 4679 pertulit,
1097 4626 1200 4664 non
1222 4611 1380 4664 alium
1401 4610 1689 4677 querimus
1713 4621 1902 4665 testem

320 4694 522 4752 prater
552 4682 822 4735 Victorem
852 4684 1140 4752 Vgtensl'm,
1166 4695 1322 4750 quem
1354 4683 1631 4752 consulere
1659 4681 1783 4735 licet
1809 4681 1898 4735 lib.

319 4750 377 4818 ἢν,
421 4770 565 4807 ιιιιιιι.
602 4755 685 4808 il.
729 4751 907 4806 Animi
946 4763 1074 4804 vero
1116 4753 1278 4819 ipsius
1327 4750 1741 4821 magnitudinem
1785 4754 1905 4821 plu-

319 4827 521 4878 rimum
562 4825 901 4877 commendat
943 4821 1186 4877 Gelasius
1216 4835 1347 4889 papa
1385 4822 1434 4875 itt
1462 4820 1684 4886 epistola
1728 4820 1793 4876 15
1837 4825 1903 4876 ad

319 4895 608 4963 episcopos
641 4895 947 4954 Dardaniae,
981 4895 1170 4962 quibus
1215 4891 1433 4962 Eugenii
1474 4893 1905 4961 collegarumque

318 4967 465 5020 illius
497 4965 796 5034 cxctnplum
837 4972 961 5017 attte
990 4964 1171 5034 oculos
1203 4969 1384 5030 ponit,
1418 4972 1528 5034 ut__c
1560 4975 1616 5015 re
1657 4968 1909 5034 sacerdo-

319 5046 437 5088 tum
479 5049 602 5090 esse
646 5030 917 5094 ostendat.
969 5033 1261 5101 principum
1305 5030 1585 5086 conatibus
1616 5033 1900 5097 obsistere,

316 5121 447 5159 cum
481 5106 628 5174 regia
670 5106 981 5158 auctoritate
1022 5104 1232 5174 firmare
1280 5105 1518 5156 nituntur
1545 5115 1606 5156 ea
1650 5119 1766 5171 qua:
1802 5105 1904 5174 ad-

313 5191 512 5229 uersus
538 5173 761 5243 j’UStitia:
792 5175 932 5244 leges
970 5175 1117 5226 linnt.
1165 5173 1313 5228 Ecce.
1356 5174 1550 5242 inquit,
1596 5189 1758 5242 nuper
1788 5173 1906 5226 Hu-

314 5248 494 5300 nerico
523 5248 632 5316 regi
668 5245 965 5299 Vandalica:
989 5245 1230 5316 nntiom's,
1261 5244 1574 5316 virintagnus
1601 5253 1646 5295 et
1671 5247 1906 5316 egregius

313 5319 562 5371 SUCdeUS
583 5315 634 5370 et
676 5316 932 5387 ffugi-anius
962 5315 1376 5387 Carthaginiensis
1404 5315 1689 5387 episcopus,
1722 5315 1904 5368 multi-

310 5403 420 5452 rrne
449 5405 563 5440 cum
595 5383 774 5441 eodeni
823 5386 1059 5438 catholici
1098 5383 1384 5437 taeerdotes
1422 5383 1578 5456 24],
1611 5393 1903 5441 constanter

312 5461 617 5511 restiterunt
677 5457 936 5524 stericnti,
997 5466 1276 5524 cunctaque
1321 5465 1546 5508 extrema
1593 5457 1896 5526 tolerantes,

311 5531 570 5597 hattieque
614 5528 1014 5592 persecutoribus
1043 5527 1273 5579 resistere
1308 5541 1409 5578 non
1450 5529 1704 5580 omittunt.
1740 5528 1903 5580 Eunt-

311 5605 442 5653 dem
473 5601 866 5652 sattctissimttttt
893 5599 1180 5652 antistitem
1205 5598 1506 5665 Confessoris
1537 5598 1728 5665 publici
1751 5600 1904 5652 titulo

310 5682 545 5725 cuirnat
583 5669 888 5723 Gennadius
923 5667 1266 5721 Massilitanis
1299 5670 1348 5719 in
1379 5669 1633 5737 Catalogo
1674 5670 1903 5738 scripto-

310 5757 436 5796 rum
474 5741 988 5802 ecclesiasticormn,
1017 5753 1173 5806 quem
1205 5741 1413 5792 vivente
1455 5740 1625 5792 adhuc
1667 5740 1903 5808 Eugenio

307 5832 391 5868 εει
412 5813 588 5865 tbcbat
617 5829 628 5864 :
665 5812 733 5864 ibi
758 5813 922 5871 enim,
943 5825 1060 5871 cap.
1089 5808 1177 5871 97,
1215 5812 1504 5870 Eugenium
1524 5814 1690 5863 adhuc
1709 5814 1773 5863 ad
1803 5808 1907 5862 Ec-

1929 4585 1985 4645 D

2009 521 2213 578 referre
2235 511 2389 577 ab're
2411 536 2521 576 non
2545 523 2645 576 erit
2665 537 2730 576 ex
2758 538 2864 592 quo
2893 521 3150 576 discimus
3182 511 3311 575 tanti
3347 511 3592 576 viri'elu-

2009 593 2348 648 cubrationes
2379 592 2570 660 quibus
2599 592 2890 646 Ecclesiam
2929 592 3245 647 catholicam
3277 593 3586 650 illustravit.

2009 665 2095 718 Sic.
2124 674 2298 718 autem
2335 663 2494 716 habet
2532 662 2581 716 in
2613 665 2974 716 vetustissimo
3014 673 3208 717 nostrae
3254 663 3590 718 bibl-otlteca:

1980 733 2185 788 +Sancti
2218 731 2468 788 Germani
2497 731 2680 787 codice
2708 735 3090 803 manuscripto,
3124 733 3315 788 litteris
3357 733 3589 786 Franco-

2007 804 2246 869 Gallicis,
2278 806 2390 858 sive
2420 803 2813 872 Merovingicis,
2843 803 2908 857 ab
2941 803 3095 858 annis
3123 804 3338 858 circiter
3367 815 3580 858 centum

2007 888 2165 939 supra
2197 874 2360 935 mille,
2390 884 2445 927 ut
2466 872 2579 940 jam
2608 873 2857 941 diximus,
2887 885 3104 928 exarato
3131 890 3144 928 :
3177 873 3436 944 Eugenius
3461 873 3587 928 Cur-

2008 944 2232 1016 thaginis
2262 945 2475 1016 ΑΓι-ὶειιιε⁸
2489 944 2706 1016 civitatis
2735 945 3022 1016 episcOpus,
3053 953 3100 998 et
3130 949 3389 1015 confessor
3418 945 3588 1016 publi-

2008 1012 2118 1080 cus,
2151 1012 2336 1083 petitus
2374 1030 2403 1066 a
2436 1012 2722 1068 Cltunerico
2761 1013 3110 1068 Vandalorum
3136 1012 3282 1085 rege,
3323 1012 3587 1068 cat/taliae

2010 1085 2128 1152 ﬁdei
2157 1085 2519 1148 expositionem
2549 1093 2597 1137 et
2629 1086 2848 1138 maritae
2877 1085 3010 1137 verbi
3049 1087 3265 1139 omousii
3304 1088 3583 1149 rationem,

2008 1169 2256 1225 consensu
2279 1157 2503 1208 omnium
2523 1156 2882 1225 Africanorum
2908 1165 2952 1208 et
2980 1153 3301 1221 Maurorum,
3327 1155 3585 1210 Sardinia!

2009 1232 2056 1296 et
2080 1223 2307 1278 Corsicae
2331 1223 2685 1296 episcOporum
2722 1235 2766 1278 et
2807 1227 3156 1296 confessorurn
3192 1228 3277 1296 qui
3325 1228 3377 1279 in
3411 1231 3585 1280 cat/to-

2009 1295 2109 1347 lica
2148 1295 2548 1366 permanserunt
2574 1296 2696 1364 ﬁde,
2742 1298 3025 1362 composuit
3060 1295 3246 1366 librant
3294 1297 3440 1363 ﬁdei,
3483 1315 3585 1351 non

2008 1363 2176 1418 solum
2200 1373 2495 1420 sanctarum
2523 1363 2936 1432 Scripturarum,
2975 1367 3062 1420 sed
3104 1376 3150 1420 et
3180 1363 3398 1420 Patrum
3443 1370 3582 1422 testi-

2008 1437 2191 1489 moniis
2217 1436 2611 1508 communitum;
2644 1447 2688 1488 et
2717 1453 2805 1508 per
2844 1437 3065 1505 collegas
3108 1438 3437 1508 confessionis
3483 1453 3586 1491 sure

2008 1509 2235 1575 porrexit
2263 1508 2330 1577 ad
2372 1505 2724 1577 portandum.’
2745 1507 2904 1577 [Editi
2945 1507 3184 1573 perrexit.
3206 1505 3333 1562 'lam
3360 1523 3476 1562 vero
3504 1525 3585 1560 as-

2010 1575 2316 1648 portandus]
2349 1593 2440 1645 pro
2480 1577 2645 1644 ﬁdelis
2690 1575 2880 1646 linguae
2916 1578 3319 1648 remuneratione
3357 1579 3410 1632 in
3453 1581 3586 1632 exsi-

2010 1647 2170 1711 lium,
2200 1646 2314 1700 vice'
2335 1649 2422 1719 sui
2469 1648 2858 1719 commonitoria
2895 1646 3044 1713 ﬁdei,
3085 1659 3134 1702 et
3171 1650 3320 1702 unius
3366 1651 3498 1719 sacri
3542 1659 3588 1701 et

2011 1718 2343 1788 conservandi
2375 1718 2690 1783 baptismatis
2721 1719 2891 1772 ovibus
2918 1721 3046 1783 suis,
3074 1721 3218 1788 quasi
3248 1729 3419 1783 pastor
3445 1721 3588 1774 solli-

2010 1789 2140 1839 citus
2171 1787 2452 1855 dereliquit.
2478 1787 2844 1842 Altcrcationes
2866 1805 3063 1860 quoque
3087 1787 3211 1857 quas
3238 1800 3413 1844 contra
3441 1792 3589 1844 Aria-

2013 1873 2103 1930 nos
2138 1861 2379 1930 praesules
2426 1874 2515 1927 per
2545 1859 3132 1930 internuntios/tabuit,
3172 1862 3503 1930 conscripsit;
3541 1872 3590 1917 et

2014 1927 2249 2000 legendas
2277 1946 2365 1996 per
2392 1932 2640 2000 majorem
2669 1931 2846 1982 domus
2872 1929 3154 1984 Chunerico
3193 1927 3397 1986 direxit.
3432 1933 3590 1987 Simi-

2012 1996 2128 2073 liter
2150 2011 2196 2051 et
2218 2015 2388 2073 preces
2407 1996 2507 2073 pro
2517 2000 2683 2067 quiete
2705 2000 3115 2073 Christianorum
3135 2004 3295 2056 eidem
3313 2005 3445 2057 velut
3465 2022 3590 2073 apo-

2011 2067 2173 2140 logias
2205 2067 2414 2122 Obtulit.
2433 2069 2623 2140 Vivere
2647 2071 2815 2123 adhuc
2850 2074 2919 2125 ad
2946 2074 3379 2140 conﬁrmationem
3411 2067 3591 2127 Eccle-

2011 2139 2100 2191 site
2114 2140 2318 2192 dicitur.
2343 2141 2412 2192 lix
2431 2139 2512 2194 his
2529 2141 2951 2210 autemEugenii
2976 2143 3242 2210 opusculis
3261 2159 3290 2196 ιι
3315 2144 3590 2201 Gennadio

2013 2211 2311 2283 recmsitis,
2339 2220 2531 2278 prteter
2555 2211 2671 2283 fidei
2697 2208 3061 2266 Conlessionis
3088 2212 3303 2279 librum,
3331 2217 3418 2283 qui
3449 2225 3590 2270 totus

2016 2278 2242 2354 Victoris
2289 2284 2530 2354 Historiae
2563 2281 2799 2354 insertus
2832 2293 2945 2345 est,
2977 2293 3031 2354 et
3065 2278 3431 2354 suggerendam
3479 2286 3589 2340 llu-

2013 2351 2197 2404 nerico
2227 2352 2336 2420 regi
2371 2351 2632 2414 oblatam,
2663 2352 2802 2420 apud
2833 2353 3078 2408 euutdem
3110 2351 3398 2417 auctorem,
3434 2357 3588 2413 unica

2013 2431 2258 2494 superest
2285 2423 2398 2490 ejus
2429 2422 2674 2488 epistola,
2703 2438 2860 2493 quam
2891 2425 2941 2479 itt
2968 2424 3214 2478 exsilium
3243 2425 3588 2494 abripiendus

2013 2491 2078 2543 ad
2117 2495 2418 2563 suesrcives
2445 2491 2891 2563 Carthagineuses
2932 2495 3282 2563 conscripsit,
3321 2491 3379 2550 ut
3412 2513 3505 2552 eos
3534 2501 3588 2555 in

2017 2562 2415 2633 lidecatholica
2447 2562 2806 2619 confirmaret.
2845 2567 2987 2619 Hanc
3025 2580 3187 2633 porro
3212 2562 3331 2620 cum
3371 2567 3487 2623 aliis
3520 2569 3588 2624 si-

2016 2631 2226 2707 milibus
2261 2637 2356 2707 hac
2382 2645 2511 2707 yo‘e
2537 2636 2952 2707 cotnntonitoria,
2978 2631 3070 2689 seu
3088 2675 3100 2693 .
3133 2644 3194 2707 ut
3216 2636 3342 2690 editi
3373 2639 3590 2707 habent,

2014 2701 2254 2772 epistolas
2282 2703 2545 2770 designari
2591 2704 2811 2760 dubium
2858 2721 2961 2759 non
3009 2715 3110 2760 est.
3158 2706 3412 2762 Eamdem
3455 2701 3591 2764 infra

2015 2772 2365 2850 exﬁregorio
2391 2773 2724 2850 Turonensi,
2754 2779 2841 2846 qui
2876 2775 3029 2850 nobis
3057 2778 3197 2830 illam
3229 2784 3586 2850 conservavit,

2013 2843 2381 2898 exhibebimus
2411 2846 2476 2899 ad
2514 2847 2719 2912 aliquot
2762 2843 3151 2917 inanuscriptos
3188 2849 3399 2904 codices
3428 2843 3592 2906 colla-'-

2016 2923 2143 2967 tim.

2084 2983 2137 3037 4.
2172 2985 2467 3040 Cardinalis
2509 2987 2788 3052 Baronius,
2822 2988 2888 3042 ad
2929 3003 3122 3042 annum
3155 2988 3281 3054 495,
3315 2993 3592 3048 contendit

2019 3056 2308 3124 Eugenium
2338 3075 2366 3110 a
2397 3057 2752 3113 Guntabundo
2793 3059 3039 3113 llunerici
3085 3074 3398 3116 successore
3443 3065 3592 3120 varia

2012 3128 2357 3199 exagitatum,
2383 3137 2438 3184 et
2464 3129 2677 3182 tandem
2704 3141 2849 3184 extra
2876 3130 3106 3184 Africam
3129 3131 3357 3199 ejectum
3391 3132 3441 3185 in
3467 3132 3593 3188 Gal-

1934 3215 1982 3278 C
2012 3196 2119 3278 iiiis.
2139 3201 2619 3278 appuli_sse,_atque
2649 3200 2719 3254 ibi
2751 3201 2890 3268 apud
2924 3196 3276 3278 Albigensem‘
3292 3202 3592 3278 Aquitania)

2017 3268 2286 3324 civitatem
2317 3272 2416 3325 hoc
2442 3272 2558 3340 ipso
2578 3285 2721 3324 anno
2741 3287 2896 3341 quem
2921 3268 3078 3325 etiam
3104 3275 3212 3341 regi
3236 3268 3593 3329 Guniabundo

2011 3350 2308 3396 extremum
2353 3342 2515 3395 fuisse
2554 3343 2705 3405 dicit,
2733 3358 2763 3398 e
2793 3345 2920 3394 vivis
2961 3345 3277 3397 excessisse.
3329 3345 3394 3396 At
3429 3345 3490 3399 V.
3521 3343 3586 3401 C.

2011 3411 2270 3482 llettricus
2310 3412 2572 3478 Norisius,
2628 3413 2718 3466 lib.
2748 3429 2782 3466 ιι
2826 3414 3070 3466 Historiae
3119 3413 3434 3482 Pelagianae,
3465 3431 3586 3482 cap.

2006 3480 2096 3546 2|,
2128 3483 2344 3555 Eugenii
2379 3483 2582 3537 obitum
2619 3485 2826 3537 nonnisi
2857 3484 3117 3538 decennio
3152 3480 3270 3550 post
3299 3480 3589 3555 contigisse

2008 3553 2295 3608 existimat.
2331 3555 2394 3608 Et
2427 3558 2617 3608 merito
2640 3556 2872 3622 quidem.
2901 3555 3028 3608 Na-n
3057 3555 3238 3609 Victor
3267 3553 3593 3611 Tunnoinen-

2009 3623 2084 3694 sis
2113 3625 2336 3678 antistes
2369 3626 2418 3678 in
2447 3624 2734 3690 Chronico,
2760 3625 2846 3694 qui
2873 3626 2982 3692 jam
3029 3636 3206 3690 antea,
3243 3634 3298 3679 ut
3327 3627 3588 3692 diximus,

2009 3692 2307 3768 Eugenium
2357 3695 2697 3768 postdivcrsa
2735 3692 2888 3768 eremi
2938 3697 3138 3768 exsilia,
3183 3696 3418 3768 plurimis
3461 3699 3591 3768 afﬂi<

2009 3765 2255 3817 ctionibus
2282 3774 2326 3817 et
2354 3766 2513 3831 poenis
2543 3767 2738 3818 clarum
2767 3766 2928 3818 fuisse
2957 3765 3183 3827 dixerat,
3214 3765 3428 3820 disertis
3470 3765 3589 3822 ver-

2010 3833 2093 3887 bis
2109 3837 2298 3888 asserit
2322 3837 2566 3889 eumdem
2593 3846 2834 3890 sanetum
2859 3836 3028 3889 virum
3052 3836 3432 3891 subTheodori
3457 3854 3580 3892 cou-

2009 3907 2206 3968 sulatu,
2232 3905 2281 3958 id
2307 3914 2388 3958 est
2407 3908 2635 3975 vulgaris
2654 3921 2774 3958 terte
2798 3921 2935 3958 anno
2961 3905 3082 3970 505,
3111 3916 3374 3959 mortuum
3403 3910 3584 3963 fuisse.

2011 3975 2090 4027 En
2121 3975 2236 4040 ejus
2283 3977 2442 4029 verba
2485 3994 2499 4029 :
2546 3975 2806 4029 Theodoro
2846 3975 2908 4029 V.
2959 3975 3016 4029 C.
3073 3978 3278 4028 consule
3328 3977 3589 4045 Eugeniae

2011 4046 2423 4115 Carthaginiensi;
2474 4050 2736 4117 episcopus
2776 4051 3036 4112 confeswr
3071 4046 3306 4117 moritur.
3365 4047 3472 4100 Nec
3514 4049 3588 4102 ibi.

2013 4130 2098 4169 res
2149 4118 2326 4183 plures
2371 4117 2419 4169 itt
2465 4115 3077 4171 uhuatcommismisse
3119 4115 3300 4169 Victor
3345 4118 3586 4173 accusari

2010 4195 2206 4255 potest,
2238 4197 2294 4240 ut
2337 4201 2496 4254 supra
2525 4191 2591 4242 de
2631 4203 2694 4242 eo
2722 4188 3029 4240 dicebamus
3061 4205 3070 4238 :
3103 4201 3222 4239 cum
3257 4201 3449 4256 nempe
3501 4187 3589 4245 hic

2011 4257 2078 4310 de
2108 4258 2223 4312 solo
2266 4259 2485 4325 Eugenii
2525 4258 2674 4312 obitu
2708 4258 2868 4312 verba
2903 4259 3077 4318 iaciat,
3115 4259 3360 4326 superius
3409 4269 3588 4314 autem
3630 4285 3638 4294 κ

2015 4343 2100 4381 res
2141 4329 2334 4381 multas
2368 4329 2526 4382 variis
2563 4330 2890 4396 temporibus
2924 4336 3102 4398 gestas
3153 4329 3207 4382 in
3247 4344 3409 4382 unum
3435 4332 3588 4397 quasi

2012 4397 2321 4452 lasciculutn
2370 4402 2720 4468 c0ngesserit.
2764 4399 2865 4454 Sed
2902 4397 2956 4454 et
3001 4399 3228 4453 Victoris
3279 4401 3588 4455 teStimonio

2012 4471 2231 4522 alti-rius
2261 4470 2422 4523 etiam
2457 4471 2658 4540 antiqui
2689 4471 2965 4538 scriptoris
2995 4470 3367 4524 auctoritatem
3399 4470 3589 4540 adjun-

2014 4540 2086 4606 git
2124 4542 2262 4593 idem
2312 4542 2574 4605 Norisius,
2631 4540 2912 4610 fragtuenti
2967 4541 3169 4595 scilicet
3217 4543 3585 4607 vetustissnni,

2008 4611 2148 4679 quod
2181 4613 2408 4678 'f‘yronis
2447 4612 2714 4665 Chronico
2743 4611 3083 4674 subiunctum
3123 4619 3206 4664 est
3248 4611 3387 4679 apud
3431 4615 3588 4665 (lani-

2008 4684 2146 4735 sium
2182 4695 2327 4733 tonio
2367 4683 2383 4735 Ι
2425 4682 2691 4736 Lectionis
2726 4683 2992 4749 Antiquae,
3017 4681 3105 4734 ubi
3130 4679 3488 4736 Guntabundo
3519 4684 3588 4737 ita

2011 4752 2276 4821 Eugenitts
2296 4762 2548 4822 acceptus
2577 4752 2738 4806 fuisse
2766 4753 2978 4822 dicitur.
3015 4764 3070 4804 ut
3119 4751 3188 4806 ab
3210 4764 3274 4805 eo
3311 4768 3435 4821 rege
3484 4769 3588 4808 non

2009 4824 2180 4876 solum
2205 4824 2316 4890 ipse
2347 4824 2414 4876 ab
2443 4822 2632 4876 exsilio
2675 4824 2830 4876 fuerit
2875 4821 3036 4893 242
3081 4833 3381 4888 revocatus,
3411 4825 3502 4877 sed
3537 4835 3590 4879 et

2009 4893 2220 4961 caeteris
2247 4908 2460 4961 quoque
2498 4894 2824 4946 antistitibus
2854 4893 3169 4946 orthodoxi:
3212 4893 3432 4960 Eugenii
3466 4909 3589 4961 pre-

2011 4959 2159 5017 cibus
2191 4959 2395 5031 int’egra
2429 4963 2644 5017 libertas
2677 4963 2836 5016 fuerit
2877 4963 3140 5017 restituta.
3173 4959 3588 5025 Guntamundus,

2014 5033 2186 5104 inquit
2227 5034 2314 5086 ille
2354 5044 2557 5094 auctor,
2612 5034 2757 5086 tertio
2794 5049 2928 5104 anno
2965 5033 3107 5104 regni
3137 5034 3216 5086 sui
3253 5036 3592 5104 cientetcrium

2012 5103 2172 5190 sancti
2203 5106 2438 5190 martyris
2461 5104 2625 5190 tigillei
2645 5105 2783 5190 apud
2799 5101 3165 5186 .Cartltag'ittem
3188 5101 3452 5190 catholicis
3471 5106 3589 5157 dare

2013 5176 2268 5253 pra’cepit,
2304 5172 2534 5253 Eugenio
2564 5172 2969 5253 Carthaginiensi
2984 5172 3377 5253 episc0p0,jam
3408 5176 3468 5228 de
3498 5191 3588 5229 ex-

2011 5246 2128 5299 silio
2155 5254 2404 5298 revocato.
2437 5245 2569 5298 Tum
2593 5245 2892 5314 sitbjungit:
2928 5244 3137 5299 Decimo
3156 5244 3328 5298 aulam
3352 5263 3484 5300 anno
3515 5264 3590 5299 re-

2012 5318 2099 5388 gni
2127 5317 2209 5369 sui
2252 5317 2488 5370 ecclesias
2519 5316 2887 5388 catholicorum
2924 5317 3148 5388 aperuit,
3185 5327 3232 5369 et
3276 5332 3449 5370 omnes
3500 5317 3590 5370 Det

2013 5385 2318 5450 sacerdotes,
2359 5396 2551 5455 petente
2587 5385 2974 5456 Carthaginensi
3019 5387 3279 5456 episcopo,
3311 5388 3376 5441 de
3416 5388 3590 5441 exsilia

2012 5458 2282 5510 revocavit.
2319 5458 2458 5511 Idem
2483 5472 2693 5526 quoque
2727 5462 2988 5510 testantur
3020 5459 3332 5525 pOSterioris
3371 5462 3465 5510 tevi
3500 5472 3587 5508 att-

2012 5543 2208 5590 ctores,
2239 5528 2379 5582 inter
2400 5544 2534 5596 quos
2559 5529 3226 5582 llermaunus(luntractus
3261 5529 3310 5580 in
3329 5527 3588 5580 Chronico

2011 5597 2207 5650 laudati
2242 5599 2518 5667 l'ragmeoti
2551 5598 2707 5652 verba
2728 5597 3084 5666 exscripsiSse
3107 5600 3336 5658 videtur,
3371 5604 3588 5651 testatus

2011 5669 2127 5721 Gun
2154 5671 2420 5722 abundum
2455 5671 2663 5723 decimo
2695 5674 2838 5734 regni
2882 5673 2960 5722 sui
2993 5685 3132 5720 anno
3163 5668 3280 5721 calli
3309 5669 3452 5717 .ticos
3480 5680 3584 5718 out-

2013 5755 2107 5792 nrs
2131 5739 2434 5807 episcopos,
2467 5740 2823 5808 persuadente
2852 5739 3083 5807 ῑιίιιίένιιίιι
3119 5739 3387 5804 episcopo,
3419 5738 3584 5808 abex.

2015 5811 2134 5862 silto
2164 5805 2444 5865 revocasse
2459 5805 2477 5866 ξ
2494 5821 2545 5864 et
2571 5810 2659 5863 diu
2691 5813 2898 5864 clausas
2926 5805 3182 5862 ecclesias
3253 5821 3347 5859 ace
3390 5805 3588 5863 reddita
