4078 6348
298 296 401 353 401

665 286 995 346 RUlNARTl
1032 287 1097 343 ΙΝ
1137 280 1509 343 HISTORIAM
1549 283 1834 343 PERSEC.
1881 284 2173 343 VANDAL.
2216 283 2751 346 COMMENTARIUS
2791 285 3209 347 HISTORICUS.

3418 252 3422 257 ’
3468 292 3575 350 tos

298 412 426 465 nius
453 415 574 477 post
590 407 765 461 varios
781 421 876 475 pro
898 405 1092 460 Christi
1116 406 1333 477 nomine
1357 413 1634 473 superatos
1660 405 1889 477 labores,
1922 406 1977 461 Α
2003 401 2260 477 laudiani,
2282 405 2392 477 alie
2424 403 2731 477 Qiejusdem
2770 408 2991 472 mensis,
3041 408 3229 461 borum
3275 410 3570 468 antistitum

299 489 424 549 post
456 474 696 546 ingentes
726 474 1012 549 aerumnas,
1036 478 1199 549 semel
1223 484 1277 549 et
1304 476 1498 549 iterum
1526 476 1747 549 epatris
1772 474 1891 549 pul-

297 545 397 606 sus
431 553 481 601 in
509 545 703 603 exsilio
733 548 946 602 tandem
972 550 1135 602 vitam
1163 547 1378 610 ﬁnierit,
1409 545 1640 600 viderint
1662 547 1749 615 qui
1779 546 1892 599 haec

297 628 571 688 qumrunt,
599 634 665 673 an
697 619 731 673 ii
762 620 1130 675 tantumtnodo
1172 625 1434 687 martyres
1475 616 1732 685 appellari
1765 631 1892 685 pos-

299 694 438 754 sint,
462 692 549 758 qui
570 692 708 744 inter
730 699 993 743 tormenta
1015 704 1077 743 ac
1112 688 1374 755 supplicia
1397 688 1733 758 exspirantes
1754 704 1895 741 mar-

302 757 505 832 tyrittm
551 761 997 815 consummarint.
1038 762 1195 832 Certe
1232 760 1277 813 si
1330 757 1655 813 confessoris
1710 758 1893 832 titulus

305 828 551 900 Eugenio
576 832 747 885 solum
780 832 1128 892 concedatur,
1160 830 1258 899 ipsi
1296 838 1474 883 tamen
1514 828 1750 899 martyrii
1784 843 1893 883 me-

301 907 473 959 ritum
496 913 550 956 et
581 902 859 970 prtemium
894 917 997 955 non
1030 902 1263 970 defuisse
1288 915 1447 970 nemo
1476 916 1581 954 non
1616 900 1893 954 fatebitur.

301 974 363 1028 lu
397 969 667 1027 veteribus
686 972 903 1040 scriptis
924 987 1042 1042 qua:
1062 986 1223 1041 supra
1251 969 1602 1034 laudavimus,
1634 973 1895 1042 confessor

234 1074 241 1077 -
302 1045 533 1109 dicitur;
567 1043 617 1095 in
650 1042 910 1097 ltodierno
930 1041 1107 1097 autem
1134 1042 1400 1096 Albiensis
1420 1042 1663 1095 ecclesiae
1688 1041 1894 1094 brevia-

305 1118 391 1169 rio
413 1114 713 1181 appellatur
734 1121 951 1182 martyr,
982 1114 1074 1167 sed
1099 1112 1257 1181 paulo
1280 1111 1457 1182 latiori
1481 1112 1891 1179 significatione,

303 1180 509 1255 quippe
536 1198 659 1237 cum
699 1184 748 1237 ci
792 1180 1187 1255 res'ponsorium
1227 1180 1708 1255 istud_assignetur
1752 1185 1892 1255 quod

306 1250 499 1324 pro'iis
525 1256 615 1325 qui
639 1254 953 1324 sanguinem
980 1267 1135 1307 suum
1167 1267 1272 1307 non
1306 1250 1555 1306 fuderunt
1597 1252 1734 1306 solet
1762 1253 1895 1307 reci-

311 1341 437 1381 lat'l.

390 1399 471 1451 tl.
502 1397 707 1450 Praeter
736 1394 1049 1463 Eugenium,
1078 1402 1188 1447 tres
1217 1393 1350 1448 alios
1383 1392 1721 1447 confessores
1745 1408 1895 1447 com-

307 1476 577 1521 memorat
600 1465 891 1535 Gregorius
912 1464 1257 1528 Turonensis,
1283 1464 1585 1531 Longinum
1612 1463 1819 1517 scilicet
1843 1473 1895 1517 et

312 1536 704 1592 Vindemialem
735 1537 1039 1605 episcopos,
1069 1546 1228 1603 atque
1254 1536 1609 1589 Octavianum
1640 1535 1897 1589 archidia-

311 1624 531 1673 conunt,
564 1609 633 1662 de
660 1604 854 1676 quibus
885 1619 1073 1676 pauca,
1114 1604 1487 1676 deficientibus
1517 1607 1752 1676 vetustis
1783 1620 1895 1657 mo-

307 1681 604 1740 numentis,
634 1674 719 1731 hic
746 1674 972 1730 dicenda
994 1686 1304 1729 occurrunt.
1329 1676 1384 1729 ltt
1408 1674 1601 1729 Notitia
1628 1675 1890 1737 Africana,

308 1764 465 1818 quam
483 1748 847 1818 postVietoris
868 1747 1151 1801 Historiam
1173 1747 1371 1818 (Supra
1396 1747 1495 1800 col.
1510 1744 1638 1815 269)
1656 1746 1897 1818 exliibui-

309 1817 450 1879 titus.
486 1817 629 1874 inter
657 1819 791 1871 alios
823 1818 1153 1872 diversarum
1195 1818 1589 1886 provinciarum
1630 1817 1895 1871 antistites

308 1891 397 1959 qui
429 1890 683 1943 llunerici
713 1890 964 1942 mandato
984 1889 1048 1940 ad
1072 1903 1174 1942 con
1186 1887 1894 1959 ventantCarthagincusem

310 1957 689 2024 occurrerunt,
739 1966 1049 2013 recensetur
1083 1957 1352 2027 Longinus
1388 1957 1745 2011 Pamat-iensis
1787 1962 1900 2026 cpi-

282 2045 507 2096 .scopus
537 2047 605 2084 ex
643 2029 953 2085 Mauritania
974 2029 1315 2093 Caesariensi,
1348 2044 1495 2082 num.
1518 2027 1608 2091 45,
1632 2039 1685 2082 et
1708 2028 1899 2083 Vinde-

315 2102 491 2155 mialis
519 2100 809 2171 Capsensis
851 2100 1134 2171 episcopus
1172 2116 1236 2153 ex
1281 2100 1549 2167 provincia
1603 2100 1897 2168 Byzacena,

312 2188 458 2225 num.
490 2170 762 2225 60(ldem
794 2170 1142 2225 Vindemialis
1186 2170 1240 2224 in
1286 2171 1539 2223 Passione
1584 2179 1891 2223 sanctorum

311 2244 698 2297 monachorum
745 2257 891 2295 num.
936 2243 969 2294 '5
1012 2239 1214 2309 (Supra
1251 2243 1353 2294 col.
1380 2239 1510 2311 263)
1553 2241 1716 2311 sancti
1748 2242 1900 2295 titulo

308 2317 564 2374 donatur,
588 2312 993 2381 appellatttrque
1018 2314 1252 2364 sacerdos
1294 2310 1521 2381 egregius
1554 2321 1600 2363 et
1633 2310 1816 2381 Christi
1842 2312 1901 2379 fi.

309 2384 438 2438 dclis
469 2379 704 2438 antistes.
751 2382 859 2437 llos
895 2396 1026 2437 vero
1080 2383 1224 2451 ipsos
1262 2379 1382 2436 esse
1415 2379 1512 2450 qui
1571 2397 1599 2433 a
1645 2379 1901 2445 Gregorio

310 2456 619 2517 laudantur,
643 2453 744 2508 etsi
776 2454 997 2507 omnino
1024 2450 1294 2506 afﬁrmare
1315 2466 1420 2505 non
1450 2450 1771 2516 audeamus;
1804 2468 1898 2505 ve-

308 2524 537 2580 risimile
569 2535 748 2579 tamen
774 2524 927 2577 nobis
953 2522 1183 2577 videtur.
1216 2522 1398 2592 Neque
1423 2521 1566 2577 enim
1598 2522 1685 2575 alii
1716 2537 1903 2577 occur-

306 2606 437 2650 runt
486 2598 678 2650 borum
714 2595 987 2649 nominum
1022 2594 1299 2648 antistites
1339 2593 1391 2647 in
1432 2594 1667 2663 antiquis
1713 2608 1903 2647 monu-

312 2667 530 2732 mentis,
577 2667 668 2736 qui
719 2681 838 2736 cum
893 2665 1133 2734 Eugenio
1184 2664 1595 2736 carthaginemi
1645 2665 1902 2719 adversus

310 2733 642 2807 llttnericuin
696 2745 751 2791 et
796 2733 1034 2807 Cyrilam
1085 2749 1184 2803 pro
1231 2734 1334 2807 fide
1366 2733 1580 2807 Christi
1626 2736 1903 2790 decertare

312 2806 481 2879 2&5
530 2805 853 2878 potuissent.
896 2805 1129 2879 Eosdem
1182 2806 1233 2859 in
1283 2805 1509 2879 Galliam
1564 2807 1904 2879 cungﬁuge—
1946 2832 1949 2833 ν

308 2876 415 2932 sTio
444 2876 653 2933 venisse
695 2887 885 2948 putant
916 2878 1253 2947 Albigenses,
1281 2877 1371 2946 qui
1400 2877 1547 2948 ipsos
1574 2876 1712 2944 apud
1744 2877 1906 2948 vian-

309 2950 461 3003 cinm
489 2947 726 3016 sepultos
754 2949 919 3003 fuisse
943 2954 1392 3002 commemorant.
1421 2947 1669 3015 Legimus
1701 2948 1752 3001 in
1779 2947 1903 3002 bre-

311 3020 489 3074 viario
521 3019 756 3075 Albiensi
785 3019 851 3073 ad
879 3020 1022 3074 dicm
1050 3020 1087 3073 2
1112 3018 1361 3072 Octobris
1390 3059 1403 3082 ,
1431 3028 1737 3071 sanctorum
1777 3018 1904 3073 Vin-

312 3090 570 3145 detnialis
602 3099 659 3145 et
701 3090 925 3160 Longini
976 3097 1270 3158 martyrum
1308 3102 1564 3160 corpora.
1597 3088 1755 3160 simul
1779 3103 1899 3143 cum

1928 1781 1977 1842 B

2001 474 2191 549 vitam,
2211 489 2239 527 a
2268 474 2560 549 Godelrido
2593 478 2929 533 llenscltenio
2956 494 2989 533 e
3011 480 3375 549 manuscripto
3391 487 3574 539 audire

1996 541 2280 619 Christinte
2307 546 2511 619 Suecite
2558 549 2755 619 regium
2795 560 3023 615 erutam,
3069 564 3134 603 es
3172 541 3299 619 qua;
3339 566 3458 607 cum
3509 558 3575 609 alt

1950 680 1957 681 γ
1998 612 2118 681 ipso
2147 614 2359 670 Titiano
2380 616 2576 685 scripta
2610 612 2775 673 fuisse
2812 612 3040 683 dicatur,
3075 612 3453 685 aliquid'forte
3480 642 3577 679 ex-

1997 686 2194 809 ζείδωτί
2230 686 2425 753 licebit,
2478 698 2586 741 tum
2622 688 2690 742 de
2730 699 2971 759 tempore
3008 704 3116 759 quo
3154 690 3295 747 idem
3336 693 3576 751 Titianus

2044 757 2290 809 arvisinat
2322 757 2578 809 Ecclesia:
2605 759 2835 809 nrazfuit-
2870 772 2978 809 tum
3000 760 3069 809 de
3099 760 3340 809 Ettaenin
3365 776 3414 809 et
3454 766 3576 809 Vi...

2044 757 2290 830 aruisinat
2322 757 2578 830 Ecclesia:
2605 757 2978 830 prazfttit,‘tum
3000 757 3069 814 de
3099 760 3340 830 Eugenio
3365 776 3415 819 et
3454 766 3577 819 Vitt-

1999 826 2235 901 demiali,
2267 844 2399 901 quos
2432 828 2549 901 Itali
2578 826 2871 901 celebrant.
2898 831 2986 886 Sic
3014 846 3143 893 vero
3175 826 3359 901 incipit
3392 853 3405 888 :
3442 835 3575 887 Dum

1999 898 2300 951 universalis
2319 900 2547 968 synodus
2566 902 2706 974 apud
2717 898 3079 974 Carthaginem
3099 902 3162 955 ab
3182 898 3440 960 Honerico
3460 921 3577 974 rege

1998 966 2429 1047 congregaretnr,_
2465 986 2529 1023 ex
2566 966 2800 1023 omnibus
2838 966 3007 1047 regnis
3044 980 3195 1047 atque
3235 975 3421 1047 insulis
3463 966 3578 1043 quae

1959 1101 1962 1105 .
1999 1038 2093 1091 sub
2112 1040 2222 1110 eius
2252 1041 2493 1109 regimine
2514 1051 2633 1093 tunc
2657 1038 3202 1110 temporis-degebant,
3232 1044 3316 1099 die
3341 1038 3577 1101 calenda-

2000 1124 2112 1160 rutn
2150 1106 2593 1186 Februariarum,
2634 1106 2856 1186 sexcenti
2898 1106 3225 1186 sepluaginta
3268 1118 3491 1186 episcopi
3522 1122 3577 1171 in

2000 1194 2156 1252 unum
2190 1191 2304 1252 sunt
2328 1183 2519 1247 pariter
2544 1184 2858 1252 congregati,
2892 1200 2984 1251 pro
3014 1182 3119 1251 [ide
3139 1182 3327 1240 sanctis
3364 1196 3410 1240 et
3439 1182 3576 1242 indi-

2003 1250 2167 1302 vidua:
2197 1250 2460 1324 Trinitatis
2489 1250 2775 1315 certaturi;
2802 1270 2925 1321 quos
2956 1250 3062 1324 ipse
3090 1253 3327 1321 deceptus
3359 1258 3577 1312 Ariano-

1998 1336 2110 1397 rum
2138 1323 2577 1397 perﬁtlia,_omnes
2615 1324 2794 1397 exsilio
2836 1323 3296 1397 damnareAjussit;
3334 1344 3361 1380 e
3397 1329 3577 1397 quibus

2000 1389 2417 1461 Carthaginensis
2434 1395 2703 1462 episc0pus
2727 1392 2988 1464 Eugenius
3008 1404 3055 1449 et
3082 1389 3420 1449 Vindentialis
3441 1415 3578 1451 sum.

1970 1524 1971 1527 η
2001 1477 2095 1513 ma:
2122 1464 2347 1516 scientia:
2376 1480 2681 1531 summeque
2714 1467 2995 1519 sanctitatis
3033 1466 3165 1519 inter
3209 1468 3339 1520 alios
3364 1470 3579 1523 emicue-

1999 1542 2140 1594 runt,
2166 1541 2212 1585 et
2240 1534 2390 1597 ﬁdem
2413 1544 2601 1587 sancta'
2632 1544 2680 1587 et
2706 1535 2986 1590 individua:
3018 1534 3288 1591 Trinitatis
3312 1540 3579 1593 inviolabi-

2001 1603 2117 1655 liter
2156 1604 2569 1656 constantissinta
2620 1622 2741 1658 voce
2785 1608 3115 1661 edocuerunt.
3174 1609 3288 1671 Qua
3345 1610 3409 1660 de
3456 1627 3507 1662 re
3548 1629 3577 1663 a

2003 1674 2223 1747 propriis
2249 1676 2448 1727 sedibus
2473 1676 2691 1744 expulsi,
2720 1678 3137 1747 peregrinationis
3153 1694 3307 1733 causa
3328 1680 3395 1731 ad
3413 1689 3580 1733 trans-

2004 1745 2203 1818 marina
2239 1753 2590 1818 cont'olarunt,
2622 1756 2763 1818 etc._
2786 1745 2908 1802 Hinc
2947 1750 2999 1802 itt
3034 1748 3172 1802 Vita.
3225 1749 3281 1803 Itt
3320 1752 3581 1818 Opttsculo

2008 1829 2132 1866 vero
2156 1816 2222 1868 de
2252 1814 2598 1870 Vintlemialis
2635 1832 2682 1871 et
2723 1816 2977 1872 Florentii
3010 1814 3371 1873 translatione
3392 1822 3458 1873 ab
3485 1838 3581 1874 cn-

2004 1886 2125 1937 dcm
2157 1893 2373 1958 auctore
2394 1890 2721 1954 conscripto,
2746 1889 2843 1941 ista
2871 1890 3119 1958 leguntur
3144 1908 3155 1941 :
3186 1887 3439 1944 Florentii
3467 1908 3583 1947 vero

2005 1965 2158 2029 atque
2190 1955 2549 2029 Vindemialis,
2582 1959 2695 2011 licet
2720 1971 2863 2011 ortus
2887 1955 3081 2023 eorum,
3108 1961 3208 2013 rita
3235 1971 3385 2029 atque
3409 1972 3583 2016 trans-

2002 2026 2104 2078 itus
2159 2028 2299 2096 apnd
2358 2028 2474 2080 illos
2526 2030 2851 2096 ﬂoruissent,
2916 2032 3061 2083 nobis
3118 2026 3585 2087 tamen'Dominus

2003 2095 2309 2171 reiterabiﬁa
2332 2095 2545 2167 corpora
2561 2115 2760 2171 eorum,
2776 2109 3002 2171 tempore
3022 2118 3118 2169 quo
3145 2103 3302 2155 voluit
3327 2105 3580 2169 reuelauit,

2002 2176 2104 2241 etc.
2137 2168 2219 2241 tte!
2239 2166 2491 2241 Florentii
2524 2169 2625 2222 vita
2658 2170 2790 2223 nihil
2824 2166 3003 2237 habet,
3034 2166 3142 2227 sed
3172 2172 3239 2225 de
3266 2172 3427 2241 246
3458 2166 3584 2226 Vin;

2007 2237 2222 2309 dctttiali
2263 2248 2421 2307 atque
2458 2239 2694 2309 Eugenio
2732 2243 2811 2295 sic
2856 2243 3117 2295 resumit:
3152 2237 3321 2309 1ῃίιῦ
3342 2237 3584 2295 Ἡραιίτδὶ-

2004 2324 2117 2361 ntus
2158 2307 2490 2382 Vindemialis
2530 2307 2774 2380 lfricano
2818 2312 2928 2382 solo
2972 2322 3136 2378 ortus,
3184 2307 3335 2382 atque
3362 2314 3584 2367 nutritus

2005 2387 2095 2453 est,
2127 2380 2215 2431 sed
2240 2396 2272 2432 a
2318 2380 2461 2434 beato
2501 2383 2792 2451 confessore
2836 2381 3027 2435 Christi
3071 2380 3309 2452 Appiano
3346 2384 3585 2453 episcopo

2003 2451 2230 2525 edoctus,
2261 2462 2306 2503 et
2331 2453 2965 2525 ‘ctzlestigconversatione,
2998 2453 3101 2520 ﬁde
3127 2469 3186 2506 ac
3213 2454 3459 2525 religione
3486 2451 3584 2525 im-

1993 2519 2172 2592 battis,
2203 2520 2483 2591 presbyteri
2511 2523 2804 2591 dignitatem
2834 2519 3068 2591 adeptus,
3101 2526 3151 2577 in
3181 2540 3280 2592 quo
3304 2519 3453 2592 digne
3479 2524 3587 2578 Dea

2004 2590 2229 2644 militans
2258 2595 2329 2644 ad
2360 2590 2679 2661 episcopatus
2707 2609 2835 2663 ortus
2876 2590 3032 2661 usque
3058 2590 3311 2663 pervenit;
3344 2590 3430 2648 ubi
3459 2605 3505 2648 et
3532 2599 3587 2649 in

2005 2663 2231 2735 partibus
2259 2664 2447 2732 Africa:
2468 2679 2571 2715 una
2592 2679 2704 2716 cum
2732 2662 2983 2735 Eugenio,
3007 2667 3169 2718 multa
3194 2682 3282 2735 per
3300 2667 3418 2718 illos
3437 2667 3587 2735 signa

2009 2733 2283 2805 magni/ica
2312 2744 2359 2785 et
2399 2735 2794 2805 innumerabilia
2814 2733 3153 2805 omnipotens
3184 2733 3435 2789 Dominus
3465 2733 3587 2803 ope-

2006 2805 2112 2857 rari
2161 2803 2402 2873 dignatus
2446 2815 2543 2859 est.
2620 2804 2819 2858 Deinde
2858 2803 2985 2859 vero
3017 2816 3118 2858 tam
3168 2806 3587 2875 peregrinationis

2005 2890 2159 2945 causa
2184 2891 2335 2945 quam
2382 2886 2427 2927 et
2467 2875 2844 2945 pra‘dicationis
2887 2876 2947 2928 ob
2993 2891 3218 2930 amorem
3262 2875 3470 2940 Christi,
3516 2878 3585 2929 ad

2005 2944 2226 3015 insulam
2250 2944 2510 2997 Corsicam
2538 2954 2887 3013 pervenerunt,
2919 2946 3005 3000 ubi
3049 2946 3171 2999 dum
3200 2947 3351 3015 ﬁdem
3376 2946 3585 3000 Domini

2009 3017 2171 3087 nostri
2190 3014 2314 3087 Jesu
2340 3015 2530 3069 Christi
2567 3018 2933 3087 praedicarent,
2961 3025 3180 3071 etc......
3202 3014 3436 3071 Sanctus
3465 3033 3584 3071 vero

2017 3083 2351 3157 Vindemialis
2365 3102 2428 3140 ea:
2454 3083 2684 3157 pt'tefatis
2710 3090 2938 3153 partibus
2964 3088 3274 3157 regrediens,
3300 3089 3585 3141 maritima-

312 3161 483 3215 sancti
513 3160 737 3230 Eugeuii
779 3155 946 3214 sacris
968 3155 1208 3229 reliquiis
1249 3175 1311 3213 ex
1339 3158 1702 3230 vicoVianeio
1730 3162 1781 3212 in
1808 3175 1895 3213 ca-
1929 3155 1975 3217 C
2005 3172 2103 3230 que
2129 3156 2304 3209 littora
2326 3155 2600 3230 circuiens,
2630 3157 2923 3230 procellosis
2944 3155 3183 3228 ﬂuctibus
3212 3158 3347 3211 ultra
3376 3174 3587 3227 progre-

316 3228 618 3285 thedraleui
649 3233 931 3285 ecclesiam
961 3228 1272 3285 Albiensem
1303 3228 1557 3284 translata
1587 3230 1753 3283 fuisse
1792 3248 1803 3281 :
1847 3239 1903 3285 et

315 3302 532 3369 quidem
576 3303 631 3357 in
662 3302 863 3356 chartis
904 3302 1157 3356 comitum
1200 3300 1612 3363 Tolosanorum,
1660 3316 1793 3368 quas
1834 3316 1899 3355 ex

316 3372 527 3427 Catello
555 3387 717 3442 supra
764 3374 1093 3426 laudavimus
1119 3413 1133 3433 ,
1172 3386 1277 3425 non
1323 3371 1495 3425 solum
1536 3371 1805 3438 Bttgenius
1848 3382 1903 3426 et

316 3444 677 3497 Amarantltns
700 3444 751 3496 in
782 3443 980 3498 Viancii
1005 3443 1233 3498 ecclesia
1258 3445 1596 3511 requiescere
1624 3444 1897 3505 dicuntur,

316 3514 413 3568 sed
446 3528 494 3567 ct
525 3515 615 3567 alii
640 3529 851 3584 quoque
870 3515 1057 3577 sancti,
1080 3528 1308 3583 quorum
1340 3513 1555 3567 nomina
1587 3514 1899 3569 reticentur.

319 3584 709 3639 Vindemialem
741 3585 866 3639 item
895 3595 948 3638 et
987 3584 1285 3653 Eugenium
1313 3584 1594 3653 episcopos
1623 3584 1903 3637 celebrant

315 3656 433 3710 ltali
459 3656 854 3724 scriptores,de
867 3655 1077 3723 quibus,
1100 3670 1219 3708 cutn
1245 3653 1487 3708 nonnulli
1510 3654 1654 3722 ipsos
1685 3654 1900 3708 eosdem

314 3742 440 3779 esse
468 3722 895 3780 existimaverint
922 3740 1043 3779 cum
1095 3725 1332 3795 Eugenio
1362 3724 1768 3792 Cartltaginensi
1792 3765 1805 3789 ,
1850 3736 1905 3778 et

318 3797 636 3850 Vindemiali
681 3816 707 3847 :l
740 3796 1000 3863 Gregorio
1029 3795 1331 3850 Turonensi
1362 3798 1695 3859 memoratis,
1743 3811 1904 3849 accu-

312 3870 487 3921 ratius
514 3868 599 3920 hic
627 3867 888 3935 agendum
919 3876 1018 3920 est.

392 3938 482 3991 12.
527 3938 827 3991 'l‘arvisium
856 3938 984 3991 urlis
1010 3948 1089 3991 est
1118 3937 1169 3991 in
1195 3937 1338 3992 Italia
1362 3937 1616 4000 celebris,
1656 3952 1771 4005 qum
1807 3936 1903 3990 toti

312 4010 576 4063 marcltiar
598 4009 890 4062 Tarvisinte
920 4024 1112 4063 nomen
1143 4009 1349 4063 tribttit.
1384 4009 1509 4075 Ejus
1539 4008 1725 4061 incola:
1760 4021 1899 4074 prcc-

310 4082 507 4148 cipuos
557 4084 744 4147 patriae
788 4094 897 4131 sua!
939 4088 1272 4147 protectores
1311 4095 1375 4133 ac
1419 4087 1674 4148 patronos
1718 4078 1900 4131 colunt

311 4160 538 4204 sanctos
572 4150 898 4204 Florentium
929 4161 981 4205 et
1012 4150 1396 4204 Vindemialem
1428 4150 1731 4217 episcopos,
1770 4163 1903 4214 quo-

316 4238 444 4275 rum
490 4223 649 4275 istum
698 4224 903 4274 ratione
950 4220 1163 4285 Afrum,
1209 4231 1369 4290 atque
1420 4221 1664 4287 l'lugenii,
1716 4218 1900 4290 itidem

310 4294 554 4346 Atrieaoi
592 4294 847 4360 cpismpi,
876 4292 1075 4347 socium
1098 4293 1261 4346 fuisse
1284 4288 1739 4345 commemorant.
1793 4288 1902 4343 llos

314 4362 504 4415 laudat
539 4363 725 4415 l’etrus
756 4366 821 4417 tle
844 4363 1133 4427 Natalilnts,
1167 4365 1216 4415 in
1239 4363 1426 4418 eadem
1467 4362 1702 4416 marcltia
1742 4360 1901 4430 Equi-

312 4434 462 4485 ltntts
485 4433 791 4499 cpiscopus,
826 4434 875 4486 in
905 4433 1163 4502 Catalogo
1191 4443 1497 4486 sanctorum
1528 4432 1621 4485 lib.
1662 4448 1733 4493 tv,
1778 4446 1895 4499 cap.

311 4503 446 4594 “Si,
482 4503 567 4556 ubi
596 4504 903 4594 eornltndem
935 4518 1251 4594 corporarcx
1278 4504 1445 4585 insula
1475 4502 1731 4594 cat-sicui,
1777 4515 1899 4583 cum
1933 4533 1984 4594 υ

310 4588 341 4626 a
378 4574 668 4625 Saracenis
698 4574 1084 4635 dcrastaretur,
1135 4572 1435 4626 Tarvisium
1461 4589 1487 4625 a
1519 4574 1727 4626 'l‘itiano
1760 4572 1900 4639 ejus-

309 4644 443 4696 dum
473 4643 618 4695 ιιι-ἱείς
641 4644 893 4713 episcopo
920 4644 1140 4697 advecta
1172 4642 1333 4697 fuisse
1354 4643 1564 4696 scribit.
1591 4643 1753 4709 llnjus
1772 4658 1901 4695 vero

310 4713 687 4766 translationis
712 4713 954 4767 meminit
983 4727 1192 4782 quoque
1216 4713 1471 4781 Ugltclfus
1502 4724 1646 4767 torno
1670 4714 1709 4766 V
1737 4713 1900 4767 Italia:

310 4798 496 4836 sacra:
527 4784 577 4836 in
609 4786 1037 4838 'fatvisianorutn
1084 4784 1455 4851 episcoporum
1495 4786 1757 4852 catalogo,
1809 4784 1898 4836 ubi

310 4855 358 4908 Τ
368 4854 593 4906 itiannm
625 4869 765 4907 anno
785 4859 998 4909 circiter
1022 4854 1545 4923 quadringentesimo
1569 4855 1690 4908 huic
1718 4856 1899 4908 I‘Iccle-

311 4927 421 4977 sise
452 4924 728 4992 prazfttisse
770 4924 977 4980 scribit.
1039 4925 1143 4980 Sed
1186 4936 1441 4993 quantum
1491 4926 1542 4978 itt
1573 4925 1897 4992 designanda

310 4995 481 5061 hujus
537 4996 791 5050 antistitis
842 5003 998 5051 aetate
1030 5010 1059 5048 a
1101 5010 1231 5049 vero
1277 4996 1575 5057 deﬂexerit,
1614 4997 1696 5049 vel
1729 5010 1792 5048 ex
1832 5010 1899 5049 eo

310 5066 568 5120 convinci
615 5074 788 5135 potest
842 5066 982 5135 quod
1036 5065 1406 5133 Vindemialis,
1459 5068 1614 5133 cujus
1662 5066 1901 5119 Titianus

310 5136 485 5188 vitam
533 5141 816 5203 scripsisse
871 5138 1093 5198 dicitur.
1148 5135 1438 5191 conventui
1488 5135 1897 5202 Cartltaginensi

308 5220 446 5259 cum
474 5209 707 5274 Arianis,
756 5208 971 5272 iubente
1020 5208 1319 5273 llunerico,
1372 5209 1551 5261 habito
1599 5206 1902 5260 interfuisse

311 5288 673 5349 inemoretur.
716 5278 784 5333 Et
828 5280 1040 5347 quidem
1074 5280 1196 5333 licet
1241 5279 1495 5349 Ugltellns
1533 5277 1901 5331 llunericiante

236 5392 249 5398 -
310 5347 485 5408 liugus
507 5348 810 5404 collationis
839 5350 1043 5404 dlserte
1070 5364 1176 5403 non
1203 5347 1539 5414 meminerit,
1573 5364 1689 5403 eam
1721 5360 1901 5401 tamen

308 5419 454 5472 satis
473 5420 783 5541 desiqnasse
812 5421 1036 5485 videtur,
1063 5435 1183 5475 cunt
1208 5420 1496 5489 Eugenium
1528 5431 1579 5473 et
1600 5418 1905 5473 Vindemia-

310 5491 428 5541 lem
473 5487 593 5541 Cart
632 5492 861 5541 aaiuensi
906 5503 1087 5541 rontra
1128 5491 1345 5541 Arianos
1385 5493 1600 5541 concilio
1645 5490 1902 5541 adfuisse.

310 5491 428 5542 lem
473 5487 861 5560 Carthagiuensi
906 5503 1087 5545 contra
1128 5487 1345 5546 Arianos
1385 5493 1600 5545 concilio
1645 5490 1902 5560 adfuisse,

307 5568 481 5625 atque
508 5558 728 5615 eosdem
752 5578 814 5616 ea:
835 5562 1011 5631 Africa
1035 5565 1446 5632 persequentibus
1480 5562 1685 5630 Arionis
1713 5561 1765 5614 in
1794 5558 1905 5613 Ita-

307 5632 444 5682 liam
472 5632 795 5685 descendisse
820 5634 1026 5687 scribit.

393 5703 477 5755 15.
525 5702 720 5756 Verum
752 5705 820 5757 dc
857 5705 1011 5760 istius
1042 5706 1273 5761 auctoris
1309 5721 1466 5761 sensu
1513 5708 1681 5761 fusius
1718 5705 1902 5772 dispu-

305 5781 431 5832 tare
462 5773 600 5828 nihil
647 5776 890 5842 interest,
932 5790 1053 5831 cum
1091 5779 1381 5833 habeamus
1412 5790 1557 5831 tonto
1588 5779 1601 5831 Ι
1634 5780 1751 5832 Maii
1786 5777 1905 5831 Bul-

2008 3227 2177 3300 diens,
2222 3243 2403 3300 usque_
2422 3229 2491 3280 ad
2526 3239 2750 3281 castrum
2783 3228 3050 3283 Saurense
3085 3231 3311 3300 pervenit
3338 3244 3585 3300 unacum

2006 3298 2327 3351 sanctissimo
2360 3296 2613 3369 Eugenio,
2661 3316 2779 3352 cum
2809 3316 2906 3367 quo
2942 3309 2988 3354 et
3031 3296 3196 3353 multa
3240 3299 3491 3353 miracula
3533 3300 3588 3353 in

2007 3372 2235 3432 partibus
2268 3368 2455 3436 Africis
2480 3377 2632 3439 atque
2654 3368 2960 3440 Carthagine
2987 3372 3108 3440 egit.
3135 3369 3365 3439 Indeque
3386 3372 3587 3423 uenien-

2008 3450 2079 3491 tes
2110 3456 2267 3508 usque
2294 3440 2375 3492 atl‘
2397 3450 2617 3493 castrum
2653 3440 2944 3508 Vundense,
2975 3443 3028 3495 in
3067 3441 3172 3495 illis
3203 3442 3430 3508 partibus
3469 3442 3587 3510 plu-

2006 3509 2187 3563 rimam
2218 3512 2395 3581 p0pttli
2422 3512 2801 3565 multitudinem
2838 3529 2930 3565 sua
2971 3513 3335 3581 pra'dicatione
3366 3509 3586 3565 Domino

2007 3590 2181 3632 nostra
2208 3578 2331 3632 Jesn
2360 3578 2562 3634 Christo
2595 3578 3122 3647 acquisierunt.'Ttttn
3156 3592 3371 3637 sanctus
3408 3583 3589 3652 Euge-

2008 3652 2126 3703 nius
2154 3653 2205 3703 in
2234 3652 2405 3704 insula
2452 3669 2609 3721 prope
2654 3652 2886 3707 Vadcnse
2932 3664 3189 3719 castrum,
3244 3656 3442 3707 duobus
3469 3654 3587 3708 inde

2009 3722 2309 3774 milliarfbus
2352 3724 2609 3786 distante,
2651 3724 2753 3776 vita
2797 3725 3009 3778 functus
3052 3725 3281 3790 dicitur;
3330 3726 3399 3777 ad
3437 3727 3588 3785 cuius

2009 3794 2288 3856 tumulum,
2341 3794 2509 3860 inquit
2563 3793 2832 3858 Titianus,
2880 3797 3039 3848 multa
3100 3804 3145 3848 et
3195 3795 3587 3847 innumerabilia

2007 3865 2323 3935 omnipotens
2364 3862 2616 3935 Dominus
2664 3865 2904 3935 dignatus
2953 3875 3025 3918 est
3060 3868 3261 3933 aperari
3309 3866 3583 3918 miracula.

2009 3931 2232 4004 S_anctus
2275 3949 2389 3985 vero
2426 3931 2757 3987 Viudemialis
2800 3953 2832 3987 a
2869 3931 3103 4004 prwfato'
3127 3945 3293 3988 castra
3322 3936 3582 3995 recedens,

2008 4002 2267 4055 Corsicam
2298 4019 2602 4071 properans,
2638 4006 2707 4057 ibi
2738 4006 2789 4058 in
2828 4002 2999 4058 sancto
3039 4006 3301 4074 proposito
3338 4006 3583 4058 inconta-

2006 4074 2255 4126 minatum
2282 4076 2504 4128 reddidit
2536 4075 2793 4141 spiritum.
2828 4076 2961 4129 Tum
2992 4076 3059 4130 de
3090 4078 3438 4130 translatione
3467 4090 3495 4127 a
3524 4092 3583 4129 so

2007 4146 2143 4197 facta
2178 4144 2255 4198 sic
2288 4147 2646 4205 narrationem
2685 4148 3059 4216 prosequitur:
3104 4145 3384 4213 Postquam
3411 4162 3447 4216 ag
3476 4146 3580 4200 Sa-

2006 4216 2206 4269 racenis
2238 4226 2443 4284 captam
2480 4214 2777 4279 Corsicam,
2831 4214 3117 4286 multasque
3154 4216 3388 4271 ecclesias
3422 4214 3514 4269 Dei
3551 4232 3583 4269 a

2007 4286 2352 4357 fundamentis
2366 4289 2645 4341 destructas
2662 4288 2825 4341 relatu
2845 4288 3123 4341 multorum
3143 4291 3579 4357 comperissemus,

2005 4374 2098 4425 ego
2147 4356 2386 4411 Titianus
2441 4368 2631 4411 sancite
2673 4359 2985 4412 Taruisianm
3015 4356 3274 4413 Ecclesiw"
3292 4359 3578 4426 episcopus,

2010 4439 2133 4481 nutu
2164 4429 2335 4481 divino
2364 4430 2430 4480 ad
2464 4432 2737 4498 prmfalatn
2774 4431 2975 4498 perveni
3009 4432 3251 4494 insulam,
3300 4430 3384 4481 ubi
3418 4438 3523 4482 tant
3552 4446 3586 4482 a

2010 4502 2180 4553 nantis
2210 4516 2359 4565 quam
2391 4517 2422 4551 a
2452 4502 2549 4553 loci
2577 4501 2716 4553 illius
2748 4500 2930 4553 incolis
2973 4500 3244 4553 didicimus
3289 4500 3373 4553 ubi
3401 4499 3585 4553 beatis-

2009 4571 2250 4622 simorum
2303 4571 2645 4639 confessorunt
2701 4570 2887 4624 Christi
2934 4572 2986 4624 itt
3039 4570 3364 4640 sarcophagis
3416 4572 3585 4636 posita

2009 4656 2225 4708 corpora
2264 4642 2487 4709 fuerant,
2544 4641 2874 4694 Vindemialis
2904 4642 3075 4710 utique
3103 4656 3164 4693 ac
3192 4640 3442 4711 Florentii
3475 4642 3587 4711 epi-

2008 4726 2394 4778 scoporum.....
2429 4711 2563 4764 Inde
2588 4727 2805 4781 corpora
2828 4709 3006 4764 eorum
3035 4713 3275 4781 levantes,
3308 4712 3374 4764 ad
3402 4709 3583 4763 Tarsi.

2008 4781 2206 4833 sianum
2228 4783 2393 4833 solum
2421 4780 2826 4849 pervenimus...
2881 4780 3243 4835 collocavimus
3284 4783 3337 4835 in
3372 4781 3586 4834 ecclesia

2010 4852 2191 4905 Sancti
2219 4850 2437 4905 Joannis
2471 4850 2733 4920 Baptism.

2079 4920 2167 4974 ll.
2193 4922 2315 4975 Ila-c
2342 4932 2517 4976 autem
2550 4922 2704 4991 paulo
2737 4922 2906 4977 fusius
2926 4923 3225 4987 retulimus,
3258 4929 3316 4975 ut
3338 4928 3463 4991 pote
3493 4937 3580 4977 ne-

2008 4993 2235 5045 ccssaria
2254 4994 2317 5045 ad
2343 4993 2707 5047 illustrandum
2722 4995 2944 5048 istorum
2962 5002 3265 5048 sanctorum
3286 4992 3581 5047 historiam.

2011 5064 2083 5134 ljlx
2116 5064 2211 5134 liae
2242 5063 2442 5133 quippe
2471 5063 2663 5117 Titiaui
2701 5065 3011 5119 narratione
3036 5063 3312 5131 complura
3333 5064 3588 5134 colligete

2007 5132 2147 5187 licet.
2175 5132 2356 5187 Primo
2380 5132 2671 5202 ipsummet
2700 5134 2968 5189 Titianum
2997 5134 3181 5189 saeculi
3209 5134 3379 5203 quinti
3412 5132 3586 5201 initio,

2008 5214 2065 5257 ut
2096 5204 2350 5273 Ughellus
2372 5205 2717 5271 existimavit,
2751 5220 2855 5259 non
2896 5206 3133 5259 vixisse:
3160 5202 3421 5272 siquidem
3456 5204 3589 5259 Vitt-

2007 5276 2291 5329 demialem
2323 5286 2376 5329 et
2402 5276 2697 5344 Eugenium
2742 5278 3030 5332 conventui
3064 5275 3469 5345 Cartltaginensi
3500 5277 3589 5342 qui

2008 5347 2108 5400 sub
2139 5346 2405 5400 llunerico
2431 5361 2556 5415 rege
2586 5360 2728 5399 anno
2748 5345 2855 5399 484
2878 5354 3101 5401 coactus
3128 5356 3233 5412 est,
3284 5346 3589 5401 interfuisse

2010 5418 2191 5470 refert.
2224 5416 2327 5469 Sed
2354 5426 2407 5471 et
2435 5416 2676 5485 ejusdem
2722 5419 2798 5471 rei
2830 5417 2973 5471 aliud
3006 5417 3211 5487 praebet
3256 5417 3410 5471 nobis
3435 5430 3590 5484 argu-

2010 5495 2271 5551 mentum,
2294 5502 2415 5541 cum
2445 5502 2504 5541 sc
2522 5498 2827 5542 sanctorum
2856 5487 3117 5543 Florentii
3156 5498 3209 5543 et
3238 5487 3589 5540 Vindemialis

2008 5571 2235 5626 corpora
2264 5571 2413 5612 suam
2447 5559 2497 5612 in
2542 5559 2725 5613 urbem
2774 5559 3110 5613 transtulisse
3154 5565 3336 5612 narrat
3363 5571 3428 5609 eo
3456 5564 3590 5626 tem-

2012 5624 2137 5697 pore
2163 5644 2269 5697 quo
2300 5638 2419 5698 post
2442 5638 2649 5697 captam
2679 5645 2709 5683 a
2738 5630 3021 5685 Saracenis
3036 5629 3307 5682 Corsicam
3337 5624 3588 5690 insulam,

2009 5700 2200 5754 diruta:
2220 5712 2370 5754 erant
2400 5702 2640 5754 cz-clesize
2670 5714 2682 5757 :
2717 5716 2834 5771 qua:
2865 5715 2994 5754 sane
3022 5699 3250 5767 septimo
3269 5707 3367 5771 aut
3396 5710 3589 5751 nc'avo

2009 5772 2229 5838 saeculo,
2253 5773 2446 5839 quibus
2471 5768 2984 5828 Saraceni'insulatn
3029 5772 3185 5825 istum
3234 5768 3471 5839 aliasque
3500 5784 3584 5827 re-
