  <div class='ocr_page' id='page_1' title='image "/cluster/home/n/w/nwhite01/storage/ocr_20150623/58/hvd.32044073505240/238.png"; bbox 0 0 4078 6348; ppageno 0'>
   <div class='ocr_carea' id='block_1_1' title="bbox 336 351 437 408">
    <p class='ocr_par' dir='ltr' id='par_1_1' title="bbox 336 351 437 408">
     <span class='ocr_line' id='line_1_1' title="bbox 336 351 437 408; baseline -0.099 0"><span class='ocrx_word' id='word_1_1' title='bbox 336 351 437 408; x_wconf 61' lang='lat' dir='ltr'><strong>tua</strong></span> 
     </span>
    </p>
   </div>
   <div class='ocr_carea' id='block_1_2' title="bbox 689 345 3230 407">
    <p class='ocr_par' dir='ltr' id='par_1_2' title="bbox 689 345 3230 407">
     <span class='ocr_line' id='line_1_2' title="bbox 689 345 3230 407; baseline -0.001 -2"><span class='ocrx_word' id='word_1_2' title='bbox 689 349 1014 407; x_wconf 78' lang='lat' dir='ltr'><strong>RUINARTI</strong></span> <span class='ocrx_word' id='word_1_3' title='bbox 1053 348 1117 405; x_wconf 82' lang='lat' dir='ltr'><strong>IN</strong></span> <span class='ocrx_word' id='word_1_4' title='bbox 1159 346 1520 405; x_wconf 79' lang='lat' dir='ltr'><strong>HISTORIAM</strong></span> <span class='ocrx_word' id='word_1_5' title='bbox 1561 346 1844 404; x_wconf 79' lang='lat' dir='ltr'><strong>PERSEC.</strong></span> <span class='ocrx_word' id='word_1_6' title='bbox 1890 347 2183 403; x_wconf 75' lang='lat' dir='ltr'><strong>VANDAL.</strong></span> <span class='ocrx_word' id='word_1_7' title='bbox 2226 347 2767 407; x_wconf 80' lang='lat' dir='ltr'><strong>COMMENTARIUS</strong></span> <span class='ocrx_word' id='word_1_8' title='bbox 2809 345 3230 406; x_wconf 82' lang='lat' dir='ltr'><strong>HISTORICUS.</strong></span> 
     </span>
    </p>
   </div>
   <div class='ocr_carea' id='block_1_3' title="bbox 3482 348 3585 403">
    <p class='ocr_par' dir='ltr' id='par_1_3' title="bbox 3482 348 3585 403">
     <span class='ocr_line' id='line_1_3' title="bbox 3482 348 3585 403; baseline -0.039 0"><span class='ocrx_word' id='word_1_9' title='bbox 3482 348 3585 403; x_wconf 75' lang='grc'><strong>410</strong></span> 
     </span>
    </p>
   </div>
   <div class='ocr_carea' id='block_1_4' title="bbox 337 462 3585 539">
    <p class='ocr_par' dir='ltr' id='par_1_4' title="bbox 337 462 3585 539">
     <span class='ocr_line' id='line_1_4' title="bbox 337 462 3585 539; baseline -0 -20"><span class='ocrx_word' id='word_1_10' title='bbox 337 470 419 521; x_wconf 87' lang='lat' dir='ltr'><strong>dei</strong></span> <span class='ocrx_word' id='word_1_11' title='bbox 466 464 713 539; x_wconf 80' lang='lat' dir='ltr'><strong>sodalitio</strong></span> <span class='ocrx_word' id='word_1_12' title='bbox 741 464 902 539; x_wconf 80' lang='lat' dir='ltr'><strong>fuisse</strong></span> <span class='ocrx_word' id='word_1_13' title='bbox 932 479 1036 539; x_wconf 84' lang='lat' dir='ltr'><strong>non</strong></span> <span class='ocrx_word' id='word_1_14' title='bbox 1065 464 1407 527; x_wconf 76' lang='lat' dir='ltr'><strong>arbitramur,</strong></span> <span class='ocrx_word' id='word_1_15' title='bbox 1442 463 1594 539; x_wconf 75' lang='lat' dir='ltr'><strong>quod</strong></span> <span class='ocrx_word' id='word_1_16' title='bbox 1611 462 1762 516; x_wconf 90' lang='lat' dir='ltr'><strong>istius</strong></span> <span class='ocrx_word' id='word_1_17' title='bbox 1795 471 1905 539; x_wconf 87' lang='lat' dir='ltr'><strong>tur-_</strong></span> <span class='ocrx_word' id='word_1_18' title='bbox 1941 463 1990 525; x_wconf 76' lang='grc' dir='ltr'><strong>Δ</strong></span> <span class='ocrx_word' id='word_1_19' title='bbox 2022 474 2317 539; x_wconf 83' lang='lat' dir='ltr'><strong>temporum</strong></span> <span class='ocrx_word' id='word_1_20' title='bbox 2349 484 2469 533; x_wconf 82' lang='lat' dir='ltr'><strong>usu,</strong></span> <span class='ocrx_word' id='word_1_21' title='bbox 2494 470 2671 537; x_wconf 82' lang='lat' dir='ltr'><strong>ignem</strong></span> <span class='ocrx_word' id='word_1_22' title='bbox 2694 467 2946 539; x_wconf 72' lang='lat' dir='ltr'><strong>projectte</strong></span> <span class='ocrx_word' id='word_1_23' title='bbox 2976 468 3275 523; x_wconf 74' lang='lat' dir='ltr'><strong>nullatenus</strong></span> <span class='ocrx_word' id='word_1_24' title='bbox 3300 474 3585 539; x_wconf 85' lang='lat' dir='ltr'><strong>potuerunt</strong></span> 
     </span>
    </p>
   </div>
   <div class='ocr_carea' id='block_1_5' title="bbox 338 532 1907 604">
    <p class='ocr_par' dir='ltr' id='par_1_5' title="bbox 338 532 1907 604">
     <span class='ocr_line' id='line_1_5' title="bbox 338 532 1907 604; baseline -0.004 -12"><span class='ocrx_word' id='word_1_25' title='bbox 338 553 439 592; x_wconf 59' lang='lat' dir='ltr'><strong>tua:</strong></span> <span class='ocrx_word' id='word_1_26' title='bbox 485 536 785 590; x_wconf 69' lang='lat' dir='ltr'><strong>Castrensis</strong></span> <span class='ocrx_word' id='word_1_27' title='bbox 831 534 1047 603; x_wconf 80' lang='lat' dir='ltr'><strong>signifer</strong></span> <span class='ocrx_word' id='word_1_28' title='bbox 1098 545 1151 589; x_wconf 92' lang='lat' dir='ltr'><strong>et</strong></span> <span class='ocrx_word' id='word_1_29' title='bbox 1199 542 1497 604; x_wconf 67' lang='lat' dir='ltr'><strong>praeceptor</strong></span> <span class='ocrx_word' id='word_1_30' title='bbox 1543 534 1769 597; x_wconf 87' lang='lat' dir='ltr'><strong>dicatur,</strong></span> <span class='ocrx_word' id='word_1_31' title='bbox 1817 532 1907 599; x_wconf 93' lang='lat' dir='ltr'><strong>qui</strong></span> 
     </span>
    </p>
   </div>
   <div class='ocr_carea' id='block_1_6' title="bbox 338 604 1903 672">
    <p class='ocr_par' dir='ltr' id='par_1_6' title="bbox 338 604 1903 672">
     <span class='ocr_line' id='line_1_6' title="bbox 338 604 1903 672; baseline -0.003 -10"><span class='ocrx_word' id='word_1_32' title='bbox 338 609 519 662; x_wconf 92' lang='lat' dir='ltr'><strong>titulus</strong></span> <span class='ocrx_word' id='word_1_33' title='bbox 535 604 906 672; x_wconf 79' lang='lat' dir='ltr'><strong>Quodvultdeo</strong></span> <span class='ocrx_word' id='word_1_34' title='bbox 933 606 1122 660; x_wconf 90' lang='lat' dir='ltr'><strong>melius</strong></span> <span class='ocrx_word' id='word_1_35' title='bbox 1144 605 1225 659; x_wconf 90' lang='lat' dir='ltr'><strong>vel</strong></span> <span class='ocrx_word' id='word_1_36' title='bbox 1243 604 1314 658; x_wconf 92' lang='lat' dir='ltr'><strong>ob</strong></span> <span class='ocrx_word' id='word_1_37' title='bbox 1332 604 1475 659; x_wconf 86' lang='lat' dir='ltr'><strong>sedis</strong></span> <span class='ocrx_word' id='word_1_38' title='bbox 1498 605 1903 672; x_wconf 59' lang='lat' dir='ltr'><strong>praerogativam</strong></span> 
     </span>
    </p>
   </div>
   <div class='ocr_carea' id='block_1_7' title="bbox 337 673 1905 748">
    <p class='ocr_par' dir='ltr' id='par_1_7' title="bbox 337 673 1905 748">
     <span class='ocr_line' id='line_1_7' title="bbox 337 673 1905 748; baseline -0.002 -15"><span class='ocrx_word' id='word_1_39' title='bbox 337 679 689 748; x_wconf 81' lang='lat' dir='ltr'><strong>congruisset,</strong></span> <span class='ocrx_word' id='word_1_40' title='bbox 712 676 874 748; x_wconf 81' lang='lat' dir='ltr'><strong>cujus</strong></span> <span class='ocrx_word' id='word_1_41' title='bbox 899 686 1072 748; x_wconf 79' lang='lat' dir='ltr'><strong>tamen</strong></span> <span class='ocrx_word' id='word_1_42' title='bbox 1108 690 1178 748; x_wconf 8' lang='lat' dir='ltr'><strong>ne?</strong></span> <span class='ocrx_word' id='word_1_43' title='bbox 1204 673 1420 748; x_wconf 76' lang='lat' dir='ltr'><strong>quidem</strong></span> <span class='ocrx_word' id='word_1_44' title='bbox 1453 674 1655 748; x_wconf 78' lang='lat' dir='ltr'><strong>mentio</strong></span> <span class='ocrx_word' id='word_1_45' title='bbox 1684 674 1791 728; x_wconf 88' lang='lat' dir='ltr'><strong>ulla</strong></span> <span class='ocrx_word' id='word_1_46' title='bbox 1820 674 1905 730; x_wconf 89' lang='lat' dir='ltr'><strong>hic</strong></span> 
     </span>
    </p>
   </div>
   <div class='ocr_carea' id='block_1_8' title="bbox 340 744 1623 814">
    <p class='ocr_par' dir='ltr' id='par_1_8' title="bbox 340 744 1623 814">
     <span class='ocr_line' id='line_1_8' title="bbox 340 744 1623 814; baseline -0.005 -12"><span class='ocrx_word' id='word_1_47' title='bbox 340 744 585 802; x_wconf 78' lang='lat' dir='ltr'><strong>habetur.</strong></span> <span class='ocrx_word' id='word_1_48' title='bbox 620 746 724 801; x_wconf 89' lang='lat' dir='ltr'><strong>Sed</strong></span> <span class='ocrx_word' id='word_1_49' title='bbox 757 745 826 799; x_wconf 92' lang='lat' dir='ltr'><strong>de</strong></span> <span class='ocrx_word' id='word_1_50' title='bbox 856 745 985 814; x_wconf 83' lang='lat' dir='ltr'><strong>ipsis</strong></span> <span class='ocrx_word' id='word_1_51' title='bbox 1011 744 1316 814; x_wconf 78' lang='lat' dir='ltr'><strong>singillatim</strong></span> <span class='ocrx_word' id='word_1_52' title='bbox 1339 744 1623 813; x_wconf 90' lang='lat' dir='ltr'><strong>agendum.</strong></span> 
     </span>
    </p>
   </div>
   <div class='ocr_carea' id='block_1_9' title="bbox 408 814 1908 889">
    <p class='ocr_par' dir='ltr' id='par_1_9' title="bbox 408 814 1908 889">
     <span class='ocr_line' id='line_1_9' title="bbox 408 814 1908 889; baseline -0.009 -14"><span class='ocrx_word' id='word_1_53' title='bbox 408 816 670 889; x_wconf 76' lang='grc'><strong>25911.</strong></span> <span class='ocrx_word' id='word_1_54' title='bbox 687 816 928 880; x_wconf 74' lang='lat' dir='ltr'><strong>Rossius,</strong></span> <span class='ocrx_word' id='word_1_55' title='bbox 952 828 1068 889; x_wconf 80' lang='lat' dir='ltr'><strong>seu,</strong></span> <span class='ocrx_word' id='word_1_56' title='bbox 1089 824 1151 869; x_wconf 92' lang='lat' dir='ltr'><strong>ut</strong></span> <span class='ocrx_word' id='word_1_57' title='bbox 1178 815 1265 869; x_wconf 85' lang='lat' dir='ltr'><strong>alii</strong></span> <span class='ocrx_word' id='word_1_58' title='bbox 1284 817 1548 889; x_wconf 69' lang='lat' dir='ltr'><strong>scribunt,</strong></span> <span class='ocrx_word' id='word_1_59' title='bbox 1568 814 1772 889; x_wconf 70' lang='lat' dir='ltr'><strong>Rosius,</strong></span> <span class='ocrx_word' id='word_1_60' title='bbox 1803 815 1908 889; x_wconf 40' lang='lat' dir='ltr'><strong>pri.</strong></span> 
     </span>
    </p>
   </div>
   <div class='ocr_carea' id='block_1_10' title="bbox 337 884 1907 943">
    <p class='ocr_par' dir='ltr' id='par_1_10' title="bbox 337 884 1907 943">
     <span class='ocr_line' id='line_1_10' title="bbox 337 884 1907 943; baseline -0.001 0"><span class='ocrx_word' id='word_1_61' title='bbox 337 884 613 943; x_wconf 62' lang='lat' dir='ltr'><strong>mit—sinter</strong></span> <span class='ocrx_word' id='word_1_62' title='bbox 629 894 853 942; x_wconf 66' lang='lat' dir='ltr'><strong>caeteros</strong></span> <span class='ocrx_word' id='word_1_63' title='bbox 864 886 1198 940; x_wconf 87' lang='lat' dir='ltr'><strong>confessores</strong></span> <span class='ocrx_word' id='word_1_64' title='bbox 1215 894 1521 939; x_wconf 88' lang='lat' dir='ltr'><strong>recensetur</strong></span> <span class='ocrx_word' id='word_1_65' title='bbox 1533 884 1585 939; x_wconf 89' lang='lat' dir='ltr'><strong>in</strong></span> <span class='ocrx_word' id='word_1_66' title='bbox 1606 885 1720 939; x_wconf 88' lang='lat' dir='ltr'><strong>Vita</strong></span> <span class='ocrx_word' id='word_1_67' title='bbox 1738 884 1907 941; x_wconf 87' lang='lat' dir='ltr'><strong>sancti</strong></span> 
     </span>
    </p>
   </div>
   <div class='ocr_carea' id='block_1_11' title="bbox 334 955 1909 1023">
    <p class='ocr_par' dir='ltr' id='par_1_11' title="bbox 334 955 1909 1023">
     <span class='ocr_line' id='line_1_11' title="bbox 334 955 1909 1023; baseline -0.003 -10"><span class='ocrx_word' id='word_1_68' title='bbox 334 959 634 1013; x_wconf 85' lang='lat' dir='ltr'><strong>Castrensis</strong></span> <span class='ocrx_word' id='word_1_69' title='bbox 657 972 778 1023; x_wconf 83' lang='lat' dir='ltr'><strong>eap.</strong></span> <span class='ocrx_word' id='word_1_70' title='bbox 803 960 852 1023; x_wconf 87' lang='lat' dir='ltr'><strong>l,</strong></span> <span class='ocrx_word' id='word_1_71' title='bbox 880 970 1026 1008; x_wconf 92' lang='lat' dir='ltr'><strong>num.</strong></span> <span class='ocrx_word' id='word_1_72' title='bbox 1053 956 1116 1020; x_wconf 70' lang='grc' dir='ltr'>ὃς</span> <span class='ocrx_word' id='word_1_73' title='bbox 1149 955 1235 1009; x_wconf 91' lang='lat' dir='ltr'><strong>ubi</strong></span> <span class='ocrx_word' id='word_1_74' title='bbox 1267 971 1371 1009; x_wconf 89' lang='lat' dir='ltr'><strong>non</strong></span> <span class='ocrx_word' id='word_1_75' title='bbox 1402 956 1572 1009; x_wconf 90' lang='lat' dir='ltr'><strong>solum</strong></span> <span class='ocrx_word' id='word_1_76' title='bbox 1601 958 1792 1009; x_wconf 91' lang='lat' dir='ltr'><strong>summi</strong></span> <span class='ocrx_word' id='word_1_77' title='bbox 1823 971 1909 1009; x_wconf 83' lang='lat' dir='ltr'><strong>sa-</strong></span> 
     </span>
    </p>
   </div>
   <div class='ocr_carea' id='block_1_12' title="bbox 332 1024 1904 1097">
    <p class='ocr_par' dir='ltr' id='par_1_12' title="bbox 332 1024 1904 1097">
     <span class='ocr_line' id='line_1_12' title="bbox 332 1024 1904 1097; baseline -0.001 -14"><span class='ocrx_word' id='word_1_78' title='bbox 332 1030 559 1083; x_wconf 83' lang='lat' dir='ltr'><strong>cerdotii</strong></span> <span class='ocrx_word' id='word_1_79' title='bbox 590 1027 848 1097; x_wconf 81' lang='lat' dir='ltr'><strong>dignitate</strong></span> <span class='ocrx_word' id='word_1_80' title='bbox 887 1024 1230 1097; x_wconf 71' lang='lat' dir='ltr'><strong>praefulsisse,</strong></span> <span class='ocrx_word' id='word_1_81' title='bbox 1271 1040 1456 1097; x_wconf 81' lang='lat' dir='ltr'><strong>verum</strong></span> <span class='ocrx_word' id='word_1_82' title='bbox 1489 1027 1647 1080; x_wconf 86' lang='lat' dir='ltr'><strong>etiam</strong></span> <span class='ocrx_word' id='word_1_83' title='bbox 1693 1028 1904 1094; x_wconf 84' lang='lat' dir='ltr'><strong>meritis,</strong></span> 
     </span>
    </p>
   </div>
   <div class='ocr_carea' id='block_1_13' title="bbox 332 1094 1911 1166">
    <p class='ocr_par' dir='ltr' id='par_1_13' title="bbox 332 1094 1911 1166">
     <span class='ocr_line' id='line_1_13' title="bbox 332 1094 1911 1166; baseline 0 -14"><span class='ocrx_word' id='word_1_84' title='bbox 332 1111 381 1153; x_wconf 87' lang='lat' dir='ltr'><strong>et</strong></span> <span class='ocrx_word' id='word_1_85' title='bbox 412 1094 671 1166; x_wconf 52' lang='lat' dir='ltr'><strong>moribus;</strong></span> <span class='ocrx_word' id='word_1_86' title='bbox 692 1108 737 1151; x_wconf 85' lang='lat' dir='ltr'><strong>et</strong></span> <span class='ocrx_word' id='word_1_87' title='bbox 766 1112 943 1151; x_wconf 88' lang='lat' dir='ltr'><strong>sensus</strong></span> <span class='ocrx_word' id='word_1_88' title='bbox 964 1095 1146 1166; x_wconf 87' lang='lat' dir='ltr'><strong>decore</strong></span> <span class='ocrx_word' id='word_1_89' title='bbox 1163 1094 1404 1166; x_wconf 82' lang='lat' dir='ltr'><strong>rutilasse</strong></span> <span class='ocrx_word' id='word_1_90' title='bbox 1428 1105 1773 1150; x_wconf 87' lang='lat' dir='ltr'><strong>memoratur.</strong></span> <span class='ocrx_word' id='word_1_91' title='bbox 1803 1099 1911 1152; x_wconf 89' lang='lat' dir='ltr'><strong>Cur</strong></span> 
     </span>
    </p>
   </div>
   <div class='ocr_carea' id='block_1_14' title="bbox 333 1164 1906 1238">
    <p class='ocr_par' dir='ltr' id='par_1_14' title="bbox 333 1164 1906 1238">
     <span class='ocr_line' id='line_1_14' title="bbox 333 1164 1906 1238; baseline 0 -15"><span class='ocrx_word' id='word_1_92' title='bbox 333 1171 568 1238; x_wconf 84' lang='lat' dir='ltr'><strong>priorem</strong></span> <span class='ocrx_word' id='word_1_93' title='bbox 600 1164 774 1223; x_wconf 87' lang='lat' dir='ltr'><strong>locum</strong></span> <span class='ocrx_word' id='word_1_94' title='bbox 804 1165 1093 1238; x_wconf 78' lang='lat' dir='ltr'><strong>obtinuerit</strong></span> <span class='ocrx_word' id='word_1_95' title='bbox 1119 1166 1253 1238; x_wconf 82' lang='lat' dir='ltr'><strong>ratio</strong></span> <span class='ocrx_word' id='word_1_96' title='bbox 1271 1164 1515 1238; x_wconf 88' lang='lat' dir='ltr'><strong>redditur</strong></span> <span class='ocrx_word' id='word_1_97' title='bbox 1529 1180 1648 1234; x_wconf 89' lang='lat' dir='ltr'><strong>cap.</strong></span> <span class='ocrx_word' id='word_1_98' title='bbox 1675 1165 1730 1231; x_wconf 73' lang='lat'><strong>2,</strong></span> <span class='ocrx_word' id='word_1_99' title='bbox 1760 1183 1906 1223; x_wconf 89' lang='lat' dir='ltr'><strong>num.</strong></span> 
     </span>
    </p>
   </div>
   <div class='ocr_carea' id='block_1_15' title="bbox 334 1236 1911 1309">
    <p class='ocr_par' dir='ltr' id='par_1_15' title="bbox 334 1236 1911 1309">
     <span class='ocr_line' id='line_1_15' title="bbox 334 1236 1911 1309; baseline 0 -17"><span class='ocrx_word' id='word_1_100' title='bbox 334 1236 385 1293; x_wconf 87' lang='lat'><strong>8.</strong></span> <span class='ocrx_word' id='word_1_101' title='bbox 422 1239 752 1309; x_wconf 85' lang='lat' dir='ltr'><strong>lngrediatur</strong></span> <span class='ocrx_word' id='word_1_102' title='bbox 794 1237 970 1306; x_wconf 87' lang='lat' dir='ltr'><strong>prius,</strong></span> <span class='ocrx_word' id='word_1_103' title='bbox 1014 1236 1290 1309; x_wconf 69' lang='lat' dir='ltr'><strong>_i_nquiunt_</strong></span> <span class='ocrx_word' id='word_1_104' title='bbox 1315 1236 1592 1309; x_wconf 77' lang='lat' dir='ltr'><strong>satellites,</strong></span> <span class='ocrx_word' id='word_1_105' title='bbox 1642 1240 1911 1309; x_wconf 71' lang='lat' dir='ltr'><strong>reverenda</strong></span> 
     </span>
    </p>
   </div>
   <div class='ocr_carea' id='block_1_16' title="bbox 333 1305 1908 1375">
    <p class='ocr_par' dir='ltr' id='par_1_16' title="bbox 333 1305 1908 1375">
     <span class='ocr_line' id='line_1_16' title="bbox 333 1305 1908 1375; baseline 0 -14"><span class='ocrx_word' id='word_1_106' title='bbox 333 1305 523 1362; x_wconf 74' lang='lat' dir='ltr'><strong>canitie</strong></span> <span class='ocrx_word' id='word_1_107' title='bbox 538 1320 582 1363; x_wconf 85' lang='lat' dir='ltr'><strong>et</strong></span> <span class='ocrx_word' id='word_1_108' title='bbox 596 1310 863 1362; x_wconf 78' lang='lat' dir='ltr'><strong>sanctitate</strong></span> <span class='ocrx_word' id='word_1_109' title='bbox 884 1305 1126 1373; x_wconf 67' lang='lat' dir='ltr'><strong>praeditus</strong></span> <span class='ocrx_word' id='word_1_110' title='bbox 1142 1305 1372 1360; x_wconf 83' lang='lat' dir='ltr'><strong>Rossius.</strong></span> <span class='ocrx_word' id='word_1_111' title='bbox 1393 1306 1523 1375; x_wconf 66' lang='lat' dir='ltr'><strong>Quae</strong></span> <span class='ocrx_word' id='word_1_112' title='bbox 1543 1306 1706 1360; x_wconf 87' lang='lat' dir='ltr'><strong>verba</strong></span> <span class='ocrx_word' id='word_1_113' title='bbox 1727 1308 1851 1361; x_wconf 87' lang='lat' dir='ltr'><strong>licet</strong></span> <span class='ocrx_word' id='word_1_114' title='bbox 1880 1327 1908 1361; x_wconf 88' lang='lat' dir='ltr'><strong>a</strong></span> 
     </span>
    </p>
   </div>
   <div class='ocr_carea' id='block_1_17' title="bbox 332 1375 1909 1448">
    <p class='ocr_par' dir='ltr' id='par_1_17' title="bbox 332 1375 1909 1448">
     <span class='ocr_line' id='line_1_17' title="bbox 332 1375 1909 1448; baseline -0.001 -15"><span class='ocrx_word' id='word_1_115' title='bbox 332 1379 767 1448; x_wconf 85' lang='lat' dir='ltr'><strong>persecutoribus</strong></span> <span class='ocrx_word' id='word_1_116' title='bbox 794 1379 998 1443; x_wconf 90' lang='lat' dir='ltr'><strong>prolata</strong></span> <span class='ocrx_word' id='word_1_117' title='bbox 1029 1375 1245 1448; x_wconf 79' lang='lat' dir='ltr'><strong>fuerint,</strong></span> <span class='ocrx_word' id='word_1_118' title='bbox 1280 1377 1514 1448; x_wconf 82' lang='lat' dir='ltr'><strong>indicant</strong></span> <span class='ocrx_word' id='word_1_119' title='bbox 1544 1384 1719 1448; x_wconf 73' lang='lat' dir='ltr'><strong>tamen</strong></span> <span class='ocrx_word' id='word_1_120' title='bbox 1751 1379 1909 1432; x_wconf 89' lang='lat' dir='ltr'><strong>talem</strong></span> 
     </span>
    </p>
   </div>
   <div class='ocr_carea' id='block_1_18' title="bbox 332 1446 1908 1513">
    <p class='ocr_par' dir='ltr' id='par_1_18' title="bbox 332 1446 1908 1513">
     <span class='ocr_line' id='line_1_18' title="bbox 332 1446 1908 1513; baseline 0 -11"><span class='ocrx_word' id='word_1_121' title='bbox 332 1446 400 1503; x_wconf 82' lang='lat' dir='ltr'><strong>ab</strong></span> <span class='ocrx_word' id='word_1_122' title='bbox 427 1450 739 1504; x_wconf 78' lang='lat' dir='ltr'><strong>orthodoxis</strong></span> <span class='ocrx_word' id='word_1_123' title='bbox 783 1448 1027 1502; x_wconf 79' lang='lat' dir='ltr'><strong>Rossmm</strong></span> <span class='ocrx_word' id='word_1_124' title='bbox 1071 1446 1308 1500; x_wconf 90' lang='lat' dir='ltr'><strong>habitum</strong></span> <span class='ocrx_word' id='word_1_125' title='bbox 1337 1447 1521 1500; x_wconf 89' lang='lat' dir='ltr'><strong>fuisse.</strong></span> <span class='ocrx_word' id='word_1_126' title='bbox 1563 1446 1669 1501; x_wconf 74' lang='lat' dir='ltr'><strong>Res</strong></span> <span class='ocrx_word' id='word_1_127' title='bbox 1711 1448 1826 1513; x_wconf 86' lang='lat' dir='ltr'><strong>ejus</strong></span> <span class='ocrx_word' id='word_1_128' title='bbox 1857 1450 1908 1502; x_wconf 93' lang='lat' dir='ltr'><strong>in</strong></span> 
     </span>
    </p>
   </div>
   <div class='ocr_carea' id='block_1_19' title="bbox 333 1516 1909 1587">
    <p class='ocr_par' dir='ltr' id='par_1_19' title="bbox 333 1516 1909 1587">
     <span class='ocr_line' id='line_1_19' title="bbox 333 1516 1909 1587; baseline -0.001 -13"><span class='ocrx_word' id='word_1_129' title='bbox 333 1519 480 1574; x_wconf 88' lang='lat' dir='ltr'><strong>Italia</strong></span> <span class='ocrx_word' id='word_1_130' title='bbox 504 1530 667 1587; x_wconf 72' lang='lat' dir='ltr'><strong>gesta:</strong></span> <span class='ocrx_word' id='word_1_131' title='bbox 689 1518 838 1572; x_wconf 89' lang='lat' dir='ltr'><strong>nobis</strong></span> <span class='ocrx_word' id='word_1_132' title='bbox 863 1518 1054 1586; x_wconf 72' lang='lat' dir='ltr'><strong>ignotm</strong></span> <span class='ocrx_word' id='word_1_133' title='bbox 1080 1526 1233 1587; x_wconf 86' lang='lat' dir='ltr'><strong>sunt;</strong></span> <span class='ocrx_word' id='word_1_134' title='bbox 1256 1517 1351 1571; x_wconf 89' lang='lat' dir='ltr'><strong>sed</strong></span> <span class='ocrx_word' id='word_1_135' title='bbox 1383 1518 1547 1585; x_wconf 87' lang='lat' dir='ltr'><strong>ipsius</strong></span> <span class='ocrx_word' id='word_1_136' title='bbox 1569 1516 1909 1572; x_wconf 89' lang='lat' dir='ltr'><strong>festivitatem</strong></span> 
     </span>
    </p>
   </div>
   <div class='ocr_carea' id='block_1_20' title="bbox 331 1586 1909 1659">
    <p class='ocr_par' dir='ltr' id='par_1_20' title="bbox 331 1586 1909 1659">
     <span class='ocr_line' id='line_1_20' title="bbox 331 1586 1909 1659; baseline -0.001 -16"><span class='ocrx_word' id='word_1_137' title='bbox 331 1586 535 1658; x_wconf 82' lang='lat' dir='ltr'><strong>aliquot</strong></span> <span class='ocrx_word' id='word_1_138' title='bbox 562 1589 938 1659; x_wconf 81' lang='lat' dir='ltr'><strong>martyrulogia</strong></span> <span class='ocrx_word' id='word_1_139' title='bbox 963 1586 1101 1659; x_wconf 82' lang='lat' dir='ltr'><strong>apud</strong></span> <span class='ocrx_word' id='word_1_140' title='bbox 1133 1588 1529 1659; x_wconf 26' lang='lat' dir='ltr'><strong>Bollandianosi</strong></span> <span class='ocrx_word' id='word_1_141' title='bbox 1548 1586 1634 1641; x_wconf 89' lang='lat' dir='ltr'><strong>die</strong></span> <span class='ocrx_word' id='word_1_142' title='bbox 1666 1588 1729 1641; x_wconf 88' lang='grc'><strong>16</strong></span> <span class='ocrx_word' id='word_1_143' title='bbox 1760 1603 1909 1659; x_wconf 89' lang='lat' dir='ltr'><strong>men-</strong></span> 
     </span>
    </p>
   </div>
   <div class='ocr_carea' id='block_1_21' title="bbox 333 1657 1908 1725">
    <p class='ocr_par' dir='ltr' id='par_1_21' title="bbox 333 1657 1908 1725">
     <span class='ocr_line' id='line_1_21' title="bbox 333 1657 1908 1725; baseline -0.001 -12"><span class='ocrx_word' id='word_1_144' title='bbox 333 1660 407 1713; x_wconf 79' lang='lat' dir='ltr'><strong>sis</strong></span> <span class='ocrx_word' id='word_1_145' title='bbox 434 1661 551 1714; x_wconf 78' lang='lat' dir='ltr'><strong>Maii</strong></span> <span class='ocrx_word' id='word_1_146' title='bbox 582 1657 872 1714; x_wconf 79' lang='lat' dir='ltr'><strong>celebrant.</strong></span> <span class='ocrx_word' id='word_1_147' title='bbox 902 1657 1106 1711; x_wconf 87' lang='lat' dir='ltr'><strong>Colitur</strong></span> <span class='ocrx_word' id='word_1_148' title='bbox 1136 1657 1468 1725; x_wconf 85' lang='lat' dir='ltr'><strong>potissimum</strong></span> <span class='ocrx_word' id='word_1_149' title='bbox 1502 1658 1811 1719; x_wconf 81' lang='lat' dir='ltr'><strong>Beneventi,</strong></span> <span class='ocrx_word' id='word_1_150' title='bbox 1838 1660 1908 1712; x_wconf 93' lang='lat' dir='ltr'><strong>ob</strong></span> 
     </span>
    </p>
   </div>
   <div class='ocr_carea' id='block_1_22' title="bbox 331 1726 1905 1801">
    <p class='ocr_par' dir='ltr' id='par_1_22' title="bbox 331 1726 1905 1801">
     <span class='ocr_line' id='line_1_22' title="bbox 331 1726 1905 1801; baseline -0.001 -17"><span class='ocrx_word' id='word_1_151' title='bbox 331 1730 503 1801; x_wconf 79' lang='lat' dir='ltr'><strong>ipsius</strong></span> <span class='ocrx_word' id='word_1_152' title='bbox 530 1732 665 1784; x_wconf 83' lang='lat' dir='ltr'><strong>sacri</strong></span> <span class='ocrx_word' id='word_1_153' title='bbox 692 1728 932 1800; x_wconf 89' lang='lat' dir='ltr'><strong>corporis</strong></span> <span class='ocrx_word' id='word_1_154' title='bbox 949 1726 1349 1801; x_wconf 79' lang='lat' dir='ltr'><strong>translationem</strong></span> <span class='ocrx_word' id='word_1_155' title='bbox 1368 1728 1418 1781; x_wconf 94' lang='lat' dir='ltr'><strong>in</strong></span> <span class='ocrx_word' id='word_1_156' title='bbox 1450 1728 1659 1782; x_wconf 75' lang='lat' dir='ltr'><strong>Sanctze</strong></span> <span class='ocrx_word' id='word_1_157' title='bbox 1689 1729 1905 1801; x_wconf 68' lang='lat' dir='ltr'><strong>Sophia:</strong></span> 
     </span>
    </p>
   </div>
   <div class='ocr_carea' id='block_1_23' title="bbox 330 1796 1904 1869">
    <p class='ocr_par' dir='ltr' id='par_1_23' title="bbox 330 1796 1904 1869">
     <span class='ocr_line' id='line_1_23' title="bbox 330 1796 1904 1869; baseline 0.002 -19"><span class='ocrx_word' id='word_1_158' title='bbox 330 1796 637 1864; x_wconf 67' lang='lat' dir='ltr'><strong>ecclesiam.</strong></span> <span class='ocrx_word' id='word_1_159' title='bbox 673 1796 830 1869; x_wconf 81' lang='lat' dir='ltr'><strong>quam</strong></span> <span class='ocrx_word' id='word_1_160' title='bbox 857 1813 917 1852; x_wconf 90' lang='lat' dir='ltr'><strong>ea</strong></span> <span class='ocrx_word' id='word_1_161' title='bbox 949 1798 999 1851; x_wconf 92' lang='lat' dir='ltr'><strong>iu</strong></span> <span class='ocrx_word' id='word_1_162' title='bbox 1032 1796 1162 1869; x_wconf 82' lang='lat' dir='ltr'><strong>urbe</strong></span> <span class='ocrx_word' id='word_1_163' title='bbox 1199 1799 1441 1859; x_wconf 86' lang='lat' dir='ltr'><strong>Arechis,</strong></span> <span class='ocrx_word' id='word_1_164' title='bbox 1476 1814 1611 1851; x_wconf 90' lang='lat' dir='ltr'><strong>unus</strong></span> <span class='ocrx_word' id='word_1_165' title='bbox 1642 1813 1673 1852; x_wconf 91' lang='lat' dir='ltr'><strong>e</strong></span> <span class='ocrx_word' id='word_1_166' title='bbox 1697 1796 1904 1865; x_wconf 81' lang='lat' dir='ltr'><strong>Longo-</strong></span> 
     </span>
    </p>
   </div>
   <div class='ocr_carea' id='block_1_24' title="bbox 331 1868 1908 1936">
    <p class='ocr_par' dir='ltr' id='par_1_24' title="bbox 331 1868 1908 1936">
     <span class='ocr_line' id='line_1_24' title="bbox 331 1868 1908 1936; baseline 0.001 -13"><span class='ocrx_word' id='word_1_167' title='bbox 331 1871 621 1925; x_wconf 86' lang='lat' dir='ltr'><strong>bardorum</strong></span> <span class='ocrx_word' id='word_1_168' title='bbox 665 1868 906 1935; x_wconf 85' lang='lat' dir='ltr'><strong>ducibus,</strong></span> <span class='ocrx_word' id='word_1_169' title='bbox 947 1868 1470 1936; x_wconf 83' lang='lat' dir='ltr'><strong>magnificentissime</strong></span> <span class='ocrx_word' id='word_1_170' title='bbox 1518 1878 1908 1924; x_wconf 78' lang='lat' dir='ltr'><strong>construxerat.</strong></span> 
     </span>
    </p>
   </div>
   <div class='ocr_carea' id='block_1_25' title="bbox 328 1938 1909 1996">
    <p class='ocr_par' dir='ltr' id='par_1_25' title="bbox 328 1938 1909 1996">
     <span class='ocr_line' id='line_1_25' title="bbox 328 1938 1909 1996; baseline 0 -2"><span class='ocrx_word' id='word_1_171' title='bbox 328 1940 576 1996; x_wconf 87' lang='lat' dir='ltr'><strong>Celebris</strong></span> <span class='ocrx_word' id='word_1_172' title='bbox 606 1948 688 1995; x_wconf 91' lang='lat' dir='ltr'><strong>est</strong></span> <span class='ocrx_word' id='word_1_173' title='bbox 715 1939 948 1993; x_wconf 90' lang='lat' dir='ltr'><strong>etiamin</strong></span> <span class='ocrx_word' id='word_1_174' title='bbox 977 1938 1241 1993; x_wconf 88' lang='lat' dir='ltr'><strong>Suessana</strong></span> <span class='ocrx_word' id='word_1_175' title='bbox 1268 1940 1484 1993; x_wconf 77' lang='lat' dir='ltr'><strong>dimcesi</strong></span> <span class='ocrx_word' id='word_1_176' title='bbox 1504 1938 1909 1994; x_wconf 82' lang='lat' dir='ltr'><strong>Rossiimemo-</strong></span> 
     </span>
    </p>
   </div>
   <div class='ocr_carea' id='block_1_26' title="bbox 328 2009 1911 2081">
    <p class='ocr_par' dir='ltr' id='par_1_26' title="bbox 328 2009 1911 2081">
     <span class='ocr_line' id='line_1_26' title="bbox 328 2009 1911 2081; baseline 0.001 -16"><span class='ocrx_word' id='word_1_177' title='bbox 328 2014 431 2080; x_wconf 86' lang='lat' dir='ltr'><strong>ria,</strong></span> <span class='ocrx_word' id='word_1_178' title='bbox 486 2012 542 2065; x_wconf 92' lang='lat' dir='ltr'><strong>in</strong></span> <span class='ocrx_word' id='word_1_179' title='bbox 570 2026 672 2081; x_wconf 89' lang='lat' dir='ltr'><strong>qua</strong></span> <span class='ocrx_word' id='word_1_180' title='bbox 712 2012 843 2064; x_wconf 89' lang='lat' dir='ltr'><strong>urbe</strong></span> <span class='ocrx_word' id='word_1_181' title='bbox 872 2009 999 2063; x_wconf 91' lang='lat' dir='ltr'><strong>olim</strong></span> <span class='ocrx_word' id='word_1_182' title='bbox 1045 2009 1326 2081; x_wconf 83' lang='lat' dir='ltr'><strong>ecclesiam</strong></span> <span class='ocrx_word' id='word_1_183' title='bbox 1360 2009 1465 2081; x_wconf 86' lang='lat' dir='ltr'><strong>ipsi</strong></span> <span class='ocrx_word' id='word_1_184' title='bbox 1494 2010 1720 2081; x_wconf 88' lang='lat' dir='ltr'><strong>dicatam</strong></span> <span class='ocrx_word' id='word_1_185' title='bbox 1750 2011 1911 2067; x_wconf 68' lang='lat' dir='ltr'><strong>fuisse</strong></span> 
     </span>
    </p>
   </div>
   <div class='ocr_carea' id='block_1_27' title="bbox 328 2079 1905 2153">
    <p class='ocr_par' dir='ltr' id='par_1_27' title="bbox 328 2079 1905 2153">
     <span class='ocr_line' id='line_1_27' title="bbox 328 2079 1905 2153; baseline -0.001 -17"><span class='ocrx_word' id='word_1_186' title='bbox 328 2079 636 2153; x_wconf 78' lang='lat' dir='ltr'><strong>colligimus</strong></span> <span class='ocrx_word' id='word_1_187' title='bbox 685 2096 751 2136; x_wconf 79' lang='lat' dir='ltr'><strong>ex</strong></span> <span class='ocrx_word' id='word_1_188' title='bbox 799 2081 982 2135; x_wconf 86' lang='lat' dir='ltr'><strong>charta</strong></span> <span class='ocrx_word' id='word_1_189' title='bbox 1005 2079 1305 2153; x_wconf 47' lang='lat' dir='ltr'><strong>“inhenum</strong></span> <span class='ocrx_word' id='word_1_190' title='bbox 1347 2080 1608 2153; x_wconf 12' lang='lat' dir='ltr'><strong>Capuanig</strong></span> <span class='ocrx_word' id='word_1_191' title='bbox 1640 2080 1905 2153; x_wconf 79' lang='lat' dir='ltr'><strong>episcopi,</strong></span> 
     </span>
    </p>
   </div>
   <div class='ocr_carea' id='block_1_28' title="bbox 326 2147 1907 2223">
    <p class='ocr_par' dir='ltr' id='par_1_28' title="bbox 326 2147 1907 2223">
     <span class='ocr_line' id='line_1_28' title="bbox 326 2147 1907 2223; baseline -0.001 -16"><span class='ocrx_word' id='word_1_192' title='bbox 326 2147 779 2223; x_wconf 62' lang='lat' dir='ltr'><strong>apud&#39;Ugbellum</strong></span> <span class='ocrx_word' id='word_1_193' title='bbox 823 2161 967 2223; x_wconf 88' lang='lat' dir='ltr'><strong>tomo</strong></span> <span class='ocrx_word' id='word_1_194' title='bbox 1005 2147 1068 2223; x_wconf 84' lang='lat' dir='ltr'><strong>Vl</strong></span> <span class='ocrx_word' id='word_1_195' title='bbox 1102 2150 1264 2204; x_wconf 67' lang='lat' dir='ltr'><strong>Italiae</strong></span> <span class='ocrx_word' id='word_1_196' title='bbox 1298 2147 1487 2219; x_wconf 58' lang='lat' dir='ltr'><strong>sacrae,</strong></span> <span class='ocrx_word' id='word_1_197' title='bbox 1527 2151 1632 2206; x_wconf 92' lang='lat' dir='ltr'><strong>col.</strong></span> <span class='ocrx_word' id='word_1_198' title='bbox 1665 2150 1790 2216; x_wconf 76' lang='lat'><strong>615,</strong></span> <span class='ocrx_word' id='word_1_199' title='bbox 1821 2147 1907 2206; x_wconf 86' lang='lat' dir='ltr'><strong>ubi</strong></span> 
     </span>
    </p>
   </div>
   <div class='ocr_carea' id='block_1_29' title="bbox 328 2220 1118 2291">
    <p class='ocr_par' dir='ltr' id='par_1_29' title="bbox 328 2220 1118 2291">
     <span class='ocr_line' id='line_1_29' title="bbox 328 2220 1118 2291; baseline -0.005 -14"><span class='ocrx_word' id='word_1_200' title='bbox 328 2220 398 2277; x_wconf 87' lang='lat' dir='ltr'><strong>de</strong></span> <span class='ocrx_word' id='word_1_201' title='bbox 420 2220 807 2278; x_wconf 62' lang='lat' dir='ltr'><strong>Sues&#39;sensibus</strong></span> <span class='ocrx_word' id='word_1_202' title='bbox 832 2220 1118 2291; x_wconf 81' lang='lat' dir='ltr'><strong>episcopis.</strong></span> 
     </span>
    </p>
   </div>
   <div class='ocr_carea' id='block_1_30' title="bbox 400 2289 1909 2362">
    <p class='ocr_par' dir='ltr' id='par_1_30' title="bbox 400 2289 1909 2362">
     <span class='ocr_line' id='line_1_30' title="bbox 400 2289 1909 2362; baseline -0.001 -13"><span class='ocrx_word' id='word_1_203' title='bbox 400 2294 492 2349; x_wconf 75' lang='grc'><strong>12.</strong></span> <span class='ocrx_word' id='word_1_204' title='bbox 523 2289 1099 2349; x_wconf 53' lang='lat' dir='ltr'><strong>Secundinus&#39;aliunde</strong></span> <span class='ocrx_word' id='word_1_205' title='bbox 1125 2289 1277 2345; x_wconf 90' lang='lat' dir='ltr'><strong>nobis</strong></span> <span class='ocrx_word' id='word_1_206' title='bbox 1308 2291 1473 2362; x_wconf 86' lang='lat' dir='ltr'><strong>probe</strong></span> <span class='ocrx_word' id='word_1_207' title='bbox 1504 2300 1659 2346; x_wconf 89' lang='lat' dir='ltr'><strong>notus</strong></span> <span class='ocrx_word' id='word_1_208' title='bbox 1688 2308 1792 2348; x_wconf 91' lang='lat' dir='ltr'><strong>non</strong></span> <span class='ocrx_word' id='word_1_209' title='bbox 1828 2302 1909 2347; x_wconf 89' lang='lat' dir='ltr'><strong>est</strong></span> 
     </span>
    </p>
   </div>
   <div class='ocr_carea' id='block_1_31' title="bbox 328 2362 1906 2438">
    <p class='ocr_par' dir='ltr' id='par_1_31' title="bbox 328 2362 1906 2438">
     <span class='ocr_line' id='line_1_31' title="bbox 328 2362 1906 2438; baseline -0.002 -18"><span class='ocrx_word' id='word_1_210' title='bbox 328 2380 491 2438; x_wconf 88' lang='lat' dir='ltr'><strong>quam</strong></span> <span class='ocrx_word' id='word_1_211' title='bbox 522 2381 588 2438; x_wconf 80' lang='lat' dir='ltr'><strong>ex</strong></span> <span class='ocrx_word' id='word_1_212' title='bbox 615 2365 819 2438; x_wconf 10' lang='lat' dir='ltr'><strong>iisgquze</strong></span> <span class='ocrx_word' id='word_1_213' title='bbox 855 2362 1150 2438; x_wconf 39' lang='lat' dir='ltr'><strong>exnsancti</strong></span> <span class='ocrx_word' id='word_1_214' title='bbox 1180 2362 1482 2438; x_wconf 71' lang='lat' dir='ltr'><strong>Castrensis</strong></span> <span class='ocrx_word' id='word_1_215' title='bbox 1531 2364 1640 2416; x_wconf 89' lang='lat' dir='ltr'><strong>vita</strong></span> <span class='ocrx_word' id='word_1_216' title='bbox 1680 2364 1906 2431; x_wconf 84' lang='lat' dir='ltr'><strong>protuli-</strong></span> 
     </span>
    </p>
   </div>
   <div class='ocr_carea' id='block_1_32' title="bbox 326 2432 1909 2501">
    <p class='ocr_par' dir='ltr' id='par_1_32' title="bbox 326 2432 1909 2501">
     <span class='ocr_line' id='line_1_32' title="bbox 326 2432 1909 2501; baseline -0.003 -8"><span class='ocrx_word' id='word_1_217' title='bbox 326 2432 471 2493; x_wconf 82' lang='lat' dir='ltr'><strong>mus.</strong></span> <span class='ocrx_word' id='word_1_218' title='bbox 523 2432 1026 2491; x_wconf 45' lang='lat' dir='ltr'><strong>Sancti&#39;Secuudini</strong></span> <span class='ocrx_word' id='word_1_219' title='bbox 1068 2432 1303 2501; x_wconf 91' lang='lat' dir='ltr'><strong>episcopi</strong></span> <span class='ocrx_word' id='word_1_220' title='bbox 1357 2448 1557 2501; x_wconf 90' lang='lat' dir='ltr'><strong>corpus</strong></span> <span class='ocrx_word' id='word_1_221' title='bbox 1606 2445 1909 2489; x_wconf 85' lang='lat' dir='ltr'><strong>asservatur</strong></span> 
     </span>
    </p>
   </div>
   <div class='ocr_carea' id='block_1_33' title="bbox 327 2502 1908 2577">
    <p class='ocr_par' dir='ltr' id='par_1_33' title="bbox 327 2502 1908 2577">
     <span class='ocr_line' id='line_1_33' title="bbox 327 2502 1908 2577; baseline -0.011 -15"><span class='ocrx_word' id='word_1_222' title='bbox 327 2509 380 2562; x_wconf 92' lang='lat' dir='ltr'><strong>in</strong></span> <span class='ocrx_word' id='word_1_223' title='bbox 435 2508 625 2577; x_wconf 85' lang='lat' dir='ltr'><strong>majori</strong></span> <span class='ocrx_word' id='word_1_224' title='bbox 670 2504 898 2577; x_wconf 87' lang='lat' dir='ltr'><strong>ecclesia</strong></span> <span class='ocrx_word' id='word_1_225' title='bbox 950 2504 1089 2577; x_wconf 87' lang='lat' dir='ltr'><strong>apud</strong></span> <span class='ocrx_word' id='word_1_226' title='bbox 1150 2502 1362 2577; x_wconf 74' lang='lat' dir='ltr'><strong>Troiam</strong></span> <span class='ocrx_word' id='word_1_227' title='bbox 1424 2504 1628 2577; x_wconf 54' lang='lat' dir='ltr'><strong>Apuliae</strong></span> <span class='ocrx_word' id='word_1_228' title='bbox 1681 2506 1908 2577; x_wconf 59' lang='grc' dir='ltr'><strong>ορυιςη.</strong></span> 
     </span>
    </p>
   </div>
   <div class='ocr_carea' id='block_1_34' title="bbox 327 2572 1906 2644">
    <p class='ocr_par' dir='ltr' id='par_1_34' title="bbox 327 2572 1906 2644">
     <span class='ocr_line' id='line_1_34' title="bbox 327 2572 1906 2644; baseline -0.001 -12"><span class='ocrx_word' id='word_1_229' title='bbox 327 2572 593 2632; x_wconf 80' lang='lat' dir='ltr'><strong>tissimam</strong></span> <span class='ocrx_word' id='word_1_230' title='bbox 634 2576 941 2641; x_wconf 88' lang='lat' dir='ltr'><strong>civitatem,</strong></span> <span class='ocrx_word' id='word_1_231' title='bbox 990 2572 1153 2644; x_wconf 81' lang='lat' dir='ltr'><strong>cujus</strong></span> <span class='ocrx_word' id='word_1_232' title='bbox 1198 2572 1389 2628; x_wconf 89' lang='lat' dir='ltr'><strong>festum</strong></span> <span class='ocrx_word' id='word_1_233' title='bbox 1433 2575 1502 2628; x_wconf 89' lang='lat' dir='ltr'><strong>ibi</strong></span> <span class='ocrx_word' id='word_1_234' title='bbox 1548 2575 1634 2630; x_wconf 89' lang='lat' dir='ltr'><strong>die</strong></span> <span class='ocrx_word' id='word_1_235' title='bbox 1687 2572 1746 2629; x_wconf 75' lang='grc'><strong>11</strong></span> <span class='ocrx_word' id='word_1_236' title='bbox 1812 2576 1906 2631; x_wconf 83' lang='lat' dir='ltr'><strong>Fe-</strong></span> 
     </span>
    </p>
   </div>
   <div class='ocr_carea' id='block_1_35' title="bbox 326 2644 1907 2716">
    <p class='ocr_par' dir='ltr' id='par_1_35' title="bbox 326 2644 1907 2716">
     <span class='ocr_line' id='line_1_35' title="bbox 326 2644 1907 2716; baseline 0.001 -15"><span class='ocrx_word' id='word_1_237' title='bbox 326 2648 536 2702; x_wconf 87' lang='lat' dir='ltr'><strong>bruarii</strong></span> <span class='ocrx_word' id='word_1_238' title='bbox 590 2646 911 2712; x_wconf 83' lang='lat' dir='ltr'><strong>celebratur,</strong></span> <span class='ocrx_word' id='word_1_239' title='bbox 976 2644 1222 2713; x_wconf 83' lang='lat' dir='ltr'><strong>huncque</strong></span> <span class='ocrx_word' id='word_1_240' title='bbox 1260 2645 1499 2699; x_wconf 89' lang='lat' dir='ltr'><strong>nonnulli</strong></span> <span class='ocrx_word' id='word_1_241' title='bbox 1546 2647 1612 2699; x_wconf 89' lang='lat' dir='ltr'><strong>ab</strong></span> <span class='ocrx_word' id='word_1_242' title='bbox 1654 2661 1719 2700; x_wconf 90' lang='lat' dir='ltr'><strong>eo</strong></span> <span class='ocrx_word' id='word_1_243' title='bbox 1749 2662 1907 2716; x_wconf 78' lang='lat' dir='ltr'><strong>quem</strong></span> 
     </span>
    </p>
   </div>
   <div class='ocr_carea' id='block_1_36' title="bbox 330 2716 1909 2780">
    <p class='ocr_par' dir='ltr' id='par_1_36' title="bbox 330 2716 1909 2780">
     <span class='ocr_line' id='line_1_36' title="bbox 330 2716 1909 2780; baseline 0.002 -9"><span class='ocrx_word' id='word_1_244' title='bbox 330 2718 419 2773; x_wconf 92' lang='lat' dir='ltr'><strong>hic</strong></span> <span class='ocrx_word' id='word_1_245' title='bbox 451 2717 748 2780; x_wconf 86' lang='lat' dir='ltr'><strong>laudamus,</strong></span> <span class='ocrx_word' id='word_1_246' title='bbox 798 2716 954 2769; x_wconf 84' lang='lat' dir='ltr'><strong>alium</strong></span> <span class='ocrx_word' id='word_1_247' title='bbox 987 2730 1091 2770; x_wconf 90' lang='lat' dir='ltr'><strong>non</strong></span> <span class='ocrx_word' id='word_1_248' title='bbox 1122 2729 1241 2769; x_wconf 80' lang='lat' dir='ltr'><strong>esse</strong></span> <span class='ocrx_word' id='word_1_249' title='bbox 1263 2724 1485 2769; x_wconf 88' lang='lat' dir='ltr'><strong>censent</strong></span> <span class='ocrx_word' id='word_1_250' title='bbox 1525 2732 1537 2767; x_wconf 90' lang='lat'><strong>:</strong></span> <span class='ocrx_word' id='word_1_251' title='bbox 1575 2716 1668 2770; x_wconf 91' lang='lat' dir='ltr'><strong>sed</strong></span> <span class='ocrx_word' id='word_1_252' title='bbox 1700 2730 1786 2771; x_wconf 89' lang='lat' dir='ltr'><strong>res</strong></span> <span class='ocrx_word' id='word_1_253' title='bbox 1825 2728 1909 2774; x_wconf 81' lang='lat' dir='ltr'><strong>est</strong></span> 
     </span>
    </p>
   </div>
   <div class='ocr_carea' id='block_1_37' title="bbox 329 2784 1909 2853">
    <p class='ocr_par' dir='ltr' id='par_1_37' title="bbox 329 2784 1909 2853">
     <span class='ocr_line' id='line_1_37' title="bbox 329 2784 1909 2853; baseline 0.001 -11"><span class='ocrx_word' id='word_1_254' title='bbox 329 2790 555 2845; x_wconf 88' lang='lat' dir='ltr'><strong>incerta.</strong></span> <span class='ocrx_word' id='word_1_255' title='bbox 593 2789 747 2843; x_wconf 87' lang='lat' dir='ltr'><strong>Plura</strong></span> <span class='ocrx_word' id='word_1_256' title='bbox 792 2787 861 2840; x_wconf 88' lang='lat' dir='ltr'><strong>de</strong></span> <span class='ocrx_word' id='word_1_257' title='bbox 887 2785 1175 2841; x_wconf 87' lang='lat' dir='ltr'><strong>Secundini</strong></span> <span class='ocrx_word' id='word_1_258' title='bbox 1221 2784 1435 2853; x_wconf 83' lang='lat' dir='ltr'><strong>Trojani</strong></span> <span class='ocrx_word' id='word_1_259' title='bbox 1484 2785 1790 2841; x_wconf 80' lang='lat' dir='ltr'><strong>inventione</strong></span> <span class='ocrx_word' id='word_1_260' title='bbox 1817 2789 1909 2843; x_wconf 77' lang='lat' dir='ltr'><strong>ha-</strong></span> 
     </span>
    </p>
   </div>
   <div class='ocr_carea' id='block_1_38' title="bbox 329 2857 1909 2931">
    <p class='ocr_par' dir='ltr' id='par_1_38' title="bbox 329 2857 1909 2931">
     <span class='ocr_line' id='line_1_38' title="bbox 329 2857 1909 2931; baseline -0.001 -17"><span class='ocrx_word' id='word_1_261' title='bbox 329 2862 527 2915; x_wconf 89' lang='lat' dir='ltr'><strong>bentur</strong></span> <span class='ocrx_word' id='word_1_262' title='bbox 570 2859 708 2928; x_wconf 90' lang='lat' dir='ltr'><strong>apud</strong></span> <span class='ocrx_word' id='word_1_263' title='bbox 750 2858 1125 2931; x_wconf 66' lang='lat' dir='ltr'><strong>Bollandianos</strong></span> <span class='ocrx_word' id='word_1_264' title='bbox 1140 2857 1231 2931; x_wconf 81' lang='lat' dir='ltr'><strong>die</strong></span> <span class='ocrx_word' id='word_1_265' title='bbox 1263 2871 1421 2931; x_wconf 74' lang='lat' dir='ltr'><strong>supra</strong></span> <span class='ocrx_word' id='word_1_266' title='bbox 1454 2866 1767 2931; x_wconf 83' lang='lat' dir='ltr'><strong>memorato.</strong></span> <span class='ocrx_word' id='word_1_267' title='bbox 1790 2860 1909 2931; x_wconf 87' lang='lat' dir='ltr'><strong>Se-</strong></span> 
     </span>
    </p>
   </div>
   <div class='ocr_carea' id='block_1_39' title="bbox 329 2927 1908 2993">
    <p class='ocr_par' dir='ltr' id='par_1_39' title="bbox 329 2927 1908 2993">
     <span class='ocr_line' id='line_1_39' title="bbox 329 2927 1908 2993; baseline -0.001 -8"><span class='ocrx_word' id='word_1_268' title='bbox 329 2931 548 2986; x_wconf 92' lang='lat' dir='ltr'><strong>cundini</strong></span> <span class='ocrx_word' id='word_1_269' title='bbox 590 2927 777 2984; x_wconf 84' lang='lat' dir='ltr'><strong>festum</strong></span> <span class='ocrx_word' id='word_1_270' title='bbox 811 2929 844 2982; x_wconf 88' lang='lat'><strong>8</strong></span> <span class='ocrx_word' id='word_1_271' title='bbox 874 2927 1181 2982; x_wconf 88' lang='lat' dir='ltr'><strong>Decembris</strong></span> <span class='ocrx_word' id='word_1_272' title='bbox 1202 2929 1340 2993; x_wconf 85' lang='lat' dir='ltr'><strong>apud</strong></span> <span class='ocrx_word' id='word_1_273' title='bbox 1373 2927 1640 2981; x_wconf 82' lang='lat' dir='ltr'><strong>Mantuam</strong></span> <span class='ocrx_word' id='word_1_274' title='bbox 1669 2928 1908 2984; x_wconf 90' lang='lat' dir='ltr'><strong>celebra-</strong></span> 
     </span>
    </p>
   </div>
   <div class='ocr_carea' id='block_1_40' title="bbox 332 2996 1904 3068">
    <p class='ocr_par' dir='ltr' id='par_1_40' title="bbox 332 2996 1904 3068">
     <span class='ocr_line' id='line_1_40' title="bbox 332 2996 1904 3068; baseline -0.001 -12"><span class='ocrx_word' id='word_1_275' title='bbox 332 3004 377 3056; x_wconf 90' lang='lat' dir='ltr'><strong>ri</strong></span> <span class='ocrx_word' id='word_1_276' title='bbox 409 3002 564 3055; x_wconf 78' lang='lat' dir='ltr'><strong>testis</strong></span> <span class='ocrx_word' id='word_1_277' title='bbox 588 3009 669 3055; x_wconf 87' lang='lat' dir='ltr'><strong>est</strong></span> <span class='ocrx_word' id='word_1_278' title='bbox 694 2997 918 3054; x_wconf 88' lang='lat' dir='ltr'><strong>Michael</strong></span> <span class='ocrx_word' id='word_1_279' title='bbox 951 2998 1243 3053; x_wconf 91' lang='lat' dir='ltr'><strong>monachus</strong></span> <span class='ocrx_word' id='word_1_280' title='bbox 1268 2996 1321 3068; x_wconf 91' lang='lat' dir='ltr'><strong>in</strong></span> <span class='ocrx_word' id='word_1_281' title='bbox 1349 2996 1669 3053; x_wconf 87' lang='lat' dir='ltr'><strong>Sanctuario</strong></span> <span class='ocrx_word' id='word_1_282' title='bbox 1702 3001 1904 3068; x_wconf 86' lang='lat' dir='ltr'><strong>Capua-</strong></span> 
     </span>
    </p>
   </div>
   <div class='ocr_carea' id='block_1_41' title="bbox 329 3067 1901 3138">
    <p class='ocr_par' dir='ltr' id='par_1_41' title="bbox 329 3067 1901 3138">
     <span class='ocr_line' id='line_1_41' title="bbox 329 3067 1901 3138; baseline -0.003 -11"><span class='ocrx_word' id='word_1_283' title='bbox 329 3087 421 3138; x_wconf 84' lang='lat' dir='ltr'><strong>no,</strong></span> <span class='ocrx_word' id='word_1_284' title='bbox 452 3072 540 3125; x_wconf 92' lang='lat' dir='ltr'><strong>ubi</strong></span> <span class='ocrx_word' id='word_1_285' title='bbox 565 3071 742 3125; x_wconf 85' lang='lat' dir='ltr'><strong>laudat</strong></span> <span class='ocrx_word' id='word_1_286' title='bbox 773 3069 1191 3123; x_wconf 84' lang='lat' dir='ltr'><strong>vetustissimum</strong></span> <span class='ocrx_word' id='word_1_287' title='bbox 1215 3067 1601 3135; x_wconf 89' lang='lat' dir='ltr'><strong>calendarium,</strong></span> <span class='ocrx_word' id='word_1_288' title='bbox 1628 3070 1679 3123; x_wconf 89' lang='lat' dir='ltr'><strong>in</strong></span> <span class='ocrx_word' id='word_1_289' title='bbox 1706 3067 1813 3137; x_wconf 86' lang='lat' dir='ltr'><strong>quo</strong></span> <span class='ocrx_word' id='word_1_290' title='bbox 1833 3071 1901 3123; x_wconf 73' lang='lat'><strong>27</strong></span> 
     </span>
    </p>
   </div>
   <div class='ocr_carea' id='block_1_42' title="bbox 329 3138 1903 3208">
    <p class='ocr_par' dir='ltr' id='par_1_42' title="bbox 329 3138 1903 3208">
     <span class='ocr_line' id='line_1_42' title="bbox 329 3138 1903 3208; baseline -0.003 -11"><span class='ocrx_word' id='word_1_291' title='bbox 329 3142 535 3197; x_wconf 86' lang='lat' dir='ltr'><strong>mensis</strong></span> <span class='ocrx_word' id='word_1_292' title='bbox 578 3140 698 3196; x_wconf 84' lang='lat' dir='ltr'><strong>Maii</strong></span> <span class='ocrx_word' id='word_1_293' title='bbox 736 3139 995 3195; x_wconf 82' lang='lat' dir='ltr'><strong>festivitas</strong></span> <span class='ocrx_word' id='word_1_294' title='bbox 1033 3140 1202 3194; x_wconf 86' lang='lat' dir='ltr'><strong>sancti</strong></span> <span class='ocrx_word' id='word_1_295' title='bbox 1253 3138 1539 3194; x_wconf 89' lang='lat' dir='ltr'><strong>Secundini</strong></span> <span class='ocrx_word' id='word_1_296' title='bbox 1599 3141 1903 3208; x_wconf 87' lang='lat' dir='ltr'><strong>consignata</strong></span> 
     </span>
    </p>
   </div>
   <div class='ocr_carea' id='block_1_43' title="bbox 2021 536 3585 607">
    <p class='ocr_par' dir='ltr' id='par_1_43' title="bbox 2021 536 3585 607">
     <span class='ocr_line' id='line_1_43' title="bbox 2021 536 3585 607; baseline 0.002 -18"><span class='ocrx_word' id='word_1_297' title='bbox 2021 536 2232 592; x_wconf 91' lang='lat' dir='ltr'><strong>violari.</strong></span> <span class='ocrx_word' id='word_1_298' title='bbox 2264 539 2492 592; x_wconf 78' lang='lat' dir='ltr'><strong>Inst-alar</strong></span> <span class='ocrx_word' id='word_1_299' title='bbox 2522 536 2743 607; x_wconf 72' lang='lat' dir='ltr'><strong>undique</strong></span> <span class='ocrx_word' id='word_1_300' title='bbox 2769 540 3006 605; x_wconf 74' lang='lat' dir='ltr'><strong>ﬂatibus,</strong></span> <span class='ocrx_word' id='word_1_301' title='bbox 3044 539 3097 607; x_wconf 74' lang='lat' dir='ltr'><strong>fit</strong></span> <span class='ocrx_word' id='word_1_302' title='bbox 3122 539 3176 592; x_wconf 86' lang='lat' dir='ltr'><strong>in</strong></span> <span class='ocrx_word' id='word_1_303' title='bbox 3200 536 3474 592; x_wconf 30' lang='lat' dir='ltr'><strong>illis’color</strong></span> <span class='ocrx_word' id='word_1_304' title='bbox 3501 552 3585 591; x_wconf 86' lang='lat' dir='ltr'><strong>ru-</strong></span> 
     </span>
    </p>
   </div>
   <div class='ocr_carea' id='block_1_44' title="bbox 2016 607 3585 679">
    <p class='ocr_par' dir='ltr' id='par_1_44' title="bbox 2016 607 3585 679">
     <span class='ocr_line' id='line_1_44' title="bbox 2016 607 3585 679; baseline -0.001 -20"><span class='ocrx_word' id='word_1_305' title='bbox 2016 607 2282 663; x_wconf 81' lang='lat' dir='ltr'><strong>bicundus.</strong></span> <span class='ocrx_word' id='word_1_306' title='bbox 2313 608 2517 663; x_wconf 72' lang='lat' dir='ltr'><strong>Scitum</strong></span> <span class='ocrx_word' id='word_1_307' title='bbox 2543 607 2748 663; x_wconf 80' lang='lat' dir='ltr'><strong>tandem</strong></span> <span class='ocrx_word' id='word_1_308' title='bbox 2783 626 2845 663; x_wconf 83' lang='lat' dir='ltr'><strong>ea:</strong></span> <span class='ocrx_word' id='word_1_309' title='bbox 2865 611 2980 679; x_wconf 76' lang='lat' dir='ltr'><strong>igne</strong></span> <span class='ocrx_word' id='word_1_310' title='bbox 2999 609 3229 679; x_wconf 80' lang='lat' dir='ltr'><strong>faciunt;</strong></span> <span class='ocrx_word' id='word_1_311' title='bbox 3253 609 3397 661; x_wconf 80' lang='lat' dir='ltr'><strong>nulla</strong></span> <span class='ocrx_word' id='word_1_312' title='bbox 3409 609 3463 661; x_wconf 88' lang='lat' dir='ltr'><strong>iu</strong></span> <span class='ocrx_word' id='word_1_313' title='bbox 3482 608 3585 661; x_wconf 82' lang='lat' dir='ltr'><strong>illis</strong></span> 
     </span>
    </p>
   </div>
   <div class='ocr_carea' id='block_1_45' title="bbox 2015 679 3585 749">
    <p class='ocr_par' dir='ltr' id='par_1_45' title="bbox 2015 679 3585 749">
     <span class='ocr_line' id='line_1_45' title="bbox 2015 679 3585 749; baseline 0 -20"><span class='ocrx_word' id='word_1_314' title='bbox 2015 679 2376 749; x_wconf 78' lang='lat' dir='ltr'><strong>combustionis</strong></span> <span class='ocrx_word' id='word_1_315' title='bbox 2402 688 2523 733; x_wconf 85' lang='lat' dir='ltr'><strong>nota</strong></span> <span class='ocrx_word' id='word_1_316' title='bbox 2539 680 2809 747; x_wconf 83' lang='lat' dir='ltr'><strong>invenitur,</strong></span> <span class='ocrx_word' id='word_1_317' title='bbox 2838 680 2986 733; x_wconf 84' lang='lat' dir='ltr'><strong>sicuti</strong></span> <span class='ocrx_word' id='word_1_318' title='bbox 3010 680 3100 749; x_wconf 85' lang='lat' dir='ltr'><strong>qui</strong></span> <span class='ocrx_word' id='word_1_319' title='bbox 3124 687 3313 749; x_wconf 81' lang='lat' dir='ltr'><strong>prtesto</strong></span> <span class='ocrx_word' id='word_1_320' title='bbox 3340 687 3483 731; x_wconf 87' lang='lat' dir='ltr'><strong>erant</strong></span> <span class='ocrx_word' id='word_1_321' title='bbox 3506 693 3585 749; x_wconf 79' lang='lat' dir='ltr'><strong>re-</strong></span> 
     </span>
    </p>
   </div>
   <div class='ocr_carea' id='block_1_46' title="bbox 2016 747 3583 818">
    <p class='ocr_par' dir='ltr' id='par_1_46' title="bbox 2016 747 3583 818">
     <span class='ocr_line' id='line_1_46' title="bbox 2016 747 3583 818; baseline 0 -17"><span class='ocrx_word' id='word_1_322' title='bbox 2016 747 2265 818; x_wconf 79' lang='lat' dir='ltr'><strong>tulerunt.</strong></span> <span class='ocrx_word' id='word_1_323' title='bbox 2291 748 2509 818; x_wconf 83' lang='lat' dir='ltr'><strong>Aliquot</strong></span> <span class='ocrx_word' id='word_1_324' title='bbox 2538 750 2662 805; x_wconf 89' lang='lat' dir='ltr'><strong>item</strong></span> <span class='ocrx_word' id='word_1_325' title='bbox 2691 750 2943 818; x_wconf 89' lang='lat' dir='ltr'><strong>opuscula</strong></span> <span class='ocrx_word' id='word_1_326' title='bbox 2988 747 3041 804; x_wconf 91' lang='lat' dir='ltr'><strong>in</strong></span> <span class='ocrx_word' id='word_1_327' title='bbox 3072 747 3241 803; x_wconf 82' lang='lat' dir='ltr'><strong>sancti</strong></span> <span class='ocrx_word' id='word_1_328' title='bbox 3292 747 3583 803; x_wconf 88' lang='lat' dir='ltr'><strong>Secundini</strong></span> 
     </span>
    </p>
   </div>
   <div class='ocr_carea' id='block_1_47' title="bbox 2014 817 3582 885">
    <p class='ocr_par' dir='ltr' id='par_1_47' title="bbox 2014 817 3582 885">
     <span class='ocr_line' id='line_1_47' title="bbox 2014 817 3582 885; baseline 0.001 -14"><span class='ocrx_word' id='word_1_329' title='bbox 2014 817 2273 874; x_wconf 90' lang='lat' dir='ltr'><strong>honorem</strong></span> <span class='ocrx_word' id='word_1_330' title='bbox 2304 835 2331 872; x_wconf 91' lang='lat' dir='ltr'><strong>a</strong></span> <span class='ocrx_word' id='word_1_331' title='bbox 2360 817 2630 874; x_wconf 32' lang='lat' dir='ltr'><strong>G’uaiferio</strong></span> <span class='ocrx_word' id='word_1_332' title='bbox 2669 820 2812 874; x_wconf 88' lang='lat' dir='ltr'><strong>edita</strong></span> <span class='ocrx_word' id='word_1_333' title='bbox 2856 818 3035 875; x_wconf 82' lang='lat' dir='ltr'><strong>laudat</strong></span> <span class='ocrx_word' id='word_1_334' title='bbox 3078 820 3269 875; x_wconf 88' lang='lat' dir='ltr'><strong>Petrus</strong></span> <span class='ocrx_word' id='word_1_335' title='bbox 3301 819 3582 885; x_wconf 85' lang='lat' dir='ltr'><strong>diaconus,</strong></span> 
     </span>
    </p>
   </div>
   <div class='ocr_carea' id='block_1_48' title="bbox 2013 887 3582 958">
    <p class='ocr_par' dir='ltr' id='par_1_48' title="bbox 2013 887 3582 958">
     <span class='ocr_line' id='line_1_48' title="bbox 2013 887 3582 958; baseline 0.001 -17"><span class='ocrx_word' id='word_1_336' title='bbox 2013 889 2102 956; x_wconf 91' lang='lat' dir='ltr'><strong>qui</strong></span> <span class='ocrx_word' id='word_1_337' title='bbox 2144 887 2471 945; x_wconf 78' lang='lat' dir='ltr'><strong>Gitaiferium</strong></span> <span class='ocrx_word' id='word_1_338' title='bbox 2515 889 2845 958; x_wconf 85' lang='lat' dir='ltr'><strong>temporibus</strong></span> <span class='ocrx_word' id='word_1_339' title='bbox 2890 889 3061 944; x_wconf 78' lang='lat' dir='ltr'><strong>Alexii</strong></span> <span class='ocrx_word' id='word_1_340' title='bbox 3082 898 3143 945; x_wconf 85' lang='lat' dir='ltr'><strong>et</strong></span> <span class='ocrx_word' id='word_1_341' title='bbox 3168 890 3383 944; x_wconf 79' lang='lat' dir='ltr'><strong>Henrici</strong></span> <span class='ocrx_word' id='word_1_342' title='bbox 3416 891 3582 958; x_wconf 85' lang='lat' dir='ltr'><strong>impe-</strong></span> 
     </span>
    </p>
   </div>
   <div class='ocr_carea' id='block_1_49' title="bbox 2013 958 3584 1016">
    <p class='ocr_par' dir='ltr' id='par_1_49' title="bbox 2013 958 3584 1016">
     <span class='ocr_line' id='line_1_49' title="bbox 2013 958 3584 1016; baseline 0.002 -5"><span class='ocrx_word' id='word_1_343' title='bbox 2013 967 2252 1014; x_wconf 89' lang='lat' dir='ltr'><strong>ratorum</strong></span> <span class='ocrx_word' id='word_1_344' title='bbox 2283 974 2345 1014; x_wconf 91' lang='lat' dir='ltr'><strong>ac</strong></span> <span class='ocrx_word' id='word_1_345' title='bbox 2399 960 2657 1015; x_wconf 81' lang='lat' dir='ltr'><strong>Desitlerii</strong></span> <span class='ocrx_word' id='word_1_346' title='bbox 2707 959 2914 1014; x_wconf 85' lang='lat' dir='ltr'><strong>abbatis</strong></span> <span class='ocrx_word' id='word_1_347' title='bbox 2959 959 3155 1014; x_wconf 78' lang='lat' dir='ltr'><strong>vixisse</strong></span> <span class='ocrx_word' id='word_1_348' title='bbox 3200 968 3447 1016; x_wconf 86' lang='lat' dir='ltr'><strong>testatur.</strong></span> <span class='ocrx_word' id='word_1_349' title='bbox 3480 958 3584 1014; x_wconf 79' lang='lat' dir='ltr'><strong>Sed</strong></span> 
     </span>
    </p>
   </div>
   <div class='ocr_carea' id='block_1_50' title="bbox 2014 1028 3586 1099">
    <p class='ocr_par' dir='ltr' id='par_1_50' title="bbox 2014 1028 3586 1099">
     <span class='ocr_line' id='line_1_50' title="bbox 2014 1028 3586 1099; baseline 0.001 -18"><span class='ocrx_word' id='word_1_350' title='bbox 2014 1028 2130 1096; x_wconf 89' lang='lat' dir='ltr'><strong>ipse</strong></span> <span class='ocrx_word' id='word_1_351' title='bbox 2156 1028 2458 1089; x_wconf 87' lang='lat' dir='ltr'><strong>Guaiferius</strong></span> <span class='ocrx_word' id='word_1_352' title='bbox 2483 1046 2631 1085; x_wconf 92' lang='lat' dir='ltr'><strong>suam</strong></span> <span class='ocrx_word' id='word_1_353' title='bbox 2658 1039 2866 1084; x_wconf 67' lang='lat' dir='ltr'><strong>aetatem</strong></span> <span class='ocrx_word' id='word_1_354' title='bbox 2906 1031 3082 1099; x_wconf 88' lang='lat' dir='ltr'><strong>prodit</strong></span> <span class='ocrx_word' id='word_1_355' title='bbox 3115 1032 3165 1083; x_wconf 93' lang='lat' dir='ltr'><strong>in</strong></span> <span class='ocrx_word' id='word_1_356' title='bbox 3199 1030 3334 1084; x_wconf 79' lang='lat' dir='ltr'><strong>Viue</strong></span> <span class='ocrx_word' id='word_1_357' title='bbox 3360 1029 3586 1084; x_wconf 62' lang='lat' dir='ltr'><strong>laudata».</strong></span> 
     </span>
    </p>
   </div>
   <div class='ocr_carea' id='block_1_51' title="bbox 2016 1099 3583 1170">
    <p class='ocr_par' dir='ltr' id='par_1_51' title="bbox 2016 1099 3583 1170">
     <span class='ocr_line' id='line_1_51' title="bbox 2016 1099 3583 1170; baseline 0.002 -19"><span class='ocrx_word' id='word_1_358' title='bbox 2016 1100 2260 1170; x_wconf 89' lang='lat' dir='ltr'><strong>prologo,</strong></span> <span class='ocrx_word' id='word_1_359' title='bbox 2287 1115 2444 1169; x_wconf 92' lang='lat' dir='ltr'><strong>quam</strong></span> <span class='ocrx_word' id='word_1_360' title='bbox 2476 1116 2669 1170; x_wconf 90' lang='lat' dir='ltr'><strong>nempe</strong></span> <span class='ocrx_word' id='word_1_361' title='bbox 2687 1116 2747 1155; x_wconf 89' lang='lat' dir='ltr'><strong>se</strong></span> <span class='ocrx_word' id='word_1_362' title='bbox 2775 1100 3030 1155; x_wconf 83' lang='lat' dir='ltr'><strong>Desiderii</strong></span> <span class='ocrx_word' id='word_1_363' title='bbox 3054 1099 3260 1154; x_wconf 85' lang='lat' dir='ltr'><strong>abbatis</strong></span> <span class='ocrx_word' id='word_1_364' title='bbox 3278 1101 3429 1167; x_wconf 82' lang='lat' dir='ltr'><strong>jussu</strong></span> <span class='ocrx_word' id='word_1_365' title='bbox 3450 1100 3583 1154; x_wconf 86' lang='lat' dir='ltr'><strong>scri-</strong></span> 
     </span>
    </p>
   </div>
   <div class='ocr_carea' id='block_1_52' title="bbox 2015 1169 3585 1237">
    <p class='ocr_par' dir='ltr' id='par_1_52' title="bbox 2015 1169 3585 1237">
     <span class='ocr_line' id='line_1_52' title="bbox 2015 1169 3585 1237; baseline 0.003 -17"><span class='ocrx_word' id='word_1_366' title='bbox 2015 1169 2189 1237; x_wconf 90' lang='lat' dir='ltr'><strong>psisse</strong></span> <span class='ocrx_word' id='word_1_367' title='bbox 2206 1169 2613 1225; x_wconf 83' lang='lat' dir='ltr'><strong>commemorat.</strong></span> <span class='ocrx_word' id='word_1_368' title='bbox 2635 1171 2943 1225; x_wconf 88' lang='lat' dir='ltr'><strong>Desiderius</strong></span> <span class='ocrx_word' id='word_1_369' title='bbox 2957 1184 3085 1225; x_wconf 90' lang='lat' dir='ltr'><strong>vero</strong></span> <span class='ocrx_word' id='word_1_370' title='bbox 3104 1185 3246 1224; x_wconf 91' lang='lat' dir='ltr'><strong>anno</strong></span> <span class='ocrx_word' id='word_1_371' title='bbox 3264 1170 3424 1235; x_wconf 68' lang='lat'><strong>1086,</strong></span> <span class='ocrx_word' id='word_1_372' title='bbox 3449 1169 3585 1225; x_wconf 85' lang='lat' dir='ltr'><strong>Gre-</strong></span> 
     </span>
    </p>
   </div>
   <div class='ocr_carea' id='block_1_53' title="bbox 2014 1238 3581 1310">
    <p class='ocr_par' dir='ltr' id='par_1_53' title="bbox 2014 1238 3581 1310">
     <span class='ocr_line' id='line_1_53' title="bbox 2014 1238 3581 1310; baseline 0.001 -17"><span class='ocrx_word' id='word_1_373' title='bbox 2014 1238 2167 1310; x_wconf 85' lang='lat' dir='ltr'><strong>gorio</strong></span> <span class='ocrx_word' id='word_1_374' title='bbox 2222 1240 2305 1295; x_wconf 87' lang='lat' dir='ltr'><strong>Vll</strong></span> <span class='ocrx_word' id='word_1_375' title='bbox 2352 1256 2562 1297; x_wconf 86' lang='lat' dir='ltr'><strong>summo</strong></span> <span class='ocrx_word' id='word_1_376' title='bbox 2594 1241 2828 1310; x_wconf 84' lang='lat' dir='ltr'><strong>pontifici</strong></span> <span class='ocrx_word' id='word_1_377' title='bbox 2862 1239 3114 1296; x_wconf 90' lang='lat' dir='ltr'><strong>defuncto</strong></span> <span class='ocrx_word' id='word_1_378' title='bbox 3135 1240 3451 1310; x_wconf 88' lang='lat' dir='ltr'><strong>substitutus</strong></span> <span class='ocrx_word' id='word_1_379' title='bbox 3479 1250 3581 1304; x_wconf 90' lang='lat' dir='ltr'><strong>est,</strong></span> 
     </span>
    </p>
   </div>
   <div class='ocr_carea' id='block_1_54' title="bbox 2016 1308 3584 1376">
    <p class='ocr_par' dir='ltr' id='par_1_54' title="bbox 2016 1308 3584 1376">
     <span class='ocr_line' id='line_1_54' title="bbox 2016 1308 3584 1376; baseline 0.003 -15"><span class='ocrx_word' id='word_1_380' title='bbox 2016 1308 2117 1363; x_wconf 89' lang='lat' dir='ltr'><strong>sub</strong></span> <span class='ocrx_word' id='word_1_381' title='bbox 2143 1310 2373 1365; x_wconf 86' lang='lat' dir='ltr'><strong>Victoris</strong></span> <span class='ocrx_word' id='word_1_382' title='bbox 2395 1311 2458 1365; x_wconf 93' lang='grc' dir='ltr'><strong>ΙΙΙ</strong></span> <span class='ocrx_word' id='word_1_383' title='bbox 2491 1308 2729 1376; x_wconf 85' lang='lat' dir='ltr'><strong>nomine,</strong></span> <span class='ocrx_word' id='word_1_384' title='bbox 2760 1327 2881 1365; x_wconf 92' lang='lat' dir='ltr'><strong>cum</strong></span> <span class='ocrx_word' id='word_1_385' title='bbox 2902 1326 3042 1365; x_wconf 88' lang='lat' dir='ltr'><strong>anno</strong></span> <span class='ocrx_word' id='word_1_386' title='bbox 3070 1310 3207 1365; x_wconf 83' lang='grc'><strong>1059</strong></span> <span class='ocrx_word' id='word_1_387' title='bbox 3236 1324 3263 1363; x_wconf 89' lang='lat' dir='ltr'><strong>a</strong></span> <span class='ocrx_word' id='word_1_388' title='bbox 3295 1309 3515 1364; x_wconf 84' lang='lat' dir='ltr'><strong>Nieolao</strong></span> <span class='ocrx_word' id='word_1_389' title='bbox 3544 1312 3584 1366; x_wconf 94' lang='lat' dir='ltr'><strong>ll</strong></span> 
     </span>
    </p>
   </div>
   <div class='ocr_carea' id='block_1_55' title="bbox 2016 1379 3587 1437">
    <p class='ocr_par' dir='ltr' id='par_1_55' title="bbox 2016 1379 3587 1437">
     <span class='ocr_line' id='line_1_55' title="bbox 2016 1379 3587 1437; baseline 0.004 -6"><span class='ocrx_word' id='word_1_390' title='bbox 2016 1380 2303 1436; x_wconf 75' lang='lat' dir='ltr'><strong>cartliualis</strong></span> <span class='ocrx_word' id='word_1_391' title='bbox 2345 1380 2533 1436; x_wconf 87' lang='lat' dir='ltr'><strong>fuisset</strong></span> <span class='ocrx_word' id='word_1_392' title='bbox 2580 1390 2814 1437; x_wconf 86' lang='lat' dir='ltr'><strong>creatus.</strong></span> <span class='ocrx_word' id='word_1_393' title='bbox 2858 1380 3011 1435; x_wconf 86' lang='lat' dir='ltr'><strong>Plura</strong></span> <span class='ocrx_word' id='word_1_394' title='bbox 3035 1381 3103 1435; x_wconf 89' lang='lat' dir='ltr'><strong>de</strong></span> <span class='ocrx_word' id='word_1_395' title='bbox 3131 1379 3405 1435; x_wconf 85' lang='lat' dir='ltr'><strong>Guaiferio</strong></span> <span class='ocrx_word' id='word_1_396' title='bbox 3427 1380 3587 1436; x_wconf 90' lang='lat' dir='ltr'><strong>habet</strong></span> 
     </span>
    </p>
   </div>
   <div class='ocr_carea' id='block_1_56' title="bbox 2016 1448 3584 1507">
    <p class='ocr_par' dir='ltr' id='par_1_56' title="bbox 2016 1448 3584 1507">
     <span class='ocr_line' id='line_1_56' title="bbox 2016 1448 3584 1507; baseline 0.002 -5"><span class='ocrx_word' id='word_1_397' title='bbox 2016 1448 2304 1507; x_wconf 83' lang='lat' dir='ltr'><strong>Bollandus</strong></span> <span class='ocrx_word' id='word_1_398' title='bbox 2349 1452 2467 1507; x_wconf 91' lang='lat' dir='ltr'><strong>loco</strong></span> <span class='ocrx_word' id='word_1_399' title='bbox 2494 1452 2727 1507; x_wconf 90' lang='lat' dir='ltr'><strong>laudato.</strong></span> <span class='ocrx_word' id='word_1_400' title='bbox 2773 1452 2991 1506; x_wconf 86' lang='lat' dir='ltr'><strong>Beatum</strong></span> <span class='ocrx_word' id='word_1_401' title='bbox 3024 1449 3349 1505; x_wconf 85' lang='lat' dir='ltr'><strong>Guaiferium</strong></span> <span class='ocrx_word' id='word_1_402' title='bbox 3398 1465 3584 1505; x_wconf 88' lang='lat' dir='ltr'><strong>mona-</strong></span> 
     </span>
    </p>
   </div>
   <div class='ocr_carea' id='block_1_57' title="bbox 2016 1520 3585 1589">
    <p class='ocr_par' dir='ltr' id='par_1_57' title="bbox 2016 1520 3585 1589">
     <span class='ocr_line' id='line_1_57' title="bbox 2016 1520 3585 1589; baseline 0.002 -16"><span class='ocrx_word' id='word_1_403' title='bbox 2016 1520 2175 1574; x_wconf 91' lang='lat' dir='ltr'><strong>chum</strong></span> <span class='ocrx_word' id='word_1_404' title='bbox 2212 1522 2539 1577; x_wconf 87' lang='lat' dir='ltr'><strong>Cassinatem</strong></span> <span class='ocrx_word' id='word_1_405' title='bbox 2581 1524 2720 1577; x_wconf 89' lang='lat' dir='ltr'><strong>inter</strong></span> <span class='ocrx_word' id='word_1_406' title='bbox 2748 1532 2963 1576; x_wconf 88' lang='lat' dir='ltr'><strong>sanctos</strong></span> <span class='ocrx_word' id='word_1_407' title='bbox 2990 1536 3215 1589; x_wconf 91' lang='lat' dir='ltr'><strong>quorum</strong></span> <span class='ocrx_word' id='word_1_408' title='bbox 3245 1520 3362 1575; x_wconf 89' lang='lat' dir='ltr'><strong>dies</strong></span> <span class='ocrx_word' id='word_1_409' title='bbox 3396 1522 3585 1576; x_wconf 89' lang='lat' dir='ltr'><strong>natalis</strong></span> 
     </span>
    </p>
   </div>
   <div class='ocr_carea' id='block_1_58' title="bbox 2016 1589 3586 1661">
    <p class='ocr_par' dir='ltr' id='par_1_58' title="bbox 2016 1589 3586 1661">
     <span class='ocr_line' id='line_1_58' title="bbox 2016 1589 3586 1661; baseline 0.003 -18"><span class='ocrx_word' id='word_1_410' title='bbox 2016 1589 2311 1659; x_wconf 85' lang='lat' dir='ltr'><strong>ignoratur,</strong></span> <span class='ocrx_word' id='word_1_411' title='bbox 2326 1594 2599 1648; x_wconf 90' lang='lat' dir='ltr'><strong>celebrant</strong></span> <span class='ocrx_word' id='word_1_412' title='bbox 2619 1592 2889 1647; x_wconf 84' lang='lat' dir='ltr'><strong>Arnoldus</strong></span> <span class='ocrx_word' id='word_1_413' title='bbox 2908 1591 3041 1646; x_wconf 93' lang='lat' dir='ltr'><strong>Vion</strong></span> <span class='ocrx_word' id='word_1_414' title='bbox 3061 1601 3113 1647; x_wconf 90' lang='lat' dir='ltr'><strong>et</strong></span> <span class='ocrx_word' id='word_1_415' title='bbox 3136 1592 3285 1661; x_wconf 82' lang='lat' dir='ltr'><strong>[iugo</strong></span> <span class='ocrx_word' id='word_1_416' title='bbox 3305 1591 3586 1647; x_wconf 79' lang='lat' dir='ltr'><strong>Menardus</strong></span> 
     </span>
    </p>
   </div>
   <div class='ocr_carea' id='block_1_59' title="bbox 2018 1661 3167 1734">
    <p class='ocr_par' dir='ltr' id='par_1_59' title="bbox 2018 1661 3167 1734">
     <span class='ocr_line' id='line_1_59' title="bbox 2018 1661 3167 1734; baseline 0.002 -20"><span class='ocrx_word' id='word_1_417' title='bbox 2018 1661 2070 1714; x_wconf 91' lang='lat' dir='ltr'><strong>in</strong></span> <span class='ocrx_word' id='word_1_418' title='bbox 2102 1663 2409 1734; x_wconf 73' lang='lat' dir='ltr'><strong>Appendice</strong></span> <span class='ocrx_word' id='word_1_419' title='bbox 2426 1662 2789 1734; x_wconf 83' lang='lat' dir='ltr'><strong>martyrologii</strong></span> <span class='ocrx_word' id='word_1_420' title='bbox 2819 1662 3167 1717; x_wconf 88' lang='lat' dir='ltr'><strong>Benedictini.</strong></span> 
     </span>
    </p>
   </div>
   <div class='ocr_carea' id='block_1_60' title="bbox 2089 1730 3585 1800">
    <p class='ocr_par' dir='ltr' id='par_1_60' title="bbox 2089 1730 3585 1800">
     <span class='ocr_line' id='line_1_60' title="bbox 2089 1730 3585 1800; baseline 0.001 -14"><span class='ocrx_word' id='word_1_421' title='bbox 2089 1730 2175 1787; x_wconf 78' lang='lat' dir='ltr'><strong>l5.</strong></span> <span class='ocrx_word' id='word_1_422' title='bbox 2192 1730 2287 1788; x_wconf 27' lang='lat' dir='ltr'><strong>’De</strong></span> <span class='ocrx_word' id='word_1_423' title='bbox 2310 1730 3011 1788; x_wconf 63' lang='lat' dir='ltr'><strong>lleraclio&#39;nihildicendum</strong></span> <span class='ocrx_word' id='word_1_424' title='bbox 3037 1732 3291 1798; x_wconf 85' lang='lat' dir='ltr'><strong>occurrit,</strong></span> <span class='ocrx_word' id='word_1_425' title='bbox 3314 1730 3414 1785; x_wconf 84' lang='lat' dir='ltr'><strong>nisi</strong></span> <span class='ocrx_word' id='word_1_426' title='bbox 3444 1731 3585 1800; x_wconf 90' lang='lat' dir='ltr'><strong>quod</strong></span> 
     </span>
    </p>
   </div>
   <div class='ocr_carea' id='block_1_61' title="bbox 2017 1800 3585 1872">
    <p class='ocr_par' dir='ltr' id='par_1_61' title="bbox 2017 1800 3585 1872">
     <span class='ocr_line' id='line_1_61' title="bbox 2017 1800 3585 1872; baseline -0.001 -15"><span class='ocrx_word' id='word_1_427' title='bbox 2017 1802 2241 1857; x_wconf 86' lang='lat' dir='ltr'><strong>ecclesia</strong></span> <span class='ocrx_word' id='word_1_428' title='bbox 2272 1804 2436 1872; x_wconf 91' lang='lat' dir='ltr'><strong>ipsius</strong></span> <span class='ocrx_word' id='word_1_429' title='bbox 2466 1806 2665 1859; x_wconf 92' lang='lat' dir='ltr'><strong>nomini</strong></span> <span class='ocrx_word' id='word_1_430' title='bbox 2688 1802 2859 1859; x_wconf 88' lang='lat' dir='ltr'><strong>dicata</strong></span> <span class='ocrx_word' id='word_1_431' title='bbox 2889 1803 2942 1857; x_wconf 92' lang='lat' dir='ltr'><strong>in</strong></span> <span class='ocrx_word' id='word_1_432' title='bbox 2964 1802 3147 1857; x_wconf 85' lang='lat' dir='ltr'><strong>charta</strong></span> <span class='ocrx_word' id='word_1_433' title='bbox 3171 1800 3439 1857; x_wconf 82' lang='lat' dir='ltr'><strong>Athenulfi</strong></span> <span class='ocrx_word' id='word_1_434' title='bbox 3469 1803 3585 1857; x_wconf 81' lang='lat' dir='ltr'><strong>lau-</strong></span> 
     </span>
    </p>
   </div>
   <div class='ocr_carea' id='block_1_62' title="bbox 2017 1872 3585 1941">
    <p class='ocr_par' dir='ltr' id='par_1_62' title="bbox 2017 1872 3585 1941">
     <span class='ocr_line' id='line_1_62' title="bbox 2017 1872 3585 1941; baseline 0.003 -18"><span class='ocrx_word' id='word_1_435' title='bbox 2017 1877 2138 1927; x_wconf 85' lang='lat' dir='ltr'><strong>data</strong></span> <span class='ocrx_word' id='word_1_436' title='bbox 2172 1885 2512 1930; x_wconf 88' lang='lat' dir='ltr'><strong>metueretur.</strong></span> <span class='ocrx_word' id='word_1_437' title='bbox 2539 1874 2868 1941; x_wconf 90' lang='lat' dir='ltr'><strong>lleraclium,</strong></span> <span class='ocrx_word' id='word_1_438' title='bbox 2895 1873 3209 1940; x_wconf 64' lang='lat' dir='ltr'><strong>Maurumfet</strong></span> <span class='ocrx_word' id='word_1_439' title='bbox 3226 1872 3430 1927; x_wconf 79' lang='lat' dir='ltr'><strong>Iustum</strong></span> <span class='ocrx_word' id='word_1_440' title='bbox 3445 1887 3585 1927; x_wconf 86' lang='lat' dir='ltr'><strong>mar-</strong></span> 
     </span>
    </p>
   </div>
   <div class='ocr_carea' id='block_1_63' title="bbox 2016 1942 3589 2015">
    <p class='ocr_par' dir='ltr' id='par_1_63' title="bbox 2016 1942 3589 2015">
     <span class='ocr_line' id='line_1_63' title="bbox 2016 1942 3589 2015; baseline 0 -18"><span class='ocrx_word' id='word_1_441' title='bbox 2016 1952 2161 2015; x_wconf 87' lang='lat' dir='ltr'><strong>tyres</strong></span> <span class='ocrx_word' id='word_1_442' title='bbox 2211 1945 2395 2015; x_wconf 86' lang='lat' dir='ltr'><strong>colunt</strong></span> <span class='ocrx_word' id='word_1_443' title='bbox 2447 1944 2755 2013; x_wconf 86' lang='lat' dir='ltr'><strong>Fulginates</strong></span> <span class='ocrx_word' id='word_1_444' title='bbox 2784 1943 3018 2015; x_wconf 67' lang='lat' dir='ltr'><strong>Umbria:</strong></span> <span class='ocrx_word' id='word_1_445' title='bbox 3052 1943 3252 2015; x_wconf 88' lang='lat' dir='ltr'><strong>populi,</strong></span> <span class='ocrx_word' id='word_1_446' title='bbox 3286 1942 3424 2015; x_wconf 85' lang='lat' dir='ltr'><strong>apud</strong></span> <span class='ocrx_word' id='word_1_447' title='bbox 3454 1958 3589 2015; x_wconf 83' lang='lat' dir='ltr'><strong>quos</strong></span> 
     </span>
    </p>
   </div>
   <div class='ocr_carea' id='block_1_64' title="bbox 2016 2013 3587 2086">
    <p class='ocr_par' dir='ltr' id='par_1_64' title="bbox 2016 2013 3587 2086">
     <span class='ocr_line' id='line_1_64' title="bbox 2016 2013 3587 2086; baseline 0.001 -18"><span class='ocrx_word' id='word_1_448' title='bbox 2016 2013 2327 2069; x_wconf 68' lang='lat' dir='ltr'><strong>e&#39;orumdem</strong></span> <span class='ocrx_word' id='word_1_449' title='bbox 2358 2024 2652 2086; x_wconf 82' lang='lat' dir='ltr'><strong>martyrum</strong></span> <span class='ocrx_word' id='word_1_450' title='bbox 2681 2014 2994 2086; x_wconf 12' lang='lat' dir='ltr'><strong>corporarin</strong></span> <span class='ocrx_word' id='word_1_451' title='bbox 3032 2013 3258 2086; x_wconf 87' lang='lat' dir='ltr'><strong>ecclesia</strong></span> <span class='ocrx_word' id='word_1_452' title='bbox 3296 2013 3587 2086; x_wconf 88' lang='lat' dir='ltr'><strong>cathedrali</strong></span> 
     </span>
    </p>
   </div>
   <div class='ocr_carea' id='block_1_65' title="bbox 2016 2083 3587 2154">
    <p class='ocr_par' dir='ltr' id='par_1_65' title="bbox 2016 2083 3587 2154">
     <span class='ocr_line' id='line_1_65' title="bbox 2016 2083 3587 2154; baseline 0 -17"><span class='ocrx_word' id='word_1_453' title='bbox 2016 2094 2389 2151; x_wconf 88' lang='lat' dir='ltr'><strong>asservantur;</strong></span> <span class='ocrx_word' id='word_1_454' title='bbox 2440 2083 2533 2139; x_wconf 82' lang='lat' dir='ltr'><strong>sed</strong></span> <span class='ocrx_word' id='word_1_455' title='bbox 2579 2083 2795 2154; x_wconf 86' lang='lat' dir='ltr'><strong>quinam</strong></span> <span class='ocrx_word' id='word_1_456' title='bbox 2852 2084 2927 2139; x_wconf 90' lang='lat' dir='ltr'><strong>illi</strong></span> <span class='ocrx_word' id='word_1_457' title='bbox 2969 2083 3189 2148; x_wconf 84' lang='lat' dir='ltr'><strong>fuerint,</strong></span> <span class='ocrx_word' id='word_1_458' title='bbox 3244 2083 3587 2154; x_wconf 86' lang='lat' dir='ltr'><strong>quove_loco</strong></span> 
     </span>
    </p>
   </div>
   <div class='ocr_carea' id='block_1_66' title="bbox 2014 2152 3588 2226">
    <p class='ocr_par' dir='ltr' id='par_1_66' title="bbox 2014 2152 3588 2226">
     <span class='ocr_line' id='line_1_66' title="bbox 2014 2152 3588 2226; baseline 0 -18"><span class='ocrx_word' id='word_1_459' title='bbox 2014 2165 2104 2209; x_wconf 91' lang='lat' dir='ltr'><strong>aut</strong></span> <span class='ocrx_word' id='word_1_460' title='bbox 2137 2166 2375 2223; x_wconf 90' lang='lat' dir='ltr'><strong>tempore</strong></span> <span class='ocrx_word' id='word_1_461' title='bbox 2403 2152 2658 2226; x_wconf 85' lang='lat' dir='ltr'><strong>martyrio</strong></span> <span class='ocrx_word' id='word_1_462' title='bbox 2702 2154 2940 2209; x_wconf 88' lang='lat' dir='ltr'><strong>coronati</strong></span> <span class='ocrx_word' id='word_1_463' title='bbox 2988 2154 3202 2218; x_wconf 84' lang='lat' dir='ltr'><strong>fuerint,</strong></span> <span class='ocrx_word' id='word_1_464' title='bbox 3239 2155 3396 2222; x_wconf 88' lang='lat' dir='ltr'><strong>plane</strong></span> <span class='ocrx_word' id='word_1_465' title='bbox 3437 2152 3588 2221; x_wconf 87' lang='lat' dir='ltr'><strong>igno-</strong></span> 
     </span>
    </p>
   </div>
   <div class='ocr_carea' id='block_1_67' title="bbox 2014 2236 2155 2281">
    <p class='ocr_par' dir='ltr' id='par_1_67' title="bbox 2014 2236 2155 2281">
     <span class='ocr_line' id='line_1_67' title="bbox 2014 2236 2155 2281; baseline 0.021 -3"><span class='ocrx_word' id='word_1_466' title='bbox 2014 2236 2155 2281; x_wconf 89' lang='lat' dir='ltr'><strong>rant.</strong></span> 
     </span>
    </p>
   </div>
   <div class='ocr_carea' id='block_1_68' title="bbox 2087 2290 3586 2351">
    <p class='ocr_par' dir='ltr' id='par_1_68' title="bbox 2087 2290 3586 2351">
     <span class='ocr_line' id='line_1_68' title="bbox 2087 2290 3586 2351; baseline -0.003 -1"><span class='ocrx_word' id='word_1_467' title='bbox 2087 2296 2174 2350; x_wconf 78' lang='grc'><strong>14.</strong></span> <span class='ocrx_word' id='word_1_468' title='bbox 2203 2296 2420 2351; x_wconf 83' lang='lat' dir='ltr'><strong>Benitmi</strong></span> <span class='ocrx_word' id='word_1_469' title='bbox 2450 2311 2515 2350; x_wconf 81' lang='lat' dir='ltr'><strong>ex</strong></span> <span class='ocrx_word' id='word_1_470' title='bbox 2540 2294 2711 2349; x_wconf 85' lang='lat' dir='ltr'><strong>Africa</strong></span> <span class='ocrx_word' id='word_1_471' title='bbox 2738 2294 2936 2349; x_wconf 81' lang='lat' dir='ltr'><strong>exsulis</strong></span> <span class='ocrx_word' id='word_1_472' title='bbox 2960 2308 3151 2349; x_wconf 88' lang='lat' dir='ltr'><strong>nomen</strong></span> <span class='ocrx_word' id='word_1_473' title='bbox 3181 2293 3234 2347; x_wconf 90' lang='lat' dir='ltr'><strong>in</strong></span> <span class='ocrx_word' id='word_1_474' title='bbox 3274 2292 3387 2347; x_wconf 91' lang='lat' dir='ltr'><strong>sola</strong></span> <span class='ocrx_word' id='word_1_475' title='bbox 3417 2290 3586 2346; x_wconf 85' lang='lat' dir='ltr'><strong>sancti</strong></span> 
     </span>
    </p>
   </div>
   <div class='ocr_carea' id='block_1_69' title="bbox 2014 2362 3587 2435">
    <p class='ocr_par' dir='ltr' id='par_1_69' title="bbox 2014 2362 3587 2435">
     <span class='ocr_line' id='line_1_69' title="bbox 2014 2362 3587 2435; baseline -0.001 -17"><span class='ocrx_word' id='word_1_476' title='bbox 2014 2367 2313 2422; x_wconf 84' lang='lat' dir='ltr'><strong>Castrensis</strong></span> <span class='ocrx_word' id='word_1_477' title='bbox 2339 2362 2455 2422; x_wconf 85' lang='lat' dir='ltr'><strong>Vita</strong></span> <span class='ocrx_word' id='word_1_478' title='bbox 2506 2367 2715 2431; x_wconf 77' lang='lat' dir='ltr'><strong>legitur.</strong></span> <span class='ocrx_word' id='word_1_479' title='bbox 2746 2365 2926 2435; x_wconf 81' lang='lat' dir='ltr'><strong>Atqui</strong></span> <span class='ocrx_word' id='word_1_480' title='bbox 2954 2365 3021 2419; x_wconf 90' lang='lat' dir='ltr'><strong>ibi</strong></span> <span class='ocrx_word' id='word_1_481' title='bbox 3053 2363 3340 2435; x_wconf 83' lang='lat' dir='ltr'><strong>Benignus,</strong></span> <span class='ocrx_word' id='word_1_482' title='bbox 3371 2363 3440 2417; x_wconf 87' lang='lat' dir='ltr'><strong>ab</strong></span> <span class='ocrx_word' id='word_1_483' title='bbox 3468 2362 3587 2429; x_wconf 77' lang='lat' dir='ltr'><strong>aliis</strong></span> 
     </span>
    </p>
   </div>
   <div class='ocr_carea' id='block_1_70' title="bbox 2012 2433 3584 2505">
    <p class='ocr_par' dir='ltr' id='par_1_70' title="bbox 2012 2433 3584 2505">
     <span class='ocr_line' id='line_1_70' title="bbox 2012 2433 3584 2505; baseline -0.003 -14"><span class='ocrx_word' id='word_1_484' title='bbox 2012 2436 2238 2505; x_wconf 80' lang='lat' dir='ltr'><strong>Adjutor</strong></span> <span class='ocrx_word' id='word_1_485' title='bbox 2276 2452 2371 2491; x_wconf 88' lang='lat' dir='ltr'><strong>seu</strong></span> <span class='ocrx_word' id='word_1_486' title='bbox 2401 2436 2734 2505; x_wconf 82' lang='lat' dir='ltr'><strong>Adjutorius,</strong></span> <span class='ocrx_word' id='word_1_487' title='bbox 2765 2444 2823 2489; x_wconf 93' lang='lat' dir='ltr'><strong>ut</strong></span> <span class='ocrx_word' id='word_1_488' title='bbox 2857 2433 2977 2504; x_wconf 86' lang='lat' dir='ltr'><strong>jam</strong></span> <span class='ocrx_word' id='word_1_489' title='bbox 3013 2450 3042 2489; x_wconf 88' lang='lat' dir='ltr'><strong>a</strong></span> <span class='ocrx_word' id='word_1_490' title='bbox 3069 2434 3223 2489; x_wconf 92' lang='lat' dir='ltr'><strong>nobis</strong></span> <span class='ocrx_word' id='word_1_491' title='bbox 3246 2433 3584 2505; x_wconf 68' lang='lat' dir='ltr'><strong>observatum</strong></span> 
     </span>
    </p>
   </div>
   <div class='ocr_carea' id='block_1_71' title="bbox 2016 2503 3586 2578">
    <p class='ocr_par' dir='ltr' id='par_1_71' title="bbox 2016 2503 3586 2578">
     <span class='ocr_line' id='line_1_71' title="bbox 2016 2503 3586 2578; baseline -0.004 -16"><span class='ocrx_word' id='word_1_492' title='bbox 2016 2503 2119 2572; x_wconf 79' lang='lat' dir='ltr'><strong>est,</strong></span> <span class='ocrx_word' id='word_1_493' title='bbox 2147 2508 2462 2578; x_wconf 87' lang='lat' dir='ltr'><strong>appellatur.</strong></span> <span class='ocrx_word' id='word_1_494' title='bbox 2481 2503 2666 2578; x_wconf 28' lang='lat' dir='ltr'><strong>’Porro</strong></span> <span class='ocrx_word' id='word_1_495' title='bbox 2694 2503 2966 2578; x_wconf 78' lang='lat' dir='ltr'><strong>Adjutoris</strong></span> <span class='ocrx_word' id='word_1_496' title='bbox 2983 2505 3238 2578; x_wconf 85' lang='lat' dir='ltr'><strong>memoria</strong></span> <span class='ocrx_word' id='word_1_497' title='bbox 3256 2503 3397 2578; x_wconf 85' lang='lat' dir='ltr'><strong>apud</strong></span> <span class='ocrx_word' id='word_1_498' title='bbox 3408 2503 3586 2578; x_wconf 74' lang='lat' dir='ltr'><strong>Bene-</strong></span> 
     </span>
    </p>
   </div>
   <div class='ocr_carea' id='block_1_72' title="bbox 2012 2573 3584 2641">
    <p class='ocr_par' dir='ltr' id='par_1_72' title="bbox 2012 2573 3584 2641">
     <span class='ocr_line' id='line_1_72' title="bbox 2012 2573 3584 2641; baseline -0.004 -10"><span class='ocrx_word' id='word_1_499' title='bbox 2012 2573 2231 2632; x_wconf 82' lang='lat' dir='ltr'><strong>ventuin</strong></span> <span class='ocrx_word' id='word_1_500' title='bbox 2259 2588 2312 2633; x_wconf 91' lang='lat' dir='ltr'><strong>et</strong></span> <span class='ocrx_word' id='word_1_501' title='bbox 2334 2578 2549 2639; x_wconf 73' lang='lat' dir='ltr'><strong>flavam,</strong></span> <span class='ocrx_word' id='word_1_502' title='bbox 2568 2576 2655 2630; x_wconf 92' lang='lat' dir='ltr'><strong>ubi</strong></span> <span class='ocrx_word' id='word_1_503' title='bbox 2674 2573 2839 2629; x_wconf 72' lang='lat' dir='ltr'><strong>sacrae</strong></span> <span class='ocrx_word' id='word_1_504' title='bbox 2866 2574 3006 2629; x_wconf 92' lang='lat' dir='ltr'><strong>illius</strong></span> <span class='ocrx_word' id='word_1_505' title='bbox 3034 2573 3300 2629; x_wconf 86' lang='lat' dir='ltr'><strong>habentur</strong></span> <span class='ocrx_word' id='word_1_506' title='bbox 3325 2573 3584 2641; x_wconf 66' lang='lat' dir='ltr'><strong>reliquiae,</strong></span> 
     </span>
    </p>
   </div>
   <div class='ocr_carea' id='block_1_73' title="bbox 2012 2642 3579 2716">
    <p class='ocr_par' dir='ltr' id='par_1_73' title="bbox 2012 2642 3579 2716">
     <span class='ocr_line' id='line_1_73' title="bbox 2012 2642 3579 2716; baseline -0.004 -13"><span class='ocrx_word' id='word_1_507' title='bbox 2012 2649 2240 2703; x_wconf 89' lang='lat' dir='ltr'><strong>celebris</strong></span> <span class='ocrx_word' id='word_1_508' title='bbox 2293 2659 2393 2704; x_wconf 92' lang='lat' dir='ltr'><strong>est.</strong></span> <span class='ocrx_word' id='word_1_509' title='bbox 2444 2648 2583 2714; x_wconf 80' lang='lat' dir='ltr'><strong>Quin</strong></span> <span class='ocrx_word' id='word_1_510' title='bbox 2635 2658 2689 2699; x_wconf 87' lang='lat' dir='ltr'><strong>et</strong></span> <span class='ocrx_word' id='word_1_511' title='bbox 2732 2660 2899 2716; x_wconf 83' lang='lat' dir='ltr'><strong>prope</strong></span> <span class='ocrx_word' id='word_1_512' title='bbox 2950 2645 3182 2714; x_wconf 90' lang='lat' dir='ltr'><strong>amplum</strong></span> <span class='ocrx_word' id='word_1_513' title='bbox 3217 2654 3299 2716; x_wconf 89' lang='lat' dir='ltr'><strong>est</strong></span> <span class='ocrx_word' id='word_1_514' title='bbox 3325 2642 3579 2713; x_wconf 89' lang='lat' dir='ltr'><strong>oppidum</strong></span> 
     </span>
    </p>
   </div>
   <div class='ocr_carea' id='block_1_74' title="bbox 2013 2715 3582 2787">
    <p class='ocr_par' dir='ltr' id='par_1_74' title="bbox 2013 2715 3582 2787">
     <span class='ocr_line' id='line_1_74' title="bbox 2013 2715 3582 2787; baseline -0.004 -14"><span class='ocrx_word' id='word_1_515' title='bbox 2013 2719 2153 2787; x_wconf 89' lang='lat' dir='ltr'><strong>quod</strong></span> <span class='ocrx_word' id='word_1_516' title='bbox 2201 2718 2299 2773; x_wconf 90' lang='lat' dir='ltr'><strong>sub</strong></span> <span class='ocrx_word' id='word_1_517' title='bbox 2344 2719 2513 2774; x_wconf 87' lang='lat' dir='ltr'><strong>sancti</strong></span> <span class='ocrx_word' id='word_1_518' title='bbox 2567 2715 2838 2787; x_wconf 79' lang='lat' dir='ltr'><strong>Adjutoris</strong></span> <span class='ocrx_word' id='word_1_519' title='bbox 2878 2715 3458 2787; x_wconf 83' lang='lat' dir='ltr'><strong>nominenotisslmum</strong></span> <span class='ocrx_word' id='word_1_520' title='bbox 3480 2721 3582 2787; x_wconf 79' lang='lat' dir='ltr'><strong>est.</strong></span> 
     </span>
    </p>
   </div>
   <div class='ocr_carea' id='block_1_75' title="bbox 2012 2784 3586 2858">
    <p class='ocr_par' dir='ltr' id='par_1_75' title="bbox 2012 2784 3586 2858">
     <span class='ocr_line' id='line_1_75' title="bbox 2012 2784 3586 2858; baseline -0.003 -14"><span class='ocrx_word' id='word_1_521' title='bbox 2012 2784 2264 2858; x_wconf 83' lang='lat' dir='ltr'><strong>Ejusdem</strong></span> <span class='ocrx_word' id='word_1_522' title='bbox 2310 2790 2478 2844; x_wconf 86' lang='lat' dir='ltr'><strong>sancti</strong></span> <span class='ocrx_word' id='word_1_523' title='bbox 2522 2787 2619 2842; x_wconf 93' lang='lat' dir='ltr'><strong>viri</strong></span> <span class='ocrx_word' id='word_1_524' title='bbox 2647 2784 2929 2841; x_wconf 75' lang='lat' dir='ltr'><strong>festivitas</strong></span> <span class='ocrx_word' id='word_1_525' title='bbox 2967 2785 3056 2858; x_wconf 82' lang='lat' dir='ltr'><strong>die</strong></span> <span class='ocrx_word' id='word_1_526' title='bbox 3084 2784 3488 2858; x_wconf 55' lang='lat' dir='ltr'><strong>lgﬂovembris</strong></span> <span class='ocrx_word' id='word_1_527' title='bbox 3531 2784 3586 2839; x_wconf 87' lang='lat' dir='ltr'><strong>in</strong></span> 
     </span>
    </p>
   </div>
   <div class='ocr_carea' id='block_1_76' title="bbox 2011 2854 3587 2929">
    <p class='ocr_par' dir='ltr' id='par_1_76' title="bbox 2011 2854 3587 2929">
     <span class='ocr_line' id='line_1_76' title="bbox 2011 2854 3587 2929; baseline -0.005 -14"><span class='ocrx_word' id='word_1_528' title='bbox 2011 2854 2266 2929; x_wconf 75' lang='lat' dir='ltr'><strong>catalogo</strong></span> <span class='ocrx_word' id='word_1_529' title='bbox 2292 2860 2524 2928; x_wconf 85' lang='lat' dir='ltr'><strong>generali</strong></span> <span class='ocrx_word' id='word_1_530' title='bbox 2555 2868 2858 2929; x_wconf 83' lang='lat' dir='ltr'><strong>sanctorum</strong></span> <span class='ocrx_word' id='word_1_531' title='bbox 2888 2856 3093 2929; x_wconf 70' lang='lat' dir='ltr'><strong>ltalizea</strong></span> <span class='ocrx_word' id='word_1_532' title='bbox 3120 2856 3366 2929; x_wconf 73' lang='lat' dir='ltr'><strong>Philippo</strong></span> <span class='ocrx_word' id='word_1_533' title='bbox 3390 2854 3587 2929; x_wconf 64' lang='lat' dir='ltr'><strong>Ferra-</strong></span> 
     </span>
    </p>
   </div>
   <div class='ocr_carea' id='block_1_77' title="bbox 2012 2923 3587 2995">
    <p class='ocr_par' dir='ltr' id='par_1_77' title="bbox 2012 2923 3587 2995">
     <span class='ocr_line' id='line_1_77' title="bbox 2012 2923 3587 2995; baseline -0.004 -10"><span class='ocrx_word' id='word_1_534' title='bbox 2012 2932 2093 2986; x_wconf 85' lang='lat' dir='ltr'><strong>rio</strong></span> <span class='ocrx_word' id='word_1_535' title='bbox 2135 2923 2482 2995; x_wconf 54' lang='lat' dir='ltr'><strong>me&#39;mo&#39;ratur,</strong></span> <span class='ocrx_word' id='word_1_536' title='bbox 2524 2928 2613 2983; x_wconf 90' lang='lat' dir='ltr'><strong>ubi</strong></span> <span class='ocrx_word' id='word_1_537' title='bbox 2641 2929 2709 2983; x_wconf 90' lang='lat' dir='ltr'><strong>de</strong></span> <span class='ocrx_word' id='word_1_538' title='bbox 2748 2930 2849 2981; x_wconf 76' lang='lat' dir='ltr'><strong>isto</strong></span> <span class='ocrx_word' id='word_1_539' title='bbox 2891 2926 3230 2982; x_wconf 88' lang='lat' dir='ltr'><strong>sanctissimo</strong></span> <span class='ocrx_word' id='word_1_540' title='bbox 3263 2923 3587 2995; x_wconf 55' lang='lat' dir='ltr'><strong>&#39;confessore</strong></span> 
     </span>
    </p>
   </div>
   <div class='ocr_carea' id='block_1_78' title="bbox 2012 2994 3585 3071">
    <p class='ocr_par' dir='ltr' id='par_1_78' title="bbox 2012 2994 3585 3071">
     <span class='ocr_line' id='line_1_78' title="bbox 2012 2994 3585 3071; baseline -0.003 -17"><span class='ocrx_word' id='word_1_541' title='bbox 2012 3004 2140 3071; x_wconf 87' lang='lat' dir='ltr'><strong>agit.</strong></span> <span class='ocrx_word' id='word_1_542' title='bbox 2168 3002 2239 3056; x_wconf 84' lang='lat' dir='ltr'><strong>At</strong></span> <span class='ocrx_word' id='word_1_543' title='bbox 2266 3000 2417 3071; x_wconf 92' lang='lat' dir='ltr'><strong>plura</strong></span> <span class='ocrx_word' id='word_1_544' title='bbox 2444 2994 2509 3071; x_wconf 88' lang='lat' dir='ltr'><strong>de</strong></span> <span class='ocrx_word' id='word_1_545' title='bbox 2534 3015 2600 3053; x_wconf 90' lang='lat' dir='ltr'><strong>eo</strong></span> <span class='ocrx_word' id='word_1_546' title='bbox 2630 2998 2786 3071; x_wconf 75' lang='lat' dir='ltr'><strong>habet</strong></span> <span class='ocrx_word' id='word_1_547' title='bbox 2840 2996 2939 3071; x_wconf 83' lang='lat' dir='ltr'><strong>bac</strong></span> <span class='ocrx_word' id='word_1_548' title='bbox 2962 2997 3074 3071; x_wconf 81' lang='lat' dir='ltr'><strong>ipsa</strong></span> <span class='ocrx_word' id='word_1_549' title='bbox 3104 2997 3195 3051; x_wconf 91' lang='lat' dir='ltr'><strong>die</strong></span> <span class='ocrx_word' id='word_1_550' title='bbox 3214 2995 3462 3071; x_wconf 64' lang='lat' dir='ltr'><strong>Tamajus</strong></span> <span class='ocrx_word' id='word_1_551' title='bbox 3490 2994 3585 3050; x_wconf 84' lang='lat' dir='ltr'><strong>Sa-</strong></span> 
     </span>
    </p>
   </div>
   <div class='ocr_carea' id='block_1_79' title="bbox 2012 3065 3583 3142">
    <p class='ocr_par' dir='ltr' id='par_1_79' title="bbox 2012 3065 3583 3142">
     <span class='ocr_line' id='line_1_79' title="bbox 2012 3065 3583 3142; baseline -0.006 -16"><span class='ocrx_word' id='word_1_552' title='bbox 2012 3065 2155 3127; x_wconf 66' lang='lat' dir='ltr'><strong>lazar</strong></span> <span class='ocrx_word' id='word_1_553' title='bbox 2171 3072 2222 3127; x_wconf 93' lang='lat' dir='ltr'><strong>in</strong></span> <span class='ocrx_word' id='word_1_554' title='bbox 2240 3065 2617 3142; x_wconf 84' lang='lat' dir='ltr'><strong>martyrologio</strong></span> <span class='ocrx_word' id='word_1_555' title='bbox 2642 3069 2965 3142; x_wconf 65' lang='lat' dir='ltr'><strong>Hispanico,</strong></span> <span class='ocrx_word' id='word_1_556' title='bbox 2978 3065 3066 3134; x_wconf 84' lang='lat' dir='ltr'><strong>qui</strong></span> <span class='ocrx_word' id='word_1_557' title='bbox 3082 3065 3328 3142; x_wconf 81' lang='lat' dir='ltr'><strong>eumdem</strong></span> <span class='ocrx_word' id='word_1_558' title='bbox 3344 3072 3583 3142; x_wconf 79' lang='lat' dir='ltr'><strong>sanctum</strong></span> 
     </span>
    </p>
   </div>
   <div class='ocr_carea' id='block_1_80' title="bbox 2011 3136 3580 3211">
    <p class='ocr_par' dir='ltr' id='par_1_80' title="bbox 2011 3136 3580 3211">
     <span class='ocr_line' id='line_1_80' title="bbox 2011 3136 3580 3211; baseline -0.004 -15"><span class='ocrx_word' id='word_1_559' title='bbox 2011 3144 2184 3197; x_wconf 87' lang='lat' dir='ltr'><strong>virum</strong></span> <span class='ocrx_word' id='word_1_560' title='bbox 2216 3158 2279 3198; x_wconf 78' lang='lat' dir='ltr'><strong>ex</strong></span> <span class='ocrx_word' id='word_1_561' title='bbox 2315 3136 2562 3211; x_wconf 73' lang='lat' dir='ltr'><strong>Hispania</strong></span> <span class='ocrx_word' id='word_1_562' title='bbox 2592 3153 2713 3194; x_wconf 87' lang='lat' dir='ltr'><strong>cum</strong></span> <span class='ocrx_word' id='word_1_563' title='bbox 2744 3136 3057 3202; x_wconf 84' lang='lat' dir='ltr'><strong>Geuserico,</strong></span> <span class='ocrx_word' id='word_1_564' title='bbox 3084 3139 3137 3211; x_wconf 82' lang='lat' dir='ltr'><strong>in</strong></span> <span class='ocrx_word' id='word_1_565' title='bbox 3152 3136 3580 3211; x_wconf 60' lang='lat' dir='ltr'><strong>_cujits_exereitu</strong></span> 
     </span>
    </p>
   </div>
   <div class='ocr_carea' id='block_1_81' title="bbox 330 3206 3581 3280">
    <p class='ocr_par' dir='ltr' id='par_1_81' title="bbox 330 3206 3581 3280">
     <span class='ocr_line' id='line_1_81' title="bbox 330 3206 3581 3280; baseline -0.002 -14"><span class='ocrx_word' id='word_1_566' title='bbox 330 3213 580 3267; x_wconf 88' lang='lat' dir='ltr'><strong>habetur.</strong></span> <span class='ocrx_word' id='word_1_567' title='bbox 608 3212 855 3280; x_wconf 84' lang='lat' dir='ltr'><strong>Ejusdem</strong></span> <span class='ocrx_word' id='word_1_568' title='bbox 879 3210 1048 3265; x_wconf 82' lang='lat' dir='ltr'><strong>sancti</strong></span> <span class='ocrx_word' id='word_1_569' title='bbox 1076 3212 1387 3263; x_wconf 85' lang='lat' dir='ltr'><strong>memoriam</strong></span> <span class='ocrx_word' id='word_1_570' title='bbox 1424 3210 1561 3277; x_wconf 83' lang='lat' dir='ltr'><strong>apud</strong></span> <span class='ocrx_word' id='word_1_571' title='bbox 1594 3206 1907 3267; x_wconf 79' lang='lat' dir='ltr'><strong>Mantuanos</strong></span> <span class='ocrx_word' id='word_1_572' title='bbox 1934 3213 1981 3275; x_wconf 88' lang='lat' dir='ltr'><strong>C</strong></span> <span class='ocrx_word' id='word_1_573' title='bbox 2013 3214 2293 3278; x_wconf 90' lang='lat' dir='ltr'><strong>militabat,</strong></span> <span class='ocrx_word' id='word_1_574' title='bbox 2318 3212 2371 3266; x_wconf 93' lang='lat' dir='ltr'><strong>in</strong></span> <span class='ocrx_word' id='word_1_575' title='bbox 2388 3206 2988 3280; x_wconf 65' lang='lat' dir='ltr'><strong>Africamtransmeasse</strong></span> <span class='ocrx_word' id='word_1_576' title='bbox 3007 3208 3209 3264; x_wconf 89' lang='lat' dir='ltr'><strong>scribit.</strong></span> <span class='ocrx_word' id='word_1_577' title='bbox 3236 3207 3340 3280; x_wconf 85' lang='lat' dir='ltr'><strong>Sed</strong></span> <span class='ocrx_word' id='word_1_578' title='bbox 3367 3221 3489 3263; x_wconf 87' lang='lat' dir='ltr'><strong>cum</strong></span> <span class='ocrx_word' id='word_1_579' title='bbox 3510 3206 3581 3259; x_wconf 91' lang='lat' dir='ltr'><strong>ibi</strong></span> 
     </span>
    </p>
   </div>
   <div class='ocr_carea' id='block_1_82' title="bbox 330 3280 1907 3350">
    <p class='ocr_par' dir='ltr' id='par_1_82' title="bbox 330 3280 1907 3350">
     <span class='ocr_line' id='line_1_82' title="bbox 330 3280 1907 3350; baseline -0.002 -13"><span class='ocrx_word' id='word_1_580' title='bbox 330 3285 462 3337; x_wconf 92' lang='lat' dir='ltr'><strong>olim</strong></span> <span class='ocrx_word' id='word_1_581' title='bbox 490 3283 755 3338; x_wconf 76' lang='lat' dir='ltr'><strong>celebren</strong></span> <span class='ocrx_word' id='word_1_582' title='bbox 790 3283 951 3336; x_wconf 89' lang='lat' dir='ltr'><strong>fuisse</strong></span> <span class='ocrx_word' id='word_1_583' title='bbox 980 3280 1182 3349; x_wconf 87' lang='lat' dir='ltr'><strong>colligit</strong></span> <span class='ocrx_word' id='word_1_584' title='bbox 1213 3280 1349 3333; x_wconf 90' lang='lat' dir='ltr'><strong>idem</strong></span> <span class='ocrx_word' id='word_1_585' title='bbox 1370 3291 1554 3333; x_wconf 91' lang='lat' dir='ltr'><strong>auctor</strong></span> <span class='ocrx_word' id='word_1_586' title='bbox 1579 3295 1644 3335; x_wconf 81' lang='lat' dir='ltr'><strong>ex</strong></span> <span class='ocrx_word' id='word_1_587' title='bbox 1666 3282 1907 3350; x_wconf 85' lang='lat' dir='ltr'><strong>complu-</strong></span> 
     </span>
    </p>
   </div>
   <div class='ocr_carea' id='block_1_83' title="bbox 331 3351 1907 3419">
    <p class='ocr_par' dir='ltr' id='par_1_83' title="bbox 331 3351 1907 3419">
     <span class='ocr_line' id='line_1_83' title="bbox 331 3351 1907 3419; baseline -0.002 -10"><span class='ocrx_word' id='word_1_588' title='bbox 331 3354 478 3409; x_wconf 89' lang='lat' dir='ltr'><strong>ribus</strong></span> <span class='ocrx_word' id='word_1_589' title='bbox 526 3355 787 3416; x_wconf 82' lang='lat' dir='ltr'><strong>ecclesiis,</strong></span> <span class='ocrx_word' id='word_1_590' title='bbox 841 3366 960 3419; x_wconf 66' lang='lat' dir='ltr'><strong>qtae</strong></span> <span class='ocrx_word' id='word_1_591' title='bbox 988 3351 1091 3404; x_wconf 89' lang='lat' dir='ltr'><strong>sub</strong></span> <span class='ocrx_word' id='word_1_592' title='bbox 1119 3351 1356 3419; x_wconf 87' lang='lat' dir='ltr'><strong>ejusdem</strong></span> <span class='ocrx_word' id='word_1_593' title='bbox 1388 3351 1556 3404; x_wconf 89' lang='lat' dir='ltr'><strong>sancti</strong></span> <span class='ocrx_word' id='word_1_594' title='bbox 1580 3353 1794 3405; x_wconf 91' lang='lat' dir='ltr'><strong>nomine</strong></span> <span class='ocrx_word' id='word_1_595' title='bbox 1822 3352 1907 3406; x_wconf 85' lang='lat' dir='ltr'><strong>di-</strong></span> 
     </span>
    </p>
   </div>
   <div class='ocr_carea' id='block_1_84' title="bbox 332 3421 1909 3494">
    <p class='ocr_par' dir='ltr' id='par_1_84' title="bbox 332 3421 1909 3494">
     <span class='ocr_line' id='line_1_84' title="bbox 332 3421 1909 3494; baseline 0.001 -17"><span class='ocrx_word' id='word_1_596' title='bbox 332 3433 465 3478; x_wconf 69' lang='lat' dir='ltr'><strong>ratze</strong></span> <span class='ocrx_word' id='word_1_597' title='bbox 496 3424 693 3494; x_wconf 82' lang='lat' dir='ltr'><strong>passim</strong></span> <span class='ocrx_word' id='word_1_598' title='bbox 730 3426 780 3477; x_wconf 92' lang='lat' dir='ltr'><strong>in</strong></span> <span class='ocrx_word' id='word_1_599' title='bbox 812 3423 1092 3477; x_wconf 86' lang='lat' dir='ltr'><strong>Mantuana</strong></span> <span class='ocrx_word' id='word_1_600' title='bbox 1119 3421 1337 3494; x_wconf 69' lang='lat' dir='ltr'><strong>dioecesi</strong></span> <span class='ocrx_word' id='word_1_601' title='bbox 1364 3432 1671 3494; x_wconf 64' lang='lat' dir='ltr'><strong>occurrunt.</strong></span> <span class='ocrx_word' id='word_1_602' title='bbox 1697 3422 1831 3488; x_wconf 87' lang='lat' dir='ltr'><strong>Quin</strong></span> <span class='ocrx_word' id='word_1_603' title='bbox 1855 3434 1909 3479; x_wconf 90' lang='lat' dir='ltr'><strong>et</strong></span> 
     </span>
    </p>
   </div>
   <div class='ocr_carea' id='block_1_85' title="bbox 332 3492 1907 3550">
    <p class='ocr_par' dir='ltr' id='par_1_85' title="bbox 332 3492 1907 3550">
     <span class='ocr_line' id='line_1_85' title="bbox 332 3492 1907 3550; baseline -0.001 -1"><span class='ocrx_word' id='word_1_604' title='bbox 332 3492 512 3549; x_wconf 82' lang='lat' dir='ltr'><strong>Sancti</strong></span> <span class='ocrx_word' id='word_1_605' title='bbox 554 3496 677 3549; x_wconf 85' lang='lat' dir='ltr'><strong>item</strong></span> <span class='ocrx_word' id='word_1_606' title='bbox 708 3494 999 3550; x_wconf 89' lang='lat' dir='ltr'><strong>Secundini</strong></span> <span class='ocrx_word' id='word_1_607' title='bbox 1043 3492 1266 3546; x_wconf 88' lang='lat' dir='ltr'><strong>ecclesia</strong></span> <span class='ocrx_word' id='word_1_608' title='bbox 1310 3492 1361 3545; x_wconf 90' lang='lat' dir='ltr'><strong>in</strong></span> <span class='ocrx_word' id='word_1_609' title='bbox 1392 3492 1611 3546; x_wconf 58' lang='lat' dir='ltr'><strong>dioecesi</strong></span> <span class='ocrx_word' id='word_1_610' title='bbox 1641 3492 1907 3549; x_wconf 85' lang='lat' dir='ltr'><strong>Suessana</strong></span> 
     </span>
    </p>
   </div>
   <div class='ocr_carea' id='block_1_86' title="bbox 329 3563 1905 3631">
    <p class='ocr_par' dir='ltr' id='par_1_86' title="bbox 329 3563 1905 3631">
     <span class='ocr_line' id='line_1_86' title="bbox 329 3563 1905 3631; baseline 0 -12"><span class='ocrx_word' id='word_1_611' title='bbox 329 3576 664 3619; x_wconf 76' lang='lat' dir='ltr'><strong>memoratur</strong></span> <span class='ocrx_word' id='word_1_612' title='bbox 694 3567 744 3618; x_wconf 93' lang='lat' dir='ltr'><strong>in</strong></span> <span class='ocrx_word' id='word_1_613' title='bbox 772 3566 954 3619; x_wconf 84' lang='lat' dir='ltr'><strong>charta</strong></span> <span class='ocrx_word' id='word_1_614' title='bbox 978 3563 1269 3625; x_wconf 82' lang='lat' dir='ltr'><strong>Atheuulfi,</strong></span> <span class='ocrx_word' id='word_1_615' title='bbox 1298 3577 1455 3630; x_wconf 84' lang='lat' dir='ltr'><strong>quam</strong></span> <span class='ocrx_word' id='word_1_616' title='bbox 1480 3576 1625 3617; x_wconf 90' lang='lat' dir='ltr'><strong>num.</strong></span> <span class='ocrx_word' id='word_1_617' title='bbox 1644 3564 1905 3631; x_wconf 76' lang='lat' dir='ltr'><strong>superiori</strong></span> 
     </span>
    </p>
   </div>
   <div class='ocr_carea' id='block_1_87' title="bbox 331 3632 1907 3703">
    <p class='ocr_par' dir='ltr' id='par_1_87' title="bbox 331 3632 1907 3703">
     <span class='ocr_line' id='line_1_87' title="bbox 331 3632 1907 3703; baseline 0 -14"><span class='ocrx_word' id='word_1_618' title='bbox 331 3636 685 3689; x_wconf 75' lang='lat' dir='ltr'><strong>laudavimus.</strong></span> <span class='ocrx_word' id='word_1_619' title='bbox 721 3636 961 3703; x_wconf 89' lang='lat' dir='ltr'><strong>Denique</strong></span> <span class='ocrx_word' id='word_1_620' title='bbox 994 3634 1270 3687; x_wconf 86' lang='lat' dir='ltr'><strong>Ferrarius</strong></span> <span class='ocrx_word' id='word_1_621' title='bbox 1306 3632 1357 3685; x_wconf 92' lang='lat' dir='ltr'><strong>in</strong></span> <span class='ocrx_word' id='word_1_622' title='bbox 1380 3632 1643 3703; x_wconf 74' lang='lat' dir='ltr'><strong>Catalogo</strong></span> <span class='ocrx_word' id='word_1_623' title='bbox 1669 3635 1907 3703; x_wconf 86' lang='lat' dir='ltr'><strong>generali</strong></span> 
     </span>
    </p>
   </div>
   <div class='ocr_carea' id='block_1_88' title="bbox 331 3701 1907 3775">
    <p class='ocr_par' dir='ltr' id='par_1_88' title="bbox 331 3701 1907 3775">
     <span class='ocr_line' id='line_1_88' title="bbox 331 3701 1907 3775; baseline 0 -16"><span class='ocrx_word' id='word_1_624' title='bbox 331 3718 647 3760; x_wconf 88' lang='lat' dir='ltr'><strong>sanctorum</strong></span> <span class='ocrx_word' id='word_1_625' title='bbox 694 3701 1259 3775; x_wconf 13' lang='lat' dir='ltr'><strong>Italiae—Secundiinuni</strong></span> <span class='ocrx_word' id='word_1_626' title='bbox 1288 3712 1342 3757; x_wconf 90' lang='lat' dir='ltr'><strong>et</strong></span> <span class='ocrx_word' id='word_1_627' title='bbox 1365 3701 1581 3775; x_wconf 80' lang='lat' dir='ltr'><strong>Castam</strong></span> <span class='ocrx_word' id='word_1_628' title='bbox 1626 3701 1907 3775; x_wconf 76' lang='lat' dir='ltr'><strong>episcopos</strong></span> 
     </span>
    </p>
   </div>
   <div class='ocr_carea' id='block_1_89' title="bbox 331 3772 1905 3843">
    <p class='ocr_par' dir='ltr' id='par_1_89' title="bbox 331 3772 1905 3843">
     <span class='ocr_line' id='line_1_89' title="bbox 331 3772 1905 3843; baseline 0.001 -14"><span class='ocrx_word' id='word_1_629' title='bbox 331 3778 610 3830; x_wconf 67' lang='lat' dir='ltr'><strong>Sinuessze</strong></span> <span class='ocrx_word' id='word_1_630' title='bbox 636 3787 1038 3839; x_wconf 88' lang='lat' dir='ltr'><strong>commemorat,</strong></span> <span class='ocrx_word' id='word_1_631' title='bbox 1068 3774 1155 3827; x_wconf 90' lang='lat' dir='ltr'><strong>die</strong></span> <span class='ocrx_word' id='word_1_632' title='bbox 1184 3774 1352 3843; x_wconf 89' lang='lat' dir='ltr'><strong>prima</strong></span> <span class='ocrx_word' id='word_1_633' title='bbox 1383 3772 1537 3837; x_wconf 83' lang='lat' dir='ltr'><strong>Julii;</strong></span> <span class='ocrx_word' id='word_1_634' title='bbox 1569 3790 1703 3842; x_wconf 88' lang='lat' dir='ltr'><strong>quos</strong></span> <span class='ocrx_word' id='word_1_635' title='bbox 1729 3772 1905 3831; x_wconf 84' lang='lat' dir='ltr'><strong>tamen</strong></span> 
     </span>
    </p>
   </div>
   <div class='ocr_carea' id='block_1_90' title="bbox 332 3844 1908 3916">
    <p class='ocr_par' dir='ltr' id='par_1_90' title="bbox 332 3844 1908 3916">
     <span class='ocr_line' id='line_1_90' title="bbox 332 3844 1908 3916; baseline 0 -16"><span class='ocrx_word' id='word_1_636' title='bbox 332 3848 477 3916; x_wconf 88' lang='lat' dir='ltr'><strong>apud</strong></span> <span class='ocrx_word' id='word_1_637' title='bbox 503 3846 753 3902; x_wconf 89' lang='lat' dir='ltr'><strong>Suessam</strong></span> <span class='ocrx_word' id='word_1_638' title='bbox 781 3845 1023 3900; x_wconf 87' lang='lat' dir='ltr'><strong>celebres</strong></span> <span class='ocrx_word' id='word_1_639' title='bbox 1043 3858 1161 3916; x_wconf 51' lang='lat' dir='ltr'><strong>esse</strong></span> <span class='ocrx_word' id='word_1_640' title='bbox 1179 3846 1391 3907; x_wconf 84' lang='lat' dir='ltr'><strong>fatetur,</strong></span> <span class='ocrx_word' id='word_1_641' title='bbox 1411 3845 1496 3898; x_wconf 85' lang='lat' dir='ltr'><strong>vel</strong></span> <span class='ocrx_word' id='word_1_642' title='bbox 1522 3844 1663 3914; x_wconf 91' lang='lat' dir='ltr'><strong>quod</strong></span> <span class='ocrx_word' id='word_1_643' title='bbox 1690 3845 1908 3900; x_wconf 88' lang='lat' dir='ltr'><strong>Sinues-</strong></span> 
     </span>
    </p>
   </div>
   <div class='ocr_carea' id='block_1_91' title="bbox 331 3914 1905 3984">
    <p class='ocr_par' dir='ltr' id='par_1_91' title="bbox 331 3914 1905 3984">
     <span class='ocr_line' id='line_1_91' title="bbox 331 3914 1905 3984; baseline -0.001 -13"><span class='ocrx_word' id='word_1_644' title='bbox 331 3914 408 3971; x_wconf 73' lang='lat' dir='ltr'><strong>sa:</strong></span> <span class='ocrx_word' id='word_1_645' title='bbox 461 3933 653 3971; x_wconf 91' lang='lat' dir='ltr'><strong>nomen</strong></span> <span class='ocrx_word' id='word_1_646' title='bbox 706 3932 800 3984; x_wconf 85' lang='lat' dir='ltr'><strong>pro</strong></span> <span class='ocrx_word' id='word_1_647' title='bbox 840 3918 1034 3971; x_wconf 85' lang='lat' dir='ltr'><strong>Suessa</strong></span> <span class='ocrx_word' id='word_1_648' title='bbox 1066 3914 1386 3983; x_wconf 86' lang='lat' dir='ltr'><strong>obrepserit,</strong></span> <span class='ocrx_word' id='word_1_649' title='bbox 1422 3916 1505 3968; x_wconf 86' lang='lat' dir='ltr'><strong>vel</strong></span> <span class='ocrx_word' id='word_1_650' title='bbox 1553 3916 1690 3983; x_wconf 91' lang='lat' dir='ltr'><strong>quod</strong></span> <span class='ocrx_word' id='word_1_651' title='bbox 1723 3931 1905 3970; x_wconf 91' lang='lat' dir='ltr'><strong>eversa</strong></span> 
     </span>
    </p>
   </div>
   <div class='ocr_carea' id='block_1_92' title="bbox 329 3984 1908 4053">
    <p class='ocr_par' dir='ltr' id='par_1_92' title="bbox 329 3984 1908 4053">
     <span class='ocr_line' id='line_1_92' title="bbox 329 3984 1908 4053; baseline 0.001 -12"><span class='ocrx_word' id='word_1_652' title='bbox 329 3991 587 4042; x_wconf 77' lang='lat' dir='ltr'><strong>Sinuessa</strong></span> <span class='ocrx_word' id='word_1_653' title='bbox 641 4002 807 4041; x_wconf 80' lang='lat' dir='ltr'><strong>sacra:</strong></span> <span class='ocrx_word' id='word_1_654' title='bbox 849 4002 1034 4042; x_wconf 88' lang='lat' dir='ltr'><strong>eorum</strong></span> <span class='ocrx_word' id='word_1_655' title='bbox 1082 3984 1322 4053; x_wconf 76' lang='lat' dir='ltr'><strong>reliquiae</strong></span> <span class='ocrx_word' id='word_1_656' title='bbox 1366 3987 1617 4039; x_wconf 87' lang='lat' dir='ltr'><strong>Suessam</strong></span> <span class='ocrx_word' id='word_1_657' title='bbox 1640 3990 1908 4042; x_wconf 74' lang='lat' dir='ltr'><strong>translata:</strong></span> 
     </span>
    </p>
   </div>
   <div class='ocr_carea' id='block_1_93' title="bbox 330 4056 1905 4124">
    <p class='ocr_par' dir='ltr' id='par_1_93' title="bbox 330 4056 1905 4124">
     <span class='ocr_line' id='line_1_93' title="bbox 330 4056 1905 4124; baseline 0.001 -13"><span class='ocrx_word' id='word_1_658' title='bbox 330 4063 553 4123; x_wconf 82' lang='lat' dir='ltr'><strong>fuerint,</strong></span> <span class='ocrx_word' id='word_1_659' title='bbox 614 4059 699 4112; x_wconf 89' lang='lat' dir='ltr'><strong>ubi</strong></span> <span class='ocrx_word' id='word_1_660' title='bbox 747 4059 904 4119; x_wconf 81' lang='lat' dir='ltr'><strong>etiam</strong></span> <span class='ocrx_word' id='word_1_661' title='bbox 956 4071 1114 4120; x_wconf 92' lang='lat' dir='ltr'><strong>nunc,</strong></span> <span class='ocrx_word' id='word_1_662' title='bbox 1164 4058 1279 4124; x_wconf 89' lang='lat' dir='ltr'><strong>ipso</strong></span> <span class='ocrx_word' id='word_1_663' title='bbox 1323 4056 1569 4111; x_wconf 83' lang='lat' dir='ltr'><strong>Ferrario</strong></span> <span class='ocrx_word' id='word_1_664' title='bbox 1598 4064 1905 4124; x_wconf 86' lang='lat' dir='ltr'><strong>attestante,</strong></span> 
     </span>
    </p>
   </div>
   <div class='ocr_carea' id='block_1_94' title="bbox 328 4125 1905 4199">
    <p class='ocr_par' dir='ltr' id='par_1_94' title="bbox 328 4125 1905 4199">
     <span class='ocr_line' id='line_1_94' title="bbox 328 4125 1905 4199; baseline 0 -17"><span class='ocrx_word' id='word_1_665' title='bbox 328 4131 655 4199; x_wconf 80' lang='lat' dir='ltr'><strong>quiescunt:</strong></span> <span class='ocrx_word' id='word_1_666' title='bbox 690 4130 829 4183; x_wconf 90' lang='lat' dir='ltr'><strong>hunc</strong></span> <span class='ocrx_word' id='word_1_667' title='bbox 878 4143 1005 4181; x_wconf 88' lang='lat' dir='ltr'><strong>vero</strong></span> <span class='ocrx_word' id='word_1_668' title='bbox 1044 4125 1424 4199; x_wconf 67' lang='lat' dir='ltr'><strong>Secundinum,</strong></span> <span class='ocrx_word' id='word_1_669' title='bbox 1451 4126 1723 4195; x_wconf 78' lang='lat' dir='ltr'><strong>aTrojano</strong></span> <span class='ocrx_word' id='word_1_670' title='bbox 1746 4128 1905 4182; x_wconf 86' lang='lat' dir='ltr'><strong>alium</strong></span> 
     </span>
    </p>
   </div>
   <div class='ocr_carea' id='block_1_95' title="bbox 330 4196 1903 4269">
    <p class='ocr_par' dir='ltr' id='par_1_95' title="bbox 330 4196 1903 4269">
     <span class='ocr_line' id='line_1_95' title="bbox 330 4196 1903 4269; baseline 0.001 -16"><span class='ocrx_word' id='word_1_671' title='bbox 330 4196 457 4253; x_wconf 64' lang='lat' dir='ltr'><strong>esse</strong></span> <span class='ocrx_word' id='word_1_672' title='bbox 472 4202 745 4254; x_wconf 76' lang='lat' dir='ltr'><strong>contendit</strong></span> <span class='ocrx_word' id='word_1_673' title='bbox 764 4214 919 4269; x_wconf 88' lang='lat' dir='ltr'><strong>quem</strong></span> <span class='ocrx_word' id='word_1_674' title='bbox 936 4199 1067 4252; x_wconf 91' lang='lat' dir='ltr'><strong>alias</strong></span> <span class='ocrx_word' id='word_1_675' title='bbox 1084 4198 1169 4251; x_wconf 91' lang='lat' dir='ltr'><strong>die</strong></span> <span class='ocrx_word' id='word_1_676' title='bbox 1191 4196 1246 4251; x_wconf 85' lang='grc'><strong>11</strong></span> <span class='ocrx_word' id='word_1_677' title='bbox 1263 4196 1552 4269; x_wconf 73' lang='lat' dir='ltr'><strong>Februarii</strong></span> <span class='ocrx_word' id='word_1_678' title='bbox 1577 4199 1903 4269; x_wconf 74' lang='lat' dir='ltr'><strong>laudaverat.</strong></span> 
     </span>
    </p>
   </div>
   <div class='ocr_carea' id='block_1_96' title="bbox 329 4267 1908 4339">
    <p class='ocr_par' dir='ltr' id='par_1_96' title="bbox 329 4267 1908 4339">
     <span class='ocr_line' id='line_1_96' title="bbox 329 4267 1908 4339; baseline -0.001 -13"><span class='ocrx_word' id='word_1_679' title='bbox 329 4274 517 4326; x_wconf 88' lang='lat' dir='ltr'><strong>Sancti</strong></span> <span class='ocrx_word' id='word_1_680' title='bbox 542 4267 827 4326; x_wconf 85' lang='lat' dir='ltr'><strong>Secundini</strong></span> <span class='ocrx_word' id='word_1_681' title='bbox 853 4269 1027 4324; x_wconf 91' lang='lat' dir='ltr'><strong>Vitam</strong></span> <span class='ocrx_word' id='word_1_682' title='bbox 1050 4283 1080 4322; x_wconf 93' lang='lat' dir='ltr'><strong>a</strong></span> <span class='ocrx_word' id='word_1_683' title='bbox 1099 4267 1409 4339; x_wconf 82' lang='lat' dir='ltr'><strong>Benedicto,</strong></span> <span class='ocrx_word' id='word_1_684' title='bbox 1427 4271 1515 4337; x_wconf 85' lang='lat' dir='ltr'><strong>qui</strong></span> <span class='ocrx_word' id='word_1_685' title='bbox 1544 4278 1590 4322; x_wconf 83' lang='lat' dir='ltr'><strong>et</strong></span> <span class='ocrx_word' id='word_1_686' title='bbox 1611 4267 1908 4339; x_wconf 78' lang='lat' dir='ltr'><strong>Guaiferius</strong></span> 
     </span>
    </p>
   </div>
   <div class='ocr_carea' id='block_1_97' title="bbox 329 4338 1908 4407">
    <p class='ocr_par' dir='ltr' id='par_1_97' title="bbox 329 4338 1908 4407">
     <span class='ocr_line' id='line_1_97' title="bbox 329 4338 1908 4407; baseline 0.001 -13"><span class='ocrx_word' id='word_1_687' title='bbox 329 4345 635 4405; x_wconf 88' lang='lat' dir='ltr'><strong>dicebatur,</strong></span> <span class='ocrx_word' id='word_1_688' title='bbox 658 4340 921 4395; x_wconf 88' lang='lat' dir='ltr'><strong>monacho</strong></span> <span class='ocrx_word' id='word_1_689' title='bbox 946 4340 1221 4395; x_wconf 88' lang='lat' dir='ltr'><strong>Casineusi</strong></span> <span class='ocrx_word' id='word_1_690' title='bbox 1252 4338 1503 4407; x_wconf 88' lang='lat' dir='ltr'><strong>scriptam</strong></span> <span class='ocrx_word' id='word_1_691' title='bbox 1522 4340 1700 4393; x_wconf 91' lang='lat' dir='ltr'><strong>laudat</strong></span> <span class='ocrx_word' id='word_1_692' title='bbox 1720 4343 1908 4395; x_wconf 79' lang='lat' dir='ltr'><strong>l&#39;etrus</strong></span> 
     </span>
    </p>
   </div>
   <div class='ocr_carea' id='block_1_98' title="bbox 330 4409 1903 4478">
    <p class='ocr_par' dir='ltr' id='par_1_98' title="bbox 330 4409 1903 4478">
     <span class='ocr_line' id='line_1_98' title="bbox 330 4409 1903 4478; baseline 0 -13"><span class='ocrx_word' id='word_1_693' title='bbox 330 4416 592 4467; x_wconf 86' lang='lat' dir='ltr'><strong>diaconus</strong></span> <span class='ocrx_word' id='word_1_694' title='bbox 631 4416 683 4466; x_wconf 91' lang='lat' dir='ltr'><strong>in</strong></span> <span class='ocrx_word' id='word_1_695' title='bbox 725 4411 860 4467; x_wconf 90' lang='lat' dir='ltr'><strong>libro</strong></span> <span class='ocrx_word' id='word_1_696' title='bbox 899 4410 965 4465; x_wconf 88' lang='lat' dir='ltr'><strong>de</strong></span> <span class='ocrx_word' id='word_1_697' title='bbox 999 4410 1135 4464; x_wconf 90' lang='lat' dir='ltr'><strong>Viris</strong></span> <span class='ocrx_word' id='word_1_698' title='bbox 1187 4409 1481 4463; x_wconf 78' lang='lat' dir='ltr'><strong>illustribus</strong></span> <span class='ocrx_word' id='word_1_699' title='bbox 1502 4411 1903 4478; x_wconf 80' lang='lat' dir='ltr'><strong>Casinensibus,</strong></span> 
     </span>
    </p>
   </div>
   <div class='ocr_carea' id='block_1_99' title="bbox 331 4480 1905 4552">
    <p class='ocr_par' dir='ltr' id='par_1_99' title="bbox 331 4480 1905 4552">
     <span class='ocr_line' id='line_1_99' title="bbox 331 4480 1905 4552; baseline 0.001 -17"><span class='ocrx_word' id='word_1_700' title='bbox 331 4499 455 4552; x_wconf 81' lang='lat' dir='ltr'><strong>cap.</strong></span> <span class='ocrx_word' id='word_1_701' title='bbox 486 4486 586 4548; x_wconf 72' lang='lat'><strong>29;</strong></span> <span class='ocrx_word' id='word_1_702' title='bbox 619 4497 776 4552; x_wconf 89' lang='lat' dir='ltr'><strong>quam</strong></span> <span class='ocrx_word' id='word_1_703' title='bbox 798 4480 1010 4552; x_wconf 90' lang='lat' dir='ltr'><strong>quidem</strong></span> <span class='ocrx_word' id='word_1_704' title='bbox 1037 4481 1207 4533; x_wconf 81' lang='lat' dir='ltr'><strong>Vitam</strong></span> <span class='ocrx_word' id='word_1_705' title='bbox 1238 4481 1473 4552; x_wconf 86' lang='lat' dir='ltr'><strong>ecodice</strong></span> <span class='ocrx_word' id='word_1_706' title='bbox 1494 4494 1594 4552; x_wconf 86' lang='lat' dir='ltr'><strong>ms.</strong></span> <span class='ocrx_word' id='word_1_707' title='bbox 1630 4483 1905 4536; x_wconf 88' lang='lat' dir='ltr'><strong>Casinensi</strong></span> 
     </span>
    </p>
   </div>
   <div class='ocr_carea' id='block_1_100' title="bbox 330 4550 1988 4643">
    <p class='ocr_par' dir='ltr' id='par_1_100' title="bbox 330 4550 1988 4643">
     <span class='ocr_line' id='line_1_100' title="bbox 330 4550 1988 4643; baseline -0.001 -35"><span class='ocrx_word' id='word_1_708' title='bbox 330 4550 525 4643; x_wconf 60' lang='lat' dir='ltr'><strong>noster;</strong></span> <span class='ocrx_word' id='word_1_709' title='bbox 554 4550 888 4643; x_wconf 27' lang='lat' dir='ltr'><strong>Mabitloni‘gs</strong></span> <span class='ocrx_word' id='word_1_710' title='bbox 914 4551 1399 4643; x_wconf 46' lang='lat' dir='ltr'><strong>abaliqu&#39;otJannis</strong></span> <span class='ocrx_word' id='word_1_711' title='bbox 1423 4552 1475 4603; x_wconf 93' lang='lat' dir='ltr'><strong>in</strong></span> <span class='ocrx_word' id='word_1_712' title='bbox 1507 4550 1716 4634; x_wconf 58' lang='lat' dir='ltr'><strong>Italiam</strong></span> <span class='ocrx_word' id='word_1_713' title='bbox 1735 4553 1908 4643; x_wconf 48' lang='lat' dir='ltr'><strong>prtz‘fe-</strong></span> <span class='ocrx_word' id='word_1_714' title='bbox 1933 4580 1988 4643; x_wconf 68' lang='grc' dir='ltr'><strong><em>Β</em></strong></span> 
     </span>
    </p>
   </div>
   <div class='ocr_carea' id='block_1_101' title="bbox 329 4620 1907 4693">
    <p class='ocr_par' dir='ltr' id='par_1_101' title="bbox 329 4620 1907 4693">
     <span class='ocr_line' id='line_1_101' title="bbox 329 4620 1907 4693; baseline 0.001 -17"><span class='ocrx_word' id='word_1_715' title='bbox 329 4633 456 4678; x_wconf 88' lang='lat' dir='ltr'><strong>ctus</strong></span> <span class='ocrx_word' id='word_1_716' title='bbox 492 4624 795 4693; x_wconf 79' lang='lat' dir='ltr'><strong>descripsit.</strong></span> <span class='ocrx_word' id='word_1_717' title='bbox 824 4622 928 4677; x_wconf 89' lang='lat' dir='ltr'><strong>Sed</strong></span> <span class='ocrx_word' id='word_1_718' title='bbox 957 4622 1087 4693; x_wconf 89' lang='lat' dir='ltr'><strong>nihil</strong></span> <span class='ocrx_word' id='word_1_719' title='bbox 1118 4620 1259 4674; x_wconf 88' lang='lat' dir='ltr'><strong>aliud</strong></span> <span class='ocrx_word' id='word_1_720' title='bbox 1311 4629 1393 4675; x_wconf 89' lang='lat' dir='ltr'><strong>est</strong></span> <span class='ocrx_word' id='word_1_721' title='bbox 1422 4636 1577 4689; x_wconf 86' lang='lat' dir='ltr'><strong>quam</strong></span> <span class='ocrx_word' id='word_1_722' title='bbox 1620 4625 1781 4692; x_wconf 81' lang='lat' dir='ltr'><strong>ipsius</strong></span> <span class='ocrx_word' id='word_1_723' title='bbox 1812 4622 1907 4678; x_wconf 85' lang='lat' dir='ltr'><strong>Se-</strong></span> 
     </span>
    </p>
   </div>
   <div class='ocr_carea' id='block_1_102' title="bbox 330 4692 1907 4763">
    <p class='ocr_par' dir='ltr' id='par_1_102' title="bbox 330 4692 1907 4763">
     <span class='ocr_line' id='line_1_102' title="bbox 330 4692 1907 4763; baseline -0.001 -13"><span class='ocrx_word' id='word_1_724' title='bbox 330 4695 554 4750; x_wconf 79' lang='lat' dir='ltr'><strong>Cundini</strong></span> <span class='ocrx_word' id='word_1_725' title='bbox 605 4692 925 4747; x_wconf 86' lang='lat' dir='ltr'><strong>lnveutionis</strong></span> <span class='ocrx_word' id='word_1_726' title='bbox 961 4692 1202 4763; x_wconf 82' lang='lat' dir='ltr'><strong>historia,</strong></span> <span class='ocrx_word' id='word_1_727' title='bbox 1252 4707 1407 4760; x_wconf 88' lang='lat' dir='ltr'><strong>quam</strong></span> <span class='ocrx_word' id='word_1_728' title='bbox 1438 4708 1504 4745; x_wconf 84' lang='lat' dir='ltr'><strong>ex</strong></span> <span class='ocrx_word' id='word_1_729' title='bbox 1545 4696 1907 4763; x_wconf 87' lang='lat' dir='ltr'><strong>manuscripto</strong></span> 
     </span>
    </p>
   </div>
   <div class='ocr_carea' id='block_1_103' title="bbox 331 4762 1903 4830">
    <p class='ocr_par' dir='ltr' id='par_1_103' title="bbox 331 4762 1903 4830">
     <span class='ocr_line' id='line_1_103' title="bbox 331 4762 1903 4830; baseline -0.001 -12"><span class='ocrx_word' id='word_1_730' title='bbox 331 4764 625 4818; x_wconf 87' lang='lat' dir='ltr'><strong>cardinalis</strong></span> <span class='ocrx_word' id='word_1_731' title='bbox 653 4763 860 4818; x_wconf 82' lang='lat' dir='ltr'><strong>Baronii</strong></span> <span class='ocrx_word' id='word_1_732' title='bbox 882 4763 1049 4818; x_wconf 89' lang='lat' dir='ltr'><strong>edidit</strong></span> <span class='ocrx_word' id='word_1_733' title='bbox 1076 4762 1360 4815; x_wconf 84' lang='lat' dir='ltr'><strong>Bollandus</strong></span> <span class='ocrx_word' id='word_1_734' title='bbox 1385 4763 1471 4815; x_wconf 91' lang='lat' dir='ltr'><strong>die</strong></span> <span class='ocrx_word' id='word_1_735' title='bbox 1506 4763 1561 4815; x_wconf 87' lang='grc' dir='ltr'>Η</span> <span class='ocrx_word' id='word_1_736' title='bbox 1607 4762 1903 4830; x_wconf 84' lang='lat' dir='ltr'><strong>Februarii,</strong></span> 
     </span>
    </p>
   </div>
   <div class='ocr_carea' id='block_1_104' title="bbox 330 4833 1906 4903">
    <p class='ocr_par' dir='ltr' id='par_1_104' title="bbox 330 4833 1906 4903">
     <span class='ocr_line' id='line_1_104' title="bbox 330 4833 1906 4903; baseline 0.001 -14"><span class='ocrx_word' id='word_1_737' title='bbox 330 4850 457 4889; x_wconf 91' lang='lat' dir='ltr'><strong>cum</strong></span> <span class='ocrx_word' id='word_1_738' title='bbox 486 4836 588 4887; x_wconf 91' lang='lat' dir='ltr'><strong>alia</strong></span> <span class='ocrx_word' id='word_1_739' title='bbox 608 4848 763 4903; x_wconf 91' lang='lat' dir='ltr'><strong>quam</strong></span> <span class='ocrx_word' id='word_1_740' title='bbox 794 4835 1135 4890; x_wconf 75' lang='lat' dir='ltr'><strong>vetusuorem</strong></span> <span class='ocrx_word' id='word_1_741' title='bbox 1154 4842 1302 4901; x_wconf 88' lang='lat' dir='ltr'><strong>putat</strong></span> <span class='ocrx_word' id='word_1_742' title='bbox 1330 4833 1409 4885; x_wconf 86' lang='lat' dir='ltr'><strong>vir</strong></span> <span class='ocrx_word' id='word_1_743' title='bbox 1434 4833 1693 4887; x_wconf 86' lang='lat' dir='ltr'><strong>eruditus.</strong></span> <span class='ocrx_word' id='word_1_744' title='bbox 1724 4835 1799 4889; x_wconf 76' lang='lat' dir='ltr'><strong>Ex</strong></span> <span class='ocrx_word' id='word_1_745' title='bbox 1826 4836 1906 4890; x_wconf 86' lang='lat' dir='ltr'><strong>his</strong></span> 
     </span>
    </p>
   </div>
   <div class='ocr_carea' id='block_1_105' title="bbox 331 4904 1909 4974">
    <p class='ocr_par' dir='ltr' id='par_1_105' title="bbox 331 4904 1909 4974">
     <span class='ocr_line' id='line_1_105' title="bbox 331 4904 1909 4974; baseline 0.001 -16"><span class='ocrx_word' id='word_1_746' title='bbox 331 4916 516 4958; x_wconf 89' lang='lat' dir='ltr'><strong>autem</strong></span> <span class='ocrx_word' id='word_1_747' title='bbox 537 4906 808 4974; x_wconf 76' lang='lat' dir='ltr'><strong>discimus,</strong></span> <span class='ocrx_word' id='word_1_748' title='bbox 850 4920 969 4959; x_wconf 92' lang='lat' dir='ltr'><strong>cum</strong></span> <span class='ocrx_word' id='word_1_749' title='bbox 1001 4904 1157 4974; x_wconf 84' lang='lat' dir='ltr'><strong>&#39;l‘roja</strong></span> <span class='ocrx_word' id='word_1_750' title='bbox 1185 4904 1372 4957; x_wconf 88' lang='lat' dir='ltr'><strong>civitas</strong></span> <span class='ocrx_word' id='word_1_751' title='bbox 1409 4904 1614 4971; x_wconf 71' lang='lat' dir='ltr'><strong>Apulia)</strong></span> <span class='ocrx_word' id='word_1_752' title='bbox 1636 4919 1796 4974; x_wconf 89' lang='lat' dir='ltr'><strong>super</strong></span> <span class='ocrx_word' id='word_1_753' title='bbox 1821 4921 1909 4959; x_wconf 86' lang='lat' dir='ltr'><strong>ve-</strong></span> 
     </span>
    </p>
   </div>
   <div class='ocr_carea' id='block_1_106' title="bbox 334 4972 1910 5043">
    <p class='ocr_par' dir='ltr' id='par_1_106' title="bbox 334 4972 1910 5043">
     <span class='ocr_line' id='line_1_106' title="bbox 334 4972 1910 5043; baseline 0.001 -14"><span class='ocrx_word' id='word_1_754' title='bbox 334 4978 468 5029; x_wconf 65' lang='lat' dir='ltr'><strong>teris</strong></span> <span class='ocrx_word' id='word_1_755' title='bbox 488 4975 653 5043; x_wconf 86' lang='lat' dir='ltr'><strong>urbis,</strong></span> <span class='ocrx_word' id='word_1_756' title='bbox 672 4972 847 5027; x_wconf 85' lang='lat' dir='ltr'><strong>Ecana</strong></span> <span class='ocrx_word' id='word_1_757' title='bbox 870 4976 1045 5036; x_wconf 67' lang='lat' dir='ltr'><strong>dictae,</strong></span> <span class='ocrx_word' id='word_1_758' title='bbox 1071 4973 1250 5027; x_wconf 88' lang='lat' dir='ltr'><strong>ruinas</strong></span> <span class='ocrx_word' id='word_1_759' title='bbox 1278 4972 1715 5041; x_wconf 59' lang='lat' dir='ltr'><strong>construeretur,</strong></span> <span class='ocrx_word' id='word_1_760' title='bbox 1731 4976 1783 5028; x_wconf 92' lang='lat' dir='ltr'><strong>in</strong></span> <span class='ocrx_word' id='word_1_761' title='bbox 1801 4990 1910 5030; x_wconf 71' lang='lat' dir='ltr'><strong>cm-</strong></span> 
     </span>
    </p>
   </div>
   <div class='ocr_carea' id='block_1_107' title="bbox 332 5044 1908 5113">
    <p class='ocr_par' dir='ltr' id='par_1_107' title="bbox 332 5044 1908 5113">
     <span class='ocr_line' id='line_1_107' title="bbox 332 5044 1908 5113; baseline 0.002 -16"><span class='ocrx_word' id='word_1_762' title='bbox 332 5046 566 5098; x_wconf 70' lang='lat' dir='ltr'><strong>meterio</strong></span> <span class='ocrx_word' id='word_1_763' title='bbox 608 5045 788 5100; x_wconf 86' lang='lat' dir='ltr'><strong>Sancti</strong></span> <span class='ocrx_word' id='word_1_764' title='bbox 845 5044 1005 5100; x_wconf 87' lang='lat' dir='ltr'><strong>Marci</strong></span> <span class='ocrx_word' id='word_1_765' title='bbox 1059 5046 1331 5098; x_wconf 89' lang='lat' dir='ltr'><strong>inventum</strong></span> <span class='ocrx_word' id='word_1_766' title='bbox 1391 5044 1552 5097; x_wconf 87' lang='lat' dir='ltr'><strong>fuisse</strong></span> <span class='ocrx_word' id='word_1_767' title='bbox 1606 5046 1908 5113; x_wconf 88' lang='lat' dir='ltr'><strong>sepulcrum</strong></span> 
     </span>
    </p>
   </div>
   <div class='ocr_carea' id='block_1_108' title="bbox 334 5115 1911 5183">
    <p class='ocr_par' dir='ltr' id='par_1_108' title="bbox 334 5115 1911 5183">
     <span class='ocr_line' id='line_1_108' title="bbox 334 5115 1911 5183; baseline -0.001 -14"><span class='ocrx_word' id='word_1_768' title='bbox 334 5130 701 5169; x_wconf 73' lang='lat' dir='ltr'><strong>marmoreum</strong></span> <span class='ocrx_word' id='word_1_769' title='bbox 724 5130 843 5168; x_wconf 90' lang='lat' dir='ltr'><strong>cum</strong></span> <span class='ocrx_word' id='word_1_770' title='bbox 872 5118 971 5169; x_wconf 88' lang='lat' dir='ltr'><strong>hac</strong></span> <span class='ocrx_word' id='word_1_771' title='bbox 993 5115 1359 5183; x_wconf 86' lang='lat' dir='ltr'><strong>inscriptione,</strong></span> <span class='ocrx_word' id='word_1_772' title='bbox 1388 5115 1562 5167; x_wconf 80' lang='lat' dir='ltr'><strong>exesis</strong></span> <span class='ocrx_word' id='word_1_773' title='bbox 1585 5116 1799 5183; x_wconf 89' lang='lat' dir='ltr'><strong>quidem</strong></span> <span class='ocrx_word' id='word_1_774' title='bbox 1832 5116 1911 5169; x_wconf 76' lang='lat' dir='ltr'><strong>iu-</strong></span> 
     </span>
    </p>
   </div>
   <div class='ocr_carea' id='block_1_109' title="bbox 332 5184 1906 5255">
    <p class='ocr_par' dir='ltr' id='par_1_109' title="bbox 332 5184 1906 5255">
     <span class='ocr_line' id='line_1_109' title="bbox 332 5184 1906 5255; baseline 0 -16"><span class='ocrx_word' id='word_1_775' title='bbox 332 5186 624 5239; x_wconf 75' lang='lat' dir='ltr'><strong>fcrioribus</strong></span> <span class='ocrx_word' id='word_1_776' title='bbox 655 5186 842 5254; x_wconf 86' lang='lat' dir='ltr'><strong>lapidis</strong></span> <span class='ocrx_word' id='word_1_777' title='bbox 873 5185 1129 5255; x_wconf 88' lang='lat' dir='ltr'><strong>partibus,</strong></span> <span class='ocrx_word' id='word_1_778' title='bbox 1160 5184 1251 5239; x_wconf 84' lang='lat' dir='ltr'><strong>sed</strong></span> <span class='ocrx_word' id='word_1_779' title='bbox 1280 5199 1397 5254; x_wconf 66' lang='lat' dir='ltr'><strong>qua!</strong></span> <span class='ocrx_word' id='word_1_780' title='bbox 1419 5193 1594 5255; x_wconf 77' lang='lat' dir='ltr'><strong>tamen</strong></span> <span class='ocrx_word' id='word_1_781' title='bbox 1623 5184 1777 5239; x_wconf 76' lang='lat' dir='ltr'><strong>facile</strong></span> <span class='ocrx_word' id='word_1_782' title='bbox 1806 5186 1906 5255; x_wconf 87' lang='lat' dir='ltr'><strong>legi</strong></span> 
     </span>
    </p>
   </div>
   <div class='ocr_carea' id='block_1_110' title="bbox 334 5254 1907 5326">
    <p class='ocr_par' dir='ltr' id='par_1_110' title="bbox 334 5254 1907 5326">
     <span class='ocr_line' id='line_1_110' title="bbox 334 5254 1907 5326; baseline 0 -17"><span class='ocrx_word' id='word_1_783' title='bbox 334 5266 570 5326; x_wconf 83' lang='lat' dir='ltr'><strong>poterat.</strong></span> <span class='ocrx_word' id='word_1_784' title='bbox 626 5255 727 5307; x_wconf 80' lang='lat' dir='ltr'><strong>llic</strong></span> <span class='ocrx_word' id='word_1_785' title='bbox 755 5257 1015 5325; x_wconf 79' lang='lat' dir='ltr'><strong>requiescit</strong></span> <span class='ocrx_word' id='word_1_786' title='bbox 1047 5256 1106 5310; x_wconf 90' lang='lat' dir='ltr'><strong>S.</strong></span> <span class='ocrx_word' id='word_1_787' title='bbox 1141 5272 1200 5307; x_wconf 89' lang='lat' dir='ltr'><strong>ac</strong></span> <span class='ocrx_word' id='word_1_788' title='bbox 1236 5254 1534 5308; x_wconf 76' lang='lat' dir='ltr'><strong>venerabilis</strong></span> <span class='ocrx_word' id='word_1_789' title='bbox 1581 5254 1907 5309; x_wconf 78' lang='lat' dir='ltr'><strong>Secundinus</strong></span> 
     </span>
    </p>
   </div>
   <div class='ocr_carea' id='block_1_111' title="bbox 331 5326 1904 5396">
    <p class='ocr_par' dir='ltr' id='par_1_111' title="bbox 331 5326 1904 5396">
     <span class='ocr_line' id='line_1_111' title="bbox 331 5326 1904 5396; baseline 0.001 -18"><span class='ocrx_word' id='word_1_790' title='bbox 331 5328 627 5395; x_wconf 74' lang='lat' dir='ltr'><strong>episcopus,</strong></span> <span class='ocrx_word' id='word_1_791' title='bbox 675 5327 776 5396; x_wconf 82' lang='lat' dir='ltr'><strong>qui</strong></span> <span class='ocrx_word' id='word_1_792' title='bbox 804 5336 1093 5396; x_wconf 75' lang='lat' dir='ltr'><strong>sanctorum</strong></span> <span class='ocrx_word' id='word_1_793' title='bbox 1140 5326 1358 5395; x_wconf 77' lang='lat' dir='ltr'><strong>fabricas</strong></span> <span class='ocrx_word' id='word_1_794' title='bbox 1413 5326 1687 5389; x_wconf 82' lang='lat' dir='ltr'><strong>renovavit,</strong></span> <span class='ocrx_word' id='word_1_795' title='bbox 1729 5335 1904 5396; x_wconf 86' lang='lat' dir='ltr'><strong>raptus</strong></span> 
     </span>
    </p>
   </div>
   <div class='ocr_carea' id='block_1_112' title="bbox 330 5394 1905 5464">
    <p class='ocr_par' dir='ltr' id='par_1_112' title="bbox 330 5394 1905 5464">
     <span class='ocr_line' id='line_1_112' title="bbox 330 5394 1905 5464; baseline -0.001 -13"><span class='ocrx_word' id='word_1_796' title='bbox 330 5400 389 5451; x_wconf 82' lang='lat' dir='ltr'><strong>in</strong></span> <span class='ocrx_word' id='word_1_797' title='bbox 418 5398 639 5464; x_wconf 78' lang='lat' dir='ltr'><strong>requiem</strong></span> <span class='ocrx_word' id='word_1_798' title='bbox 670 5413 722 5450; x_wconf 65' lang='grc' dir='ltr'><strong>ιιι</strong></span> <span class='ocrx_word' id='word_1_799' title='bbox 754 5395 838 5448; x_wconf 85' lang='lat' dir='ltr'><strong>Id.</strong></span> <span class='ocrx_word' id='word_1_800' title='bbox 872 5394 1025 5450; x_wconf 85' lang='lat' dir='ltr'><strong>Febr.</strong></span> <span class='ocrx_word' id='word_1_801' title='bbox 1050 5394 1219 5450; x_wconf 85' lang='lat' dir='ltr'><strong>Porro</strong></span> <span class='ocrx_word' id='word_1_802' title='bbox 1245 5410 1365 5449; x_wconf 93' lang='lat' dir='ltr'><strong>cum</strong></span> <span class='ocrx_word' id='word_1_803' title='bbox 1397 5396 1597 5449; x_wconf 83' lang='lat' dir='ltr'><strong>inventi</strong></span> <span class='ocrx_word' id='word_1_804' title='bbox 1624 5398 1760 5449; x_wconf 86' lang='lat' dir='ltr'><strong>sacri</strong></span> <span class='ocrx_word' id='word_1_805' title='bbox 1789 5394 1905 5450; x_wconf 69' lang='lat' dir='ltr'><strong>mr.</strong></span> 
     </span>
    </p>
   </div>
   <div class='ocr_carea' id='block_1_113' title="bbox 331 5466 1906 5537">
    <p class='ocr_par' dir='ltr' id='par_1_113' title="bbox 331 5466 1906 5537">
     <span class='ocr_line' id='line_1_113' title="bbox 331 5466 1906 5537; baseline 0.001 -18"><span class='ocrx_word' id='word_1_806' title='bbox 331 5467 485 5537; x_wconf 87' lang='lat' dir='ltr'><strong>poris</strong></span> <span class='ocrx_word' id='word_1_807' title='bbox 533 5466 671 5520; x_wconf 76' lang='lat' dir='ltr'><strong>funa</strong></span> <span class='ocrx_word' id='word_1_808' title='bbox 722 5482 814 5535; x_wconf 88' lang='lat' dir='ltr'><strong>per</strong></span> <span class='ocrx_word' id='word_1_809' title='bbox 861 5476 1023 5522; x_wconf 92' lang='lat' dir='ltr'><strong>totam</strong></span> <span class='ocrx_word' id='word_1_810' title='bbox 1072 5468 1344 5521; x_wconf 77' lang='lat' dir='ltr'><strong>civitatem</strong></span> <span class='ocrx_word' id='word_1_811' title='bbox 1372 5466 1653 5537; x_wconf 88' lang='lat' dir='ltr'><strong>celebrata</strong></span> <span class='ocrx_word' id='word_1_812' title='bbox 1700 5468 1906 5530; x_wconf 86' lang='lat' dir='ltr'><strong>fuisset,</strong></span> 
     </span>
    </p>
   </div>
   <div class='ocr_carea' id='block_1_114' title="bbox 332 5536 1911 5605">
    <p class='ocr_par' dir='ltr' id='par_1_114' title="bbox 332 5536 1911 5605">
     <span class='ocr_line' id='line_1_114' title="bbox 332 5536 1911 5605; baseline 0.001 -16"><span class='ocrx_word' id='word_1_813' title='bbox 332 5536 685 5590; x_wconf 83' lang='lat' dir='ltr'><strong>accurrerunt</strong></span> <span class='ocrx_word' id='word_1_814' title='bbox 710 5540 887 5590; x_wconf 86' lang='lat' dir='ltr'><strong>statim</strong></span> <span class='ocrx_word' id='word_1_815' title='bbox 908 5552 1096 5589; x_wconf 90' lang='lat' dir='ltr'><strong>omnes</strong></span> <span class='ocrx_word' id='word_1_816' title='bbox 1115 5540 1279 5591; x_wconf 90' lang='lat' dir='ltr'><strong>ferme</strong></span> <span class='ocrx_word' id='word_1_817' title='bbox 1302 5536 1449 5591; x_wconf 91' lang='lat' dir='ltr'><strong>urbis</strong></span> <span class='ocrx_word' id='word_1_818' title='bbox 1472 5538 1679 5599; x_wconf 63' lang='lat' dir='ltr'><strong>incolae,</strong></span> <span class='ocrx_word' id='word_1_819' title='bbox 1705 5538 1793 5604; x_wconf 91' lang='lat' dir='ltr'><strong>qui</strong></span> <span class='ocrx_word' id='word_1_820' title='bbox 1822 5554 1911 5605; x_wconf 78' lang='lat' dir='ltr'><strong>pu-</strong></span> 
     </span>
    </p>
   </div>
   <div class='ocr_carea' id='block_1_115' title="bbox 331 5606 1909 5677">
    <p class='ocr_par' dir='ltr' id='par_1_115' title="bbox 331 5606 1909 5677">
     <span class='ocr_line' id='line_1_115' title="bbox 331 5606 1909 5677; baseline 0 -17"><span class='ocrx_word' id='word_1_821' title='bbox 331 5615 533 5668; x_wconf 84' lang='lat' dir='ltr'><strong>tantes,</strong></span> <span class='ocrx_word' id='word_1_822' title='bbox 566 5607 727 5677; x_wconf 76' lang='lat'><strong>260</strong></span> <span class='ocrx_word' id='word_1_823' title='bbox 760 5619 818 5662; x_wconf 92' lang='lat' dir='ltr'><strong>ut</strong></span> <span class='ocrx_word' id='word_1_824' title='bbox 859 5611 931 5660; x_wconf 89' lang='lat' dir='ltr'><strong>ait</strong></span> <span class='ocrx_word' id='word_1_825' title='bbox 982 5606 1303 5672; x_wconf 86' lang='lat' dir='ltr'><strong>Guaifcrius,</strong></span> <span class='ocrx_word' id='word_1_826' title='bbox 1346 5611 1424 5677; x_wconf 77' lang='lat' dir='ltr'><strong>[as</strong></span> <span class='ocrx_word' id='word_1_827' title='bbox 1470 5610 1739 5677; x_wconf 76' lang='lat' dir='ltr'><strong>essequod</strong></span> <span class='ocrx_word' id='word_1_828' title='bbox 1770 5610 1909 5676; x_wconf 85' lang='lat' dir='ltr'><strong>piunt</strong></span> 
     </span>
    </p>
   </div>
   <div class='ocr_carea' id='block_1_116' title="bbox 330 5676 1914 5748">
    <p class='ocr_par' dir='ltr' id='par_1_116' title="bbox 330 5676 1914 5748">
     <span class='ocr_line' id='line_1_116' title="bbox 330 5676 1914 5748; baseline 0.002 -19"><span class='ocrx_word' id='word_1_829' title='bbox 330 5686 433 5741; x_wconf 81' lang='lat' dir='ltr'><strong>est,</strong></span> <span class='ocrx_word' id='word_1_830' title='bbox 468 5676 683 5745; x_wconf 68' lang='lat' dir='ltr'><strong>coepere</strong></span> <span class='ocrx_word' id='word_1_831' title='bbox 728 5678 946 5730; x_wconf 85' lang='lat' dir='ltr'><strong>osculari</strong></span> <span class='ocrx_word' id='word_1_832' title='bbox 974 5677 1231 5745; x_wconf 80' lang='lat' dir='ltr'><strong>reliquias,</strong></span> <span class='ocrx_word' id='word_1_833' title='bbox 1261 5676 1363 5732; x_wconf 81' lang='lat' dir='ltr'><strong>etc.</strong></span> <span class='ocrx_word' id='word_1_834' title='bbox 1398 5678 1464 5731; x_wconf 91' lang='lat' dir='ltr'><strong>At</strong></span> <span class='ocrx_word' id='word_1_835' title='bbox 1492 5676 1591 5730; x_wconf 85' lang='lat' dir='ltr'><strong>loci</strong></span> <span class='ocrx_word' id='word_1_836' title='bbox 1633 5679 1914 5748; x_wconf 67' lang='lat' dir='ltr'><strong>cpiscopus</strong></span> 
     </span>
    </p>
   </div>
   <div class='ocr_carea' id='block_1_117' title="bbox 332 5748 1913 5817">
    <p class='ocr_par' dir='ltr' id='par_1_117' title="bbox 332 5748 1913 5817">
     <span class='ocr_line' id='line_1_117' title="bbox 332 5748 1913 5817; baseline 0.001 -16"><span class='ocrx_word' id='word_1_837' title='bbox 332 5756 397 5801; x_wconf 91' lang='lat' dir='ltr'><strong>ut</strong></span> <span class='ocrx_word' id='word_1_838' title='bbox 426 5763 519 5803; x_wconf 90' lang='lat' dir='ltr'><strong>eas</strong></span> <span class='ocrx_word' id='word_1_839' title='bbox 546 5748 648 5803; x_wconf 91' lang='lat' dir='ltr'><strong>coli</strong></span> <span class='ocrx_word' id='word_1_840' title='bbox 696 5749 898 5802; x_wconf 90' lang='lat' dir='ltr'><strong>sineret</strong></span> <span class='ocrx_word' id='word_1_841' title='bbox 943 5749 1151 5801; x_wconf 91' lang='lat' dir='ltr'><strong>nonnisi</strong></span> <span class='ocrx_word' id='word_1_842' title='bbox 1198 5758 1477 5817; x_wconf 82' lang='lat' dir='ltr'><strong>postquam</strong></span> <span class='ocrx_word' id='word_1_843' title='bbox 1530 5750 1781 5802; x_wconf 75' lang='lat' dir='ltr'><strong>divinitus</strong></span> <span class='ocrx_word' id='word_1_844' title='bbox 1816 5751 1913 5802; x_wconf 83' lang='lat' dir='ltr'><strong>fuit</strong></span> 
     </span>
    </p>
   </div>
   <div class='ocr_carea' id='block_1_118' title="bbox 328 5817 1905 5898">
    <p class='ocr_par' dir='ltr' id='par_1_118' title="bbox 328 5817 1905 5898">
     <span class='ocr_line' id='line_1_118' title="bbox 328 5817 1905 5898; baseline 0.002 -25"><span class='ocrx_word' id='word_1_845' title='bbox 328 5820 580 5898; x_wconf 85' lang='lat' dir='ltr'><strong>punitus,</strong></span> <span class='ocrx_word' id='word_1_846' title='bbox 610 5817 802 5874; x_wconf 87' lang='lat' dir='ltr'><strong>adduci</strong></span> <span class='ocrx_word' id='word_1_847' title='bbox 834 5819 1022 5889; x_wconf 87' lang='lat' dir='ltr'><strong>potuit.</strong></span> <span class='ocrx_word' id='word_1_848' title='bbox 1058 5818 1312 5891; x_wconf 75' lang='lat' dir='ltr'><strong>Reliquis:</strong></span> <span class='ocrx_word' id='word_1_849' title='bbox 1350 5817 1526 5891; x_wconf 79' lang='lat' dir='ltr'><strong>igitur,</strong></span> <span class='ocrx_word' id='word_1_850' title='bbox 1557 5834 1649 5887; x_wconf 55' lang='lat' dir='ltr'><strong>pro</strong></span> <span class='ocrx_word' id='word_1_851' title='bbox 1681 5820 1905 5876; x_wconf 72' lang='lat' dir='ltr'><strong>istorum</strong></span> 
     </span>
    </p>
   </div>
   <div class='ocr_carea' id='block_1_119' title="bbox 2014 3278 3585 3350">
    <p class='ocr_par' dir='ltr' id='par_1_119' title="bbox 2014 3278 3585 3350">
     <span class='ocr_line' id='line_1_119' title="bbox 2014 3278 3585 3350; baseline -0.005 -12"><span class='ocrx_word' id='word_1_852' title='bbox 2014 3283 2260 3350; x_wconf 88' lang='lat' dir='ltr'><strong>Adjutor,</strong></span> <span class='ocrx_word' id='word_1_853' title='bbox 2295 3283 2380 3336; x_wconf 86' lang='lat' dir='ltr'><strong>uti</strong></span> <span class='ocrx_word' id='word_1_854' title='bbox 2423 3282 2603 3340; x_wconf 88' lang='lat' dir='ltr'><strong>refert.</strong></span> <span class='ocrx_word' id='word_1_855' title='bbox 2644 3279 2971 3335; x_wconf 77' lang='lat' dir='ltr'><strong>orthodoxos</strong></span> <span class='ocrx_word' id='word_1_856' title='bbox 2995 3280 3156 3350; x_wconf 81' lang='lat' dir='ltr'><strong>variis</strong></span> <span class='ocrx_word' id='word_1_857' title='bbox 3183 3278 3355 3348; x_wconf 80' lang='lat' dir='ltr'><strong>ptenis</strong></span> <span class='ocrx_word' id='word_1_858' title='bbox 3385 3291 3414 3331; x_wconf 91' lang='lat' dir='ltr'><strong>a</strong></span> <span class='ocrx_word' id='word_1_859' title='bbox 3436 3290 3585 3350; x_wconf 13' lang='lat' dir='ltr'><strong>grege</strong></span> 
     </span>
    </p>
   </div>
   <div class='ocr_carea' id='block_1_120' title="bbox 2014 3347 3585 3424">
    <p class='ocr_par' dir='ltr' id='par_1_120' title="bbox 2014 3347 3585 3424">
     <span class='ocr_line' id='line_1_120' title="bbox 2014 3347 3585 3424; baseline -0.005 -18"><span class='ocrx_word' id='word_1_860' title='bbox 2014 3347 2173 3424; x_wconf 81' lang='lat' dir='ltr'><strong>affligi</strong></span> <span class='ocrx_word' id='word_1_861' title='bbox 2203 3363 2466 3417; x_wconf 90' lang='lat' dir='ltr'><strong>cerneret,</strong></span> <span class='ocrx_word' id='word_1_862' title='bbox 2496 3351 2677 3424; x_wconf 84' lang='lat' dir='ltr'><strong>relicta</strong></span> <span class='ocrx_word' id='word_1_863' title='bbox 2702 3350 2891 3405; x_wconf 89' lang='lat' dir='ltr'><strong>militia</strong></span> <span class='ocrx_word' id='word_1_864' title='bbox 2910 3349 3051 3424; x_wconf 82' lang='lat' dir='ltr'><strong>apud</strong></span> <span class='ocrx_word' id='word_1_865' title='bbox 3079 3347 3375 3424; x_wconf 28' lang='lat' dir='ltr'><strong>Hab’ensem</strong></span> <span class='ocrx_word' id='word_1_866' title='bbox 3402 3347 3585 3424; x_wconf 77' lang='lat' dir='ltr'><strong>civita-</strong></span> 
     </span>
    </p>
   </div>
   <div class='ocr_carea' id='block_1_121' title="bbox 2013 3419 3589 3491">
    <p class='ocr_par' dir='ltr' id='par_1_121' title="bbox 2013 3419 3589 3491">
     <span class='ocr_line' id='line_1_121' title="bbox 2013 3419 3589 3491; baseline -0.006 -12"><span class='ocrx_word' id='word_1_867' title='bbox 2013 3419 2206 3487; x_wconf 56' lang='lat' dir='ltr'><strong>tem&#39;se</strong></span> <span class='ocrx_word' id='word_1_868' title='bbox 2236 3424 2433 3486; x_wconf 77' lang='lat' dir='ltr'><strong>recepit</strong></span> <span class='ocrx_word' id='word_1_869' title='bbox 2458 3464 2473 3486; x_wconf 93' lang='lat'><strong>,</strong></span> <span class='ocrx_word' id='word_1_870' title='bbox 2504 3422 2658 3491; x_wconf 89' lang='lat' dir='ltr'><strong>cujus</strong></span> <span class='ocrx_word' id='word_1_871' title='bbox 2698 3431 2877 3489; x_wconf 90' lang='lat' dir='ltr'><strong>postea</strong></span> <span class='ocrx_word' id='word_1_872' title='bbox 2924 3420 3068 3475; x_wconf 89' lang='lat' dir='ltr'><strong>urbis</strong></span> <span class='ocrx_word' id='word_1_873' title='bbox 3092 3422 3403 3491; x_wconf 65' lang='lat' dir='ltr'><strong>episcopus</strong></span> <span class='ocrx_word' id='word_1_874' title='bbox 3422 3419 3589 3471; x_wconf 86' lang='lat' dir='ltr'><strong>factus</strong></span> 
     </span>
    </p>
   </div>
   <div class='ocr_carea' id='block_1_122' title="bbox 2013 3487 3587 3560">
    <p class='ocr_par' dir='ltr' id='par_1_122' title="bbox 2013 3487 3587 3560">
     <span class='ocr_line' id='line_1_122' title="bbox 2013 3487 3587 3560; baseline -0.005 -12"><span class='ocrx_word' id='word_1_875' title='bbox 2013 3506 2123 3560; x_wconf 91' lang='lat' dir='ltr'><strong>est;</strong></span> <span class='ocrx_word' id='word_1_876' title='bbox 2165 3510 2227 3548; x_wconf 87' lang='lat' dir='ltr'><strong>ac</strong></span> <span class='ocrx_word' id='word_1_877' title='bbox 2259 3495 2471 3549; x_wconf 88' lang='lat' dir='ltr'><strong>tandem</strong></span> <span class='ocrx_word' id='word_1_878' title='bbox 2499 3487 2599 3547; x_wconf 85' lang='lat' dir='ltr'><strong>sub</strong></span> <span class='ocrx_word' id='word_1_879' title='bbox 2635 3487 3001 3547; x_wconf 83' lang='lat' dir='ltr'><strong>Trasamundo</strong></span> <span class='ocrx_word' id='word_1_880' title='bbox 3024 3487 3149 3559; x_wconf 85' lang='lat' dir='ltr'><strong>rege</strong></span> <span class='ocrx_word' id='word_1_881' title='bbox 3174 3504 3292 3545; x_wconf 91' lang='lat' dir='ltr'><strong>cum</strong></span> <span class='ocrx_word' id='word_1_882' title='bbox 3320 3487 3436 3560; x_wconf 82' lang='lat' dir='ltr'><strong>aliis</strong></span> <span class='ocrx_word' id='word_1_883' title='bbox 3457 3501 3587 3541; x_wconf 82' lang='lat' dir='ltr'><strong>eon-</strong></span> 
     </span>
    </p>
   </div>
   <div class='ocr_carea' id='block_1_123' title="bbox 2015 3559 3587 3629">
    <p class='ocr_par' dir='ltr' id='par_1_123' title="bbox 2015 3559 3587 3629">
     <span class='ocr_line' id='line_1_123' title="bbox 2015 3559 3587 3629; baseline -0.006 -10"><span class='ocrx_word' id='word_1_884' title='bbox 2015 3559 2310 3620; x_wconf 82' lang='lat' dir='ltr'><strong>fesSoribus</strong></span> <span class='ocrx_word' id='word_1_885' title='bbox 2341 3573 2565 3618; x_wconf 73' lang='lat' dir='ltr'><strong>vetustte</strong></span> <span class='ocrx_word' id='word_1_886' title='bbox 2594 3561 2712 3617; x_wconf 90' lang='lat' dir='ltr'><strong>navi</strong></span> <span class='ocrx_word' id='word_1_887' title='bbox 2740 3562 3042 3629; x_wconf 89' lang='lat' dir='ltr'><strong>impositus,</strong></span> <span class='ocrx_word' id='word_1_888' title='bbox 3062 3562 3112 3616; x_wconf 91' lang='lat' dir='ltr'><strong>in</strong></span> <span class='ocrx_word' id='word_1_889' title='bbox 3134 3559 3475 3629; x_wconf 87' lang='lat' dir='ltr'><strong>Campaniam</strong></span> <span class='ocrx_word' id='word_1_890' title='bbox 3492 3571 3587 3625; x_wconf 84' lang='lat' dir='ltr'><strong>ap-</strong></span> 
     </span>
    </p>
   </div>
   <div class='ocr_carea' id='block_1_124' title="bbox 2015 3630 3588 3704">
    <p class='ocr_par' dir='ltr' id='par_1_124' title="bbox 2015 3630 3588 3704">
     <span class='ocr_line' id='line_1_124' title="bbox 2015 3630 3588 3704; baseline -0.004 -16"><span class='ocrx_word' id='word_1_891' title='bbox 2015 3636 2168 3703; x_wconf 90' lang='lat' dir='ltr'><strong>pulit,</strong></span> <span class='ocrx_word' id='word_1_892' title='bbox 2192 3651 2292 3704; x_wconf 91' lang='lat' dir='ltr'><strong>qua</strong></span> <span class='ocrx_word' id='word_1_893' title='bbox 2318 3637 2372 3691; x_wconf 91' lang='lat' dir='ltr'><strong>in</strong></span> <span class='ocrx_word' id='word_1_894' title='bbox 2396 3634 2665 3702; x_wconf 78' lang='lat' dir='ltr'><strong>provincia</strong></span> <span class='ocrx_word' id='word_1_895' title='bbox 2696 3634 2835 3701; x_wconf 86' lang='lat' dir='ltr'><strong>apud</strong></span> <span class='ocrx_word' id='word_1_896' title='bbox 2855 3633 3062 3704; x_wconf 17' lang='lat' dir='ltr'><strong>Cavam‘</strong></span> <span class='ocrx_word' id='word_1_897' title='bbox 3087 3630 3371 3704; x_wconf 69' lang='lat' dir='ltr'><strong>episcopali</strong></span> <span class='ocrx_word' id='word_1_898' title='bbox 3403 3641 3588 3682; x_wconf 84' lang='lat' dir='ltr'><strong>mune-</strong></span> 
     </span>
    </p>
   </div>
   <div class='ocr_carea' id='block_1_125' title="bbox 2012 3700 3589 3775">
    <p class='ocr_par' dir='ltr' id='par_1_125' title="bbox 2012 3700 3589 3775">
     <span class='ocr_line' id='line_1_125' title="bbox 2012 3700 3589 3775; baseline -0.006 -16"><span class='ocrx_word' id='word_1_899' title='bbox 2012 3700 2071 3759; x_wconf 81' lang='lat' dir='ltr'><strong>re</strong></span> <span class='ocrx_word' id='word_1_900' title='bbox 2094 3700 2339 3775; x_wconf 80' lang='lat' dir='ltr'><strong>fungens,</strong></span> <span class='ocrx_word' id='word_1_901' title='bbox 2372 3700 2602 3775; x_wconf 80' lang='lat' dir='ltr'><strong>excessit</strong></span> <span class='ocrx_word' id='word_1_902' title='bbox 2632 3700 2809 3758; x_wconf 88' lang='lat' dir='ltr'><strong>evita.</strong></span> <span class='ocrx_word' id='word_1_903' title='bbox 2851 3702 2974 3757; x_wconf 82' lang='lat' dir='ltr'><strong>llaec</strong></span> <span class='ocrx_word' id='word_1_904' title='bbox 3012 3701 3100 3756; x_wconf 88' lang='lat' dir='ltr'><strong>ille</strong></span> <span class='ocrx_word' id='word_1_905' title='bbox 3126 3716 3187 3755; x_wconf 82' lang='lat' dir='ltr'><strong>ex</strong></span> <span class='ocrx_word' id='word_1_906' title='bbox 3218 3700 3589 3775; x_wconf 56' lang='lat' dir='ltr'><strong>variisauctm</strong></span> 
     </span>
    </p>
   </div>
   <div class='ocr_carea' id='block_1_126' title="bbox 2012 3768 3583 3844">
    <p class='ocr_par' dir='ltr' id='par_1_126' title="bbox 2012 3768 3583 3844">
     <span class='ocr_line' id='line_1_126' title="bbox 2012 3768 3583 3844; baseline -0.006 -14"><span class='ocrx_word' id='word_1_907' title='bbox 2012 3776 2161 3831; x_wconf 90' lang='lat' dir='ltr'><strong>ribus</strong></span> <span class='ocrx_word' id='word_1_908' title='bbox 2188 3768 2544 3843; x_wconf 72' lang='lat' dir='ltr'><strong>quoslaudat,</strong></span> <span class='ocrx_word' id='word_1_909' title='bbox 2577 3788 2674 3844; x_wconf 91' lang='lat' dir='ltr'><strong>pro</strong></span> <span class='ocrx_word' id='word_1_910' title='bbox 2691 3787 2842 3827; x_wconf 90' lang='lat' dir='ltr'><strong>more</strong></span> <span class='ocrx_word' id='word_1_911' title='bbox 2868 3788 2965 3827; x_wconf 87' lang='lat' dir='ltr'><strong>suo</strong></span> <span class='ocrx_word' id='word_1_912' title='bbox 2992 3782 3207 3844; x_wconf 81' lang='lat' dir='ltr'><strong>sanctos</strong></span> <span class='ocrx_word' id='word_1_913' title='bbox 3223 3769 3490 3844; x_wconf 84' lang='lat' dir='ltr'><strong>quoslibet</strong></span> <span class='ocrx_word' id='word_1_914' title='bbox 3517 3768 3583 3821; x_wconf 88' lang='lat' dir='ltr'><strong>ad</strong></span> 
     </span>
    </p>
   </div>
   <div class='ocr_carea' id='block_1_127' title="bbox 2015 3840 3588 3915">
    <p class='ocr_par' dir='ltr' id='par_1_127' title="bbox 2015 3840 3588 3915">
     <span class='ocr_line' id='line_1_127' title="bbox 2015 3840 3588 3915; baseline -0.006 -16"><span class='ocrx_word' id='word_1_915' title='bbox 2015 3840 2325 3915; x_wconf 79' lang='lat' dir='ltr'><strong>Hispaniam</strong></span> <span class='ocrx_word' id='word_1_916' title='bbox 2358 3860 2450 3915; x_wconf 81' lang='lat' dir='ltr'><strong>per</strong></span> <span class='ocrx_word' id='word_1_917' title='bbox 2476 3840 2553 3898; x_wconf 88' lang='lat' dir='ltr'><strong>fas</strong></span> <span class='ocrx_word' id='word_1_918' title='bbox 2578 3840 2632 3899; x_wconf 81' lang='lat' dir='ltr'><strong>et</strong></span> <span class='ocrx_word' id='word_1_919' title='bbox 2653 3844 2802 3897; x_wconf 89' lang='lat' dir='ltr'><strong>nefas</strong></span> <span class='ocrx_word' id='word_1_920' title='bbox 2834 3842 3165 3912; x_wconf 90' lang='lat' dir='ltr'><strong>pertrahens.</strong></span> <span class='ocrx_word' id='word_1_921' title='bbox 3187 3841 3288 3896; x_wconf 90' lang='lat' dir='ltr'><strong>Sed</strong></span> <span class='ocrx_word' id='word_1_922' title='bbox 3316 3840 3588 3909; x_wconf 90' lang='lat' dir='ltr'><strong>antiquum</strong></span> 
     </span>
    </p>
   </div>
   <div class='ocr_carea' id='block_1_128' title="bbox 2011 3914 3585 3985">
    <p class='ocr_par' dir='ltr' id='par_1_128' title="bbox 2011 3914 3585 3985">
     <span class='ocr_line' id='line_1_128' title="bbox 2011 3914 3585 3985; baseline -0.004 -16"><span class='ocrx_word' id='word_1_923' title='bbox 2011 3914 2239 3985; x_wconf 88' lang='lat' dir='ltr'><strong>aliquem</strong></span> <span class='ocrx_word' id='word_1_924' title='bbox 2268 3914 2536 3969; x_wconf 86' lang='lat' dir='ltr'><strong>auctorem</strong></span> <span class='ocrx_word' id='word_1_925' title='bbox 2562 3914 2748 3985; x_wconf 78' lang='lat' dir='ltr'><strong>harum</strong></span> <span class='ocrx_word' id='word_1_926' title='bbox 2771 3927 2946 3967; x_wconf 86' lang='lat' dir='ltr'><strong>rerum</strong></span> <span class='ocrx_word' id='word_1_927' title='bbox 2976 3922 3162 3985; x_wconf 78' lang='lat' dir='ltr'><strong>testem</strong></span> <span class='ocrx_word' id='word_1_928' title='bbox 3191 3919 3585 3985; x_wconf 54' lang='lat' dir='ltr'><strong>exspectamus.</strong></span> 
     </span>
    </p>
   </div>
   <div class='ocr_carea' id='block_1_129' title="bbox 2010 3976 3590 4057">
    <p class='ocr_par' dir='ltr' id='par_1_129' title="bbox 2010 3976 3590 4057">
     <span class='ocr_line' id='line_1_129' title="bbox 2010 3976 3590 4057; baseline -0.006 -18"><span class='ocrx_word' id='word_1_929' title='bbox 2010 3976 2170 4040; x_wconf 76' lang='lat' dir='ltr'><strong>Certe</strong></span> <span class='ocrx_word' id='word_1_930' title='bbox 2200 3988 2337 4057; x_wconf 92' lang='lat' dir='ltr'><strong>apud</strong></span> <span class='ocrx_word' id='word_1_931' title='bbox 2378 3984 2649 4057; x_wconf 83' lang='lat' dir='ltr'><strong>Victorem</strong></span> <span class='ocrx_word' id='word_1_932' title='bbox 2693 3983 2961 4057; x_wconf 83' lang='lat' dir='ltr'><strong>Vitensem</strong></span> <span class='ocrx_word' id='word_1_933' title='bbox 2994 3982 3086 4057; x_wconf 84' lang='lat' dir='ltr'><strong>lib.</strong></span> <span class='ocrx_word' id='word_1_934' title='bbox 3109 3976 3324 4057; x_wconf 82' lang='lat' dir='ltr'><strong>t,_num.</strong></span> <span class='ocrx_word' id='word_1_935' title='bbox 3360 3979 3457 4057; x_wconf 48' lang='lat' dir='ltr'><strong>t2,</strong></span> <span class='ocrx_word' id='word_1_936' title='bbox 3489 3976 3590 4057; x_wconf 71' lang='lat' dir='ltr'><strong>Va-</strong></span> 
     </span>
    </p>
   </div>
   <div class='ocr_carea' id='block_1_130' title="bbox 2012 4046 3590 4120">
    <p class='ocr_par' dir='ltr' id='par_1_130' title="bbox 2012 4046 3590 4120">
     <span class='ocr_line' id='line_1_130' title="bbox 2012 4046 3590 4120; baseline -0.006 -10"><span class='ocrx_word' id='word_1_937' title='bbox 2012 4046 2252 4111; x_wconf 78' lang='lat' dir='ltr'><strong>lerianus</strong></span> <span class='ocrx_word' id='word_1_938' title='bbox 2275 4056 2663 4120; x_wconf 80' lang='lat' dir='ltr'><strong>Abbenzensis,</strong></span> <span class='ocrx_word' id='word_1_939' title='bbox 2692 4062 2783 4107; x_wconf 90' lang='lat' dir='ltr'><strong>aut</strong></span> <span class='ocrx_word' id='word_1_940' title='bbox 2808 4052 3059 4117; x_wconf 84' lang='lat' dir='ltr'><strong>Abensis,</strong></span> <span class='ocrx_word' id='word_1_941' title='bbox 3088 4046 3146 4105; x_wconf 89' lang='lat' dir='ltr'><strong>ut</strong></span> <span class='ocrx_word' id='word_1_942' title='bbox 3169 4052 3219 4104; x_wconf 92' lang='lat' dir='ltr'><strong>in</strong></span> <span class='ocrx_word' id='word_1_943' title='bbox 3245 4048 3460 4120; x_wconf 65' lang='lat' dir='ltr'><strong>notati</strong></span> <span class='ocrx_word' id='word_1_944' title='bbox 3493 4046 3590 4100; x_wconf 68' lang='lat' dir='ltr'><strong>obt-</strong></span> 
     </span>
    </p>
   </div>
   <div class='ocr_carea' id='block_1_131' title="bbox 2011 4117 3589 4193">
    <p class='ocr_par' dir='ltr' id='par_1_131' title="bbox 2011 4117 3589 4193">
     <span class='ocr_line' id='line_1_131' title="bbox 2011 4117 3589 4193; baseline -0.008 -12"><span class='ocrx_word' id='word_1_945' title='bbox 2011 4129 2365 4193; x_wconf 89' lang='lat' dir='ltr'><strong>servavimus,</strong></span> <span class='ocrx_word' id='word_1_946' title='bbox 2414 4117 2658 4180; x_wconf 84' lang='lat' dir='ltr'><strong>laudatur</strong></span> <span class='ocrx_word' id='word_1_947' title='bbox 2691 4122 2761 4177; x_wconf 93' lang='lat' dir='ltr'><strong>ob</strong></span> <span class='ocrx_word' id='word_1_948' title='bbox 2788 4122 3113 4193; x_wconf 61' lang='lat' dir='ltr'><strong>praeclaram</strong></span> <span class='ocrx_word' id='word_1_949' title='bbox 3163 4117 3589 4193; x_wconf 72' lang='lat' dir='ltr'><strong>confessionem;</strong></span> 
     </span>
    </p>
   </div>
   <div class='ocr_carea' id='block_1_132' title="bbox 2012 4186 3589 4268">
    <p class='ocr_par' dir='ltr' id='par_1_132' title="bbox 2012 4186 3589 4268">
     <span class='ocr_line' id='line_1_132' title="bbox 2012 4186 3589 4268; baseline -0.008 -16"><span class='ocrx_word' id='word_1_950' title='bbox 2012 4202 2104 4253; x_wconf 79' lang='lat' dir='ltr'><strong>sel</strong></span> <span class='ocrx_word' id='word_1_951' title='bbox 2140 4199 2191 4252; x_wconf 90' lang='lat' dir='ltr'><strong>in</strong></span> <span class='ocrx_word' id='word_1_952' title='bbox 2215 4186 2407 4252; x_wconf 46' lang='lat' dir='ltr'><strong>Notit&#39;ia</strong></span> <span class='ocrx_word' id='word_1_953' title='bbox 2445 4196 2637 4268; x_wconf 69' lang='lat' dir='ltr'><strong>Africa:</strong></span> <span class='ocrx_word' id='word_1_954' title='bbox 2664 4208 2763 4249; x_wconf 88' lang='lat' dir='ltr'><strong>nec</strong></span> <span class='ocrx_word' id='word_1_955' title='bbox 2783 4186 2919 4268; x_wconf 80' lang='lat' dir='ltr'><strong>ipse,</strong></span> <span class='ocrx_word' id='word_1_956' title='bbox 2943 4192 3051 4268; x_wconf 80' lang='lat' dir='ltr'><strong>jam</strong></span> <span class='ocrx_word' id='word_1_957' title='bbox 3081 4194 3277 4268; x_wconf 79' lang='lat' dir='ltr'><strong>quippe</strong></span> <span class='ocrx_word' id='word_1_958' title='bbox 3309 4186 3589 4268; x_wconf 78' lang='lat' dir='ltr'><strong>defunctus</strong></span> 
     </span>
    </p>
   </div>
   <div class='ocr_carea' id='block_1_133' title="bbox 2017 4260 3592 4339">
    <p class='ocr_par' dir='ltr' id='par_1_133' title="bbox 2017 4260 3592 4339">
     <span class='ocr_line' id='line_1_133' title="bbox 2017 4260 3592 4339; baseline -0.01 -16"><span class='ocrx_word' id='word_1_959' title='bbox 2017 4278 2155 4333; x_wconf 90' lang='lat' dir='ltr'><strong>erat,</strong></span> <span class='ocrx_word' id='word_1_960' title='bbox 2190 4284 2289 4323; x_wconf 89' lang='lat' dir='ltr'><strong>nec</strong></span> <span class='ocrx_word' id='word_1_961' title='bbox 2335 4268 2470 4339; x_wconf 80' lang='lat' dir='ltr'><strong>alius</strong></span> <span class='ocrx_word' id='word_1_962' title='bbox 2515 4260 3074 4339; x_wconf 32' lang='lat' dir='ltr'><strong>quisquamiejusdem</strong></span> <span class='ocrx_word' id='word_1_963' title='bbox 3117 4260 3592 4339; x_wconf 45' lang='lat' dir='ltr'><strong>sedis-episcopus</strong></span> 
     </span>
    </p>
   </div>
   <div class='ocr_carea' id='block_1_134' title="bbox 2010 4326 3593 4398">
    <p class='ocr_par' dir='ltr' id='par_1_134' title="bbox 2010 4326 3593 4398">
     <span class='ocr_line' id='line_1_134' title="bbox 2010 4326 3593 4398; baseline -0.009 -5"><span class='ocrx_word' id='word_1_964' title='bbox 2010 4326 2360 4394; x_wconf 81' lang='lat' dir='ltr'><strong>memoratur.</strong></span> <span class='ocrx_word' id='word_1_965' title='bbox 2394 4326 2561 4392; x_wconf 79' lang='lat' dir='ltr'><strong>Nemo</strong></span> <span class='ocrx_word' id='word_1_966' title='bbox 2583 4326 2743 4390; x_wconf 77' lang='lat' dir='ltr'><strong>etiam</strong></span> <span class='ocrx_word' id='word_1_967' title='bbox 2761 4326 2881 4391; x_wconf 53' lang='lat' dir='ltr'><strong>sibi&#39;</strong></span> <span class='ocrx_word' id='word_1_968' title='bbox 2896 4332 3048 4388; x_wconf 87' lang='lat' dir='ltr'><strong>facile</strong></span> <span class='ocrx_word' id='word_1_969' title='bbox 3069 4328 3407 4398; x_wconf 89' lang='lat' dir='ltr'><strong>persuadebit</strong></span> <span class='ocrx_word' id='word_1_970' title='bbox 3424 4326 3593 4398; x_wconf 84' lang='lat' dir='ltr'><strong>Adju-</strong></span> 
     </span>
    </p>
   </div>
   <div class='ocr_carea' id='block_1_135' title="bbox 2010 4397 3594 4479">
    <p class='ocr_par' dir='ltr' id='par_1_135' title="bbox 2010 4397 3594 4479">
     <span class='ocr_line' id='line_1_135' title="bbox 2010 4397 3594 4479; baseline -0.008 -15"><span class='ocrx_word' id='word_1_971' title='bbox 2010 4418 2203 4472; x_wconf 92' lang='lat' dir='ltr'><strong>torcm,</strong></span> <span class='ocrx_word' id='word_1_972' title='bbox 2251 4424 2409 4479; x_wconf 89' lang='lat' dir='ltr'><strong>quem</strong></span> <span class='ocrx_word' id='word_1_973' title='bbox 2448 4409 2500 4479; x_wconf 89' lang='lat' dir='ltr'><strong>in</strong></span> <span class='ocrx_word' id='word_1_974' title='bbox 2523 4406 2783 4479; x_wconf 67' lang='lat' dir='ltr'><strong>Hispania</strong></span> <span class='ocrx_word' id='word_1_975' title='bbox 2814 4404 2985 4479; x_wconf 80' lang='lat' dir='ltr'><strong>primo</strong></span> <span class='ocrx_word' id='word_1_976' title='bbox 3014 4397 3325 4479; x_wconf 76' lang='lat' dir='ltr'><strong>militantem</strong></span> <span class='ocrx_word' id='word_1_977' title='bbox 3347 4439 3360 4462; x_wconf 94' lang='lat'><strong>,</strong></span> <span class='ocrx_word' id='word_1_978' title='bbox 3402 4397 3594 4479; x_wconf 84' lang='lat' dir='ltr'><strong>deinde</strong></span> 
     </span>
    </p>
   </div>
   <div class='ocr_carea' id='block_1_136' title="bbox 2010 4470 3591 4535">
    <p class='ocr_par' dir='ltr' id='par_1_136' title="bbox 2010 4470 3591 4535">
     <span class='ocr_line' id='line_1_136' title="bbox 2010 4470 3591 4535; baseline -0.008 -3"><span class='ocrx_word' id='word_1_979' title='bbox 2010 4495 2150 4535; x_wconf 89' lang='lat' dir='ltr'><strong>anno</strong></span> <span class='ocrx_word' id='word_1_980' title='bbox 2164 4470 2331 4534; x_wconf 59' lang='lat' dir='ltr'><strong>427&#39;in</strong></span> <span class='ocrx_word' id='word_1_981' title='bbox 2353 4478 2585 4534; x_wconf 88' lang='lat' dir='ltr'><strong>Africam</strong></span> <span class='ocrx_word' id='word_1_982' title='bbox 2607 4470 2727 4531; x_wconf 78' lang='lat' dir='ltr'><strong>cum</strong></span> <span class='ocrx_word' id='word_1_983' title='bbox 2745 4470 2994 4530; x_wconf 23' lang='lat' dir='ltr'><strong>Va‘ndalis</strong></span> <span class='ocrx_word' id='word_1_984' title='bbox 3016 4472 3374 4527; x_wconf 83' lang='lat' dir='ltr'><strong>transmisisse</strong></span> <span class='ocrx_word' id='word_1_985' title='bbox 3391 4470 3591 4530; x_wconf 88' lang='lat' dir='ltr'><strong>volunt,</strong></span> 
     </span>
    </p>
   </div>
   <div class='ocr_carea' id='block_1_137' title="bbox 2012 4538 3593 4634">
    <p class='ocr_par' dir='ltr' id='par_1_137' title="bbox 2012 4538 3593 4634">
     <span class='ocr_line' id='line_1_137' title="bbox 2012 4538 3593 4634; baseline 0 0"><span class='ocrx_word' id='word_1_986' title='bbox 2012 4538 3593 4634; x_wconf 56' lang='grc' dir='ltr'><strong>ΡοειηιράυηιευδἰῖτθεειμξιεηςιοτειξξίἒπξξξῩὲθὲΥΞῐῐιέθὶεξῖιξξη</strong></span> 
     </span>
    </p>
   </div>
   <div class='ocr_carea' id='block_1_138' title="bbox 2013 4610 3590 4691">
    <p class='ocr_par' dir='ltr' id='par_1_138' title="bbox 2013 4610 3590 4691">
     <span class='ocr_line' id='line_1_138' title="bbox 2013 4610 3590 4691; baseline -0.01 -15"><span class='ocrx_word' id='word_1_987' title='bbox 2013 4610 2292 4691; x_wconf 83' lang='lat' dir='ltr'><strong>imperium</strong></span> <span class='ocrx_word' id='word_1_988' title='bbox 2309 4619 2561 4689; x_wconf 89' lang='lat' dir='ltr'><strong>suscepit,</strong></span> <span class='ocrx_word' id='word_1_989' title='bbox 2574 4610 2948 4691; x_wconf 39' lang='lat' dir='ltr'><strong>episcopum‘in</strong></span> <span class='ocrx_word' id='word_1_990' title='bbox 2962 4614 3163 4691; x_wconf 84' lang='lat' dir='ltr'><strong>Italiam</strong></span> <span class='ocrx_word' id='word_1_991' title='bbox 3181 4613 3384 4691; x_wconf 85' lang='lat' dir='ltr'><strong>pulsum</strong></span> <span class='ocrx_word' id='word_1_992' title='bbox 3409 4610 3590 4691; x_wconf 60' lang='lat' dir='ltr'><strong>fuisse,</strong></span> 
     </span>
    </p>
   </div>
   <div class='ocr_carea' id='block_1_139' title="bbox 2013 4678 3595 4761">
    <p class='ocr_par' dir='ltr' id='par_1_139' title="bbox 2013 4678 3595 4761">
     <span class='ocr_line' id='line_1_139' title="bbox 2013 4678 3595 4761; baseline -0.008 -15"><span class='ocrx_word' id='word_1_993' title='bbox 2013 4693 2067 4745; x_wconf 91' lang='lat' dir='ltr'><strong>in</strong></span> <span class='ocrx_word' id='word_1_994' title='bbox 2092 4678 2193 4760; x_wconf 73' lang='lat' dir='ltr'><strong>qua</strong></span> <span class='ocrx_word' id='word_1_995' title='bbox 2210 4697 2369 4746; x_wconf 90' lang='lat' dir='ltr'><strong>etiam</strong></span> <span class='ocrx_word' id='word_1_996' title='bbox 2383 4678 2987 4761; x_wconf 46' lang='lat' dir='ltr'><strong>regione-episcopatum</strong></span> <span class='ocrx_word' id='word_1_997' title='bbox 3004 4678 3469 4761; x_wconf 76' lang='lat' dir='ltr'><strong>administraverit.</strong></span> 
     </span>
    </p>
   </div>
   <div class='ocr_carea' id='block_1_140' title="bbox 2013 4755 3595 4831">
    <p class='ocr_par' dir='ltr' id='par_1_140' title="bbox 2013 4755 3595 4831">
     <span class='ocr_line' id='line_1_140' title="bbox 2013 4755 3595 4831; baseline -0.01 -15"><span class='ocrx_word' id='word_1_998' title='bbox 2013 4755 2175 4831; x_wconf 81' lang='lat' dir='ltr'><strong>nique</strong></span> <span class='ocrx_word' id='word_1_999' title='bbox 2188 4763 2335 4817; x_wconf 80' lang='lat' dir='ltr'><strong>Abba</strong></span> <span class='ocrx_word' id='word_1_1000' title='bbox 2351 4755 2575 4831; x_wconf 55' lang='lat' dir='ltr'><strong>aut&#39;Aba</strong></span> <span class='ocrx_word' id='word_1_1001' title='bbox 2596 4758 2731 4831; x_wconf 78' lang='lat' dir='ltr'><strong>urbs</strong></span> <span class='ocrx_word' id='word_1_1002' title='bbox 2750 4755 2863 4812; x_wconf 82' lang='lat' dir='ltr'><strong>erat</strong></span> <span class='ocrx_word' id='word_1_1003' title='bbox 2888 4756 2953 4810; x_wconf 91' lang='lat' dir='ltr'><strong>ad</strong></span> <span class='ocrx_word' id='word_1_1004' title='bbox 2977 4755 3405 4831; x_wconf 48' lang='lat' dir='ltr'><strong>proconsularem</strong></span> <span class='ocrx_word' id='word_1_1005' title='bbox 3429 4755 3595 4831; x_wconf 59' lang='lat' dir='ltr'><strong>peni:</strong></span> 
     </span>
    </p>
   </div>
   <div class='ocr_carea' id='block_1_141' title="bbox 2016 4819 3592 4902">
    <p class='ocr_par' dir='ltr' id='par_1_141' title="bbox 2016 4819 3592 4902">
     <span class='ocr_line' id='line_1_141' title="bbox 2016 4819 3592 4902; baseline -0.01 -15"><span class='ocrx_word' id='word_1_1006' title='bbox 2016 4819 2169 4897; x_wconf 77' lang='lat' dir='ltr'><strong>nens,</strong></span> <span class='ocrx_word' id='word_1_1007' title='bbox 2192 4844 2321 4887; x_wconf 82' lang='lat' dir='ltr'><strong>utcx</strong></span> <span class='ocrx_word' id='word_1_1008' title='bbox 2340 4830 2541 4902; x_wconf 86' lang='lat' dir='ltr'><strong>Polybii</strong></span> <span class='ocrx_word' id='word_1_1009' title='bbox 2558 4829 2649 4883; x_wconf 91' lang='lat' dir='ltr'><strong>lib.</strong></span> <span class='ocrx_word' id='word_1_1010' title='bbox 2669 4844 2699 4881; x_wconf 75' lang='grc' dir='ltr'><strong><em>ι</em></strong></span> <span class='ocrx_word' id='word_1_1011' title='bbox 2716 4838 2920 4902; x_wconf 79' lang='lat' dir='ltr'><strong>certum</strong></span> <span class='ocrx_word' id='word_1_1012' title='bbox 2940 4819 3212 4896; x_wconf 55' lang='lat' dir='ltr'><strong>escam</strong></span> <span class='ocrx_word' id='word_1_1013' title='bbox 3224 4823 3312 4902; x_wconf 82' lang='lat' dir='ltr'><strong>qui</strong></span> <span class='ocrx_word' id='word_1_1014' title='bbox 3329 4819 3592 4902; x_wconf 45' lang='lat' dir='ltr'><strong>eam&#39;baud</strong></span> 
     </span>
    </p>
   </div>
   <div class='ocr_carea' id='block_1_142' title="bbox 2022 4891 3578 4971">
    <p class='ocr_par' dir='ltr' id='par_1_142' title="bbox 2022 4891 3578 4971">
     <span class='ocr_line' id='line_1_142' title="bbox 2022 4891 3578 4971; baseline -0.011 -12"><span class='ocrx_word' id='word_1_1015' title='bbox 2022 4891 2259 4971; x_wconf 80' lang='lat' dir='ltr'><strong>procula</strong></span> <span class='ocrx_word' id='word_1_1016' title='bbox 2286 4891 2609 4970; x_wconf 72' lang='lat' dir='ltr'><strong>Carthagine</strong></span> <span class='ocrx_word' id='word_1_1017' title='bbox 2639 4898 2911 4971; x_wconf 75' lang='lat' dir='ltr'><strong>exstitisse</strong></span> <span class='ocrx_word' id='word_1_1018' title='bbox 2937 4891 3220 4971; x_wconf 51' lang='lat' dir='ltr'><strong>mem—orbi.</strong></span> <span class='ocrx_word' id='word_1_1019' title='bbox 3239 4891 3303 4948; x_wconf 69' lang='lat' dir='ltr'><strong>At</strong></span> <span class='ocrx_word' id='word_1_1020' title='bbox 3326 4908 3393 4971; x_wconf 67' lang='lat' dir='ltr'><strong>es</strong></span> <span class='ocrx_word' id='word_1_1021' title='bbox 3420 4891 3578 4944; x_wconf 85' lang='lat' dir='ltr'><strong>Victo</strong></span> 
     </span>
    </p>
   </div>
   <div class='ocr_carea' id='block_1_143' title="bbox 2018 4966 3591 5041">
    <p class='ocr_par' dir='ltr' id='par_1_143' title="bbox 2018 4966 3591 5041">
     <span class='ocr_line' id='line_1_143' title="bbox 2018 4966 3591 5041; baseline -0.01 -13"><span class='ocrx_word' id='word_1_1022' title='bbox 2018 4966 2078 5029; x_wconf 76' lang='lat' dir='ltr'><strong>re</strong></span> <span class='ocrx_word' id='word_1_1023' title='bbox 2102 4972 2306 5028; x_wconf 90' lang='lat' dir='ltr'><strong>Vitensi</strong></span> <span class='ocrx_word' id='word_1_1024' title='bbox 2338 4973 2431 5027; x_wconf 92' lang='lat' dir='ltr'><strong>lib.</strong></span> <span class='ocrx_word' id='word_1_1025' title='bbox 2464 4966 2513 5035; x_wconf 68' lang='grc' dir='ltr'><strong>ιζ</strong></span> <span class='ocrx_word' id='word_1_1026' title='bbox 2528 4985 2675 5025; x_wconf 92' lang='lat' dir='ltr'><strong>num.</strong></span> <span class='ocrx_word' id='word_1_1027' title='bbox 2708 4970 2762 5041; x_wconf 53' lang='lat' dir='ltr'><strong>9j</strong></span> <span class='ocrx_word' id='word_1_1028' title='bbox 2787 4976 2998 5041; x_wconf 90' lang='lat' dir='ltr'><strong>constat</strong></span> <span class='ocrx_word' id='word_1_1029' title='bbox 3022 4966 3224 5041; x_wconf 85' lang='lat' dir='ltr'><strong>nullum</strong></span> <span class='ocrx_word' id='word_1_1030' title='bbox 3256 4976 3353 5041; x_wconf 88' lang='lat' dir='ltr'><strong>s_uo</strong></span> <span class='ocrx_word' id='word_1_1031' title='bbox 3380 4968 3591 5041; x_wconf 85' lang='lat' dir='ltr'><strong>tempo-</strong></span> 
     </span>
    </p>
   </div>
   <div class='ocr_carea' id='block_1_144' title="bbox 2020 5033 3590 5114">
    <p class='ocr_par' dir='ltr' id='par_1_144' title="bbox 2020 5033 3590 5114">
     <span class='ocr_line' id='line_1_144' title="bbox 2020 5033 3590 5114; baseline -0.009 -16"><span class='ocrx_word' id='word_1_1032' title='bbox 2020 5059 2080 5099; x_wconf 91' lang='lat' dir='ltr'><strong>re</strong></span> <span class='ocrx_word' id='word_1_1033' title='bbox 2108 5059 2172 5097; x_wconf 82' lang='lat' dir='ltr'><strong>ex</strong></span> <span class='ocrx_word' id='word_1_1034' title='bbox 2210 5033 2611 5113; x_wconf 83' lang='lat' dir='ltr'><strong>proconsularis</strong></span> <span class='ocrx_word' id='word_1_1035' title='bbox 2634 5048 2689 5096; x_wconf 91' lang='lat' dir='ltr'><strong>et</strong></span> <span class='ocrx_word' id='word_1_1036' title='bbox 2725 5039 3031 5114; x_wconf 74' lang='lat' dir='ltr'><strong>Z_e_ugitana3</strong></span> <span class='ocrx_word' id='word_1_1037' title='bbox 3060 5033 3345 5106; x_wconf 78' lang='lat' dir='ltr'><strong>provincim</strong></span> <span class='ocrx_word' id='word_1_1038' title='bbox 3378 5033 3590 5114; x_wconf 41' lang='lat' dir='ltr'><strong>episcoj</strong></span> 
     </span>
    </p>
   </div>
   <div class='ocr_carea' id='block_1_145' title="bbox 2020 5103 3593 5184">
    <p class='ocr_par' dir='ltr' id='par_1_145' title="bbox 2020 5103 3593 5184">
     <span class='ocr_line' id='line_1_145' title="bbox 2020 5103 3593 5184; baseline -0.008 -16"><span class='ocrx_word' id='word_1_1039' title='bbox 2020 5116 2101 5184; x_wconf 84' lang='lat' dir='ltr'><strong>pis</strong></span> <span class='ocrx_word' id='word_1_1040' title='bbox 2155 5103 2689 5184; x_wconf 67' lang='lat' dir='ltr'><strong>residuumprorsus</strong></span> <span class='ocrx_word' id='word_1_1041' title='bbox 2742 5103 2927 5173; x_wconf 75' lang='lat' dir='ltr'><strong>fuisse,</strong></span> <span class='ocrx_word' id='word_1_1042' title='bbox 2975 5103 3172 5184; x_wconf 58' lang='lat' dir='ltr'><strong>praeier</strong></span> <span class='ocrx_word' id='word_1_1043' title='bbox 3207 5114 3316 5184; x_wconf 80' lang='lat' dir='ltr'><strong>tres</strong></span> <span class='ocrx_word' id='word_1_1044' title='bbox 3343 5117 3479 5184; x_wconf 86' lang='lat' dir='ltr'><strong>quos</strong></span> <span class='ocrx_word' id='word_1_1045' title='bbox 3520 5103 3593 5184; x_wconf 83' lang='lat' dir='ltr'><strong>ibi</strong></span> 
     </span>
    </p>
   </div>
   <div class='ocr_carea' id='block_1_146' title="bbox 2023 5176 3596 5243">
    <p class='ocr_par' dir='ltr' id='par_1_146' title="bbox 2023 5176 3596 5243">
     <span class='ocr_line' id='line_1_146' title="bbox 2023 5176 3596 5243; baseline -0.008 -3"><span class='ocrx_word' id='word_1_1046' title='bbox 2023 5176 2287 5240; x_wconf 79' lang='lat' dir='ltr'><strong>recenset.</strong></span> <span class='ocrx_word' id='word_1_1047' title='bbox 2322 5176 2600 5239; x_wconf 83' lang='lat' dir='ltr'><strong>Scribebat</strong></span> <span class='ocrx_word' id='word_1_1048' title='bbox 2628 5189 2807 5235; x_wconf 90' lang='lat' dir='ltr'><strong>autem</strong></span> <span class='ocrx_word' id='word_1_1049' title='bbox 2833 5176 3132 5243; x_wconf 34' lang='lat' dir='ltr'><strong>anno’d87,</strong></span> <span class='ocrx_word' id='word_1_1050' title='bbox 3164 5186 3221 5229; x_wconf 92' lang='lat' dir='ltr'><strong>ut</strong></span> <span class='ocrx_word' id='word_1_1051' title='bbox 3261 5176 3488 5243; x_wconf 89' lang='lat' dir='ltr'><strong>ipsemet</strong></span> <span class='ocrx_word' id='word_1_1052' title='bbox 3514 5181 3596 5227; x_wconf 86' lang='lat' dir='ltr'><strong>at-</strong></span> 
     </span>
    </p>
   </div>
   <div class='ocr_carea' id='block_1_147' title="bbox 2017 5247 3594 5320">
    <p class='ocr_par' dir='ltr' id='par_1_147' title="bbox 2017 5247 3594 5320">
     <span class='ocr_line' id='line_1_147' title="bbox 2017 5247 3594 5320; baseline -0.006 -12"><span class='ocrx_word' id='word_1_1053' title='bbox 2017 5265 2261 5320; x_wconf 90' lang='lat' dir='ltr'><strong>testatur,</strong></span> <span class='ocrx_word' id='word_1_1054' title='bbox 2278 5254 2328 5309; x_wconf 90' lang='lat' dir='ltr'><strong>id</strong></span> <span class='ocrx_word' id='word_1_1055' title='bbox 2355 5264 2457 5315; x_wconf 77' lang='lat' dir='ltr'><strong>eat,</strong></span> <span class='ocrx_word' id='word_1_1056' title='bbox 2486 5252 2640 5306; x_wconf 91' lang='lat' dir='ltr'><strong>annis</strong></span> <span class='ocrx_word' id='word_1_1057' title='bbox 2671 5250 2915 5306; x_wconf 82' lang='lat' dir='ltr'><strong>undecim</strong></span> <span class='ocrx_word' id='word_1_1058' title='bbox 2943 5247 3247 5318; x_wconf 89' lang='lat' dir='ltr'><strong>priusquam</strong></span> <span class='ocrx_word' id='word_1_1059' title='bbox 3268 5247 3594 5299; x_wconf 89' lang='lat' dir='ltr'><strong>Trasamun-</strong></span> 
     </span>
    </p>
   </div>
   <div class='ocr_carea' id='block_1_148' title="bbox 2017 5320 2847 5395">
    <p class='ocr_par' dir='ltr' id='par_1_148' title="bbox 2017 5320 2847 5395">
     <span class='ocr_line' id='line_1_148' title="bbox 2017 5320 2847 5395; baseline -0.008 -15"><span class='ocrx_word' id='word_1_1060' title='bbox 2017 5327 2117 5380; x_wconf 89' lang='lat' dir='ltr'><strong>dus</strong></span> <span class='ocrx_word' id='word_1_1061' title='bbox 2148 5340 2366 5395; x_wconf 81' lang='lat' dir='ltr'><strong>regnum</strong></span> <span class='ocrx_word' id='word_1_1062' title='bbox 2394 5325 2614 5391; x_wconf 91' lang='lat' dir='ltr'><strong>adeptus</strong></span> <span class='ocrx_word' id='word_1_1063' title='bbox 2642 5320 2847 5395; x_wconf 78' lang='lat' dir='ltr'><strong>fuisset.</strong></span> 
     </span>
    </p>
   </div>
   <div class='ocr_carea' id='block_1_149' title="bbox 2089 5384 3583 5462">
    <p class='ocr_par' dir='ltr' id='par_1_149' title="bbox 2089 5384 3583 5462">
     <span class='ocr_line' id='line_1_149' title="bbox 2089 5384 3583 5462; baseline -0.011 -10"><span class='ocrx_word' id='word_1_1064' title='bbox 2089 5398 2173 5452; x_wconf 83' lang='lat' dir='ltr'><strong>l5.</strong></span> <span class='ocrx_word' id='word_1_1065' title='bbox 2207 5384 2417 5451; x_wconf 59' lang='lat' dir='ltr'><strong>Friscus</strong></span> <span class='ocrx_word' id='word_1_1066' title='bbox 2437 5384 2546 5462; x_wconf 67' lang='lat' dir='ltr'><strong>pra:</strong></span> <span class='ocrx_word' id='word_1_1067' title='bbox 2591 5391 2802 5446; x_wconf 81' lang='lat' dir='ltr'><strong>caeteris</strong></span> <span class='ocrx_word' id='word_1_1068' title='bbox 2824 5388 3050 5462; x_wconf 85' lang='lat' dir='ltr'><strong>celebris</strong></span> <span class='ocrx_word' id='word_1_1069' title='bbox 3076 5387 3207 5462; x_wconf 88' lang='lat' dir='ltr'><strong>_f_uit.</strong></span> <span class='ocrx_word' id='word_1_1070' title='bbox 3240 5386 3396 5462; x_wconf 79' lang='lat' dir='ltr'><strong>Hunc</strong></span> <span class='ocrx_word' id='word_1_1071' title='bbox 3424 5384 3583 5439; x_wconf 88' lang='lat' dir='ltr'><strong>simul</strong></span> 
     </span>
    </p>
   </div>
   <div class='ocr_carea' id='block_1_150' title="bbox 2018 5457 3591 5530">
    <p class='ocr_par' dir='ltr' id='par_1_150' title="bbox 2018 5457 3591 5530">
     <span class='ocr_line' id='line_1_150' title="bbox 2018 5457 3591 5530; baseline -0.009 -9"><span class='ocrx_word' id='word_1_1072' title='bbox 2018 5482 2139 5521; x_wconf 90' lang='lat' dir='ltr'><strong>cum</strong></span> <span class='ocrx_word' id='word_1_1073' title='bbox 2167 5457 2462 5530; x_wconf 69' lang='lat' dir='ltr'><strong>Castrensi,</strong></span> <span class='ocrx_word' id='word_1_1074' title='bbox 2482 5472 2537 5516; x_wconf 92' lang='lat' dir='ltr'><strong>ut</strong></span> <span class='ocrx_word' id='word_1_1075' title='bbox 2558 5470 2805 5516; x_wconf 90' lang='lat' dir='ltr'><strong>narratur</strong></span> <span class='ocrx_word' id='word_1_1076' title='bbox 2826 5463 2877 5515; x_wconf 91' lang='lat' dir='ltr'><strong>in</strong></span> <span class='ocrx_word' id='word_1_1077' title='bbox 2901 5461 3053 5515; x_wconf 89' lang='lat' dir='ltr'><strong>istius</strong></span> <span class='ocrx_word' id='word_1_1078' title='bbox 3076 5458 3217 5523; x_wconf 86' lang='lat' dir='ltr'><strong>Vita,</strong></span> <span class='ocrx_word' id='word_1_1079' title='bbox 3235 5473 3355 5527; x_wconf 88' lang='lat' dir='ltr'><strong>cap.</strong></span> <span class='ocrx_word' id='word_1_1080' title='bbox 3376 5457 3426 5517; x_wconf 87' lang='grc'><strong>1.</strong></span> <span class='ocrx_word' id='word_1_1081' title='bbox 3444 5470 3591 5508; x_wconf 92' lang='lat' dir='ltr'><strong>num.</strong></span> 
     </span>
    </p>
   </div>
   <div class='ocr_carea' id='block_1_151' title="bbox 2018 5532 3590 5606">
    <p class='ocr_par' dir='ltr' id='par_1_151' title="bbox 2018 5532 3590 5606">
     <span class='ocr_line' id='line_1_151' title="bbox 2018 5532 3590 5606; baseline -0.01 -14"><span class='ocrx_word' id='word_1_1082' title='bbox 2018 5538 2073 5601; x_wconf 77' lang='lat'><strong>3,</strong></span> <span class='ocrx_word' id='word_1_1083' title='bbox 2102 5536 2313 5593; x_wconf 90' lang='lat' dir='ltr'><strong>barbari</strong></span> <span class='ocrx_word' id='word_1_1084' title='bbox 2340 5551 2370 5589; x_wconf 89' lang='lat' dir='ltr'><strong>a</strong></span> <span class='ocrx_word' id='word_1_1085' title='bbox 2402 5532 3001 5606; x_wconf 65' lang='lat' dir='ltr'><strong>ca&#39;terissejunxerant,</strong></span> <span class='ocrx_word' id='word_1_1086' title='bbox 3042 5540 3101 5585; x_wconf 89' lang='lat' dir='ltr'><strong>ut</strong></span> <span class='ocrx_word' id='word_1_1087' title='bbox 3130 5543 3323 5606; x_wconf 82' lang='lat' dir='ltr'><strong>eorum_</strong></span> <span class='ocrx_word' id='word_1_1088' title='bbox 3341 5536 3590 5606; x_wconf 75' lang='lat' dir='ltr'><strong>constan-</strong></span> 
     </span>
    </p>
   </div>
   <div class='ocr_carea' id='block_1_152' title="bbox 2020 5596 3597 5675">
    <p class='ocr_par' dir='ltr' id='par_1_152' title="bbox 2020 5596 3597 5675">
     <span class='ocr_line' id='line_1_152' title="bbox 2020 5596 3597 5675; baseline -0.01 -15"><span class='ocrx_word' id='word_1_1089' title='bbox 2020 5596 2147 5661; x_wconf 83' lang='lat' dir='ltr'><strong>tiam</strong></span> <span class='ocrx_word' id='word_1_1090' title='bbox 2174 5614 2460 5670; x_wconf 89' lang='lat' dir='ltr'><strong>teutareut,</strong></span> <span class='ocrx_word' id='word_1_1091' title='bbox 2488 5596 2727 5675; x_wconf 52' lang='lat' dir='ltr'><strong>quod_ii&#39;s</strong></span> <span class='ocrx_word' id='word_1_1092' title='bbox 2752 5603 2999 5675; x_wconf 66' lang='lat' dir='ltr'><strong>devictis,</strong></span> <span class='ocrx_word' id='word_1_1093' title='bbox 3043 5610 3273 5675; x_wconf 55' lang='lat' dir='ltr'><strong>caeteros</strong></span> <span class='ocrx_word' id='word_1_1094' title='bbox 3300 5596 3597 5675; x_wconf 72' lang='lat' dir='ltr'><strong>facileces-</strong></span> 
     </span>
    </p>
   </div>
   <div class='ocr_carea' id='block_1_153' title="bbox 2021 5668 3597 5745">
    <p class='ocr_par' dir='ltr' id='par_1_153' title="bbox 2021 5668 3597 5745">
     <span class='ocr_line' id='line_1_153' title="bbox 2021 5668 3597 5745; baseline -0.009 -14"><span class='ocrx_word' id='word_1_1095' title='bbox 2021 5691 2173 5731; x_wconf 86' lang='lat' dir='ltr'><strong>suros</strong></span> <span class='ocrx_word' id='word_1_1096' title='bbox 2196 5668 2605 5745; x_wconf 81' lang='lat' dir='ltr'><strong>arbitrarentur.</strong></span> <span class='ocrx_word' id='word_1_1097' title='bbox 2630 5673 2881 5745; x_wconf 88' lang='lat' dir='ltr'><strong>Ejusdem</strong></span> <span class='ocrx_word' id='word_1_1098' title='bbox 2914 5672 3083 5726; x_wconf 85' lang='lat' dir='ltr'><strong>Prisci</strong></span> <span class='ocrx_word' id='word_1_1099' title='bbox 3104 5668 3358 5745; x_wconf 52' lang='lat' dir='ltr'><strong>festivitas</strong></span> <span class='ocrx_word' id='word_1_1100' title='bbox 3384 5668 3597 5745; x_wconf 77' lang='lat' dir='ltr'><strong>potissi-</strong></span> 
     </span>
    </p>
   </div>
   <div class='ocr_carea' id='block_1_154' title="bbox 2022 5736 3596 5815">
    <p class='ocr_par' dir='ltr' id='par_1_154' title="bbox 2022 5736 3596 5815">
     <span class='ocr_line' id='line_1_154' title="bbox 2022 5736 3596 5815; baseline -0.008 -15"><span class='ocrx_word' id='word_1_1101' title='bbox 2022 5762 2165 5801; x_wconf 90' lang='lat' dir='ltr'><strong>mum</strong></span> <span class='ocrx_word' id='word_1_1102' title='bbox 2191 5747 2244 5801; x_wconf 93' lang='lat' dir='ltr'><strong>in</strong></span> <span class='ocrx_word' id='word_1_1103' title='bbox 2273 5745 2516 5799; x_wconf 84' lang='lat' dir='ltr'><strong>Romano</strong></span> <span class='ocrx_word' id='word_1_1104' title='bbox 2539 5736 3027 5815; x_wconf 51' lang='lat' dir='ltr'><strong>Mart&#39;yrologioLet</strong></span> <span class='ocrx_word' id='word_1_1105' title='bbox 3054 5736 3596 5815; x_wconf 76' lang='lat' dir='ltr'><strong>apud_F_crrariu_min</strong></span> 
     </span>
    </p>
   </div>
   <div class='ocr_carea' id='block_1_155' title="bbox 2021 5804 3598 5888">
    <p class='ocr_par' dir='ltr' id='par_1_155' title="bbox 2021 5804 3598 5888">
     <span class='ocr_line' id='line_1_155' title="bbox 2021 5804 3598 5888; baseline -0.009 -15"><span class='ocrx_word' id='word_1_1106' title='bbox 2021 5818 2273 5888; x_wconf 85' lang='lat' dir='ltr'><strong>Catalogo</strong></span> <span class='ocrx_word' id='word_1_1107' title='bbox 2294 5826 2598 5873; x_wconf 88' lang='lat' dir='ltr'><strong>sanctorum</strong></span> <span class='ocrx_word' id='word_1_1108' title='bbox 2620 5804 2783 5871; x_wconf 67' lang='lat' dir='ltr'><strong>Italia:</strong></span> <span class='ocrx_word' id='word_1_1109' title='bbox 2807 5804 3062 5871; x_wconf 67' lang='lat' dir='ltr'><strong>recolitur</strong></span> <span class='ocrx_word' id='word_1_1110' title='bbox 3085 5804 3173 5866; x_wconf 81' lang='lat' dir='ltr'><strong>die</strong></span> <span class='ocrx_word' id='word_1_1111' title='bbox 3195 5810 3218 5866; x_wconf 89' lang='grc'><strong>1</strong></span> <span class='ocrx_word' id='word_1_1112' title='bbox 3244 5804 3598 5882; x_wconf 71' lang='lat' dir='ltr'><strong>Septembris,</strong></span> 
     </span>
    </p>
   </div>
  </div>
