4078 6348
405 352 512 407 415

764 352 1091 410 RUINARTI
1131 356 1220 410 AD
1262 356 1625 413 HISTORIAM
1666 356 1947 414 PERSEC.
1994 356 2289 415 VANDAL.
2330 361 2867 421 COMMENTARIUS
2906 367 3326 427 HISTORICUS.

3567 371 3691 428 4H?

402 466 640 549 italu-ator
664 468 976 549 Beneventi.
1002 470 1053 523 in
1076 471 1224 549 cujus
1253 469 1403 549 urbis
1420 468 1647 549 ecclesia
1678 470 1982 549 metmpoli:
2013 472 2063 529 Α
2091 473 2224 523 rium
2262 472 2315 527 S.
2348 472 2394 527 J.
2422 473 2790 549 presbyterum
2813 517 2833 549 ,Α
2854 476 2993 549 libro
3023 493 3060 531 tr
3087 478 3280 531 Rerum
3314 480 3668 549 Moguntiaca-

402 545 717 616 tanasacrze
748 539 985 616 ejusdem
1017 540 1186 616 sancti
1219 540 1455 616 reliquia:
1484 541 1581 616 sub
1604 542 1805 616 majore
1832 540 1984 616 altari
2011 600 2026 616 .

402 611 763 676 requiescunt.
808 611 1076 664 Tammari
1116 625 1245 664 vero
1279 610 1509 665 Africani
1546 613 1856 665 memoriam
1898 612 1985 664 die

400 678 467 730 {ti
498 678 734 734 Januarii
764 681 813 734 itt
845 677 1092 749 Capuana
1120 680 1337 735 ditecesi
1364 680 1627 735 celebrem
1658 697 1778 736 esse
1799 682 1983 736 scribit

400 749 621 804 Michael
656 754 947 806 monachus
974 752 1024 805 in
1050 751 1365 807 Sanctuario
1390 751 1663 819 Capuano,
1691 753 1773 806 ubi
1800 756 1981 805 obser-

394 829 486 873 vat
510 821 757 875 eumdem
781 828 1023 877 sanctum
1046 822 1406 877 confessorem
1432 823 1481 875 in
1501 823 1617 875 vico
1640 825 1701 874 de
1723 821 1978 887 Poritano,

394 892 525 943 o'im
553 892 733 945 Sancti
765 893 1032 947 Tammari
1064 893 1237 956 dicto,
1273 893 1362 953 qui
1390 906 1529 946 nunc
1559 894 1623 945 ad
1654 894 1978 948 Aversanam

393 962 673 1032 diu-cesim
715 964 946 1029 pertinet
969 1004 983 1026 ,
1027 979 1335 1032 supremum
1363 963 1503 1016 diem
1534 963 1731 1017 obiisse
1757 1008 1771 1030 ,
1803 964 1979 1031 ibique

394 1031 558 1085 fusse
587 1033 851 1100 Sepultum
884 1034 985 1089 hoc
1027 1031 1145 1104 ipso
1192 1034 1309 1089 loco
1354 1032 1442 1086 ubi
1488 1034 1647 1088 etiam
1694 1049 1832 1088 nunc
1862 1035 1978 1103 ejtls

393 1105 626 1155 ltttnulus
655 1105 863 1160 visitur.

464 1174 550 1225 εὖ.
600 1174 721 1229 llaec
752 1184 875 1229 sunt
899 1190 1016 1244 quae
1040 1175 1108 1230 de
1139 1174 1239 1229 illis
1268 1177 1464 1232 sanctis
1490 1174 1883 1229 confessoribus
1909 1189 1975 1230 ex

390 1243 569 1298 Africa
615 1247 665 1297 in
707 1243 1110 1315 Italiampulsis
1139 1246 1425 1302 observare
1475 1248 1646 1301 visiim
1680 1256 1762 1301 est
1795 1261 1974 1313 opera:

391 1315 643 1379 pretium.
673 1332 899 1384 quorum
926 1326 1098 1384 gesta,
1132 1318 1231 1371 etsi
1264 1318 1421 1372 rebus
1457 1317 1671 1371 incertis
1699 1327 1749 1371 et
1776 1316 1969 1380 dubiis,

388 1386 677 1457 aliquando
711 1389 870 1442 etiam
911 1386 1058 1441 falsis
1080 1428 1095 1451 .
1124 1388 1375 1457 permista
1410 1388 1536 1451 sint,
1572 1390 1764 1441 intacta
1794 1395 1968 1440 tamen

387 1456 798 1521 prmtermittere
830 1475 933 1511 non
966 1458 1149 1521 licuit,
1193 1474 1313 1512 cum
1356 1458 1590 1525 ipsorum
1636 1459 1887 1510 memoria
1920 1461 1968 1510 in

387 1526 657 1598 plenisque
686 1528 847 1582 Italia:
883 1528 1102 1583 urbibus
1128 1529 1451 1584 celebretur.
1495 1530 1557 1583 Et
1584 1528 1817 1598 quidem,
1848 1528 1971 1581 licet

385 1612 485 1649 nos
514 1596 767 1653 deficeret
799 1598 1028 1655 Victoris
1057 1603 1364 1663 auctoritas,
1396 1596 1661 1653 nemine—nt
1692 1614 1810 1653 esse
1843 1609 1968 1665 puto

381 1668 474 1735 qui
501 1669 724 1723 inficiari
760 1672 909 1734 velit,
941 1671 1114 1725 Africa
1142 1686 1167 1723 a
1201 1670 1450 1724 Vandalis
1480 1670 1769 1731 devastata,
1795 1669 1969 1721 inlini-

383 1748 470 1791 tos
496 1741 879 1807 propemodum
917 1741 1089 1795 omnis
1120 1756 1280 1795 sexus
1310 1750 1361 1795 et
1384 1740 1700 1793 coiiditionis
1724 1738 1966 1792 homines

382 1811 590 1893 exi-hac
626 1812 857 1893 regione
890 1812 955 1893 in.
990 1812 1165 1866 varias
1216 1809 1778 1893 provinciatdiﬂ'usos
1823 1824 1961 1891 esse,
1995 1833 2044 1893 Β

382 1882 718 1951 potissimum
763 1884 814 1935 in
847 1882 1078 1945 Italiam,
1109 1898 1225 1951 qua:
1261 1883 1470 1936 caeteris
1502 1882 1724 1949 Europa:
1755 1881 1966 1948 provin-

380 1950 479 2004 ciis
510 1953 665 2018 paulo
693 1954 926 2021 pacatior
956 1962 1070 2006 erat
1099 1950 1167 2006 ob
1198 1953 1575 2021 imperatorum
1603 1953 1961 2020 praesentiam.

380 2021 459 2074 Ex
483 2022 597 2075 istis
622 2038 747 2106 vero
770 2023 1073 2106 complures
1103 2023 1567 2106 episc_0pos_t_nisse
1600 2022 1719 2075 inde
1746 2023 1965 2106 cunjici-

378 2105 532 2163 mus,
562 2094 701 2160 quod
735 2094 838 2161 jam
873 2106 997 2149 ante
1026 2094 1307 2163 Augustini
1346 2094 1547 2148 obitum
1575 2136 1589 2160 ,
1639 2101 1695 2147 ut
1734 2094 1965 2146 aflirmat

382 2162 674 2225 Possidius,
710 2174 819 2220 tres
845 2162 1181 2219 solummodo
1202 2167 1516 2233 superstites
1540 2174 1718 2217 essth
1748 2166 1798 2217 in
1826 2162 1965 2217 Afri-

376 2246 438 2305 ca
480 2233 736 2305 Ecclesia:
776 2251 895 2305 qua:
936 2251 1075 2289 suos.
1105 2236 1386 2305 episcopos
1436 2235 1963 2294 haberent..l)eimle

374 2304 589 2375 barbari
657 2304 937 2375 episcopos
1005 2304 1183 2360 acrius
1257 2308 1464 2362 t-azteris
1522 2306 1959 2373 insequebantur,

373 2373 518 2441 quod
548 2391 639 2429 eos
669 2373 870 2433 scirent
902 2392 1008 2443 prae
1039 2377 1156 2432 aliis
1198 2376 1318 2432 fidei
1357 2377 1671 2431 orthodoxa:
1706 2376 1961 2429 addictio-

372 2459 463 2499 res
495 2462 505 2496 :
538 2455 593 2507 et
620 2449 834 2514 quidem
875 2463 966 2501 eos
1005 2463 1194 2503 omnes
1222 2464 1325 2501 non
1358 2448 1522 2501 semel
1560 2446 1659 2501 sub
1688 2446 1957 2500 Censerici

372 2524 430 2568 et
454 2515 701 2572 IIunerici
734 2519 1026 2587 principatu
1054 2534 1085 2573 e
1111 2519 1324 2574 sedibus
1346 2519 1525 2586 pulsos
1549 2516 1709 2571 fuisse
1734 2524 1961 2571 testatur

373 2586 490 2652 ipse
523 2586 743 2643 Victor.
770 2589 921 2645 Unde
963 2592 1083 2643 licet
1116 2591 1263 2659 pauci
1309 2587 1593 2644 admodum
1623 2588 1708 2641 hic
1748 2602 1775 2639 a
1806 2588 1960 2641 nobis

371 2660 626 2712 recensiti
660 2660 874 2721 fuerint,
904 2660 1027 2714 hinc
1051 2674 1223 2714 tamen
1250 2660 1579 2713 inferendum
1607 2675 1710 2712 non
1734 2667 1813 2712 est
1844 2659 1960 2725 plu-

369 2743 463 2801 res
484 2730 705 2784 omnino
733 2746 838 2785 non
873 2731 1058 2799 fuisse,
1089 2747 1224 2801 quos
1252 2732 1547 2799 omisimus,
1583 2730 1663 2801 vel
1695 2729 1835 2796 quod
1865 2746 1960 2783 no-

367 2798 455 2851 bis
476 2802 609 2854 satis
635 2817 737 2856 non
772 2802 962 2859 iuerint
1001 2798 1129 2865 neti,
1164 2803 1246 2856 vel
1275 2803 1435 2857 etiam
1463 2799 1605 2869 quod
1637 2816 1740 2854 non
1765 2814 1960 2868 suppe-

368 2877 547 2925 terent
594 2873 902 2926 verisimilia
959 2873 1150 2933 saltem
1208 2876 1557 2927 instrumenta
1624 2872 1815 2939 quibus
1872 2887 1957 2925 res

366 2939 609 3013 ipsorum
635 2955 814 3012 gestas
840 2945 1109 2999 illustrare
1140 2958 1437 3013 possemus.

641 3013 731 3068 ‘24.
780 3015 855 3068 Ex
903 3016 983 3069 his
1029 3016 1079 3069 in
1128 3016 1437 3081 exemplum
1478 3014 1548 3067 sit
1595 3013 1952 3079 Theonestus,

366 3098 457 3145 qui
493 3084 561 3137 ab
602 3084 866 3139 llunerico
894 3101 956 3141 ex
988 3086 1165 3140 Africa
1206 3086 1390 3151 pulsus
1415 3125 1430 3149 ,
1463 3100 1493 3139 a
1525 3084 1750 3139 Damaso
1778 3093 1952 3139 tamen

367 3152 620 3228 liomano
640 3156 891 3228 pontifice
915 3156 1177 3211 Altinensi
1209 3155 1463 3228 Ecclesiae
1490 3155 1769 3224 praefectus
1791 3154 1954 3228 fuisse

365 3224 793 3282 diciturJlirum
816 3237 898 3282 est
921 3237 1096 3282 autem
1119 3236 1376 3295 quantum
1404 3227 1454 3279 in
1479 3228 1788 3296 exponenda
1814 3226 1954 3279 illius

365 3295 747 3362 sociorumque
768 3298 977 3352 fortuna
1002 3298 1133 3353 varii
1158 3299 1262 3351 sint
1282 3295 1662 3363 auctores,qui
1688 3304 1949 3365 tempora,

364 3365 523 3437 loca,
559 3381 812 3433 personas
836 3408 851 3434 ,
902 3383 1095 3437 resque
1125 3382 1315 3422 omnes
1343 3367 1414 3421 ita
1454 3368 1764 3435 perturbant
1795 3376 1953 3435 atque

364 3436 698 3508 confundunt
719 3482 731 3501 ,
765 3450 824 3494 ιη
861 3439 992 3493 nihil
1011 3436 1241 3508 prorsus
1270 3440 1400 3493 certi
1431 3454 1495 3493 ex
1525 3454 1711 3492 eorum
1739 3438 1953 3504 scriptis

363 3506 543 3577 colligi
576 3509 759 3575 possit.
796 3506 1131 3564 'I‘heonestos
1157 3508 1247 3563 alii
1276 3509 1409 3563 duos
1438 3510 1598 3563 fuisse
1628 3508 1832 3573 dicunt,
1862 3508 1951 3577 qui

364 3576 417 3649 in
452 3591 614 3630 unum
642 3581 852 3633 conﬂati
880 3582 1021 3645 sint;
1052 3580 1139 3634 alii
1164 3583 1374 3634 unicum
1410 3579 1573 3634 fuisse
1599 3576 1948 3649 propugnant.

363 3646 512 3701 Inter
543 3648 825 3705 'l‘heonesti
859 3651 1034 3706 socios
1060 3651 1287 3705 celebris
1307 3660 1387 3704 est
1416 3646 1673 3713 Albanus,
1702 3646 1788 3717 qui
1811 3652 1950 3715 apud

362 3717 706 3784 Muglinliam,
728 3723 1016 3791 superioris
1036 3720 1337 3791 Germania:
1360 3722 1566 3782 urbem.
1589 3730 1773 3774 contra
1798 3721 1952 3773 Aria-

364 3804 467 3841 nos
498 3790 889 3856 disputans,ab
920 3793 984 3846 iis
1011 3791 1224 3847 occisus
1246 3790 1469 3857 dicitur;
1501 3807 1658 3861 quam
1684 3792 1949 3846 fortunam

362 3873 650 3949 experiuui
696 3865 857 3943 etiam
901 3862 1302 3949 fuissemlirsum
1350 3866 1601 3949 Angit-sue
1648 3862 1700 3915 in
1746 3861 1949 3916 Rhaetia

360 3932 585 4003 volunt.
609 3933 746 3997 Quin
776 3945 827 3989 et
862 3934 1101 3988 nonnulli
1127 3934 1413 4003 ipsummet
1442 3932 1801 3986 Theouestum
1834 3947 1949 3984 νέο-

359 4002 539 4055 lentas
564 4002 881 4059 Arianorum
913 4020 1103 4060 manus
1130 4002 1365 4059 sensisse
1407 4012 1705 4057 memorant
1730 4043 1743 4063 ,
1790 4017 1949 4071 quem

362 4088 560 4144 nempe
591 4089 753 4144 prope
781 4076 1077 4130 Tarvisiutn
1110 4075 1273 4129 Italiae
1297 4074 1481 4129 urbem
1514 4074 1580 4128 ab
1609 4074 1709 4127 illis
1739 4072 1949 4144 lia-reti-

358 4143 443 4195 cis
466 4143 759 4199 furentibus
782 4149 1016 4200 occisum
1042 4148 1203 4201 fuisse
1228 4146 1433 4207 dicunt,
1455 4159 1575 4198 cum
1598 4144 1716 4197 aliis
1743 4143 1949 4197 duobus

356 4212 545 4281 sociis,
573 4216 744 4270 Tabra
770 4218 975 4271 scilicet
994 4225 1046 4271 et
1074 4217 1321 4272 Tabrata.
1358 4214 1607 4270 Nonnulli
1634 4223 1809 4269 tamen
1835 4215 1950 4282 opi-

358 4294 559 4341 nantur
601 4288 861 4340 Albanum
910 4296 963 4341 et
1015 4287 1230 4353 Ursum,
1271 4296 1430 4356 atque
1456 4287 1739 4356 ipsummet
1774 4286 1951 4356 Theo~

358 4367 598 4418 nestum,
630 4358 721 4424 qui
754 4358 1010 4413 Vercellis
1050 4355 1382 4425 potissimum
1422 4355 1651 4423 colitur,
1701 4366 1765 4412 ex
1804 4355 1947 4411 The-

356 4430 598 4480 hatorutn
660 4429 869 4497 legione
929 4430 1125 4483 milites
1182 4426 1346 4483 fuisse
1380 4470 1395 4488 .
1456 4443 1589 4497 quos
1647 4428 1860 4481 incaute
1915 4442 1944 4479 a

353 4499 673 4563 posterioris
707 4499 805 4553 a-vi
850 4499 1199 4568 scriptoribus
1244 4499 1307 4551 ad
1351 4498 1680 4568 Arianorum,
1704 4506 1945 4563 tempora

351 4578 657 4649 summotos
690 4570 867 4649 fuisse
890 4566 1092 4649 dicunt:
1139 4568 1212 4649 Ita
1241 4568 1516 4649 Ferrarius
1544 4566 1737 4649 inlita
1774 4568 1944 4649 sancti
1972 4588 2027 4649 Β

355 4638 575 4694 Eusebii
619 4641 853 4708 episcopi
890 4640 1240 4694 Vercellensis
1265 4682 1279 4704 ,
1312 4642 1399 4708 qui
1444 4640 1580 4693 duos
1609 4639 1943 4694 Theonestos

350 4709 667 4777 distinguit,
697 4727 857 4765 utinm
894 4711 1282 4765 Verceliensem
1309 4752 1322 4773 ,
1354 4712 1442 4779 qui
1474 4726 1596 4764 cum
1636 4710 1793 4762 sociis
1833 4708 1943 4762 suis

353 4780 494 4833 Urso
532 4789 586 4835 et
615 4781 825 4836 Albano
864 4796 932 4835 ex
961 4781 1313 4835 Thebanorum
1356 4782 1582 4851 legione,
1631 4780 1731 4835 sub
1780 4780 1943 4833 Maxi-

349 4852 536 4905 miaoo
591 4852 915 4918 imperatore
977 4856 1287 4921 martyrium
1344 4852 1673 4920 complevit;
1716 4851 1941 4905 alterum

348 4938 482 4976 vero
523 4922 691 4978 Altini
746 4924 1054 4992 episcopum
1084 4963 1098 4987 ,
1147 4922 1236 4991 qui
1290 4921 1515 4975 Tabram
1558 4931 1611 4975 t-t
1657 4923 1940 4975 Tabratam

344 4996 528 5047 socios
578 4993 781 5047 habuit.
829 4994 1084 5048 Eamdem
1138 4992 1444 5059 ojinioncm
1476 4994 1715 5055 segnitur
1746 4992 1940 5045 Ferra-

347 5068 465 5119 rius
510 5064 561 5118 in
592 5062 847 5131 Catalogo
874 5066 1109 5132 generali
1156 5072 1460 5118 sanctorum
1521 5061 1706 5127 Italian,
1741 5063 1826 5117 ubi
1854 5062 1941 5118 die

341 5136 418 5189 2U
473 5134 786 5189 Novembris
836 5135 1194 5189 Theonestum
1245 5133 1638 5188 Vercellensem
1704 5147 1941 5188 comme-

342 5216 561 5273 morat,
613 5206 703 5261 die
748 5220 878 5260 vero
928 5205 997 5258 22
1043 5204 1281 5273 ejusdem
1332 5204 1529 5257 mensis
1576 5201 1938 5259 Theouestum

343 5277 516 5330 Altini
534 5277 865 5346 episcopum.
899 5276 963 5331 At
987 5276 1279 5345 Moguntini
1303 5276 1563 5346 Albanum
1588 5290 1741 5327 suum
1764 5274 1940 5346 Theo-

340 5348 479 5400 nesti
517 5344 750 5415 episcopi
782 5344 1100 5415 discipulum
1138 5346 1300 5400 fuisse
1329 5345 1535 5407 volunt,
1559 5346 1708 5414 cujus
1738 5344 1938 5413 puriter

338 5418 473 5471 Socii
500 5418 649 5473 fuere
680 5418 851 5473 Tabra
880 5429 935 5473 et
964 5417 1226 5481 Tabrata,
1260 5431 1457 5485 eosque
1499 5415 1841 5470 Tabruumum
1884 5426 1938 5470 et

341 5488 799 5556 Tubrotltaamum,
821 5504 940 5557 qua!
960 5487 1211 5542 vocabula
1238 5488 1433 5541 Punica
1462 5495 1608 5556 putat
1634 5502 1752 5541 esse
1779 5488 1937 5542 Sera-

338 5560 454 5613 rius
484 5601 499 5624 ,
539 5562 833 5629 appellant.
890 5560 994 5613 Sed
1036 5558 1117 5629 his
1155 5558 1558 5613 difficultatibus
1607 5558 1931 5624 enodandis,

337 5634 449 5685 imo
481 5632 655 5696 potius
685 5630 1063 5699 proponendis,
1093 5628 1290 5683 diutius
1320 5629 1591 5683 immorari
1626 5643 1731 5682 non
1766 5629 1885 5699 licet
1916 5645 1929 5680 :

332 5703 426 5767 qui
458 5703 607 5769 plura
631 5698 805 5769 rupit,
844 5702 998 5755 adeat
1026 5700 1250 5769 Ferrerii
1281 5700 1518 5769 episcopi
1551 5698 1930 5763 Vercellemis,

331 5773 435 5826 viri
483 5774 828 5828 eruditissimi
857 5813 870 5835 .
918 5774 1108 5825 librum
1159 5784 1315 5839 supra
1370 5770 1639 5825 laudatum
1686 5770 1752 5825 de
1810 5769 1928 5825 Vita

296 5844 505 5903 .sancti
537 5843 782 5917 Eusebii,
813 5859 930 5915 pag.
966 5842 1054 5897 l2!
1093 5854 1143 5897 et
1171 5856 1347 5913 seqq.,
1379 5852 1432 5900 et
1458 5842 1730 5898 Nicolaum
1766 5840 1939 5897 Sera-'

2090 556 2237 613 rum,
2265 559 2417 612 capp.
2452 544 2784 613 potissimum
2811 547 2879 599 ‘27
2905 558 2956 600 et
2982 550 3049 599 98
3072 590 3083 610 ,
3112 550 3197 603 ubi
3232 554 3347 603 fuse
3377 544 3430 604 et
3464 553 3668 605 erudite

2087 611 2302 689 disserit
2330 615 2394 667 de
2424 611 2607 689 sancto
2639 617 2843 689 Albano
2864 627 2935 689 et
2961 620 3120 673 sociis
3146 623 3262 685 ejus
3282 663 3295 684 ,
3322 622 3419 675 sub
3444 639 3666 689 quorum

2087 684 2304 737 nomine
2345 686 2587 738 exstabat
2621 687 2745 738 olim
2791 688 2968 740 nobile
2999 684 3302 744 coenobium
3341 684 3543 745 ordinis
3573 711 3669 745 no-

2085 755 2182 807 stri
2227 755 2555 810 Benedictiui
2594 757 2731 823 apud
2764 758 3003 811 eamdem
3046 762 3230 814 urbem
3278 772 3663 819 constructum.

2086 823 2179 877 Hic
2210 834 2383 880 tamen
2410 828 2681 879 observari
2713 827 2891 887 velim,
2927 827 3144 883 Honorii
3173 846 3364 885 nomen
3396 833 3446 885 in
3474 834 3664 890 Albani

2084 894 2206 948 vitae
2236 896 2523 950 Historiam
2546 936 2561 960 ,
2592 899 2729 949 sicut
2755 906 2808 951 et
2839 900 2889 950 in
2921 900 3201 965 plerasque
3231 901 3379 956 istius
3408 904 3507 957 τενί
3538 919 3663 956 san-

2082 974 2288 1020 ctorum
2317 969 2477 1027 vitas,
2514 969 2630 1019 loco
2672 965 2915 1021 Himerici
2946 969 3228 1038 irrepsisse
3257 990 3268 1024 :
3294 974 3433 1039 quod
3467 974 3659 1028 factum

2081 1050 2202 1116 esse
2249 1047 2387 1116 puto
2424 1040 2825 1116 auianuensium
2874 1042 3117 1107 inscitia,
3158 1044 3242 1109 qui
3283 1058 3401 1095 cum
3444 1044 3660 1100 Ilonorii

2081 1109 2419 1179 imperatoris
2444 1123 2635 1161 nomen
2665 1110 2830 1176 magis
2858 1125 3012 1177 quam
3042 1127 3216 1165 mores
3250 1116 3658 1179 scirent,’ipsiun

2080 1175 2365 1251 iiuncrico,
2401 1194 2516 1242 seu,
2548 1192 2603 1251 ut
2636 1175 2843 1251 veteres
2872 1175 3082 1234 codices
3107 1183 3419 1251 plerumque
3444 1175 3655 1251 habent,

2078 1245 2372 1310 Honorico,
2402 1266 2507 1325 non
2538 1250 2709 1301 minus
2741 1249 2940 1325 furioso
2968 1245 3164 1325 Ariano
3191 1245 3347 1322 quani
3386 1256 3546 1323 impio
3578 1245 3656 1325 ty;

2078 1332 2281 1393 ranuo,
2331 1320 2743 1393 subslittterunt.
2793 1320 2931 1393 IIinc
2964 1333 3101 1393 nata:
3150 1320 3501 1393 in‘plerisqn‘e
3545 1320 3655 1379 istis

2075 1390 2238 1465 gestis
2264 1389 2343 1441 hae
2368 1390 2615 1465 loquendi
2642 1390 2880 1465 formula":
2908 1391 3169 1465 :ﬂouorii
3194 1389 3512 1461 imperatoris
3540 1414 3655 1465 per-

2074 1462 2327 1513 secutione
2355 1463 2608 1532 serviente,
2642 1470 2745 1513 etc.
2777 1461 2901 1532 Cum
2934 1461 3191 1517 Honorius
3211 1466 3513 1518 comissimus
3540 1461 3654 1532 per-

2074 1542 2290 1602 secutor,
2316 1532 2513 1602 etalize
2549 1530 2833 1602 ejusmodi,
2866 1548 2983 1600 qu:c
3013 1536 3346 1587 occasionem
3374 1536 3490 1589 aliis
3523 1530 3655 1602 pra!-

2074 1598 2301 1689 buerunt
2328 1600 2816 1689 etiampontiﬁclum
2846 1598 3081 1684 nomina,
3110 1598 3651 1689 aliaqtte_imnttttatttli

2072 1672 2457 1742 qumvitlebant
2480 1672 2529 1723 in
2555 1673 2817 1742 prioribus
2840 1674 3002 1742 gestis
3024 1691 3127 1727 non
3144 1672 3273 1729 satis
3288 1676 3502 1729 H0n0rii
3527 1686 3653 1730 tem-

2074 1741 2288 1807 pnribus
2310 1758 2621 1811 congruere.
2646 1740 2943 1810 Sicque'res
2964 1747 3181 1798 omnino
3206 1746 3523 1811 perturbata:
3547 1747 3652 1802 fue-

2071 1822 2215 1879 runt,
2240 1821 2395 1881 atque
2418 1824 2566 1881 geSta
2590 1813 2673 1865 illa
2698 1814 2839 1866 omiii
2864 1829 2955 1867 sua
2980 1826 3293 1869 auctor-tate
3316 1818 3642 1871 exciderunt.

2139 1881 2227 1934 9.5.
2268 1884 2413 1935 Ilaud
2442 1884 2666 1936 Certiora
2700 1895 2819 1935 s::nt
2845 1901 2962 1953 qum
2989 1886 3055 1939 tle
3088 1886 3325 1939 Possidio
3349 1888 3648 1942 Calatuensi

2069 1953 2363 2021 episcopo,
2412 1954 2580 2007 sancti
2638 1955 2917 2022 Augustini
2968 1957 3143 2010 amico
3198 1957 3468 2023 ipsiusque
3518 1957 3649 2011 Vitae

2067 2025 2357 2095 scriptore,
2397 2033 2615 2077 narrant
2662 2028 2805 2077 cives
2841 2025 3147 2081 Mirandulre
3187 2028 3366 2095 oppidi
3398 2029 3447 2081 in
3486 2028 3647 2083 Lorne

2069 2092 2248 2168 Iiardia
2277 2136 2289 2158 ,
2334 2096 2511 2168 quise
2550 2095 2701 2168 istius
2737 2097 2901 2168 sancti
2945 2095 3040 2149 viri
3078 2092 3273 2162 corpus
3314 2098 3509 2152 habere
3538 2101 3648 2168 κιο-

2069 2163 2292 2218 riantur.
2328 2165 2467 2236 Nihil
2500 2166 2695 2234 quippe
2737 2166 2876 2218 aliud
2909 2181 2969 2218 ea
3001 2168 3064 2218 de
3093 2184 3152 2221 re
3188 2178 3516 2236 compertum
3540 2163 3643 2234 cst.

2069 2235 2165 2287 nisi
2200 2239 2372 2309 sancti
2416 2235 2710 2309 Possidouii
2755 2237 3027 2309 cujusdam
3073 2235 3365 2309 presbyteri
3407 2250 3495 2293 :iut
3536 2242 3648 2308 epi-

2064 2308 2209 2375 scOpi
2242 2307 2493 2376 reliquias
2521 2306 2658 2360 hunc
2693 2308 2743 2358 in
2777 2306 2950 2359 locmn
2979 2309 3175 2359 Stet-nlo
3200 2306 3339 2361 nono
3364 2323 3427 2361 ex
3453 2306 3645 2373 Apulia

2068 2378 2347 2451 translatas
2376 2391 2499 2451 esse
2522 2386 2621 2451 ,‘ui
2649 2377 2951 2451 observavit
2976 2379 3131 2451 265
3163 2378 3344 2451 Daniel
3378 2381 3644 2451 Ifapebro-

2064 2447 2215 2501 chius
2247 2450 2331 2501 die
2364 2449 2422 2501 l7
2454 2448 2572 2501 Maii
2607 2447 2963 2510 Iiollandiani,
2998 2447 3187 2503 ubi‘ea
3220 2450 3287 2503 de
3317 2450 3509 2503 refuse
3536 2450 3644 2504 dis-

2064 2520 2211 2571 serit.
2247 2520 2348 2573 Sed
2384 2520 2564 2572 nescio
2590 2533 2696 2587 quo
2730 2528 2883 2583 pacto
2926 2518 3025 2585 ipsi
3058 2519 3299 2588 irrepsit,
3335 2530 3389 2573 ut
3422 2520 3489 2572 ibi
3521 2535 3645 2588 pro.

2063 2589 2215 2642 baret
2247 2590 2540 2643 Possidium
2572 2605 2598 2641 a
2633 2588 2944 2641 Possidonio
2975 2588 3243 2643 diversum
3276 2604 3395 2644 esse
3424 2606 3640 2656 nomen,

2062 2657 2379 2715 observasse
2452 2660 2816 2713 (Zalamensem
2872 2660 3178 2728 episcOptnn
3234 2664 3284 2713 in
3338 2661 3640 2715 Collatione

2062 2728 2463 2800 Carthaginensi
2490 2728 2779 2783 Possidium
2809 2729 3087 2796 appellari,
3122 2729 3484 2783 Possidonium
3515 2745 3644 2785 vero

2062 2802 2149 2867 qui
2178 2817 2295 2871 cap.
2335 2802 2452 2867 £97,
2485 2808 2680 2869 cognit.
2720 2801 2768 2861 I,
2803 2800 3043 2868 ejusdem
3073 2802 3369 2856 collationis
3397 2816 3645 2855 recense-

2063 2880 2167 2937 tur,
2204 2874 2367 2927 fuisse
2412 2874 2719 2941 episcOpum
2752 2872 2849 2923 loci
2874 2871 3147 2940 superioris
3180 2888 3198 2925 :
3226 2873 3372 2940 quasi
3410 2871 3524 2925 istis
3552 2886 3641 2924 vo-

2060 2944 2210 2996 cibus
2241 2944 2413 3012 aliqua
2454 2943 2581 2995 urbs
2613 2943 2688 2995 sic
2734 2942 2997 3008 appellata
3045 2943 3402 3012 indicaretur.
3455 2941 3641 3012 Mirum

2060 3022 2179 3079 est,
2218 3011 2429 3080 inquam
2457 3053 2471 3076 ,
2515 3012 2687 3065 virum
2736 3013 2998 3064 eruditum
3046 3028 3152 3065 non
3196 3011 3641 3066 animadvertisse

2061 3085 2428 3138 I’ossidonium
2474 3084 2542 3137 ibi
2576 3093 2959 3147 memoratum,
2994 3082 3250 3145 Vitalem,
3287 3082 3544 3135 Donatum
3577 3096 3641 3135 ac

2060 3166 2302 3223 czeteros,
2333 3170 2466 3224 quos
2506 3154 2575 3206 ibi
2610 3153 2728 3215 loci,
2762 3161 2851 3224 aut
2881 3152 3097 3224 civitatis
3125 3153 3401 3219 superioris
3432 3152 3642 3219 episco«

1982 3210 2026 3272 C
2061 3210 2436 3306 posappell'ari
2475 3210 2761 3306 observat,
2789 3222 2955 3306 [uisse
2997 3210 3330 3306 Donatistas,
3372 3210 3643 3306 quisa-pe-

2057 3291 2324 3349 rimetth
2353 3304 2443 3349 aut
2473 3296 2714 3354 civitatis,
2750 3291 2933 3357 id‘est,
2963 3294 3201 3362 ejusdem
3228 3311 3346 3348 cum
3376 3293 3641 3347 catholico

2056 3368 2325 3435 episcopo,
2357 3368 2443 3436 qui
2481 3367 2730 3435 proxime
2759 3377 2913 3436 antea
2943 3365 3245 3417 nominatus
3278 3365 3468 3427 fuerat,
3498 3364 3641 3436 sedis

2055 3434 2287 3504 episcopi
2311 3434 2420 3491 suie
2442 3434 2621 3490 scene.
2648 3437 2738 3490 Sic
2768 3437 2838 3488 ibi
2869 3434 3149 3489 Faustinus
3171 3437 3435 3503 episcopus
3456 3434 3642 3488 catho—

2056 3507 2185 3561 licus
2212 3508 2369 3579 plebis
2399 3508 2680 3579 Sillitensig
2700 3521 2729 3560 a
2749 3507 2957 3579 notario
2984 3508 3281 3579 recensitos
3301 3507 3431 3579 dixit
3454 3504 3638 3579 :‘Rrar-

2053 3589 2131 3630 sto
2158 3575 2302 3642 sum;
2349 3580 2633 3644 statimque
2662 3577 3008 3631 Possidonius
3030 3578 3302 3646 superioris
3333 3576 3452 3639 loci,
3483 3575 3531 3628 id
3557 3585 3640 3633 est

2054 3650 2378 3712 Sillitensis,
2430 3666 2491 3704 ex
2549 3658 2695 3719 parte
2744 3646 2932 3719 Donati
2979 3650 3313 3719 comparuit,
3356 3656 3409 3719 et
3456 3647 3635 3719 dixit:

2056 3723 2285 3789 Agnosco
2314 3722 2494 3783 illum;
2524 3716 2717 3789 nempe
2744 3716 3032 3771 Sillitensis
3062 3718 3342 3787 episcopus
3366 3717 3639 3789 Donatista

2054 3786 2224 3843 fassus
2254 3800 2333 3845 est
2359 3807 2418 3846 se
2442 3786 2731 3861 agnoscere
2761 3790 3068 3858 episcopum
3101 3786 3425 3843 Sillitensem
3451 3786 3639 3842 cstho~

2056 3862 2234 3915 licum.
2846 3872 2851 3881 ‘

2122 3932 2211 3985 26.
2244 3932 2483 4001 Denique
2513 3940 2635 3985 sunt
2674 3940 2725 3984 et
2756 3929 2843 3983 alii
2874 3930 3210 3982 confessores
3241 3928 3427 4001 quies
3458 3927 3635 4001 Africa

2054 4002 2330 4056 inltaliam
2378 3997 2615 4071 tempore
2659 4001 2957 4071 Vandalicas
3007 3998 3388 4071 persecutionis
3436 3997 3639 4071 adven-o

2055 4084 2195 4127 tasse
2229 4067 2517 4128 dicuntur}
2549 4072 2641 4126 sed
2683 4086 2802 4125 cum
2835 4070 3075 4140 plerique
3104 4084 3207 4140 eos
3240 4067 3304 4120 ad
3336 4082 3504 4140 usque
3532 4067 3636 4119 'I‘o-

2052 4146 2158 4197 tilaa
2208 4146 2344 4211 regis
2390 4143 2685 4200 Gothorum
2738 4137 3304 4211 tenipora’pertigisse
3343 4137 3632 4211 afﬁrmem,

2051 4217 2215 4269 satius
2243 4208 2414 4268 visum
2446 4226 2527 4270 est
2557 4229 2743 4268 eorum
2773 4208 3018 4266 exsilium
3046 4210 3110 4264 ad
3134 4208 3490 4264 Trasamundi
3514 4222 3636 4277 per-

2050 4286 2379 4341 sccutioncm
2412 4300 2685 4340 revocare.

2668 4373 2896 4431 CAPUT
2935 4372 3003 4427 X.

2054 4468 2127 4522 De
2178 4472 2525 4532 persecutione
2580 4466 2941 4521 Vaudalorunt
2990 4470 3042 4520 in
3086 4464 3261 4535 Africa
3298 4463 3391 4519 sub
3427 4461 3632 4517 Guma-

2674 4538 2847 4591 bundo
2871 4553 3009 4609 rege.
3310 4574 3316 4580 ς

2126 4633 2176 4688 1.
2213 4632 2489 4688 Exstincto
2512 4630 2800 4689 Hunerico,
2831 4626 3262 4689 Gunitabundus,
3296 4624 3427 4689 sive,
3456 4635 3511 4679 ut
3541 4624 3633 4683 alii

2050 4705 2312 4766 scribunt,
2344 4701 2751 4758 Guntamundus
2780 4698 3136 4752 Vandalorum
3166 4699 3217 4749 in
3250 4696 3427 4766 Africa
3458 4696 3630 4760 impe-

2052 4779 2187 4828 rium
2245 4765 2467 4843 adeptus
2514 4782 2595 4827 est
2651 4771 2929 4843 desinente
2980 4784 3122 4843 anno
3174 4765 3295 4821 684.
3331 4767 3631 4820 llunericus

2052 4847 2264 4916 quippe,
2297 4841 2384 4914 qui
2414 4845 2563 4897 initio
2592 4844 2715 4896 anni
2746 4841 2849 4916 477
2884 4841 3017 4916 pairi
3060 4848 3409 4900 successerat,
3458 4849 3629 4916 annos

2054 4907 2583 4983 t'eré'octo'integros
2628 4907 2893 4981 regnavit.
2943 4910 3074 4963 Rem
3117 4918 3370 4983 accurate
3398 4907 3632 4983 exponit

2050 4997 2235 5041 auctor
2266 4974 2545 5053 fragmeitti
2572 4974 2949 5051 jamvlaudati,
2993 4980 3130 5047 quod
3167 4977 3410 5053 Pros_pe_ri
3457 4974 3630 5053 Chro-

2050 5059 2171 5111 nico
2219 5048 2455 5111 additum
2500 5048 2587 5109 est"
2621 5054 2760 5121 apud
2804 5054 3074 5106 Canisium
3114 5061 3257 5121 torno
3288 5048 3629 5121 liLet-tionis

2048 5128 2297 5194 antiquae,
2320 5130 2406 5181 ubi
2427 5120 2723 5179 Ilunericus
2754 5127 2907 5177 ann‘s
2934 5124 2965 5177 7
2991 5120 3263 5175 mensibus
3283 5120 3415 5194 iOet
3440 5120 3629 5173 diebus

2046 5199 2116 5251 ‘22
2151 5200 2493 5253 Vandalicum
2533 5197 2584 5249 in
2618 5195 2792 5248 Africa
2836 5194 3114 5261 imperium
3165 5193 3397 5245 tenuisse
3426 5205 3627 5244 memo-

2048 5279 2233 5323 ratur:
2264 5284 2367 5338 quo
2406 5284 2472 5323 ex
2500 5267 2615 5338 loco
2663 5275 2806 5333 patet
2837 5269 3007 5334 ipsum
3056 5262 3229 5338 idibus
3258 5261 3629 5338 Decembrisie

2045 5342 2153 5393 vita
2180 5334 2501 5401 decessi~se,
2539 5337 2833 5403 siquidem,
2886 5344 2941 5388 ut
2980 5348 3045 5387 ex
3089 5334 3276 5387 eodem
3326 5334 3627 5403 fragmento

2044 5425 2202 5479 Supra
2250 5426 2370 5478 cap.
2402 5411 2452 5473 7,
2502 5402 2647 5462 nom.
2685 5406 2735 5475 I,
2787 5404 3125 5479 collegimus,
3172 5405 3256 5479 die
3283 5404 3358 5479 Ξῆ
3388 5402 3626 5479 Januarii

2045 5469 2176 5551 pairi
2202 5469 2453 5535 dehincto
2476 5469 2830 5551 successerat.
2850 5469 3015 5531 Porro
3036 5472 3462 5551 Quantiutidutu
3478 5469 3626 5523 Gen-

2042 5540 2197 5607 serici
2230 5568 2292 5608 ex
2316 5553 2570 5607 Genzone
2610 5548 2718 5602 filio
2751 5557 2999 5617 nepotem
3031 5546 3198 5617 fuisse
3220 5544 3402 5596 sctihit
3428 5540 3624 5617 Pro‘co-

2044 5627 2160 5689 pius
2191 5624 2281 5677 lib.
2316 5622 2420 5676 tde
2451 5623 2595 5674 Bello
2630 5610 2944 5679 Vandalico,
2994 5614 3328 5689 quem__hnnc
3366 5625 3487 5661 esse
3510 5610 3622 5664 Go-

2039 5684 2186 5763 ilagis
2210 5712 2235 5745 a
2271 5693 2485 5748 Victore
2516 5691 2741 5763 Vitensi,
2766 5690 2857 5743 lib.
2892 5705 2949 5747 tt,
2979 5684 3126 5740 nunt.
3160 5684 3213 5749 5,
3239 5691 3617 5763 tueutoratum,

2037 5751 2277 5820 nonnulli
2327 5766 2675 5833 existimant.
2716 5751 2954 5833 Regnum
2986 5764 3198 5833 autem.
3232 5751 3463 5833 obtitmit
3508 5766 3621 5833 pra

2035 5837 2305 5893 Hilderico
2328 5833 2578 5890 Ilunerici
2610 5832 2739 5899 lilio,
2764 5820 2903 5899 quod
2926 5842 2957 5882 θ
2977 5820 3255 5881 Genserici
3279 5820 3465 5877 liberis
3490 5820 3624 5883 usus
