4078 6348
386 351 489 411 415

1399 351 1733 410 APPENDIX
1774 354 1865 409 AD
1905 348 2252 409 VICTOREM
2293 351 2652 411 VITENSEM.

3545 353 3646 410 416

388 469 560 540 major
588 477 749 525 esset.
792 470 1111 525 Genscritus
1158 470 1374 535 quippe,
1428 466 1576 535 regni
1602 467 1874 522 Vandalici
1907 470 1961 540 in
1994 469 2044 528 A
2139 465 2192 540 4,
2226 467 2489 540 Craterum
2527 466 2625 540 etsi
2653 465 2833 540 Ararim
2874 472 3149 540 auctorum
3196 467 3476 523 sententia:
3515 485 3647 540 quas

390 538 567 593 Africa
594 542 857 603 conditor,
893 546 1213 594 testamento
1241 552 1360 601 suo,
1412 546 1472 591 ιιι
1493 541 1602 603 jam
1633 553 1662 591 a
1692 540 1845 592 nobis
1865 539 1966 593 ob-

388 620 659 680 servatum
687 620 788 676 est,
816 617 1140 680 praeceperat
1161 618 1217 662 ut
1238 623 1457 680 regnum
1484 607 1549 680 ad
1576 608 1721 663 illum
1747 624 1965 678 semper

388 678 741 735 deveheretur
769 681 859 750 qui
890 695 957 736 ex
982 678 1079 735 sua
1104 679 1387 749 agnatione
1412 679 1649 733 omnium
1671 689 1814 735 esset
1837 690 1963 736 natu

389 765 674 804 maximus.

457 825 512 874 ει.
542 820 708 874 Porro
738 821 802 875 lis
829 829 912 875 est
954 820 1091 876 inter
1128 828 1376 874 auctores
1416 828 1592 875 utrum
1633 820 1734 875 iste
1755 819 1973 876 Guma-

390 889 601 945 bundns
630 890 769 945 inter
803 894 1221 945 orthodoxorum
1251 901 1619 959 persecutores
1650 889 1846 946 debeat
1878 906 1966 947 re-

392 962 622 1028 censeri,
650 975 771 1016 cum
807 976 912 1016 non
946 977 1047 1016 una
1070 963 1140 1016 sit
1167 976 1230 1016 ca
1256 960 1324 1016 de
1352 976 1410 1016 re
1430 961 1774 1029 scriptorum,
1803 963 1963 1017 etiam

388 1032 748 1101 antiquorum,
777 1035 1040 1086 sententia
1062 1049 1075 1086 :
1102 1033 1391 1101 Procopius
1418 1031 1510 1085 lib.
1540 1047 1555 1084 t
1576 1031 1644 1085 de
1660 1031 1807 1085 Bello
1826 1032 1967 1087 Van-

390 1102 566 1161 dalico
596 1099 808 1157 disertis
838 1103 1017 1157 verbis
1045 1099 1361 1171 allirntat‘eo
1388 1111 1644 1171 regnante
1670 1103 1966 1171 catholicos

391 1173 686 1241 exagitatos
708 1174 889 1226 fuisse.
912 1173 1030 1240 Hic,
1058 1174 1248 1241 inquit,
1279 1170 1689 1241 Gundemundus
1711 1173 1884 1227 multis
1913 1175 1965 1227 in

393 1240 606 1319 Mauros
628 1243 1013 1319 prwliisfactis,
1058 1240 1385 1319 tractatisgue
1408 1243 1622 1319 pessime
1635 1240 1962 1319 Christianis,

387 1313 524 1383 (egro
572 1328 783 1381 corpore
823 1314 1047 1377 interiit;
1108 1329 1172 1366 ex
1219 1313 1411 1381 quibus
1464 1314 1644 1368 verbis
1706 1314 1965 1368 Baronius

390 1382 801 1437 Gnntabnndum
831 1400 863 1435 a
889 1383 999 1438 Deo
1030 1402 1055 1437 e
1078 1385 1177 1436 vita
1206 1383 1465 1436 hominum
1504 1383 1768 1452 abreptum
1800 1384 1965 1438 fuisse

387 1455 620 1522 collegit,
665 1454 803 1523 quod
840 1455 1236 1522 persecutionem
1270 1454 1569 1521 aliquandiu
1620 1456 1964 1508 intermissam

389 1525 567 1577 denuo
591 1526 900 1587 excitasset,
932 1526 982 1578 in
1012 1539 1135 1593 qna,
1164 1533 1220 1576 ut
1242 1523 1353 1591 ipse
1370 1534 1538 1592 putat,
1561 1524 1964 1593 Eugeniustiar-

389 1595 1035 1664 thaginensis,episcopus
1060 1594 1295 1648 secundo
1325 1610 1355 1648 e
1384 1595 1512 1648 sede
1536 1596 1744 1663 pulsus,
1769 1596 1822 1647 in
1839 1596 1964 1651 Gal-

391 1664 486 1717 lias
517 1666 679 1735 266
705 1667 1020 1735 amandatus
1059 1676 1159 1730 est,
1203 1665 1289 1717 tibi
1323 1664 1531 1719 vivendi
1566 1665 1724 1719 ﬁnem
1758 1667 1960 1723 habuit.

392 1734 878 1790 Eidem’sententim
916 1734 1221 1805 suﬂ'ragrari
1254 1736 1463 1790 videtur
1506 1736 1729 1804 epistola
1766 1735 1960 1790 Gelasii

390 1822 540 1902 ιιξιρθε
565 1807 629 1859 ad
658 1806 942 1902 Dardania;
984 1807 1287 1902 episcopos,
1342 1805 1496 1860 initio
1542 1809 1961 1902 annihutipjam
1994 1841 2041 1902 Β

386 1876 815 1944 observavimus,
841 1877 966 1941 495,
994 1878 1321 1945 proindeqne
1353 1887 1609 1945 regnante
1630 1878 1804 1931 adhuc
1827 1878 1963 1932 Gutt-

389 1946 642 2019 tabundo,
676 1948 897 2019 data.ln
926 1963 987 2001 ea
1015 1947 1210 2019 quippe
1235 1949 1422 2019 beatus
1454 1949 1691 2019 pontifex
1722 1958 1962 2002 sanctum
1990 2014 1994 2019 ,

388 2017 909 2101 Engeninmdandat,
943 2018 1083 2101 quod
1110 2032 1232 2099 cum
1265 2018 1385 2101 aliis
1416 2018 1688 2101 dignitatis
1711 2032 1823 2101 sua:
1849 2020 1962 2101 col-

390 2087 523 2157 legis
555 2088 911 2142 Vandalorum
958 2087 1124 2142 furori
1162 2103 1259 2156 pro
1285 2089 1559 2142 catholica:
1612 2088 1731 2142 fidei
1778 2089 1965 2143 defen-

388 2160 539 2213 sioue
565 2159 826 2212 constanti
856 2158 1035 2212 animo
1064 2158 1369 2221 restitisset,
1413 2167 1468 2213 et
1494 2173 1559 2213 eo
1584 2158 1701 2226 ipso
1725 2167 1965 2227 tempore

387 2244 491 2297 quo
541 2230 677 2283 hanc
723 2228 995 2284 scribebat
1040 2229 1359 2297 epistolam,
1408 2230 1717 2292 resisteret;
1773 2232 1965 2295 quibus

386 2298 562 2354 verbis
592 2299 855 2363 Gelasius,
905 2306 964 2353 ut
1000 2298 1218 2353 evidens
1264 2310 1368 2364 est,
1392 2309 1445 2353 et
1490 2314 1552 2353 ea
1600 2314 1717 2368 quae
1766 2298 1966 2355 fecerat

388 2370 655 2439 Eugenius
692 2385 813 2423 cum
848 2371 1055 2425 caeteris
1090 2370 1359 2424 Africanis
1394 2370 1661 2438 episcopis
1695 2371 1746 2424 in
1787 2369 1964 2426 Colla-

388 2443 533 2495 tione
558 2440 983 2511 Carlhaginensi,
1013 2452 1066 2494 et
1096 2456 1157 2511 ea
1186 2456 1306 2510 quae
1335 2451 1459 2511 tunc
1488 2450 1743 2510 regnante
1765 2441 1967 2497 Gunta-

387 2512 569 2567 bundo
593 2508 911 2579 patiebatur,
935 2511 1104 2565 voluit
1135 2508 1394 2564 indicare.
1417 2508 1752 2566 Contrariam
1786 2523 1961 2568 tantcn

388 2584 607 2635 omnino
651 2581 970 2635 sententiam
1018 2580 1297 2649 amplexus
1341 2589 1423 2634 est
1468 2590 1686 2635 sanctus
1729 2581 1965 2639 Isidorus

392 2651 723 2720 llispalensis
756 2652 1061 2720 episcopus,
1090 2651 1179 2719 qui
1212 2655 1264 2705 in
1297 2650 1444 2705 brevi
1476 2651 1837 2706 Vandalorum
1875 2654 1963 2707 lii-

389 2727 551 2775 storia
581 2730 747 2775 totum
770 2720 1109 2776 Guntabttndi
1140 2734 1364 2788 regnum
1391 2735 1497 2774 aera
1535 2721 1637 2775 5H
1673 2721 1753 2776 his
1783 2724 1965 2777 verbis

388 2792 659 2847 concludit
703 2812 713 2845 :
764 2792 982 2846 Unerico
1024 2792 1246 2847 succedit
1281 2788 1696 2863 Guntamundus,
1748 2810 1964 2863 regnans

391 2864 535 2916 annis
564 2863 850 2917 duodecim.
873 2863 973 2926 Qui
994 2864 1166 2917 statim
1196 2878 1369 2930 pacem
1391 2860 1631 2916 Ecclesia:
1658 2860 1962 2933 reforinans,

392 2934 667 2988 catholicos
695 2934 758 2987 ab
800 2933 979 2988 exsilio
1014 2933 1281 2988 revocavit.
1324 2934 1521 2987 Eodem
1552 2934 1666 2988 fere
1695 2934 1854 2989 tnodo
1881 2938 1962 2989 lo-

392 3005 570 3073 quitur
594 3004 774 3059 Victnr
799 3004 1173 3075 'l‘unnonensis
1212 3004 1264 3075 in
1298 3003 1409 3072 ipsa
1451 3003 1629 3058 Africa
1658 3007 1958 3075 episcopus,

390 3088 445 3130 et
492 3075 696 3129 lsidoro
743 3076 1039 3142 antiquior,
1085 3074 1176 3144 qui
1224 3074 1339 3128 ltaac
1378 3075 1430 3129 in
1459 3075 1727 3131 Chronico
1764 3074 1959 3133 habet:

393 3146 654 3199 llunerieo
684 3146 901 3201 succedit
922 3145 1339 3205 Guntamundus,
1375 3155 1553 3216 regnat
1587 3148 1734 3201 annis
1774 3147 1965 3202 duode-

393 3218 511 3280 cim,
539 3218 626 3284 qui
652 3226 851 3271 nostros
881 3217 1111 3284 protinus
1138 3218 1200 3269 de
1219 3216 1400 3268 exsilio
1429 3218 1694 3271 revocavit.

460 3288 513 3340 '5.
544 3287 656 3341 lluc
676 3290 1104 3357 etiamrevocari
1135 3295 1309 3357 potest
1330 3284 1521 3357 Felicis
1543 3302 1691 3355 papae
1711 3289 1960 3357 epistola,

392 3372 548 3425 quam
581 3358 807 3424 ipsemet
842 3356 1100 3410 Baronius
1146 3355 1354 3426 laudat,
1402 3356 1469 3409 ad
1509 3355 1789 3426 episcopos
1818 3359 1962 3414 Afri-

392 3441 553 3482 canos
587 3429 729 3491 data,
775 3429 1029 3497 Dynamio
1072 3425 1723 3497 etiSnlidioeonsnlibus,
1772 3429 1820 3482 id
1861 3442 1960 3495 est,

391 3498 707 3552 Christiana:
747 3496 867 3553 tera:
912 3512 1054 3551 anno
1095 3496 1217 3551 488.
1275 3497 1330 3549 In
1375 3496 1473 3550 bac
1516 3506 1693 3551 autem
1742 3499 1963 3565 epistola

392 3570 652 3637 pontifex,
676 3579 793 3638 post
816 3570 1145 3635 deploratam
1172 3566 1423 3622 Ecclesize
1447 3568 1708 3622 Africame
1733 3570 1961 3638 cladem,

391 3639 443 3693 in
475 3654 576 3709 qua
606 3655 711 3692 non
739 3639 909 3692 solum
940 3640 1132 3709 vulgus
1178 3638 1560 3709 promiscuum,
1609 3650 1698 3693 aut
1740 3642 1962 3696 inferio-

390 3707 509 3764 rum
542 3711 787 3763 ordinum
816 3710 1019 3775 clerici,
1041 3707 1139 3762 sed
1164 3724 1226 3761 ex
1252 3707 1496 3774 ipsismct
1519 3712 1676 3763 etiam
1701 3712 1960 3777 diac0uis,

390 3779 738 3852 presbyteris,
771 3789 824 3833 et
850 3781 1113 3849 episcopis
1147 3780 1384 3833 nonnulli
1425 3781 1554 3849 lapsi
1589 3784 1816 3842 fuerant.
1850 3800 1962 3837 mo-

392 3852 513 3905 dum
537 3862 589 3905 et
616 3852 950 3905 conditiones
983 3852 1279 3920 prmscribit
1307 3852 1501 3920 quibus
1524 3851 1579 3914 ii,
1612 3854 1699 3920 qui
1728 3856 1963 3907 secundo

389 3923 654 3990 baptismo
683 3923 751 3977 ab
782 3922 993 3977 Asianis
1025 3922 1207 3990 polluti
1237 3923 1463 3987 fuerant,
1500 3924 1564 3976 ad
1598 3925 1960 3991 paenitentiam

390 3996 775 4063 reciperentur.
811 3993 1007 4047 Eadem
1034 4008 1163 4047 vero
1184 3994 1403 4061 epistola
1426 3993 1535 4061 jam
1566 4004 1717 4048 antea
1758 3996 1806 4048 in
1833 4009 1963 4049 con-

387 4064 509 4119 cilio
549 4066 788 4119 ltomano
831 4080 971 4118 anno
1018 4066 1353 4133 praecedente
1398 4065 1532 4117 lecta
1573 4064 1777 4126 fuerat;
1824 4067 1964 4121 unde

388 4150 507 4191 eum
533 4136 795 4205 ejusmodi
825 4135 1059 4189 remedia
1102 4134 1844 4203 fervescente‘pcrseemiune
1872 4151 1960 4191 rc-

388 4206 524 4274 quiri
548 4224 652 4260 non
676 4209 901 4270 soleant,
928 4205 1221 4259 verisimile
1243 4213 1328 4258 est
1354 4214 1478 4259 tunc
1502 4207 1756 4275 temporis
1782 4207 1963 4261 Eccle-

387 4278 517 4327 siam
548 4276 853 4329 Africanam
884 4275 1059 4342 aliqua
1088 4290 1239 4343 pace,
1285 4276 1617 4329 concedente
1653 4285 1744 4329 aut
1772 4277 1958 4331 saltem

391 4345 763 4398 dissimulante
792 4344 1170 4409 Guntabnndo,
1224 4344 1434 4397 frttitam
1464 4360 1603 4399 esse.
1652 4346 1718 4398 Et
1746 4346 1958 4413 quidem

389 4414 630 4466 Romano
680 4415 801 4469 huic
847 4414 1076 4468 concilio
1119 4424 1345 4483 quatuor
1386 4414 1680 4469 intererant
1722 4415 1961 4484 episcopi

389 4484 640 4548 Afxicani,
674 4486 762 4551 qui
794 4486 930 4549 forte
966 4500 993 4537 a
1021 4485 1129 4538 suis
1160 4484 1379 4551 collegis
1407 4484 1628 4537 Romam
1660 4484 1816 4551 legati
1847 4489 1960 4541 fue-

387 4565 525 4618 rant,
561 4564 637 4647 ut,
664 4558 801 4608 sicut
827 4556 952 4636 olim
980 4556 1197 4637 Magnus
1217 4553 1513 4647 Cyprianus
1553 4554 1792 4636 feceram.
1817 4557 1959 4610 sedis
1984 4586 2038 4647 D

386 4626 691 4692 apostolica:
724 4626 1043 4680 sententiam
1092 4627 1229 4679 circa
1264 4625 1532 4692 lapsorum
1564 4625 1957 4682 restitutionem

386 4696 804 4749 sciscitarentur.
836 4696 949 4750 Non
979 4697 1121 4751 enim
1157 4697 1371 4750 fortuito
1412 4695 1516 4749 huc
1552 4695 1832 4766 advenisse
1856 4712 1955 4766 pu-

387 4766 529 4820 tandi
563 4775 706 4821 sunt.
738 4766 1015 4836 Siquidem
1045 4767 1097 4821 in
1125 4782 1186 4821 ea
1217 4768 1423 4836 synodo
1452 4766 1582 4820 nihil
1621 4765 1732 4822 fere
1758 4767 1827 4822 de
1851 4765 1953 4824 alia

386 4838 629 4905 quapiam
682 4853 737 4892 re
780 4848 955 4892 actum
999 4846 1265 4907 estquam
1296 4836 1364 4892 de
1408 4837 1671 4892 Africana:
1702 4837 1955 4895 Ecclesiae

384 4908 808 4963 necessitatibus.
852 4913 1090 4975 Quatuor
1130 4923 1290 4976 porro
1311 4908 1397 4961 isti
1427 4908 1692 4964 antistites
1720 4910 1953 4966 Africani

387 4978 436 5031 in
466 4979 946 5049 s'ubscriptionibus
976 4979 1312 5048 appellantur
1340 4978 1636 5043 Pardalius,
1681 4981 1949 5047 Rusticus,

385 5050 620 5121 Donatus
647 5061 701 5104 et
731 5051 935 5113 Victor;
986 5061 1041 5103 at
1082 5050 1153 5104 ibi
1178 5050 1494 5121 quibusnam
1534 5049 1787 5105 Ecclesiis
1820 5066 1955 5121 prte-

384 5120 595 5181 l'uerint,
645 5122 725 5175 vel
775 5139 840 5176 ex
887 5137 987 5189 qua
1034 5120 1230 5179 fuerint
1270 5120 1461 5174 Africa:
1502 5122 1796 5189 provincia,
1826 5120 1951 5177 non

384 5190 665 5244 indicatur.
715 5192 770 5246 Si
800 5203 974 5245 tamen
1015 5191 1321 5259 conjectura
1367 5194 1440 5244 uti
1473 5193 1647 5257 liccat,
1693 5207 1811 5245 cum
1859 5208 1952 5247 eos

384 5262 664 5331 conventui
693 5259 1098 5331 Carthaginensi
1128 5262 1227 5314 sub
1253 5260 1517 5316 llunerico
1543 5264 1843 5316 interfuisse
1864 5278 1952 5317 ve-

383 5330 601 5384 risimile
643 5332 731 5395 sit,
781 5330 937 5385 sedes
981 5347 1167 5385 eorum
1216 5347 1279 5385 ex
1320 5332 1511 5385 Notitia
1545 5331 1790 5386 Africana
1837 5334 1952 5388 erui

383 5412 648 5471 putarunt.
700 5403 752 5454 lu
799 5418 859 5457 ea
893 5412 1069 5457 autem
1112 5402 1297 5456 unicus
1324 5401 1627 5469 Pardalius,
1659 5404 1745 5469 qui
1778 5402 1955 5458 Maeo-

382 5472 668 5527 madiensis
696 5473 949 5528 Ecclesiae
972 5474 1023 5526 in
1055 5471 1296 5527 Numidia
1320 5474 1603 5541 episc0ptts
1626 5474 1741 5538 fuit,
1768 5488 1953 5530 recen-

381 5556 546 5599 setur.
580 5543 813 5600 Rusticus
843 5559 972 5599 vero
1000 5543 1195 5616 duplex
1232 5544 1495 5616 occurrit,
1536 5546 1739 5616 primus
1778 5547 1954 5616 'fypa-

380 5615 555 5668 sensis
584 5616 635 5669 in
666 5616 926 5679 Numidia,
974 5615 1110 5667 alter
1136 5615 1442 5668 Tctcitanns
1471 5620 1520 5667 in
1553 5614 1847 5685 Byzacena'.
1881 5619 1951 5671 At

380 5701 507 5739 vero
541 5701 660 5741 cum
704 5687 893 5741 Donati
944 5686 1140 5740 ibidem
1187 5686 1577 5749 novemtleeitu,
1616 5694 1669 5739 et
1708 5685 1952 5743 Viatores

380 5758 561 5825 viginti
591 5758 697 5811 duo
728 5765 1132 5823 recenseantur,
1184 5757 1398 5825 quinam
1448 5770 1511 5810 ex
1560 5756 1676 5809 istis
1720 5759 1951 5813 concilio

379 5825 621 5888 ltotnano
643 5830 932 5893 adfuerint.
963 5826 1175 5885 nonnisi
1205 5838 1405 5883 temere
1435 5826 1658 5885 divinari
1680 5836 1874 5896 potest.

2069 538 2229 592 modo
2250 537 2316 591 de
2347 535 2691 608 Guntabundi
2724 538 3094 604 persecutione
3134 541 3471 608 protulimus,
3521 535 3589 595 ita
3616 557 3644 595 a

2067 623 2126 663 se
2171 608 2398 662 invicem
2440 606 2643 661 dissita:
2689 608 2984 675 videantur,
3030 617 3088 663 ut
3115 608 3332 664 difficile
3372 606 3531 665 fuerit
3554 628 3645 667 eas

2067 693 2422 750 componere;
2453 692 2545 732 eas
2576 688 2750 750 tamen
2781 686 3048 747 utcunque
3081 681 3297 735 tolerari
3322 695 3480 750 posse
3506 684 3645 739 arbi-

2070 758 2201 809 tror.
2247 750 2290 802 si
2314 747 2379 820 ad
2403 763 2464 802 ea
2495 748 2830 820 attendamus
2853 763 2978 820 qua;
3004 750 3161 820 267
3190 750 3259 806 de
3280 747 3404 820 rege
3434 753 3639 808 Gunta-

2068 819 2248 873 bundo
2278 818 2582 890 referuntur
2612 820 2661 873 in
2698 819 2926 890 ‘l‘yronis
2952 818 3199 889 Pros'peri
3225 818 3516 885 Chronico,
3548 840 3641 880 seu

2142 890 2265 955 tius,
2316 898 2371 942 ut
2417 889 2588 957 ipsum
2631 890 2861 957 appellat
2910 890 3171 944 Henricus
3217 891 3459 947 Norisius
3509 895 3644 951 lib.t

2089 959 2315 1033 iistorja:
2344 960 2547 1033 Pelag,
2586 975 2635 1013 c.
2667 960 2758 1026 ει,
2802 960 2855 1014 in
2913 960 3073 1033 nobdi
3105 960 3399 1033 fragmento
3438 980 3641 1033 appen-

2067 1030 2203 1085 dicis
2232 1029 2478 1085 Chronici
2520 1030 2792 1100 Prosperi,
2830 1031 2993 1094 quod,
3041 1041 3096 1084 ut
3136 1031 3238 1100 jam
3289 1029 3542 1098 diximus,
3578 1052 3643 1091 ex

2068 1115 2171 1155 ms.
2204 1101 2390 1155 codice
2406 1102 2716 1168 Angustano
2735 1101 2901 1155 edidit
2926 1100 3185 1156 Henricus
3196 1104 3445 1158 Canisius
3468 1108 3643 1161 tomol

2068 1170 2629 1242 Lectionisgantiqua'.
2679 1172 2943 1240 [ntegrum
2995 1186 3157 1241 porro
3205 1174 3362 1242 hujus
3409 1179 3643 1230 auctoris

2069 1242 2246 1314 locum
2274 1240 2529 1295 exhibere
2556 1256 2735 1314 Operae
2764 1240 3126 1314 pretium_est_.
3172 1240 3293 1297 eum
3335 1246 3643 1314 aptissimos

2067 1312 2138 1365 sit
2183 1311 2249 1386 ad
2293 1326 2353 1365 ea
2403 1312 2767 1386 componenda
2817 1327 2939 1381 qua:
2985 1312 3055 1386 de
3092 1311 3432 1386 Guntabun'di
3480 1332 3644 1386 regno

2067 1382 2205 1450 apud
2231 1391 2478 1437 auctores
2506 1383 2754 1451 antiquos
2784 1384 3049 1437 contraria
3100 1384 3363 1440 videntur.
3396 1386 3487 1441 Sic
3516 1382 3643 1442 vero

2067 1464 2126 1525 s_e
2176 1451 2556 1525 liabetngost»
2586 1469 2722 1521 eum,
2780 1453 3103 1525 Hunericutn
3146 1456 3371 1520 scilicet,
3419 1460 3644 1525 regnavit

2067 1520 2483 1597 Guntamuttdus,
2515 1520 2760 1597 Gentunis
2780 1524 3007 1593 ejusdem
3039 1523 3289 1597 Hunerici
3311 1529 3444 1597 regis
3472 1520 3644 1595 fratris

2067 1593 2229 1665 ﬁlius,
2262 1609 2423 1646 annos
2442 1594 2675 1647 undecim
2709 1610 2900 1648 menses
2921 1610 3096 1647 novent
3125 1596 3231 1649 dies
3259 1593 3492 1650 undEcint
3516 1613 3535 1651 :
3560 1602 3643 1665 qui

2068 1663 2216 1738 tertio
2244 1679 2389 1738 anno
2403 1665 2544 1738 regni
2566 1665 2647 1718 sui
2665 1666 2998 1738 eameterium
3025 1667 3191 1719 sancti
3222 1668 3459 1737 martyris
3480 1663 3643 1738 Agi'lei

2067 1734 2213 1809 apud
2247 1733 2607 1809 (Iartltaginem
2648 1736 2910 1809 catholicis
2947 1735 3083 1809 dare
3114 1733 3369 1806 prtccepit,
3398 1733 3643 1809 Eugenio

2069 1803 2454 1889 Carthaginiensi
2485 1806 2739 1875 episc0po,
2769 1807 2832 1858 ab
2861 1806 3036 1889 eodem
3058 1803 3171 1889 jam
3194 1803 3474 1889 deezsilio
3501 1803 3643 1889 r‘evo-

2070 1884 2201 1929 cata.
2234 1874 2441 1927 Decimo
2461 1886 2627 1928 autem
2649 1893 2784 1930 anno
2819 1877 2961 1945 regni
2989 1874 3071 1930 sui
3099 1878 3335 1932 ecclesias
3365 1878 3643 1934 catholico-

2070 1962 2181 2021 rum
2205 1947 2427 2021 aperuit,
2451 1956 2514 2021 _et
2538 1962 2710 2021 omnes
2738 1947 2832 2021 Dei
2874 1948 3161 2021 sacerdotes
3198 1958 3394 2021 petente
3416 1948 3642 2021 Eugenio

2069 2014 2461 2085 Cariltaginensi
2486 2017 2739 2085 episcopo,
2765 2019 2827 2069 de
2848 2017 3027 2070 exsilio
3043 2021 3309 2073 revocavit.
3337 2019 3463 2082 Quae
3482 2014 3642 2076 Eccle-

2071 2086 2389 2159 siwgfuerunt
2412 2088 2603 2139 elausw
2635 2104 2796 2140 annos
2833 2087 2889 2141 Η
2923 2086 3060 2159 [lege
3090 2090 3157 2142 i0
3184 2099 3238 2142 ttt
3268 2086 3421 2159 infra]
3452 2107 3643 2146 menses

2070 2158 2123 2220 (ἱ,
2149 2158 2255 2209 dies
2278 2157 2332 2218 5,
2358 2157 2452 2209 hoc
2478 2166 2547 2209 est
2568 2159 2628 2210 ab
2651 2168 2824 2211 octavo
2843 2156 2979 2212 anno
3004 2156 3270 2223 llunerici,
3289 2160 3344 2211 id
3367 2156 3462 2224 est,
3482 2177 3544 2213 ea:
3562 2164 3643 2215 die

2068 2240 2136 2279 vn
2169 2228 2285 2299 idus
2298 2225 2574 2299 Februarii
2594 2244 2748 2296 usque
2774 2230 2826 2281 in
2853 2229 3102 2281 decimum
3121 2245 3312 2282 annum
3341 2234 3473 2299 regis
3502 2232 3640 2285 Gun-

2069 2298 2324 2369 tamundi,
2352 2300 2402 2350 in
2432 2298 2562 2350 diem
2593 2313 2642 2351 tv
2676 2299 2796 2352 idus
2816 2300 3051 2366 Augusti,
3076 2300 3128 2352 in
3151 2316 3251 2369 quo
3272 2303 3509 2366 completi
3524 2315 3643 2356 sunt

2068 2368 2353 2438 supradicti
2390 2369 2514 2438 anni
2549 2370 2616 2422 10
2655 2384 2850 2423 nienses
2889 2372 2921 2424 6
2952 2370 3061 2423 dies
3102 2368 3171 2435 5,
3213 2371 3299 2438 qui
3335 2385 3640 2425 memoratus

2070 2437 2463 2491 (iuntamundus
2484 2454 2574 2491 rei:
2601 2442 2921 2508 postmodum
2943 2441 3063 2495 vixit
3083 2437 3247 2494 annos
3268 2441 3396 2495 duos
3421 2458 3639 2495 mensem

2069 2524 2247 2561 unum.
2296 2509 2422 2562 ΙΙωο
2464 2508 2783 2580 inliciabitur
2811 2525 2987 2575 nemo,
3035 2511 3230 2580 scripta
3261 2512 3425 2567 fuisse
3449 2516 3517 2565 ab
3548 2515 3642 2566 bo-

2068 2580 2213 2651 mine
2258 2586 2606 2651 accuratoget
2653 2579 2911 2649 diligenti,
2958 2582 3046 2651 qui
3095 2579 3240 2637 certe
3280 2584 3439 2637 rebus
3480 2585 3641 2650 gestis

2070 2648 2280 2721 videtur
2319 2649 2646 2721 interfuisse,
2697 2660 2754 2704 ut
2785 2648 2997 2707 menses
3024 2661 3078 2705 et
3110 2652 3226 2707 dies
3256 2654 3400 2721 ipsos
3431 2648 3505 2707 ita
3528 2664 3639 2708 stu-

2069 2717 2219 2789 diose
2239 2718 2522 2785 designare
2560 2723 2811 2788 potuerit.
2859 2722 2935 2776 Es
2989 2722 3092 2777 hoc
3136 2717 3311 2777 autem
3346 2725 3639 2789 fragmento

2067 2788 2332 2862 colligitur
2354 2790 2766 2862 antabundum
2800 2792 2957 2847 tertio
2986 2793 3175 2848 saltem
3207 2795 3354 2862 regni
3386 2788 3468 2849 sui
3496 2809 3636 2849 anno

2068 2859 2344 2933 catholicis
2367 2860 2581 2928 favisse,
2609 2862 2800 2930 quibus
2829 2864 2960 2917 alias
2991 2859 3349 2919 ecclesiam'in
3379 2866 3488 2933 ipsa
3510 2868 3639 2920 urbe

2068 2932 2212 3004 regia
2240 2930 2439 3004 habere
2464 2947 2567 3004 non
2602 2933 2965 3001 permisisset;
3011 2935 3120 2989 imo
3147 2944 3202 2989 et
3226 2930 3510 3004 ipsuminet
3533 2936 3639 2989 Eu-

2068 3002 2300 3076 genium
2322 3000 2372 3055 ei
2417 3002 2580 3057 fuisse
2611 3004 3038 3076 acceptissimum
3068 3020 3138 3067 es
3180 3000 3259 3060 eo'
3292 3014 3456 3074 patet,
3500 3008 3639 3076 quod

2070 3072 2241 3138 ipsum
2287 3070 2444 3139 longe
2472 3084 2597 3128 ante
2626 3082 2850 3127 caeteros
2891 3075 3221 3131 ortbodoxos
3267 3070 3533 3131 antistites
3574 3078 3640 3130 ab

2069 3143 2256 3215 exsilio
2287 3144 2643 3207 revocaverit;
2692 3158 2754 3198 ac
2793 3145 3131 3214 postmodum
3173 3146 3335 3214 ipsius
3366 3146 3631 3215 precibus,

1992 3215 2038 3277 C
2076 3213 2287 3286 steteris
2307 3228 2515 3283 quoque
2540 3213 2823 3286 episcopis,
2856 3224 2976 3286 post
3004 3213 3279 3272 restitutas
3319 3213 3640 3285 ipsiseccle-

2070 3284 2198 3351 sias,
2248 3286 2423 3339 redire
2473 3284 2769 3351 permiserit
2813 3284 2871 3340 in
2909 3301 3036 3342 suas
3074 3287 3250 3342 sedes.
3294 3284 3427 3341 Hinc
3468 3300 3639 3342 tamen

2070 3350 2270 3407 inferre
2300 3370 2403 3427 non
2451 3350 2572 3408 licet
2615 3356 2877 3427 prioribus
2908 3356 3247 3412 Guntabnndi
3295 3358 3441 3427 regni
3487 3360 3641 3413 annis

2069 3426 2489 3498 persecutionem
2521 3428 2572 3477 in
2606 3425 2783 3498 Africa
2809 3442 3083 3493 cessasse,
3134 3442 3293 3498 quam
3338 3425 3637 3483 inchoatam

2066 3494 2579 3567 saltetnpermisisse
2596 3496 2762 3549 multo
2780 3499 3127 3551 verisimilius
3140 3494 3242 3563 est,
3260 3498 3412 3567 idque
3431 3502 3640 3553 Arianis

2067 3562 2365 3617 furenﬂbus
2392 3566 2467 3623 :rtt
2490 3567 2652 3619 multa
2687 3567 2989 3622 audendum
3021 3562 3355 3623 sufficiebat}
3391 3569 3499 3621 imo
3522 3585 3640 3623 cum

2074 3632 2233 3700 plane
2257 3619 2502 3689 revocaia
2536 3651 2640 3689 non
2673 3619 2992 3693 fuerit-ante

2065 3720 2285 3769 annuat,
2312 3718 2367 3760 ttt
2397 3722 2460 3759 ex
2498 3709 2709 3760 laudato
2737 3709 3032 3777 fragmento
3072 3710 3361 3779 colligitur,
3410 3718 3520 3764 toto
3546 3712 3643 3765 hoc

2068 3778 2323 3848 temporis
2348 3778 2629 3831 intervallo
2650 3780 2941 3833 catholicos
2968 3782 3033 3833 ab
3048 3778 3257 3834 Arionis
3285 3781 3516 3848 pessime
3547 3780 3641 3833 ba-

2067 3843 2227 3906 bitos,
2280 3862 2342 3901 ac
2391 3848 2551 3901 multa
2596 3859 2651 3903 et
2692 3851 2867 3917 gravia
2911 3851 3189 3918 pertulisse
3228 3843 3386 3904 nemo
3430 3850 3643 3905 diffiteri

2068 3925 2243 3982 potest
2269 3920 2358 3987 qui
2390 3919 2527 3987 apud
2563 3919 2824 3974 Victorem
2862 3921 3127 3974 Vitensem
3162 3921 3352 3987 legisse
3384 3922 3640 3976 memine-

2067 3987 2134 4058 r_it
2162 3987 2303 4058 ipsos
2344 4005 2469 4058 rege
2499 3991 2659 4044 etiam
2690 3991 2916 4053 crudeli,
2948 3990 3154 4045 scilicet
3184 3993 3470 4053 llunerico,
3523 4009 3642 4045 ern-
3727 3995 3730 3998 ’

2067 4055 2298 4131 deliores
2326 4055 2509 4125 fuisse,
2534 4059 2825 4128 Crudelius,
2846 4062 3035 4131 inquit
3064 4063 3153 4116 ille
3183 4063 3318 4115 libro
3341 4078 3390 4129 v,
3424 4076 3645 4116 numero

2070 4128 2499 4202 il,_Arianorum
2532 4134 2776 4201 episcopi,
2801 4128 3075 4202 presbyteri
3095 4143 3143 4187 et
3170 4133 3362 4198 clerici,
3385 4148 3535 4202 quam
3560 4148 3644 4185 rex

2065 4207 2113 4251 el
2144 4198 2363 4252 Vandali
2384 4198 2674 4255 strviebant.

2136 4267 2186 4342 5.
2238 4271 2393 4324 Certe
2445 4285 2512 4324 ex
2564 4271 2825 4341 Fulgentil
2879 4272 2997 4328 Vita
3050 4281 3195 4342 patet
3240 4271 3643 4342 persecutiones

2066 4340 2383 4412 orianortnn
2409 4356 2513 4393 non
2546 4345 2712 4412 egente]
2744 4343 2861 4397 istis
2906 4340 3633 4412 temporibus'recruduisse.

2064 4410 2193 4464 Cum
2220 4410 2361 4483 enim
2401 4412 2513 4477 ipse
2554 4409 2862 4483 Fulgentius
2901 4409 3084 4482 capfi
3111 4429 3230 4470 sese
3271 4414 3562 4483 recepisset
3590 4413 3644 4467 in

2064 4481 2449 4553 monasterium
2477 4481 2623 4553 quod
2666 4498 2694 4535 a
2746 4482 2902 4537 beato
2951 4481 3149 4539 Fausto
3192 4481 3481 4553 episcopo,
3536 4499 3640 4538 non

2067 4550 2221 4624 longe
2251 4564 2278 4601 a
2309 4565 2409 4624 sua
2436 4552 2688 4624 cathedra
2735 4554 2987 4624 relegata,
3034 4556 3205 4610 fuerat
3231 4550 3549 4610 aedificatum
3586 4555 3639 4608 in

2064 4622 2179 4689 ipso
2208 4621 2381 4674 exsilii
2419 4624 2499 4675 sui
2543 4623 2696 4689 loco;
2750 4621 2873 4679 inde
2916 4626 3064 4679 abire
3096 4636 3310 4681 coactus
3338 4633 3453 4685 est.
3502 4625 3642 4692 quod

2062 4702 2181 4746 nata
2211 4708 2388 4746 rursus
2439 4692 2553 4748 talis
2600 4696 2883 4762 persecutio
2923 4696 3044 4763 ﬁdei
3084 4696 3272 4764 fuerit,
3311 4697 3482 4765 inquit
3508 4694 3643 4749 Vitae

2061 4773 2248 4836 auctor
2274 4766 2449 4833 capite
2478 4774 2689 4829 octavo,
2729 4782 2843 4836 qua:
2871 4776 3060 4821 sanctw
3104 4768 3363 4821 memoria:
3396 4765 3642 4821 Faustum

2060 4835 2351 4908 episcopum
2368 4845 2567 4905 cogeret
2587 4853 2677 4905 per
2702 4837 2922 4891 diversas
2945 4838 3163 4891 latebras
3176 4838 3524 4908 commigrare,
3555 4852 3646 4888 nec

2058 4908 2111 4959 in
2125 4907 2235 4975 ipso
2250 4907 2759 4977 monasteriojugiter
2769 4908 2952 4962 sineret
2964 4910 3289 4977 requiescere.
3309 4907 3452 4962 lianc
3470 4917 3644 4961 tamen

2060 4976 2485 5048 persecutionem
2527 4976 2779 5032 adversus
2810 4976 3088 5048 episcopus
3119 4980 3455 5047 potissimum
3494 4993 3640 5032 eont-

2058 5054 2254 5119 motam
2283 5045 2448 5103 fuisse
2471 5057 2616 5116 patet
2647 5064 2717 5102 ex
2749 5064 2814 5104 eo
2833 5045 2973 5119 quod
2995 5045 3314 5115 Fulgentius
3342 5051 3497 5118 paulo
3524 5058 3646 5115 post

2057 5118 2253 5172 sesein
2284 5119 2503 5172 vicinum
2530 5118 2914 5175 monasterium
2954 5120 3040 5175 cui
3086 5119 3237 5175 Felix
3272 5123 3434 5173 abbas
3477 5120 3645 5189 ipsius

2058 5190 2260 5243 amicus
2292 5200 2535 5259 praeerat,
2571 5193 2838 5260 recepisse
2863 5191 3073 5255 dicitur,
3114 5192 3165 5244 in
3197 5205 3302 5260 quo
3327 5194 3394 5245 ab
3418 5189 3645 5243 Ariano-

2060 5274 2176 5313 rum
2221 5261 2503 5315 insultibus
2547 5262 2702 5328 plane
2749 5277 2971 5316 securus
3020 5263 3134 5316 fuit.
3185 5262 3335 5315 Unde
3384 5260 3641 5314 cardinali

2060 5330 2288 5385 Baronio
2309 5330 2463 5385 facile
2487 5332 2873 5386 subscribimus
2903 5333 3161 5387 asserenti
3187 5332 3325 5386 banc
3349 5338 3646 5400 tempesta-

2061 5407 2167 5454 tem
2212 5402 2263 5455 in
2294 5401 2604 5456 sacerdotes
2633 5401 2909 5469 speciatim
2964 5404 3126 5458 fuisse
3155 5408 3470 5465 excitatam,
3503 5400 3647 5469 quod

2062 5471 2365 5543 complures
2408 5472 2572 5542 288
2597 5471 2911 5538 catholicos,
2937 5475 3047 5542 qui,
3082 5483 3305 5543 urgente
3350 5473 3647 5543 szevissitna

2062 5540 2313 5596 Hunerici
2344 5540 2736 5612 perécutione,
2764 5540 2966 5596 iterato
2999 5540 3315 5611 baptismate
3340 5546 3408 5597 ab
3433 5542 3647 5597 Arianis

2060 5612 2245 5683 polluti
2269 5612 2498 5679 fuerant,
2529 5616 2594 5666 ad
2628 5614 2995 5681 paenitentiam
3017 5616 3156 5681 iuxta
3179 5616 3390 5670 COﬂCllii
3420 5614 3645 5668 Romani

2062 5685 2339 5754 decretum
2388 5694 2443 5739 et
2504 5682 2699 5738 Felicis
2753 5699 2902 5753 papa:
2953 5687 3230 5754 epistolam
3286 5687 3642 5753 recepissent.

2063 5755 2196 5826 ﬂinc
2221 5752 2370 5809 Felix
2412 5755 2638 5810 Arianus
2689 5752 3253 5826 presbyteerelieem
3304 5756 3546 5826 abbatem
3578 5763 3648 5826 et

2060 5824 2396 5896 Folgentium
2424 5827 2597 5882 acrius
2627 5822 2939 5898 persecutus
2966 5836 3068 5900 ρει,
3100 5828 3240 5900 quod
3268 5840 3381 5898 eos,
3422 5825 3498 5883 uti
3540 5822 3641 5885 ob-
