4078 6348
323 320 432 375 425

679 314 1011 376 RUINARTI
1050 317 1116 374 IN
1158 312 1524 375 HISTORIAM
1566 314 1850 374 PERSEC.
1892 308 2190 374 VANDAL.
2232 310 2772 377 COMMENTARIUS
2811 317 3241 376 HISTORICUS.

3490 321 3598 379 426

320 427 675 503 stantinopoli
712 429 1342 503 adversustiAnastasium
1373 430 1777 503 imperatorem;
1809 430 1905 485 Τίνι
1934 433 1988 493 Α
2018 430 2138 503 logo
2155 431 2389 503 generali
2405 432 2590 503 eadem
2612 432 2699 487 die
2712 432 2881 501 prima
2909 432 3258 503 Septembris,
3279 446 3380 500 qua
3405 432 3596 501 Reguli

317 504 598 571 motheum
627 500 875 571 ejusdem
912 500 1061 554 urbis
1089 502 1421 571 episcopum,
1462 500 1908 571 aliosque_Euty-

318 569 527 625 cbiante
553 570 826 625 haereseos
856 570 1089 625 fautores
1109 570 1320 638 egregie
1346 570 1659 625 decertavit.
1699 569 1813 637 Qua
1837 569 1908 626 de

316 656 380 696 re
405 648 580 695 exstat
607 640 673 694 ad
704 639 953 695 eumdem
996 641 1367 695 Possessorem
1392 639 1693 695 Hormisdte
1726 642 1908 709 ponti-

316 710 437 766 ficis
486 711 715 764 Romani
758 711 1004 778 epistola,
1031 710 1082 763 in
1131 726 1233 779 qua
1274 709 1432 765 fidem
1465 710 1633 779 ipsius
1667 718 1722 765 et
1767 726 1902 765 con-

314 782 575 836 stantiam
598 781 816 850 egregie
847 780 1047 842 laudat,
1089 795 1321 850 eumque
1346 789 1401 834 ut
1424 781 1478 835 in
1501 781 1693 849 emptis
1721 796 1905 849 perse-

314 860 467 905 veret
499 851 832 905 adhortatur.
887 850 1163 917 Optimam,
1210 851 1407 918 inquit,
1448 860 1625 904 vestra:
1675 853 1905 906 caritatis

316 922 584 975 audientes
610 922 929 981 instantiam.
956 932 1003 975 et
1032 933 1387 991 cognoscentes
1408 931 1556 975 recta:
1582 922 1697 974 vitae
1725 923 1904 975 trami-

317 1002 439 1054 tem,
473 1008 624 1061 quem
652 993 763 1044 sine
789 993 1001 1059 strepitu
1026 990 1323 1058 vindicatis,
1353 990 1459 1044 Deo
1498 1000 1675 1044 nostra
1702 993 1902 1060 gratias

315 1063 427 1115 sine
455 1063 737 1116 cessatione
764 1063 1117 1133 persolvimus,
1146 1071 1200 1113 ut
1222 1062 1274 1113 in
1300 1078 1363 1115 ea
1388 1061 1717 1133 dispositione
1740 1063 1905 1133 280

316 1132 580 1199 persistas,
608 1141 651 1183 el
682 1133 876 1185 ueteris
898 1132 1035 1201 quod
1062 1141 1338 1198 sequantur
1365 1132 1557 1185 tribuas
1594 1132 1898 1201 exemplum.

318 1201 435 1255 Ista
472 1211 591 1254 sunt
631 1202 767 1254 dona
790 1202 1029 1266 coelestia,
1068 1202 1165 1255 ista
1193 1210 1313 1255 sunt
1340 1202 1524 1255 divina:
1551 1201 1901 1257 retributionis

315 1272 534 1335 indicia,
561 1272 658 1325 ista
676 1281 794 1325 sunt
822 1271 916 1325 Dei
930 1271 1154 1341 judicia,
1181 1286 1296 1337 qntz
1322 1279 1370 1324 te
1390 1287 1422 1324 a
1451 1272 1701 1341 catholico
1731 1288 1902 1326 sacer-

318 1342 498 1395 dotum
530 1342 799 1396 noluerunt
843 1340 1077 1412 separari
1115 1342 1392 1396 consortio.
1427 1340 1595 1406 Unde,
1624 1342 1785 1410 frater
1812 1360 1899 1397 ca-

314 1414 538 1475 rissime,
569 1412 898 1478 prtesentibus
937 1414 1203 1465 hortamur
1239 1412 1480 1482 alloquiis
1511 1422 1566 1464 ut
1602 1413 1655 1465 in
1685 1430 1744 1465 ea
1775 1430 1900 1466 con-

315 1484 512 1536 stantia
533 1498 638 1550 qua
668 1498 879 1535 exorsus
911 1498 964 1536 es
1000 1498 1301 1551 perseveres,
1333 1492 1379 1536 et
1408 1493 1681 1551 augmenta
1716 1485 1900 1552 proba-

319 1554 509 1606 bilibus
546 1553 719 1623 initiis
743 1552 1093 1623 subministres
1118 1566 1136 1623 ξ
1159 1554 1278 1621 quia
1304 1553 1489 1606 bonum
1528 1569 1677 1619 opus,
1716 1556 1899 1623 prtecio

317 1639 418 1688 pne
466 1623 604 1690 quod
654 1622 722 1675 ad
762 1622 1045 1676 doctrinam
1101 1622 1225 1693 ﬁdei
1270 1625 1505 1693 pertinet,
1560 1624 1661 1677 nisi
1703 1641 1901 1693 semper

318 1694 558 1749 creuerit,
601 1693 797 1746 videtur
846 1693 1100 1745 imminui.
1144 1692 1214 1745 Et
1256 1692 1299 1747 si
1338 1693 1598 1746 tribulatio
1638 1692 1897 1749 mundana

316 1763 604 1833 contigerit,
636 1772 752 1816 ante
780 1762 953 1816 oculos
977 1771 1165 1817 vestros
1195 1764 1374 1830 futura
1396 1766 1605 1831 prwinia
1630 1774 1892 1833 ponentes,

316 1832 611 1899 apostolica
635 1849 721 1886 vos
744 1833 1091 1886 admonitione
1116 1834 1428 1887 consulimus
1450 1850 1469 1887 :
1488 1833 1611 1887 Non
1631 1845 1753 1888 sunt
1775 1832 1899 1889 con-

316 1903 493 1971 (ﬁgure
544 1903 801 1975 passiones
845 1904 1000 1975 hujus
1038 1905 1279 1975 temporis
1315 1904 1383 1957 ad
1414 1907 1643 1974 futuram
1682 1907 1902 1975 gloriam

316 1988 434 2044 qua:
459 1973 837 2044 revelabiturin
870 1972 1033 2037 nobis,
1065 1984 1170 2028 etc.
1208 1974 1384 2044 (Rom.
1415 1972 1557 2041 vni).
1592 1972 1718 2029 Haec
1742 1979 1901 2043 paulo

316 2042 924 2114 tusiustreferrevisum
956 2052 1057 2106 est,
1081 2042 1225 2111 quod
1250 2046 1332 2098 vix
1362 2044 1583 2099 dubium
1620 2042 1753 2101 esse
1774 2063 1899 2114 pos-

314 2116 388 2166 sit
414 2112 548 2181 quin
576 2114 647 2165 ob
675 2112 798 2166 fidei
825 2114 1103 2168 catholicae
1128 2114 1497 2169 defensionem
1528 2112 1814 2171 Possessor
1834 2134 1901 2173 ex

316 2182 500 2238 Africa
532 2183 598 2234 ab
629 2183 838 2237 Arianis
867 2185 1102 2237 extorris
1135 2183 1308 2239 factus
1338 2185 1515 2240 fuerit.
1548 2185 1603 2240 Id
1633 2186 1902 2243 afﬁrmare

314 2268 429 2326 non
451 2251 661 2326 dubitat
680 2253 971 2326 cardinalis
1000 2254 1260 2326 Baronius
1299 2254 1365 2309 ad
1386 2271 1582 2311 annum
1603 2257 1706 2311 517
1736 2259 1825 2326 qui
1849 2266 1905 2311 et

314 2322 489 2393 multa
532 2322 599 2393 de
641 2321 833 2393 eodem
873 2322 1191 2378 Possessore
1220 2325 1383 2380 habet
1422 2326 1490 2380 ad
1531 2342 1730 2381 annum
1756 2321 1899 2393 ⁷520,

315 2392 407 2466 ubi
448 2392 615 2466 ipsius
662 2392 728 2446 ad
778 2392 1124 2466 Hormisdam‘
1160 2402 1225 2466 et
1265 2396 1563 2451 llormisdas
1611 2397 1678 2451 ad
1726 2392 1901 2466 ipsum

316 2462 604 2531 epistolas,
632 2462 917 2517 occasione
937 2462 1158 2517 Joannis
1181 2464 1450 2527 Maxentii,
1484 2462 1902 2523 monachorum-

320 2548 432 2613 que
461 2532 1282 2613 Scytharumscriptasprofert:
1309 2534 1377 2589 Et
1399 2536 1613 2613 quidem
1639 2538 1902 2613 Byzaeeni

314 2603 507 2676 Patres
536 2602 589 2657 in
612 2602 836 2676 epistola
870 2602 1010 2676 inter
1040 2602 1427 2676 Fulgentianas’
1450 2605 1655 2660 decima
1682 2602 1896 2676 quinta,

315 2673 385 2745 ad
410 2670 675 2745 1loannern
698 2681 754 2727 et
782 2670 1068 2745 Venerium
1105 2670 1251 2740 dita,
1286 2674 1584 2730 llormisdaa
1613 2670 1897 2745 epistolam

314 2744 382 2816 ad
408 2743 784 2816 Possessorem
808 2743 1061 2816 scriptam
1084 2743 1725 2816 commemorant,ibiqne
1750 2763 1901 2803 eum-

314 2814 443 2885 dem
474 2813 765 2868 antistitem
800 2814 1072 2885 appellant
1096 2825 1327 2868 sanctum
1363 2820 1597 2885 fratrem,
1636 2813 1903 2872 consacer-

314 2884 592 2953 dotemque
612 2893 839 2937 nostrum
873 2881 1241 2939 Possessorem.
1275 2881 1442 2940 Porro
1471 2886 1615 2941 idem
1636 2887 1901 2945 Baronius

314 2954 382 3008 ad
412 2969 613 3008 annum
644 2954 749 3008 504
776 2953 952 3009 eidem
982 2955 1349 3009 confessorum
1392 2972 1616 3011 numero
1650 2969 1903 3016 accenset

315 3025 524 3077 beatum
568 3025 863 3095 episcopum
900 3024 1213 3095 Primasium
1255 3027 1531 3080 antistitem
1573 3027 1898 3095 Africanum,

314 3096 471 3166 cujus
498 3094 1372 3166 expositioneminVApocalypsim
1402 3098 1584 3151 laudat
1613 3094 1901 3154 Cassiodoé

1925 1805 1975 1866 B

2016 500 2211 555 festum
2252 502 2511 555 celebrari
2542 500 2798 569 diximus,
2830 514 2941 557 tum
2982 500 3141 558 etiam
3181 503 3268 557 die
3293 504 3327 557 3
3351 500 3593 570 ejusdem

2015 574 2234 637 mensis,
2285 588 2443 639 quam
2488 573 2586 625 sub
2633 574 2905 627 Octaviani
2950 574 3165 628 nomine
3217 587 3422 627 sacram
3472 588 3595 629 esse

2012 641 2217 705 scribit,
2261 642 2351 705 qui
2384 642 2581 709 pariter
2622 642 2831 698 iustum
2871 653 2924 698 et
2963 643 3317 707 Clementem,
3360 644 3454 699 sed
3504 643 3593 700 die

2010 712 2193 781 quinta
2223 711 2387 773 Junii,
2418 712 2677 767 celebrat.

2085 784 2169 837 M.
2208 782 2487 853 llisAadjici
2518 792 2738 851 possent
2785 784 3025 837 nonnulli
3052 798 3185 852 quos
3210 783 3387 850 Sardi,
3412 794 3467 839 et
3490 798 3590 853 po-

2010 852 2273 907 tissimum
2302 850 2590 906 Calaritani
2621 853 2757 922 apud
2781 869 2839 907 se
2873 850 3108 922 sepultos
3131 854 3295 908 fuisse
3326 850 3543 908 tradunt
3572 872 3587 909 :

2008 922 2101 976 sed
2138 924 2381 991 quamvis
2414 923 2634 977 inficiari
2678 924 2907 977 nolimus
2947 939 3011 978 ex
3044 933 3183 977 tanta
3219 924 3591 979 confessorum

2008 992 2348 1045 multitudine
2373 994 2463 1061 qui
2510 995 2561 1046 in
2602 993 2847 1047 Sardinia
2879 995 3045 1047 insula
3078 994 3321 1047 exsilium
3351 996 3589 1060 pertule-

2008 1072 2151 1127 runt,
2184 1062 2382 1116 multos
2409 1064 2775 1118 antereditnm
2803 1063 2857 1117 in
2884 1066 3105 1129 patriam
3138 1064 3423 1129 interiisse,
3452 1079 3589 1119 non-

2005 1133 2132 1203 dum
2178 1142 2353 1186 tamen
2386 1132 2568 1187 videre
2598 1132 2746 1187 licnit
2784 1135 2974 1187 idonea
3006 1145 3347 1186 monumenta
3379 1151 3445 1187 ex
3474 1135 3593 1203 qui—

2005 1201 2105 1256 bus
2154 1217 2340 1257 eorum
2380 1204 2596 1257 nomina
2637 1203 2724 1257 hie
2768 1204 3037 1257 recenseri
3068 1211 3302 1269 possent.
3342 1201 3591 1260 Certe—ex

2006 1274 2161 1327 unica
2212 1272 2594 1340 inscriptione,
2627 1288 2783 1341 quam
2817 1271 3215 1341 Papebroehius
3249 1271 3313 1326 ad
3346 1273 3487 1327 diem
3517 1275 3591 1329 20

2004 1343 2125 1397 Maii
2158 1343 2521 1406 Bollandiani,
2554 1351 2702 1397 tonio
2722 1342 2788 1409 ν,
2823 1343 3081 1411 exhibet,
3108 1342 3591 1411 facilecolligimus

2004 1414 2269 1480 ejusmodi
2296 1413 2650 1481 instrumenta
2687 1427 2907 1481 prorsus
2929 1414 3130 1469 incerta
3155 1426 3276 1467 esse
3300 1427 3363 1467 ac
3393 1412 3591 1470 nullius

2004 1484 2357 1538 auctoritatis.
2386 1480 2475 1537 Sic
2496 1480 2701 1552 quippe
2720 1498 2780 1538 se
2809 1483 2991 1538 habet.

2008 1602 2066 1659 iis
2108 1594 2167 1650 S.
2219 1594 2601 1651 JANUARIUS
2649 1595 2799 1649 EPP.
2844 1596 2932 1650 ET
2979 1597 3049 1652 M.

2106 1665 2164 1719 S.
2215 1664 2601 1721 LUDOVICUS
2626 1664 2775 1720 EPP.
2806 1666 2895 1720 ET
2916 1667 2985 1722 M.

2108 1735 2197 1790 ET
2224 1735 2283 1791 S.
2305 1734 2671 1792 EGIDIANUS
2694 1737 2839 1790 EPP.
2861 1737 3031 1793 ETM.

2217 1805 2393 1861 SUNT
2422 1806 2832 1863 AFRICANUS.

2010 1898 2178 1967 Hujus
2226 1898 2590 1967 inscriptionis
2630 1899 2753 1953 vitia
2804 1900 3109 1967 singulatim
3158 1900 3426 1960 discutere
3478 1919 3589 1960 non

2007 1978 2181 2031 vacat.
2211 1983 2333 2039 eum
2362 1970 2447 2023 vel
2475 1985 2637 2023 unum
2662 1968 2905 2023 Ludovici
2932 1986 3150 2037 nomen,
3179 1975 3320 2039 quod
3348 1985 3473 2029 tunc
3488 1990 3590 2031 nec

2007 2039 2147 2111 apud
2174 2038 2333 2111 Afros
2347 2079 2367 2111 ,_
2387 2054 2485 2111 nee
2511 2040 2650 2106 apud
2675 2041 2944 2095 Romanos
2975 2042 3027 2094 in
3059 2058 3155 2096 usu
3180 2038 3326 2111 erat,
3354 2046 3463 2099 imo
3491 2060 3590 2100 nec

2006 2110 2167 2165 etiam
2185 2108 2323 2178 apud
2356 2109 2613 2163 barbaros
2639 2125 2704 2163 eo
2730 2110 2891 2164 modo
2921 2113 3175 2178 scriptum
3201 2153 3215 2177 ,
3246 2108 3374 2167 satis
3402 2128 3591 2177 super-

2007 2195 2113 2247 que
2152 2180 2343 2248 probet
2370 2178 2485 2234 haec
2532 2190 2875 2234 monumenta
2926 2192 3187 2249 suspecta:
3219 2183 3438 2238 omnino
3466 2185 3590 2237 fidei

2006 2263 2147 2314 esse,
2176 2257 2359 2317 utpote
2381 2250 2582 2321 vitiata,
2607 2252 2650 2303 si
2673 2265 2779 2305 non
2804 2252 2958 2319 plane
2978 2252 3333 2321 supposititia.
3354 2254 3589 2309 Melioris

2007 2331 2150 2374 nota:
2185 2330 2310 2373 sunt
2350 2321 2513 2373 varia:
2543 2320 2919 2390 inscriptiones
2956 2320 3151 2388 quaein
3179 2323 3475 2378 Turritanae
3497 2340 3589 2379 ec-

2006 2390 2185 2460 clesia:
2205 2390 2489 2443 ruderibus
2508 2399 2735 2460 reperta:
2764 2401 2888 2445 sunt
2915 2393 3116 2446 stnequ
3140 2394 3401 2460 superiori
3424 2409 3454 2447 a
3482 2394 3588 2448 Gs-

2007 2459 2130 2531 vine
2167 2460 2409 2531 ejusdem
2451 2459 2599 2531 loci,
2628 2475 2722 2531 seu
2767 2461 3103 2515 Sassaritano
3139 2459 3541 2531 archiepiscopo
3570 2480 3586 2517 :

2005 2529 2099 2584 sed
2130 2530 2263 2601 nihil
2294 2543 2513 2601 prorsus
2537 2530 2603 2582 ad
2632 2530 3006 2601 illustrandam
3038 2533 3300 2588 Africana:
3326 2529 3585 2601 persecu-

2006 2600 2173 2653 tionis
2205 2599 2494 2654 Historiam
2518 2600 2819 2663 conferunt.
2836 2601 2940 2654 Eas
2956 2602 3153 2657 videsis
3176 2603 3314 2663 apud
3332 2599 3589 2657 Iacobum

2004 2669 2219 2723 Pintum
2251 2670 2387 2723 libro
2410 2669 2547 2724 inde
2568 2669 2781 2724 Christo
2800 2671 3076 2736 crucifixo,
3106 2669 3258 2727 titulo
3278 2672 3333 2739 4,
3356 2676 3469 2727 loco
3497 2674 3588 2727 12.

2077 2741 2163 2793 15.
2193 2739 2411 2803 Verum,
2442 2750 2499 2794 ut
2526 2739 2593 2793 ad
2616 2740 2668 2794 id
2716 2741 2856 2796 unde
2889 2743 3045 2808 paulo
3084 2743 3322 2807 digressa
3363 2752 3464 2806 est,
3498 2758 3588 2799 re-

2004 2818 2186 2881 currat
2211 2812 2403 2881 oratio,
2432 2810 2806 2881 Symmachus,
2836 2812 2948 2879 qui,
2979 2811 3309 2867 ferveseente
3335 2813 3386 2866 in
3407 2814 3586 2868 Africa

1993 2880 2357 2944 _Trasamundi
2393 2881 2791 2953 persecutione,
2840 2884 3147 2953 apqslolica:
3176 2884 3289 2937 sedi
3315 2893 3542 2953 praeerat
3568 2924 3585 2948 ,

2004 2958 2225 3017 accepto
2273 2960 2379 3031 tam
2420 2964 2579 3031 szeva:
2623 2950 2878 3031 adversus
2924 2951 3213 3031 Ecclesiani
3268 2950 3585 3008 catholicam

2006 3022 2341 3087 tempestatis
2372 3022 2580 3085 nuntio,
2613 3023 2691 3073 sui
2720 3035 2841 3075 esse
2863 3022 3101 3076 muneris
3131 3036 3251 3078 esse
3280 3032 3428 3077 ratus
3456 3038 3586 3077 con-

2004 3089 2222 3144 firmare
2259 3091 2449 3144 fratres
2480 3104 2608 3145 suos
2630 3131 2646 3156 ,
2687 3091 2741 3145 in
2791 3091 3222 3146 tribulationibus
3251 3102 3306 3147 et
3332 3095 3586 3149 aerumnis

313 3161 408 3237 rus
439 3161 834 3237 Institutionum
879 3161 1180 3237 divinarum
1201 3161 1334 3234 'c'ap.
1377 3167 1430 3221 9.
1479 3167 1724 3237 Optatum
1771 3170 1901 3224 Siti-
1928 3164 1974 3225 C
2014 3161 2237 3237 positos.
2262 3161 3021 3237 esresiamadeos‘epistqlam
3049 3163 3391 3237 conscripsit.
3417 3174 3586 3218 meos

315 3235 534 3303 (ensem,
566 3235 727 3303 regali
755 3236 1089 3303 praeceptione
1113 3237 1367 3289 detentum
1396 3235 1658 3291 memorat
1683 3239 1897 3293 Bonifa-

312 3305 435 3359 cius
463 3305 517 3359 in
545 3305 773 3359 concilio
806 3305 1211 3374 Cartliaginensi
1242 3322 1382 3360 anno
1411 3307 1537 3372 59.5,
1571 3309 1663 3361 sed
1690 3310 1761 3362 ibi
1790 3326 1895 3365 non

314 3375 564 3429 declarat
605 3390 723 3439 cur,
758 3376 970 3429 caeteris
1010 3377 1290 3443 restitutis,
1338 3376 1460 3431 huic
1488 3378 1555 3431 ad
1596 3378 1895 3434 Ecclesium

312 3461 469 3498 suam
499 3444 677 3499 redire
716 3444 877 3498 fuerit
921 3446 1284 3501 interdictum.
1332 3447 1447 3502 Huc
1470 3447 1610 3503 forte
1641 3464 1898 3505 revocan-

311 3515 416 3587 dus
461 3530 677 3583 quoque
725 3527 807 3569 est
847 3514 1148 3587 Maraeinus
1196 3517 1505 3587 episcopus,
1547 3519 1637 3587 qui
1669 3522 1897 3575 concilio

313 3585 581 3657 'I‘pletapo
612 3601 670 3649 ιι,
716 3600 856 3657 anno
896 3586 1021 3650 531,
1052 3586 1153 3640 sub
1195 3585 1294 3641 hac
1339 3587 1508 3644 forma
1534 3585 1848 3657 subscripsit
1880 3610 1893 3643 :

312 3655 624 3728 Maracinus
652 3657 704 3708 in
734 3654 922 3728 Christi
952 3657 1161 3728 nomine
1188 3657 1478 3725 episcopus,
1506 3659 1569 3716 ob
1596 3654 1807 3714 causam
1834 3663 1898 3728 [i-

312 3726 398 3799 dei
443 3725 805 3799 catholicartin
860 3726 1113 3799 Toletana
1158 3728 1282 3799 urbe
1327 3730 1507 3783 exsilio
1555 3725 1895 3799 deputatus...

312 3796 551 3871 interLui,
584 3796 737 3871 relegi
765 3806 811 3849 et
836 3796 1131 3871 subscripsi.
1152 3797 1356 3871 Iisdem
1378 3796 1898 3871 denique'tempori-

312 3867 418 3919 bus
450 3864 742 3931 Pomel'ius,
766 3866 1003 3929 natione,
1032 3878 1090 3921 ut
1116 3867 1363 3923 observat
1394 3864 1700 3924 Gennadius
1722 3864 1772 3924 in
1795 3870 1897 3925 Ca-

312 3937 520 4002 talogo,
546 3933 785 4001 Maurus,
814 3938 863 3989 in
892 3936 1079 3991 Galliis
1108 3936 1305 3991 ﬂoruit.

386 4007 479 4060 15.
509 4006 663 4070 Quod
708 4006 754 4061 si
783 4018 986 4061 stemus
1027 4008 1403 4062 nonnullarum
1438 4007 1599 4064 Italia:
1630 4010 1895 4066 Ecclesia-

309 4091 436 4129 rum
492 4075 885 4138 traditionibus,
939 4076 1139 4146 aliquot
1186 4078 1407 4146 insuper
1446 4079 1784 4136 confessores
1828 4097 1893 4137 ex

311 4147 497 4199 Africa
542 4156 783 4200 extorres
827 4148 927 4200 sub
952 4147 1319 4203 Trasamnndo
1357 4149 1410 4202 in
1450 4148 1651 4203 Italiam
1698 4153 1896 4207 adven-

316 4226 466 4272 tasse
508 4215 780 4269 fatendum
820 4217 943 4272 erit.
990 4216 1123 4271 Cum
1169 4219 1311 4272 enim
1363 4219 1460 4272 sub
1486 4219 1659 4275 Totila
1694 4221 1892 4277 Gotho-

308 4300 437 4339 rum
467 4300 595 4353 rege
636 4285 808 4339 inistis
838 4286 1146 4359 regionibus
1186 4290 1443 4343 claruisse
1487 4291 1756 4359 dicantur,
1787 4309 1893 4348 non

311 4365 703 4433 potest_eorum
735 4358 980 4433 exsilium
1002 4359 1068 4425 ad
1098 4360 1303 4433 priores
1329 4358 1749 4430 persecutiones,
1775 4380 1893 4433 quae

308 4435 439 4479 ante
485 4426 840 4479 Trasamnndi
873 4436 1112 4495 tempora
1149 4426 1391 4484 excitatze
1432 4442 1575 4495 sunt,
1610 4426 1891 4488 revocari:

308 4497 446 4569 a_lias
470 4495 571 4549 viri
593 4496 669 4569 illi
696 4501 861 4550 sancti
882 4507 1006 4551 ante
1034 4514 1230 4553 annum
1261 4499 1387 4562 496,
1414 4503 1501 4569 qui
1535 4504 1893 4560 Gnntabundo

307 4565 668 4619 Tmsamundi
698 4570 1003 4633 praecessori
1027 4584 1305 4637 supremus
1336 4565 1454 4637 fuit,
1491 4572 1539 4625 in
1572 4575 1773 4627 Italiam
1805 4589 1893 4629 ae-

306 4637 602 4711 ecssissent
626 4653 641 4700 ;
672 4646 929 4711 et_tamen
962 4639 1136 4711 adhuc
1172 4649 1293 4708 post
1321 4642 1668 4711 quadraginta
1697 4654 1749 4697 et
1778 4660 1893 4699 am-

304 4705 673 4778 pliustannos
698 4707 889 4775 (Totila
921 4710 1114 4778 quippe
1148 4705 1271 4764 ante
1315 4705 1510 4765 annum
1528 4705 1645 4768 ’541
1685 4713 1891 4768 Gotho-

301 4776 519 4850 rum_in
542 4776 711 4850 _lta_|ia
740 4776 961 4847 regnum
992 4776 1096 4833 non
1128 4782 1404 4850 suscepit),
1441 4783 1602 4835 variis
1635 4785 1889 4840 Ecclesiis

301 4845 556 4920 praefecti
601 4845 905 4902 dicerentur
937 4866 948 4901 :
980 4852 1121 4918 quod
1167 4845 1448 4914 nemo,'nt
1487 4853 1741 4920 arbitror,
1786 4856 1886 4911 sibi

301 4916 468 4994 facile
490 4929 850 4994 persuasurus
873 4916 1077 4994 est_._Ex
1108 4919 1186 4994 iis_
1200 4921 1501 4994 praecipuus
1520 4933 1602 4976 est
1628 4916 1886 4994 Regulus,

302 4986 424 5053 qui,
462 4997 543 5059 ειιΔ
571 4990 890 5059 τθῐρινωςίίη
940 4986 1316 5059 Martyrologio
1366 4986 1606 5045 Romano
1634 4986 1765 5048 dievl
1800 4986 1891 5051 Se;

302 5006 424 5053 qui,
462 5006 519 5037 ut
571 5006 799 5040 rerertur
840 5006 890 5042 In
940 5006 1073 5043 mari.
1110 5006 1316 5059 rorogto
1366 5006 1606 5045 nomano
1634 5006 1718 5048 die
1742 5006 1765 5048 1
1800 5006 1884 5051 Se-

302 5054 596 5131 ptembris,
627 5068 693 5131 ex
714 5057 894 5131 A_frica
919 5060 971 5112 in
995 5006 1198 5113 Italiam
1233 5061 1505 5130 appulsus,
1533 5064 1807 5131 Populonii
1835 5069 1884 5121 in

306 5124 551 5204 Orithyia
584 5126 686 5204 sub
730 5126 922 5204 'l‘otila
949 5144 1091 5204 rege
1117 5124 1431 5204 martjrium
1476 5124 1885 5204 consummavit.

303 5194 620 5266 Discipulus
642 5195 819 5266 ipsius
849 5194 1239 5254 fuisse'dicitur
1260 5194 1583 5266 'Cerbonius.
1618 5208 1758 5259 inter
1792 5208 1890 5258 Po-

300 5264 515 5341 pntonii
544 5265 813 5321 antistites
842 5271 1079 5323 omnium
1104 5272 1269 5341 prior
1298 5272 1364 5325 ab
1392 5264 1619 5341 Ughello
1654 5284 1798 5329 tomo
1822 5276 1886 5330 lll

304 5336 476 5385 tralia:
528 5348 697 5389 sacrae
742 5341 1058 5394 recensitus.
1100 5336 1243 5395 Idem
1290 5336 1475 5396 auctor
1514 5354 1657 5396 tomo
1698 5344 1888 5402 linter

304 5403 696 5483 Ypl’iterranos
732 5408 1015 5483 episcopos
1059 5412 1352 5465 secundum
1395 5415 1628 5483 appellat
1673 5416 1883 5471 Justnm

297 5473 643 5556 afri-canum,
680 5473 780 5556 qui
817 5473 1175 5556 Vandalorum
1219 5473 1645 5556 persecutionem
1679 5488 1885 5556 fugiens

296 5541 620 5623 in__laliain
649 5541 816 5623 venit,
862 5549 1026 5623 ubi_a
1074 5541 1442 5607 Volaterranis
1480 5556 1530 5608 in
1576 5541 1883 5623 episcopum

295 5613 572 5697 adiectus,
619 5613 1129 5697 a_Cteniente__fratre
1158 5635 1254 5676 suo
1293 5634 1346 5697 et
1376 5613 1653 5678 Octaviano
1676 5613 1883 5697 collegis

294 5684 355 5761 in
381 5684 701 5761 exercendo
725 5688 977 5754 pastorali
1004 5704 1226 5761 muneILe
1252 5692 1465 5761 adjutus
1494 5706 1596 5751 est.
1633 5697 1699 5749 lis
1724 5684 1881 5751 etiim

294 5748 544 5808 Felicem
568 5748 877 5823 episcopum
901 5768 1149 5813 accenset
1170 5748 1449 5816 Ferrarius
1480 5766 1530 5818 in
1731 5748 1887 5821 c5347-

638 5847 904 5907 Ps'rnos.
953 5850 1163 5910 LVIII.

2007 3239 2118 3283 tum
2144 3231 2210 3284 ad
2239 3247 2392 3298 aiquo
2413 3231 2592 3285 animo
2628 3231 2973 3299 perferendos
2997 3232 3170 3287 exsilii
3202 3234 3413 3288 labores
3432 3275 3445 3296 ,
3477 3246 3586 3290 tum

2003 3300 2165 3354 etiam
2207 3300 2273 3354 ad
2312 3303 2663 3355 constantiam
2708 3302 2759 3355 in
2788 3301 3117 3357 defendenda
3147 3303 3401 3358 Ecclesiae
3425 3318 3586 3358 causa

2002 3371 2319 3442 servandam
2360 3372 2756 3426 adhortaretur.
2808 3372 2957 3427 Hanc
3006 3374 3282 3442 epistolam
3325 3374 3581 3428 habemus

2003 3442 2143 3509 apud
2175 3441 2475 3497 Ennodium
2507 3442 2640 3497 libro
2667 3458 2724 3508 ιι,
2754 3443 2909 3512 epist.
2930 3444 3017 3509 M,
3043 3441 3201 3511 quam
3230 3445 3356 3501 inde
3383 3444 3583 3499 descri-

2002 3520 2144 3579 ptam
2173 3512 2278 3567 huc
2305 3513 2544 3581 proferre
2574 3514 2744 3568 visum
2774 3524 2879 3568 est.

2629 3648 2964 3705 EPISTOLA

2002 3772 2267 3811 SYMJIACHI
2309 3773 2457 3813 ΡΑΡίΕ
2499 3775 2565 3813 AD
2608 3774 2774 3815 EPISC.
2807 3776 2857 3815 IN
2899 3777 3178 3817 SABDINIAM
3218 3781 3581 3823 DEPORTATOS.

2110 3890 2267 3951 (lianc
2290 3892 2543 3953 epistolam
2565 3893 2771 3944 edemus
2791 3907 2899 3943 cum
2922 3901 2975 3945 et
2993 3896 3260 3958 Symmachi
3280 3903 3468 3961 Opera.)

2018 4040 2021 4043 <
2073 4019 2335 4090 28216.
2358 4020 2430 4073 Ex
2449 4019 2550 4095 hoc
2567 4022 3217 4095 porro‘eonquirendarum
3232 4026 3575 4095 reliquiarum

1999 4095 2176 4165 studio
2207 4106 2313 4165 quo
2350 4090 2686 4165 confessores
2731 4090 2869 4165 istos
2888 4094 3142 4165 tligrasse
3172 4090 3468 4165 colligimus
3502 4115 3571 4153 ex

1998 4158 2218 4236 laudata
2228 4158 2551 4236 Symmachi
2568 4160 2815 4236 epistola,
2841 4158 3142 4217 confirmari
3170 4158 3345 4233 potest
3372 4168 3576 4236 aliquot

1998 4228 2161 4283 Italia:
2181 4228 2535 4307 Ecclesiarum
2562 4228 2794 4307 traditio,
2812 4248 2930 4300 qua:
2955 4228 3255 4307 sanctorum
3282 4228 3573 4307 martyrum

1999 4314 2224 4369 corpora
2255 4317 2322 4355 ex
2346 4301 2545 4375 Africa
2577 4316 2673 4375 per
2702 4304 2834 4375 istos
2860 4304 3196 4375 confessores
3218 4307 3374 4361 allata
3393 4301 3573 4375 [apud

1997 4385 2056 4424 se
2094 4373 2356 4425 asservari
2404 4373 2750 4426 contendunt.
2796 4374 2872 4427 Ex
2933 4374 3014 4427 his
3061 4376 3220 4429 fuisse
3268 4373 3571 4433 sanctorum

1997 4440 2249 4505 Marcelli,
2282 4440 2426 4496 Casii
2445 4482 2460 4505 ,
2491 4442 2667 4495 Emilii
2688 4482 2703 4504 ,
2730 4452 2782 4497 et
2810 4444 3079 4498 Saturnini
3124 4456 3415 4505 martyrum
3444 4449 3572 4504 reli-

1919 4536 1972 4594 D
1996 4511 2151 4594 quias
2180 4520 2327 4594 putat
2355 4513 2640 4594 eardinalis
2672 4513 2942 4594 Baronins
2966 4515 3019 4568 in
3038 4515 3188 4594 _notis
3217 4511 3283 4570 ad
3316 4517 3575 4594 Martyro-

1999 4583 2198 4656 logium
2248 4583 2542 4656 Romanum
2590 4584 2676 4636 die
2724 4593 2873 4656 serta
2903 4585 3151 4656 Octobris
3175 4626 3190 4649 ,
3216 4602 3317 4656 qua
3348 4587 3571 4644 istorum

1999 4650 2258 4724 festivitas
2287 4654 2446 4722 283
2492 4651 2685 4724 Capua:
2721 4653 3043 4708 celebratur.
3073 4650 3249 4724 Casti,
3303 4666 3357 4710 et
3403 4658 3571 4713 Cassii

1998 4723 2366 4796 episcoporum
2401 4723 2594 4796 ibidem
2621 4724 2916 4796 celebrium
2944 4726 3185 4779 meminit
3208 4741 3416 4796 quoque
3444 4727 3574 4783 Fer-

1998 4793 2169 4846 rarius
2202 4793 2252 4846 in
2283 4791 2535 4859 Catalogo
2581 4794 2816 4859 generali
2861 4804 3166 4849 sanctorum
3212 4791 3373 4850 ltaliie
3418 4797 3504 4852 die
3540 4799 3571 4851 7

1995 4860 2328 4934 Nowmbris.
2371 4860 2502 4934 Alite
2534 4864 2585 4914 in
2609 4862 2729 4915 aliis
2756 4863 2998 4917 ecclesiis
3032 4880 3151 4920 esse
3176 4866 3443 4934 dicuntur,
3473 4869 3571 4921 sed

1995 4946 2126 4999 quas
2148 4932 2452 5055 singillatim
2484 4944 2762 4985 recensere
2790 4948 2893 4985 non
2922 4944 3005 4987 est
3026 4949 3201 5003 opera:
3221 4932 3474 5004 pretium.
3505 4937 3572 4991 Et

1995 5002 2205 5055 quidem
2282 5002 2453 5055 caooli
2476 5042 2491 5055 .
2515 5002 2795 5055 occasione
2822 5005 3183 5055 translationis
3211 5006 3381 5055 sancti
3409 5006 3572 5055 Seve-

1994 5002 2205 5069 quidem
2235 5002 2491 5070 Neapoli,
2515 5002 2795 5055 occasione
2822 5002 3183 5058 translationis
3211 5002 3381 5059 sancti
3409 5006 3573 5062 Seve-

1992 5072 2093 5125 rini
2123 5072 2437 5127 Noricorum
2465 5072 2690 5142 apostoli
2710 5071 2763 5125 in
2785 5087 2901 5127 eam
2926 5075 3131 5139 urbem,
3154 5075 3450 5142 gratulatur
3471 5077 3573 5130 Ba-

1994 5142 2179 5223 r_onius
2217 5143 2283 5195 ad
2314 5140 2691 5223 annum_‘49§.,
2737 5143 2880 5223 quod
2908 5144 3118 5212 miriﬁce
3143 5140 3318 5197 civitas
3344 5144 3440 5199 illa
3462 5156 3572 5200 stu-

1993 5211 2137 5265 diosa
2164 5228 2361 5286 semper
2388 5211 2542 5280 fuerit
2582 5211 2913 5280 reliquiarum
2954 5211 3246 5286 sanctorum
3286 5224 3572 5286 martyrum

1990 5290 2039 5335 et
2063 5284 2443 5355 confessorum;
2468 5290 2786 5355 utpote_qu:e
2814 5299 2915 5355 non
2939 5285 3064 5355 satis
3087 5283 3321 5355 habuerit
3346 5301 3373 5339 e
3395 5283 3573 5355 proxi-

1992 5368 2072 5404 mo
2112 5348 2341 5420 accipere
2372 5348 2602 5405 sanctum
2628 5348 2975 5419 Ianuarium,
3011 5354 3109 5408 iste
3134 5354 3228 5408 fuit
3276 5348 3567 5409 Beneventi

1989 5421 2433 5503 episcopus,.et.e
2480 5422 2627 5503 longe
2658 5424 2928 5503 θητιᾼρὶρᾳ
2961 5425 3217 5503 ejusmodi
3258 5425 3413 5478 ditari
3458 5426 3572 5503 tlte:

1988 5493 2177 5575 tauris!
2207 5492 2316 5574 nisi
2347 5494 2506 5575 etiam
2530 5507 2561 5546 e
2582 5491 2804 5575 Danubii
2829 5492 2960 5562 ripis
2980 5491 3134 5548 sacra
3164 5496 3570 5575 pignoransancti

1990 5560 2219 5642 Severini
2254 5564 2307 5616 in
2351 5559 2564 5616 Italiam
2606 5562 2776 5616 delata
2799 5579 2831 5615 a
2871 5559 3046 5637 iuncto
3093 5559 3332 5635 pontiﬁce
3360 5562 3569 5619 Gelasio

1989 5642 2300 5687 trimetraret.
3204 5682 3209 5683 κ
3538 5643 3546 5651 ’

2060 5649 2443 5757 ἴξι.νέέᾶ’ἰηιθι·
2470 5700 2807 5774 aliaeimelia
2837 5719 2955 5774 qua:
2983 5717 3161 5757 secum
3185 5682 3237 5755 in
3261 5698 3567 5774 Sardiniam

1988 5773 2217 5826 attulere
2243 5773 2483 5843 episcopi
2520 5771 2789 5842 Africani,
2817 5769 2978 5828 unum
3009 5782 3155 5825 certe
3184 5786 3215 5824 e
3240 5769 3571 5839 pretiosissi-

3217 5862 3290 5923 14

2166 5922 2206 5957 *4
2510 5960 2513 5961 ν
2542 5953 2607 5965 η..
2624 5956 2661 5965 π
2692 5962 2695 5963 ,
