4078 6348
487 351 584 419 431

1471 328 1806 413 arenam:
1844 356 1935 412 AD
1974 331 2324 412 VICTOttEM
2362 344 2724 410 VITENSEM.
3602 349 3706 416 4.12

487 473 590 527 suis
616 480 977 544 superroeatum
1003 467 1332 544 Fulgetttium
1352 477 1609 544 gratanter
1635 466 1877 544 expansis
1893 466 2056 544 repel-
2083 469 2132 528 Α
2162 463 2367 544 Ιιιΐτιόίε
2389 471 2614 544 mortem
2651 463 2801 544 dicit2
2825 461 3162 544 minaturque
3178 475 3236 515 se
3258 461 3465 544 regiam
3480 478 3548 544 es
3574 465 3742 518 Amuli

488 546 644 598 ferent
679 536 892 603 imbres,
931 550 978 592 et
1021 536 1204 592 novum
1231 536 1541 591 tabernaculi
1584 554 1740 607 genus
1776 536 2057 605 artiﬁciosa

488 616 695 666 caritate
718 619 1092 680 componerent.
1109 609 1204 662 Hic
1226 623 1354 663 vero
1381 608 1671 680 observare
1687 608 1836 680 juvat
1857 615 2054 675 quanta

490 683 645 737 fuerit
674 677 946 736 beatorum
974 682 1338 734 confessornm
1371 678 1576 747 religio,
1611 681 1700 744 qui
1731 692 1762 730 e
1787 677 1940 747 longa
1971 692 2060 745 pe-

490 752 844 820 regrinatione
888 749 1128 820 reduces,
1163 757 1220 801 ut
1247 749 1472 820 primum
1489 746 1795 820 'attigegunt
1822 746 1999 820 littus,
2025 761 2056 820 e

490 817 712 875 navibus
751 819 954 887 egressi
1001 818 1178 874 statim
1225 817 1293 872 ad
1340 817 1621 872 ecclesiam
1664 817 1842 871 Sancti
1887 817 2054 887 Agilei

488 885 859 960 properarunt,
875 890 1164 960 gratiarum
1180 887 1419 960 actiones
1439 887 1674 960 publicas
1690 885 2054 960 Deo_redditu-

485 956 558 1014 ri:
583 956 639 1014 et
658 956 946 1028 quidemut
969 960 1124 1026 paulo
1147 957 1366 1012 inferius
1390 957 1546 1010 habet
1569 967 1755 1010 auctor
1778 956 1910 1010 Vitae
1935 958 2052 1028 lau-

485 1027 685 1100 datus,
715 1033 800 1084 vix
838 1030 1276 1100 appropinquante
1319 1041 1520 1100 vespere
1565 1034 1757 1100 sancta:
1794 1027 2054 1082 memoria

486 1098 753 1169 Bonifacio
777 1097 1009 1167 episcOpo
1032 1097 1398 1169 reprtesentati,
1420 1097 1779 1150 benedixerunt
1807 1111 1980 1151 omnes
2003 1106 2052 1150 et

485 1167 822 1222 laudauerunt
841 1170 1176 1221 comntuniter
1200 1167 1384 1223 Deum.
1821 1201 1824 1204 η

553 1240 607 1293 3.
633 1238 942 1306 Fulgentius
979 1246 1101 1305 post
1137 1236 1338 1305 aliquot
1364 1236 1480 1290 dies
1522 1236 1729 1304 Ruspas
1761 1235 2050 1304 profectus,

483 1324 574 1377 per
596 1325 763 1361 omnes
783 1308 977 1361 itineris
1005 1307 1192 1374 prolixi
1217 1309 1322 1358 vias
1345 1306 1533 1375 gaudia
1561 1308 1759 1377 majora
1785 1307 1950 1377 2887
1975 1323 2054 1360 re-

481 1376 704 1445 periens,
721 1377 775 1430 in
795 1392 1055 1430 occursum
1075 1392 1223 1429 suum
1245 1376 1446 1444 populis
1465 1376 1690 1436 undique
1709 1376 2050 1443 tendentibus,

483 1463 598 1500 cum
629 1448 845 1500 lucernis
873 1456 920 1499 et
949 1445 1341 1516 larnpadibusiet
1366 1447 1606 1498 arborum
1626 1445 1921 1516 frondibus,
1935 1447 2052 1499 red-

483 1518 714 1570 dentibus
741 1517 959 1586 gratiam
986 1515 1232 1582 ineffabili
1267 1515 1392 1568 Deo.
1404 1553 1418 1568 .
1428 1554 1440 1567 .
1453 1553 1482 1586 ,ί
1496 1514 1780 1586 ρεννκόιηηεε
1791 1514 2053 1586 _Ecclesias

483 1595 720 1653 tanquam
745 1584 1006 1656 'prOprius
1045 1586 1310 1653 episcopus
1350 1585 1740 1654 suscipiebatur.
1764 1584 1910 1656 rSedi
1939 1602 2051 1640 sua:

481 1655 942 1711 restitutns'simul
983 1671 1102 1709 cum
1135 1658 1243 1709 suis
1265 1659 1542 1708 monachis
1563 1656 1713 1722 vixit,
1760 1655 1831 1708 ita
1873 1666 2049 1711 tamen

481 1737 556 1796 ut,
585 1727 789 1796 absque
830 1725 1038 1781 abbatis
1065 1725 1256 1779 Felicis
1284 1725 1610 1778 conscientia
1652 1725 1939 1794 quidquam
1983 1726 2051 1782 de

479 1794 643 1850 rebus
666 1794 732 1850 ad
757 1797 1136 1851 monasterium
1169 1796 1556 1863 pertinentibus
1585 1811 1691 1848 non
1714 1808 1913 1864 ageret.
1940 1795 2051 1850 Mo-

481 1867 684 1921 nacbos
715 1868 910 1932 saepius
938 1839 1006 1918 ad
1034 1839 1426 1918 ecclegiastiram
1455 1866 1690 1918 militiam
1717 1839 2006 1934 agsumpsit
2031 1883 2044 1930 ;
2080 1839 2126 1898 Β

465 1935 614 1989 adeo
652 1936 832 1990 omnia
875 1945 1196 2003 temperatis,
1237 1935 1458 2005 utnulla
1499 1933 1563 1987 lis
1604 1933 2050 2005 aliquando’inter

477 2005 752 2058 monachos
797 2016 844 2058 et
872 2007 1079 2058 clericos
1120 2004 1468 2058 ventilaretur.
1502 2005 1655 2058 Plura
1695 2004 1864 2059 habet
1907 2008 2046 2060 idem

479 2073 614 2127 Viue
636 2083 821 2130 auctor
848 2075 914 2128 de
937 2074 1197 2142 Fulgentii
1227 2075 1277 2126 in
1311 2073 1465 2138 plebe
1485 2073 1715 2142 regenda
1740 2074 2044 2142 sedulitate,

476 2145 743 2210 variisque
771 2145 922 2198 libris
953 2142 1197 2212 profidei
1219 2143 1498 2198 catholicae
1529 2143 1840 2198 defensione
1861 2146 2041 2200 editis.

475 2213 581 2267 Sed
611 2212 679 2268 de
709 2213 824 2268 istis
848 2215 1012 2268 fusius
1039 2211 1304 2267 disserere
1325 2213 1390 2266 ad
1415 2222 1653 2267 nostrum
1678 2229 1781 2266 non
1814 2218 2046 2282 pertinet

445 2281 794 2336 .institutum.
835 2285 905 2338 At
932 2283 1180 2336 omittere
1224 2298 1328 2336 non
1371 2284 1489 2337 licet
1527 2283 1778 2337 eximium
1816 2281 2046 2340 summa:

473 2352 789 2406 humilitatis
817 2353 1150 2420 exemplum,
1173 2352 1311 2420 quod
1332 2353 1398 2404 ab
1421 2352 1536 2420 ejus
1567 2352 1700 2406 Vita:
1721 2365 1939 2408 auctore
1961 2370 2047 2409 re-

473 2421 644 2478 fertur
692 2437 810 2490 cap.
853 2423 946 2479 29.
983 2421 1114 2474 Cum
1143 2420 1283 2474 enim
1323 2435 1420 2489 pro
1462 2424 1752 2490 reparanda
1793 2424 2044 2479 Ecclesiae

473 2491 750 2562 disciplina
783 2500 900 2562 post
927 2491 1159 2544 reditum
1189 2491 1256 2545 ab
1275 2492 1464 2562 exsilio
1491 2500 1667 2560 patres
1695 2491 1951 2562 Byzaceni
1977 2494 2044 2548 ad

463 2561 758 2624 {concilium
782 2561 1046 2615 Juncense
1080 2561 1470 2624 convenissent,
1514 2561 1823 2628 Fulgentius
1858 2563 2042 2629 Quod-

472 2630 688 2712 vultdeo
716 2633 987 2712 episcOpn,
1005 2629 1108 2712 ἰιρὶ
1129 2644 1187 2683 se
1207 2644 1274 2712 eo
1295 2631 1527 2712 priorem
1549 2631 1912 2712 existimabat,
1935 2649 2046 2712 o_m-

471 2699 618 2753 nium
648 2699 848 2770 judicio
889 2700 1143 2768 praelatus
1163 2708 1282 2753 est:
1321 2700 1461 2768 quod
1495 2708 1618 2754 tunc
1646 2701 1858 2769 quidem
1885 2704 2044 2758 tacite

472 2770 592 2822 tulit
633 2770 820 2824 beatus
861 2770 1102 2834 antistes,
1133 2784 1200 2823 ne
1239 2771 1607 2824 auctoritatem
1637 2773 1847 2825 concilii
1876 2786 2042 2826 excu-

471 2840 637 2911 sautio
668 2843 909 2895 minuere
942 2840 1234 2911 videretur.
1267 2840 1371 2893 Sed
1411 2839 1567 2908 paulo
1605 2849 1723 2909 post
1755 2842 1820 2911 in_
1837 2842 2042 2911 synodo

470 2908 740 2978 Suﬂ‘etana
780 2925 968 2978 preces
1009 2908 1278 2978 supplices
1306 2923 1483 2962 coram
1525 2908 1772 2964 omnibus
1797 2908 2042 2965 Pa'tribus

466 2977 622 3050 fudit,
675 2990 733 3032 ut
776 2977 878 3034 sibi
911 2977 1108 3033 volenti
1158 2978 1561 3044 Quodvultdeus
1601 2978 2037 3050 anteponeretur,

469 3049 647 3103 timens
679 3058 886 3119 propter
910 3065 1057 3102 suum
1102 3050 1342 3102 honorem
1383 3051 1609 3116 generari
1652 3050 1798 3119 fratri
1825 3049 2042 3104 seanda-

468 3119 608 3183 lum;
632 3119 909 3188 meliusque
929 3119 1177 3190 judicans
1217 3133 1306 3190 per
1344 3119 1604 3190 caritatem
1640 3136 1698 3190 se
1728 3120 1840 3186 ﬁeri
1872 3121 2038 3174 mino-

2159 535 2406 605 sanguine
2449 541 2652 588 exortae
2691 532 2891 605 caedem
2939 530 3106 587 armis
3136 530 3293 605 brevi
3322 531 3739 603 vindicaturum,

2160 599 2275 658 nisi
2297 604 2396 672 ipsi
2430 613 2741 671 cunctaeque
2763 602 3060 658 Gothorum
3092 602 3237 670 genti
3265 599 3358 672 fiat
3387 605 3539 672 satis.
3573 599 3739 657 Ama;

2159 670 2402 728 lalridam
2451 674 2504 726 in
2549 670 2775 727 vinculis
2832 673 3101 726 detentatn
3131 712 3146 736 ,
3195 680 3249 726 et
3297 670 3502 727 Gothos
3548 687 3739 729 omnes

2159 745 2321 816 289
2348 758 2387 816 _a
2444 743 3045 816 Vaudalisinterfectos
3091 742 3256 816 fuisse
3298 743 3484 797 scribit
3529 742 3730 799 Proco-

2157 812 2277 883 iiiis
2307 814 2444 868 libro
2484 829 2499 883 ι
2530 813 2772 867 Historiis
2816 812 3152 883 Vandaliczn,
3202 812 3475 883 incusatus
3505 827 3590 866 res
3635 829 3738 871 no-

2161 881 2254 938 vas
2295 884 2346 938 in
2386 882 2526 952 regis
2564 883 2816 952 regnique
2853 881 3366 952 perniciemtnoliri.
3417 881 3533 937 Non
3556 891 3736 941 tamen

2157 953 2361 1009 Gothos
2389 951 2647 1009 adversus
2692 953 3018 1008 Hildericum
3060 951 3354 1022 quidquam
3382 952 3499 1008 istis
3529 962 3736 1022 tempo-

2157 1024 2304 1079 ribus
2329 1031 2563 1078 tentasse
2597 1024 2852 1092 legimus,
2885 1023 3026 1091 quod
3053 1022 3189 1076 forte
3220 1022 3377 1090 paulo
3405 1032 3523 1090 post
3552 1022 3734 1081 Hilde-

2155 1094 2299 1148 ricus
2327 1109 2356 1147 e
2384 1093 2524 1147 solio
2556 1108 2588 1147 a
2613 1093 2880 1148 Geliniere
2905 1095 3106 1162 absque
3143 1106 3337 1162 magno
3361 1093 3576 1161 negotio
3604 1094 3734 1152 fuis-

2155 1173 2238 1219 set
2265 1164 2522 1233 dejectus.
2565 1164 2800 1230 Quorum
2844 1162 3050 1218 animos
3092 1170 3349 1233 tyrannus
3385 1163 3475 1218 ille
3511 1177 3732 1232 regnum

2153 1231 2410 1288 affectans
2441 1231 2579 1287 haud
2607 1233 2825 1288 dubium
2857 1231 3181 1302 placaverat.
3215 1231 3608 1288 Theodoricum
3633 1234 3731 1290 has

2155 1305 2378 1372 injurias
2399 1303 2569 1357 ultum
2593 1318 2699 1356 non
2717 1304 2879 1359 fuisse
2903 1313 3126 1357 testatur
3148 1303 3392 1356 laudatus
3416 1302 3729 1372 Procopius,
3761 1330 3763 1333 τ

2153 1374 2294 1444 quod
2326 1388 2433 1429 non
2456 1375 2586 1444 satis
2617 1374 2796 1428 valere
2823 1372 3160 1444 se_classe_ad
3185 1372 3729 1444 petendamAfricam

2150 1441 2432 1512 iudicaret.
2482 1441 2749 1499 Cazterum
2785 1442 3056 1498 Hilderico
3077 1442 3324 1497 favebant
3353 1442 3594 1498 Justinus
3622 1447 3730 1498 Au-

2152 1527 2367 1584 gustus,
2399 1525 2485 1580 et,
2525 1515 2614 1584 qui
2662 1513 2822 1582 paulo
2863 1513 3306 1584 post_imperium
3355 1512 3581 1584 adeptus
3623 1525 3725 1579 est,

2153 1582 2500 1646 Justinianus.
2524 1582 2664 1652 quod
2693 1599 2759 1638 ex
2792 1592 2961 1638 matre
2992 1582 3232 1636 Eudoxia
3261 1584 3473 1651 genitus
3501 1583 3728 1638 Hilderi-

2154 1669 2250 1708 cns
2264 1656 2645 1722 imperatorum
2669 1655 3028 1708 Romanorum
3045 1652 3220 1706 afﬁnis
3240 1661 3402 1706 esset.
3427 1654 3491 1706 Et
3510 1653 3724 1721 quidem

2152 1724 2482 1779 Justinianus
2521 1729 2689 1779 factus
2726 1725 3052 1793 imperator,
3088 1737 3207 1776 cum
3237 1722 3474 1793 Gelimer
3501 1722 3726 1777 Hilderi-

2152 1809 2274 1848 cum
2323 1810 2355 1850 e
2408 1793 2546 1848 solio
2589 1791 2912 1861 dejecisset,
2963 1793 3136 1847 foedus
3183 1794 3322 1847 inter
3368 1791 3638 1847 Zenonem
3671 1802 3726 1847 et

2154 1862 2500 1920 Gensericum
2541 1879 2718 1932 regem
2749 1864 2876 1917 olim
2913 1863 3101 1917 initum
3129 1861 3365 1929 abrupit,
3395 1873 3556 1930 atque
3579 1877 3725 1916 com-

2154 1945 2337 2004 parato
2364 1935 2562 2004 ingenti
2593 1935 2853 1998 exercitu,
2878 1948 2975 2002 per
3001 1933 3312 1988 Belisarium
3344 1932 3534 2004 ducem
3581 1933 3722 2004 victo

2151 2002 2409 2074 captoque
2429 2002 2720 2066 ’Gelimere,
2750 2004 2839 2072 qui
2873 2004 3030 2072 paulo
3058 2012 3174 2074 post
3203 2002 3717 2072 Constantinopolim

2150 2073 2227 2128 ad
2248 2076 2572 2141 triumphum
2597 2075 2881 2142 perductus
2903 2083 3012 2138 est,
3041 2073 3274 2127 Africam
3306 2081 3468 2126 totam
3497 2087 3720 2140 recupe—

2150 2145 2316 2205 ravit,
2367 2151 2423 2196 ut
2456 2143 2572 2197 fuse
2615 2144 3130 2212 scribiLProcopius
3164 2143 3218 2197 in
3262 2142 3412 2196 libris
3459 2142 3528 2195 de
3575 2143 3723 2197 Bello

2153 2213 2459 2268 Vandalico.
2496 2213 2732 2267 Belisarii
2767 2213 3090 2282 triumphum
3129 2213 3343 2283 egregie
3372 2221 3722 2280 repraesentat

2148 2283 2289 2337 idem
2329 2295 2543 2348 auctor,
2575 2296 2678 2351 qua
2721 2284 3002 2337 occasione
3031 2283 3266 2338 Gelimer
3304 2284 3510 2336 illustre
3537 2297 3717 2336 rerum

2148 2353 2502 2406 humanarum
2553 2353 2852 2421 fragilitatis
2886 2368 2943 2405 re
2971 2353 3128 2407 simul
3156 2363 3209 2407 et
3237 2367 3369 2406 voce
3414 2352 3715 2419 exemplum

2145 2423 2315 2476 dedit.
2353 2421 2628 2477 Adductus
2653 2421 2846 2491 quippe
2883 2421 2949 2475 ad
2976 2422 3176 2483 circum
3200 2436 3320 2478 cum
3349 2421 3529 2490 stirpis
3559 2421 3718 2490 regia:

2145 2493 2478 2560 principibus
2518 2494 2831 2560 ceterisque
2862 2493 3182 2559 primoribus
3215 2491 3592 2555 Vandalorum,
3624 2493 3715 2561 qui

2147 2563 2411 2615 natalibus
2433 2570 2523 2615 aut
2548 2563 2707 2615 etiam
2731 2561 2968 2629 θοι-νοτίς
2994 2562 3313 2629 proceritate
3333 2571 3486 2616 erant
3512 2573 3717 2628 specta-

2143 2631 2298 2695 biles,
2330 2632 2506 2684 Statim
2537 2642 2697 2699 atque
2729 2632 3103 2699 imperatorem
3144 2632 3197 2684 in
3225 2631 3434 2685 sublimi
3463 2629 3593 2685 sede
3619 2645 3716 2700 po-

2145 2703 2302 2755 situm
2334 2701 2482 2763 vidit,
2515 2716 2618 2766 quo
2647 2701 2760 2767 ipse
2788 2703 3024 2756 venisset
3056 2701 3317 2756 malorum
3347 2699 3710 2766 considerans,

2145 2785 2318 2840 neque
2354 2770 2421 2823 ad
2462 2770 2756 2840 lacrymas,
2803 2785 2972 2839 neque
3013 2771 3079 2824 ad
3120 2773 3347 2825 lamenta
3397 2771 3710 2840 prolapsus,

2145 2839 2241 2898 has
2270 2840 2322 2894 in
2353 2854 2510 2894 voces
2549 2839 2722 2908 erupit
2749 2855 2814 2893 ex
2845 2841 3010 2894 sacris
3051 2841 3202 2895 libris
3230 2839 3578 2910 desumptas:
3615 2839 3716 2894 Va-

2140 2911 2274 2962 nitas
2317 2911 2633 2980 vanitatum,
2673 2911 2893 2980 nauitas.
2933 2909 3198 2966 Recenset
3225 2910 3518 2979 Procopius
3547 2911 3712 2980 spolia

2144 2979 2459 3046 pretiosiora
2487 2994 2604 3050 qua:
2625 2995 2692 3034 ex
2720 2978 2972 3050 Yarrdalis
3006 2989 3274 3050 reportata
3306 2983 3357 3035 in
3387 2978 3712 3050 triumphum

2144 2994 2459 3046 pretiosiora
2487 2994 2604 3102 tum:
2625 2995 2692 3034 ex
2729 2994 2972 3033 vanitatis
3006 2994 3274 3050 reportata
3306 2997 3357 3035 in
3387 2994 3712 3050 triumphum

2143 3051 2469 3105 ferebantur.
2533 3048 2686 3116 ‘rant,
2717 3049 2889 3120 inquit
2915 3050 3157 3106 laudatus
3194 3062 3404 3116 auctor,
3432 3068 3493 3104 ea
3529 3051 3712 3120 quibus

2141 3120 2348 3174 solitum
2367 3120 2655 3174 ministrare
2676 3120 2781 3190 regi
2803 3120 3058 3185 Vandalo,
3081 3123 3224 3176 sedes
3243 3137 3414 3176 aurea:
3432 3129 3476 3174 et
3498 3123 3708 3190 pilenta,

471 3203 599 3262 gem,
630 3205 784 3262 quam
811 3192 918 3241 sine
933 3188 1448 3262 caritatemajorem.
1485 3188 1621 3262 Cum
1661 3189 1847 3262 itaque
1868 3193 2039 3246 ruinis
2065 3191 2113 3252 C
2141 3205 2254 3260 qua:
2287 3188 2788 3262 regiammatronam
2813 3200 3154 3258 vectaverant,
3185 3188 3506 3262 gemmarum
3529 3200 3713 3256 prater

467 3255 728 3326 Ecclesiae
754 3273 867 3311 sua:
895 3257 1203 3324 reparandis
1226 3255 1368 3310 totus
1398 3257 1684 3322 insisteret,
1711 3258 1852 3326 quod
1875 3262 2035 3314 etiam

468 3323 772 3398 Bonifacius
813 3323 1249 3398 carthaginensis
1286 3328 1567 3398 episcopus
1613 3323 1849 3398 generali
1882 3330 2040 3385 totius

467 3395 661 3450 Africa:
687 3396 916 3450 concilio
939 3405 1262 3459 convocato,
1309 3395 1447 3464 quod
1473 3395 1756 3450 'annn’525
1798 3398 2038 3454 habitum

466 3474 569 3536 est,
601 3481 698 3534 per
721 3467 1019 3520 universam
1047 3465 1279 3536 Africam
1305 3467 1420 3519 fieri
1454 3467 1803 3536 procumbat,
1836 3470 1900 3522 ad
1929 3485 2041 3523 me-

465 3535 654 3590 liorem
698 3538 857 3588 vitam
899 3536 1180 3602 anhelans,
1226 3535 1277 3588 in
1329 3534 1552 3589 insulam
1601 3534 1869 3591 Circinam
1917 3553 2038 3592 cum

467 3607 650 3674 paucis
675 3605 926 3659 fratribus
965 3605 1183 3673 majoris
1227 3605 1567 3672 perfectionis
1590 3607 1765 3660 studio
1794 3609 2036 3671 secessit,

466 3674 555 3729 ubi
585 3677 738 3743 paulo
771 3687 888 3741 post
929 3676 998 3728 ad
1024 3684 1302 3728 extremam
1332 3691 1488 3744 usque
1515 3675 1695 3728 horam
1721 3694 1850 3731 sana
1877 3687 2040 3731 mente

465 3760 808 3814 perseverans,
832 3745 1000 3813 inquit
1027 3745 1158 3798 Vitae
1184 3746 1356 3812 ipsius‘
1373 3756 1580 3810 auctor,
1627 3746 1756 3814 ipsis
1797 3747 2037 3801 Januarii

464 3815 722 3877 calendis,
747 3825 867 3883 post
891 3823 1145 3881 peractam
1162 3830 1416 3883 vesperam
1439 3818 1683 3883 migravit
1706 3819 1882 3882 evita,
1897 3832 2038 3872 anno

464 3897 744 3956 postquam
777 3885 1030 3939 Ecclesiae
1061 3883 1322 3952 Ruspensi
1363 3885 1645 3952 praefectus
1686 3886 1859 3942 fuerat
1894 3888 2040 3956 vige-

461 3954 601 4026 simu
642 3955 845 4026 quinto,
898 3955 1070 4008 aetatis
1105 3969 1232 4008 vero
1278 3967 1390 4026 sua:
1431 3959 1770 4024 sexagesimo
1806 3954 2032 4026 quinto:

463 4023 658 4096 quibus
688 4024 1096 4096 verbisannum
1123 4040 1244 4096 term
1266 4024 1500 4096 vulgaris
1529 4023 1883 4096 5557indicari
1907 4043 2031 4096 [ιι-ου

457 4091 554 4166 bat
583 4094 847 4166 llenﬂcus
876 4093 1116 4166 Norisius
1139 4095 1277 4166 libro
1310 4110 1343 4146 ιι
1366 4091 1614 4166 Historiae
1645 4091 2036 4166 Pelag.,capite

463 4162 674 4216 ultimo.
697 4161 1036 4228 Fulgentium
1057 4163 1144 4216 die
1173 4163 1199 4216 1
1221 4163 1456 4216 Januarii
1483 4161 1961 4220 recentiora'simu'l
1983 4177 2037 4222 et

462 4241 646 4284 vetera
676 4232 1057 4302 inartyrologia
1093 4243 1536 4302 commemorant,
1566 4249 1721 4302 quem
1760 4238 1952 4289 merito
1981 4245 2038 4290 ut

465 4300 862 4371 saneti‘ssimum
883 4300 1187 4371 docturem,
1214 4300 1676 4368 vigilantissimum
1719 4305 2030 4371 antistitem,

461 4367 975 4439 invictissimumque
994 4368 1194 4424 Christi
1213 4367 1574 4424 confessorem
1597 4373 1830 4439 Ecclesia
1848 4367 2035 4429 cauto;

458 4435 562 4494 lica
591 4435 894 4492 veneratur.

530 4506 588 4560 4.
637 4508 900 4578 Caeterum
942 4521 1042 4578 pax
1077 4507 1160 4578 ab
1213 4506 1481 4578 liild‘erico
1525 4523 1779 4565 concessa
1821 4513 2030 4568 nonnisi

462 4575 676 4652 aliquod
704 4577 866 4631 veluti
878 4575 1201 4652 praeludium
1217 4576 1326 4652 fuit
1351 4591 1572 4630 summa:
1601 4579 1739 4633 illius
1771 4583 2032 4652 tranquil-

459 4644 626 4704 litatis
671 4661 829 4714 quam
878 4647 1118 4717 Ecclesia
1163 4646 1413 4717 Africana
1443 4659 1579 4717 post
1620 4664 1816 4717 paucos
1863 4644 2034 4710 annos

465 4723 747 4769 consecuta
775 4724 876 4770 est.
918 4716 1130 4772 Etenim
1161 4716 1397 4772 Gelimer
1425 4716 1716 4773 Gelilaride
1755 4721 2029 4779 Genserici

461 4784 574 4839 filio
605 4797 781 4856 natus,
824 4787 910 4840 cui
949 4796 1070 4856 post
1108 4787 1360 4842 llilderici
1403 4796 1631 4843 mortem
1669 4788 2030 4848 Vandalorum

462 4870 686 4930 regnum
702 4855 1027 4930 debebatur,
1051 4856 1545 4930 morteimpatiens,
1562 4859 1714 4927 pulso
1739 4862 2029 4930 Hilderico,

460 4939 602 4996 anno
622 4926 974 4996 53iregnum
1015 4926 1232 4979 invasit.
1261 4926 1412 4996 Favit
1452 4926 1572 4996 ejus
1599 4931 1877 4986 rebellioni
1918 4926 2032 4987 ιιιιὲ

461 4995 623 5048 derici
653 4995 894 5060 indoles;
943 4997 987 5049 is
1017 5010 1209 5063 nempe
1250 4995 1384 5052 adeo
1424 4995 1641 5054 timidus
1678 5011 1810 5062 erat,
1861 5012 1920 5055 ut
1962 5018 2030 5057 ne

459 5063 672 5136 quidem
701 5065 858 5136 gladii
904 5067 1362 5136 aspectumferre
1399 5078 1597 5136 posset.
1641 5068 1844 5124 Deinde
1887 5073 2027 5128 idem

461 5131 764 5186 liildericus
793 5131 1090 5191 Gothorum
1117 5135 1329 5190 animos
1358 5131 1477 5192 a'se
1503 5139 1708 5193 alienos
1737 5140 1933 5194 fecerat
1959 5143 2029 5196 ob

460 5202 799 5274 Amalafrida:
827 5204 1150 5260 Theoderici
1180 5207 1355 5274 magni
1378 5206 1498 5261 filia:
1520 5223 1730 5263 necem.
1755 5210 1878 5264 Haec
1899 5209 2030 5264 Tra-

458 5271 718 5344 samundu
748 5283 999 5342 nupserat
1034 5291 1048 5327 :
1083 5287 1137 5328 at
1167 5271 1291 5328 cuni
1324 5288 1439 5344 post
1478 5279 1652 5332 mariti
1683 5275 1929 5344 inortem,
1973 5292 2030 5336 ut

455 5351 638 5422 narrat
664 5341 1256 5422 Victortil‘unnonensis,
1281 5341 1346 5398 ad
1369 5346 1623 5422 barbaros
1644 5349 1872 5422 fugiens,
1890 5341 2026 5405 com-

455 5412 620 5486 misso
645 5413 829 5486 praelin
844 5412 1214 5486 Capsagprope
1240 5431 1477 5470 eremum
1497 5412 1787 5486 intercepta
1814 5412 2019 5486 fuisset,

454 5479 610 5559 paulo
639 5488 748 5559 post
767 5484 818 5534 in
845 5479 1081 5559 gustodia
1098 5479 1340 5559 defuncta
1369 5496 1442 5559 est
1466 5502 1485 5538 :
1514 5489 1652 5555 quod
1679 5479 1820 5559 aegre
1843 5479 2023 5548 ferens

452 5551 1160 5628 Atha_laricus,_Theudorici
1183 5570 1257 5628 _ex
1283 5551 1664 5628 Amtilasuiitlia
1694 5551 1800 5613 lilia
1830 5576 2016 5628 nepos,

454 5620 544 5700 qui
564 5622 902 5700 Ostrogothis
935 5623 989 5700 in
1012 5623 1157 5700 Italia
1181 5625 1493 5700 imperabat,
1513 5642 1577 5700 _ea
1607 5630 1674 5682 de
1703 5644 1760 5682 re
1789 5620 2024 5700 conque;

453 5696 569 5744 stus
583 5701 667 5746 est
681 5693 1205 5767 apuuCassiodorum
1221 5695 1319 5767 lib.
1335 5711 1382 5767 ix
1403 5694 1702 5767 Yariarum,
1723 5693 1946 5767 epistola
1965 5701 2017 5766 1,

455 5772 570 5828 quae
586 5771 668 5816 est
687 5762 754 5819 ad
773 5761 1098 5821 Hildericum
1115 5767 1256 5834 data,
1272 5765 1357 5819 ubi
1378 5765 1642 5820 violentam
1670 5761 1832 5824 fuisse
1857 5761 2018 5824 Ama;

2140 3276 2202 3313 ea
2227 3259 2536 3332 incredibilis
2579 3261 2838 3324 splendor,
2863 3276 2926 3314 ea:
2960 3276 3089 3332 au_ro
3125 3259 3306 3332 pocula
3355 3277 3562 3330 quotque
3607 3263 3712 3315 alia

2139 3331 2299 3410 regia!
2337 3344 2520 3410 mensis
2567 3339 2950 3410 ostentantenta.
3003 3330 3133 3410 Tum
3153 3347 3264 3410 vero
3288 3334 3483 3410 argenti
3503 3341 3711 3410 centena

2140 3399 2334 3468 aliquot
2363 3399 2524 3469 millia
2554 3402 2743 3465 pondo,
2773 3401 3020 3468 pretiique
3051 3402 3265 3467 ingentis
3291 3399 3425 3468 alia,
3457 3416 3568 3469 quae
3598 3399 3709 3454 lio-

2140 3484 2292 3522 mano
2321 3467 2578 3539 quondam
2607 3471 2797 3535 palatio
2836 3467 3033 3539 direpto
3083 3470 3376 3524 Gizericltus
3411 3467 3709 3527 abstulerat.

2142 3539 2208 3590 In
2252 3539 2332 3609 liis
2356 3541 2413 3590 ‘et
2439 3537 2553 3609 _illa
2594 3553 2707 3609 quae
2745 3541 2904 3608 captis
2947 3537 3072 3592 olim
3113 3539 3446 3609 Jerosolymis
3492 3539 3710 3594 Romam

2139 3608 2414 3677 pertulerat
2435 3605 2578 3660 Titus
2597 3605 2962 3680 Vespasianus.
2978 3610 3169 3665 Omnia
3187 3605 3396 3680 quoque
3418 3610 3710 3676 imperialia

2140 3675 2454 3733 ornamenta
2496 3693 2615 3746 quae
2645 3675 2964 3734 Gensericus
3004 3681 3170 3734 Roma
3204 3675 3366 3746 capta
3394 3682 3444 3733 in
3473 3675 3708 3735 Africam

2141 3750 2508 3810 transtulerat,
2530 3749 2630 3801 sibi
2661 3749 2906 3803 restituta
2935 3750 3096 3805 fuisse
3119 3759 3343 3804 testatur
3381 3749 3711 3805 Justinianus

2139 3819 2429 3888 imperator
2447 3819 2685 3888 cod.7lib.
2712 3835 2751 3885 t,
2775 3821 2857 3872 tit.
2888 3819 2977 3874 27.
3005 3825 3160 3874 Anno
3189 3819 3453 3888 sequenti,
3482 3821 3570 3887 qni
3595 3827 3712 3876 erat

2139 3887 2370 3957 vulgaris
2415 3903 2536 3941 arae
2579 3887 2684 3942 555
2706 3929 2721 3953 ,
2767 3889 3052 3944 Belisarius
3085 3887 3418 3944 consulatum
3449 3890 3707 3957 adeptus,

2138 3974 2289 4013 more
2317 3969 2556 4012 veterum
2585 3958 2862 4013 consulum
2892 3960 3254 4028 triumphavit,
3283 3974 3346 4014 ac
3371 3961 3708 4026 captivarum

2139 4029 2376 4083 humeris
2409 4038 2667 4096 portatus,
2692 4030 2978 4097 curruique
3007 4027 3305 4098 impositus,
3331 4039 3390 4082 ut
3412 4027 3709 4096 Procopius

2137 4108 2339 4164 narrat,
2362 4099 2482 4150 inde
2504 4099 2716 4151 missilia
2745 4100 2808 4151 de
2838 4098 3186 4152 Vandalorum
3224 4099 3400 4168 spoliis
3429 4102 3623 4166 sparsit
3649 4099 3706 4154 in

2135 4169 2360 4238 vulgus;
2389 4183 2507 4220 vasa
2534 4169 2736 4222 scilicet
2760 4180 3019 4238 argentea,
3053 4185 3208 4222 zonas
3238 4184 3438 4233 aureas,
3470 4172 3710 4237 variaque

2135 4239 2262 4304 regii
2285 4237 2434 4308 luxus
2460 4237 2962 4308 _instrumenta,’qu:c
2996 4239 3142 4308 plebs
3170 4252 3292 4293 cum
3325 4240 3531 4306 magnis
3557 4241 3709 4308 plau-

2133 4308 2282 4359 sibus
2311 4306 2617 4372 recipiebat.

2206 4377 2260 4446 5.
2291 4375 2554 4446 Maximus
2602 4389 2730 4429 vero
2769 4375 2926 4445 hujus
2957 4377 3190 4433 victoria:
3227 4377 3429 4433 fructus
3468 4375 3565 4430 fuit
3601 4391 3707 4446 pax

2136 4443 2390 4517 Ecclesia:
2432 4443 2697 4517 Africanae
2736 4462 2773 4517 :7
2797 4443 3220 4515 persecutionem
3262 4449 3457 4517 quippe
3484 4487 3499 4511 ,
3545 4443 3707 4516 quam

2175 4514 2376 4586 onnulli
2404 4514 2506 4568 sub
2527 4514 2810 4570 Gelimcris
2827 4519 3103 4586 tyrannide
3133 4514 3469 4572 recruduisse
3492 4514 3702 4586 volunt,

2058 4551 2111 4610 Β
2137 4529 2376 4593 nonnum
2404 4529 2506 4568 suo
2527 4529 2808 4596 uetimcris
2827 4529 3103 4599 tyrannide
3133 4529 3469 4597 recruuutsse
3492 4529 3702 4593 vomnt,

2136 4593 2358 4654 penitus
2379 4594 2500 4637 tunc
2528 4593 2797 4654 temporis
2825 4597 3139 4642 exstinctam
3177 4588 3342 4642 fuisse
3377 4602 3536 4642 nemo
3564 4587 3702 4640 difﬁ-

2137 4653 2296 4708 tetur.
2325 4653 2482 4708 Certe
2513 4653 2834 4710 Gelimercm
2873 4659 3150 4712 catholicis
3183 4657 3377 4712 favisse
3419 4672 3578 4712 nemo
3605 4657 3707 4712 sibi

2137 4724 2494 4792 persuadebit,
2521 4739 2678 4792 quem
2699 4726 2906 4782 scilicet
2929 4729 3088 4782 etiam
3119 4730 3168 4783 in
3194 4741 3321 4782 suos
3338 4728 3501 4782 fuisse
3521 4729 3679 4782 saevis

2133 4795 2324 4866 simum
2355 4807 2541 4866 omnes
2567 4799 2933 4866 consentiunt,
2967 4811 3024 4852 ut
3050 4813 3115 4854 ne
3139 4799 3264 4866 quid
3294 4799 3467 4852 dicam
3496 4798 3563 4851 de
3593 4796 3707 4851 llil-

2133 4863 2314 4936 derico
2335 4864 2578 4936 ,‘optimo
2608 4865 2877 4936 principe,
2920 4883 3077 4936 quem
3107 4863 3397 4922 crudeliter
3434 4882 3553 4921 cum
3581 4867 3705 4921 aliis

2133 4933 2299 5003 ipsius
2321 4932 2571 5004 affinibus
2596 4932 2764 4989 occidi
2783 4932 2968 5004 jussit,
3001 4947 3058 4990 ut
3088 4945 3310 4993 testatur
3342 4937 3523 4991 Victor
3553 4936 3704 4989 Tun-

2133 5003 2386 5056 nonensis
2409 5005 2461 5058 in
2493 5003 2775 5072 Chronico,
2794 5003 2872 5059 ad
2901 5017 3146 5075 quartqu
3167 5007 3454 5062 Justiniani
3479 5006 3704 5074 Augusti

2131 5075 2462 5128 consulatum
2491 5090 2505 5125 :
2537 5078 2626 5142 qui
2665 5085 2851 5130 auctor
2894 5092 3001 5131 non
3030 5079 3196 5132 semel
3240 5078 3488 5133 observat
3517 5077 3704 5128 multos

2132 5142 2376 5196 nobilium
2413 5143 2601 5210 Africa:
2641 5145 2710 5199 ab
2750 5146 2941 5200 eodem
2986 5163 3110 5214 rege
3133 5147 3294 5202 fuisse
3321 5148 3702 5213 interemptos,

2129 5226 2354 5285 quorum
2406 5214 2543 5266 bona
2592 5228 2688 5285 per
2737 5214 2815 5268 fas
2861 5227 2914 5270 et
2971 5219 3120 5271 nefas
3163 5226 3347 5285 postea
3394 5215 3700 5284 diripiebat.

2132 5281 2391 5336 Enmdem
2421 5297 2548 5336 vero
2574 5281 2892 5342 Arianorum
2916 5297 3074 5341 secta:
3095 5281 3517 5341 addictissinium
3539 5285 3701 5340 fuiase

2131 5367 2194 5424 ex
2225 5351 2491 5424 ProcOpiq
2521 5352 2845 5424 colligimus,
2885 5357 2974 5424 qui
2999 5356 3135 5410 libro
3166 5372 3203 5410 ιι
3230 5356 3297 5410 de
3325 5355 3469 5411 Bello
3490 5355 3704 5408 Vanda-

2132 5422 2235 5496 lico
2264 5421 2427 5475 refert
2455 5421 2772 5479 Gelimercm
2802 5421 3056 5496 speciosis
3079 5427 3239 5496 290
3264 5427 3313 5496 in
3337 5424 3543 5496 Galatia
3569 5439 3703 5492 prte-

2129 5491 2254 5554 diis,
2267 5506 2384 5559 quae
2401 5507 2520 5564 cum
2541 5491 2851 5564 propinquis
2876 5491 3224 5560 inliabita—rEt,
3239 5511 3267 5548 a
3290 5491 3589 5550 Justiniano
3608 5498 3702 5550 do-

2130 5571 2311 5634 natum
2336 5561 2548 5629 quidem
2577 5561 2765 5629 fuisse,
2781 5567 3085 5634 patriciatus
3110 5581 3237 5619 vero
3257 5565 3567 5634 dignitatem
3597 5582 3699 5620 non

2128 5633 2790 5706 fuisse_adeptum,quodqab
2801 5636 2910 5689 Arii
2921 5637 3122 5706 placitis
3133 5633 3404 5706 discedere
3415 5635 3697 5706 uoluisset.

2199 5701 2250 5754 6.
2285 5700 2614 5774 Recuperata
2661 5700 2838 5774 itaque
2865 5722 2894 5758 a
2921 5700 3198 5760 'Romanis
3234 5705 3330 5759 fuit
3357 5704 3539 5759 Africa
3565 5705 3696 5758 indi-

2127 5771 2302 5824 ctione
2335 5787 2405 5824 xit
2428 5770 2448 5839 ,’
2477 5770 2775 5829 Justiniani}
2804 5776 3041 5844 Augutu
3072 5793 3124 5829 iv
3157 5786 3210 5831 et
3252 5774 3475 5830 Paulino
3503 5789 3689 5829 consu-
