4078 6348
434 357 540 413 453

791 355 1116 415 RUINARTI
1154 358 1221 414 IN
1260 357 1622 416 HISTORIAM
1660 356 1945 414 PERSEC.
1990 359 2287 417 VANDA'L.
2327 364 2871 427 COMMENTARIUS
2910 370 3331 433 HISTORICUS.

2459 257 2497 269 ο.

3587 378 3695 437 438

432 440 595 556 libus,
626 467 791 556 est
812 467 1042 556 vulgaris
1062 483 1191 556 ferte
1210 468 1507 556 annobu‘,’
1520 452 1842 556 Apost‘a‘n‘pos
1866 468 2009 556 sci'Ii-
2033 472 2086 532 Α
2115 486 2219 555 una
2239 472 2307 556 in_
2324 474 2581 556 honorem
2604 476 3332 556 Deiparw‘Virginis_sacrata
3352 500 3461 556 pra:
3482 472 3695 548 caeteris

428 550 514 594 cet
552 548 757 609 septem
793 545 1171 609 supracentum
1215 554 1371 607 quam
1396 555 1425 591 a
1472 539 1718 593 Vaudalis
1746 548 2005 609 occupata

430 611 622 663 fuerat.
648 607 925 676 Simulque
952 608 1194 663 restituta
1218 609 1314 663 fuit
1331 610 1553 679 imperio
1570 607 2007 679 Carthagine‘nsis

427 679 681 749 civitas,~
712 692 855 732 anno
905 688 1181 749 postquam
1228 694 1255 731 a
1305 679 1594 734 Genserico
1633 688 1789 747 capta
1837 680 2010 735 fuerat

427 747 779 818 nonagesimo
824 747 1054 818 quinto.
1087 748 1330 803 Publicas
1375 764 1436 804 ea
1492 749 1560 804 de
1606 764 1665 804 re
1712 751 2003 817 gratiarum

425 820 669 873 actiones
710 818 820 872 Deo
848 818 967 887 Opt.
1000 818 1138 873 Max.
1179 819 1359 872 retulit
1384 819 2005 887 JustinianusAugustus

428 890 480 943 in
518 888 902 943 constitutione
929 887 1205 959 deot‘licio
1232 890 1467 959 praefecti
1496 890 1751 958 prmtorio‘
1781 887 1998 957 Africaa,

425 974 545 1028 qua:
577 958 801 1013 habetur
828 959 881 1012 in
920 958 1105 1014 codice
1148 958 1431 1013 JuStiniani
1476 960 1611 1013 libro
1646 975 1688 1023 ι,
1716 959 1868 1013 titulo
1897 960 2001 1025 27;

427 1031 516 1083 ubi
550 1029 761 1083 sibimet
813 1028 910 1097 ipsi
941 1028 1008 1083 de
1054 1038 1201 1083 tanto
1247 1030 1505 1084 beneflcio
1543 1029 1641 1084 sibi
1672 1044 1704 1083 a
1736 1030 1846 1085 Deo
1875 1045 2004 1085 con-

426 1114 582 1171 cesso
611 1097 924 1171 gratulatur.
959 1098 1125 1171 Quas,
1159 1099 1362 1171 inquit,
1386 1100 1607 1171 gratias,
1630 1108 1717 1153 aut
1743 1116 1869 1169 quas
1890 1101 2003 1155 lau-

426 1169 515 1221 des
535 1168 751 1221 Domino
776 1168 881 1221 Deo
899 1170 1068 1221 nostro
1089 1169 1120 1221 ,Ι
1128 1184 1214 1221 esu
1235 1168 1435 1224 Christo
1456 1170 1691 1223 exhibere
1711 1168 2003 1237 debeamus,

426 1256 519 1310 nec
544 1254 684 1292 mens
724 1248 897 1310 nostra
922 1248 1083 1308 potest
1112 1240 1399 1310 concipere,
1426 1255 1518 1293 nec
1546 1241 1724 1309 lingua
1754 1241 2000 1310 proferre.

430 1309 624 1382 Multas
663 1309 941 1382 quidemet
969 1321 1120 1362 antea
1146 1325 1179 1382 a
1209 1308 1316 1382 Deo
1340 1310 1610 1382 meruimus
1624 1308 1916 1382 largitores,
1954 1320 2003 1365 et

428 1378 821 1431 innumerabilia
841 1380 976 1431 circa
1004 1395 1096 1432 nos
1117 1381 1226 1446 ejus
1266 1378 1506 1447 beneﬁcia
1546 1378 1875 1448 conﬁtemur,
1910 1398 2002 1448 pro

424 1449 605 1518 quibus
628 1448 758 1501 nihil
779 1448 985 1518 dignum
1006 1465 1098 1502 nos
1118 1452 1275 1520 egisse
1298 1451 1667 1517 cognoscimus.
1700 1451 1820 1504 Pra:
1840 1453 2003 1504 omni-

427 1521 516 1573 bus
556 1528 726 1571 tamen
754 1521 871 1581 hoc,
920 1521 1057 1588 quod
1108 1536 1242 1573 nunc
1286 1522 1601 1583 omnipotens
1633 1520 1769 1573 Deus
1793 1536 1881 1588 per
1909 1538 2001 1575 nos

424 1605 517 1659 pro
542 1604 636 1641 sua
657 1588 839 1659 laude,
862 1599 909 1641 et
927 1605 1018 1656 pro
1047 1605 1137 1641 suo
1166 1590 1367 1641 nomine
1392 1590 1743 1643 demonstrare
1762 1592 2001 1657 dignatus

426 1658 517 1724 est,
546 1658 741 1712 excedit
771 1659 940 1711 omnia
978 1659 1234 1713 mirabilia
1266 1675 1419 1726 opera
1447 1676 1560 1730 qua:
1594 1661 1647 1713 in
1675 1662 1859 1713 sreculo
1880 1678 2001 1715 con-

425 1730 666 1801 tigerunt,
698 1737 753 1781 ut
777 1730 952 1795 Africa
981 1746 1071 1797 per
1102 1746 1195 1801 nos
1219 1738 1321 1783 tam
1354 1732 1484 1783 brevi
1512 1740 1733 1801 tempore
1756 1733 2000 1799 reciperet

426 1800 704 1871 libertatem
723 1838 740 1863 ,
778 1810 928 1871 antea
965 1800 1241 1870 nonaginta
1265 1804 1484 1871 quinque
1514 1817 1673 1856 annos
1695 1818 1728 1854 a
1758 1801 1998 1857 Vandalis

423 1870 710 1940 captiuata;
730 1870 816 1937 qui
836 1871 1123 1923 animarum
1155 1873 1352 1938 fuerant
1382 1872 1534 1924 simul
1556 1872 1724 1923 hostes
1750 1882 1795 1924 et
1821 1889 1997 1940 corpo-

423 1956 554 2011 rum.
580 1938 721 1993 Nam
741 1940 938 2011 animas
958 1940 1182 2011 quidem,
1212 1941 1409 1994 diversa
1434 1950 1682 1994 tormenta
1702 1938 1999 2011 atquesup-

422 2009 578 2077 plicia
622 2025 724 2081 non
756 2010 989 2079 ferentes,
1032 2010 1401 2081 rebaptizando
1430 2012 1497 2063 ad
1534 2027 1681 2063 suam
1728 2009 1999 2081 perﬁdiam

423 2080 1065 2152 transferebantscorpora
1084 2096 1199 2134 vero
1224 2080 1393 2134 liberis
1424 2082 1679 2134 natalibus
1709 2080 1849 2135 clara
1869 2084 1998 2152 jugo

423 2149 683 2203 barbarico
724 2149 997 2220 durissime
1038 2152 1372 2220 subjugabant
1414 2166 1435 2205 :
1476 2152 1614 2219 ipsas
1660 2149 1881 2220 quoque
1907 2149 1999 2205 Dei

420 2229 771 2274 sacrosanctus
794 2219 1026 2273 ecclesias
1051 2219 1156 2274 suis
1179 2222 1407 2287 perﬁdiis
1423 2219 1781 2284 maculabant,
1798 2222 1999 2290 aliquas

421 2305 529 2342 vero
560 2306 622 2343 ex
652 2291 724 2343 eis
757 2291 957 2343 stabula
986 2291 1227 2357 fecerunt.
1271 2290 1505 2345 Vidimus
1541 2291 1846 2345 uenerabiles
1867 2294 1998 2346 viros

421 2362 503 2427 qui
532 2359 768 2431 abscissis
785 2361 1035 2414 radicitus
1066 2362 1253 2431 linguis
1292 2378 1413 2415 suas
1446 2377 1615 2425 uenas
1646 2362 2001 2415 miserabiliter

422 2434 437 2493 ς
448 2432 658 2502 mallem
685 2430 861 2499 legere
887 2430 1209 2502 mirabiliter)
1241 2432 1590 2502 loquebantur.
1620 2432 1723 2484 Alii
1742 2448 1858 2485 vero
1884 2442 1998 2502 post

421 2501 473 2551 di
480 2517 616 2553 versa
634 2509 879 2553 tormenta
902 2516 992 2569 per
1007 2500 1225 2555 diversas
1246 2500 1461 2570 dispersi
1478 2502 1765 2568 provincias
1777 2500 1927 2554 vitam
1944 2503 1995 2555 in

421 2570 600 2623 exsilio
622 2580 942 2641 peregerunt.
978 2571 1090 2636 Quo
1126 2587 1243 2639 ergo
1268 2588 1518 2634 sermone,
1550 2582 1637 2623 aut
1667 2572 1848 2639 quibus
1877 2588 1996 2641 ape-

420 2641 556 2695 ribus
586 2638 765 2711 dignas
795 2638 903 2693 Deo
932 2642 1125 2710 gratias
1153 2638 1302 2708 agere
1343 2642 1631 2701 valeamus.
1663 2638 1769 2697 etc.
1802 2638 1918 2696 Hac
1942 2644 1993 2697 iu

421 2712 797 2767 constitutione
826 2712 1116 2779 imperator
1149 2712 1375 2767 Africam
1400 2713 1453 2765 in
1488 2713 1768 2780 pristinum
1795 2722 1992 2769 statum

420 2787 752 2846 restitutam,
795 2782 981 2837 iisdem
1029 2784 1318 2852 privilegiis
1364 2783 1599 2850 gaudere
1650 2784 1763 2837 vult
1803 2784 1994 2852 quibus

422 2865 575 2909 antea
595 2852 977 2922 perfruebatur.
1001 2853 1195 2907 Przeter
1222 2852 1525 2919 praefectum
1551 2856 1991 2923 praetorio,quem

424 2923 737 2992 Carthagine
776 2923 1097 2978 commorari
1139 2924 1325 2991 jussit,
1372 2932 1599 2977 czeteros
1634 2938 1846 2991 quoque
1875 2925 1993 2979 offl-

424 2995 586 3048 ciales
632 2994 874 3057 instituit,
899 2994 987 3063 qui
1020 3008 1114 3062 per
1156 2994 1397 3047 diversas
1438 2992 1635 3048 Africae
1666 2995 1908 3063 regiones
1940 2998 1990 3050 iu

423 3065 714 3134 majoribus
752 3064 972 3118 urbibus
1012 3063 1185 3135 sedes
1211 3065 1455 3135 proprias
1500 3063 1778 3135 haberent,
1808 3065 1993 3135 eisque

422 3136 668 3190 omnibus
706 3135 965 3203 stipendia
1010 3133 1323 3202 singillatim
1354 3133 1659 3201 assignavit.
1710 3133 1991 3190 Dimcesim

2030 1844 2078 1903 B

2111 544 2411 629 eminebat;
2440 545 2661 629 aiteram
2691 544 2791 605 sub
2817 544 3057 629 ejusdem
3099 544 3421 629 beatissima
3459 544 3691 629 Virginis

2111 616 2491 698 nomi'neﬂud
2516 616 2755 698 Septam,
2787 616 2905 698 quae
2931 623 2983 676 in
3012 638 3107 678 ora
3140 625 3332 681 Africae
3363 643 3529 698 prope
3554 616 3695 687 Bne;

2108 697 2221 764 ram
2245 682 2495 769 .l‘lefc'ulis
2516 682 2824 769 columnam:
2834 691 2942 769 sita
2964 702 3068 769 esi,
3087 682 3412 769 construxiti
3434 682 3689 769 Primam,

2108 755 2284 822 inquit
2313 755 2642 831 Procopius,
2674 759 2776 831 ipsi
2806 760 2983 816 Mariae
3022 755 3265 831 Deiparze
3294 768 3469 823 dicam
3508 755 3691 827 cause:-

2107 839 2353 894 cransque
2390 842 2533 880 oram
2571 829 2801 897 imperii,
2842 832 3110 886 castellum
3125 829 3228 887 lioc
3256 838 3488 893 universo
3525 840 3693 895 Itami-

2107 909 2229 977 nurn
2258 897 2427 977 generi
2466 898 2853 977 inenpugnabile
2875 904 3535 977 reddiditiiNobilissitnam
3559 911 3688 967 item

2107 965 2390 1045 ecclesiam
2429 965 2591 1045 apud
2621 965 2903 1025 S’abratam
2936 972 3281 1045 Tripolitanus
3311 978 3499 1033 urbem
3535 994 3567 1033 a
3597 965 3693 1035 iii;

2105 1036 2337 1111 stiui_an_o
2361 1036 2677 1111 aedificatam
2704 1051 2966 1103 memorat
2986 1036 3126 1098 idem
3154 1056 3376 1111 auctor;
3404 1048 3538 1103 duas
3558 1065 3689 1105 vero

2105 1106 2651 1188 appd.Ca_i'tha’ginem_
2679 1110 3099 1188 lieri_praecepit,
3132 1106 3372 1188 priorem
3397 1118 3601 1174 scilicet
3635 1122 3687 1176 in

2106 1174 2304 1296 Baiano
2330 1176 2421 1230 Dei
2448 1174 2728 1246 Genitrici,
2761 1174 2984 1235 alteram
3006 1174 3165 1238 'extr'a
3196 1186 3443 1251 palatium
3473 1174 3687 1245 Sanctae

2150 1260 2332 1296 rimae.
2363 1262 2483 1296 mm
2512 1263 2614 1296 una
2646 1259 2788 1296 erat-
2824 1252 2991 1296 innnil
3033 1253 3322 1296 Prnnnninc
3374 1270 3439 1296 nr
3488 1262 3685 1296 ααηηιίι

2107 1252 2297 1326 i’rimze
2317 1286 2337 1326 ε
2363 1262 2483 1316 qua:
2512 1263 2615 1302 una
2646 1259 2788 1326 eiat,
2824 1252 2991 1326 inquit
3033 1253 3344 1321 Procopius,
3374 1270 3440 1311 ex
3487 1262 3687 1315 sanctis

2104 1314 2393 1398 ipdigenis,
2416 1331 2645 1372 sacram.
2679 1314 3180 1398 Monasteriumpri
3203 1314 3351 1398 terea
3378 1326 3515 1381 intra
3544 1314 3690 1398 ejus-

2105 1384 2239 1468 item.
2271 1386 2413 1439 urbis
2460 1390 2731 1468 muros-ad
2762 1399 2969 1468 portum
3000 1392 3089 1468 qui
3116 1392 3473 1468 Mundracium
3505 1384 3685 1468 appel-

2104 1454 2310 1535 iabatur
2346 1454 2817 1535 condidit.hPorr’o_
2847 1454 3193 1517 ecclesiarum
3240 1465 3377 1519 bona
3416 1454 3689 1535 quze'bar-

2107 1525 2589 1619 blant-iuinvaserau‘t,
2622 1530 2761 1619 idem
2805 1532 3097 1619 imperator
3141 1535 3253 1619 suis
3301 1525 3525 1619 quaeque
3552 1539 3685 1619 locis

2105 1599 2313 1673 restitui
2341 1599 2567 1665 curavit,
2601 1600 2810 1673 aliaque
2833 1599 2966 1657 bene
2989 1604 3149 1657 multa
3177 1599 3413 1661 decrevit
3436 1599 3491 1661 in
3512 1610 3686 1663 eccle-

2103 1672 2303 1745 siarum
2332 1681 2706 1745 acsacrorum
2744 1672 3107 1727 ministrorum
3153 1675 3411 1741 gratiam,
3463 1694 3581 1745 quae
3630 1680 3685 1735 in

2104 1735 2337 1807 Novellis
2384 1738 2607 1807 aliisque
2662 1741 3022 1807 imperatoriis
3072 1735 3542 1801 constitutionibus
3591 1749 3686 1803 lia-

2106 1805 2313 1885 benitir.
2337 1805 2610 1885 gaudium
2640 1805 2789 1885 auxit
2818 1827 3071 1885 novarum
3102 1814 3307 1881 aliquot
3345 1817 3581 1885 gentiutn
3616 1820 3684 1873 ad

2104 1874 2301 1957 Christi
2331 1877 2488 1957 fid_er_n
2511 1882 2819 1957 conversio,
2840 1874 3413 1957 barbarorumfcilich
3434 1889 3521 1957 qui
3543 1887 3685 1944 circa

2106 1945 2327 2000 limitem
2370 1948 2757 2024 Tripplitanum
2808 1951 3137 2024 habitabant.
3186 1955 3263 2007 Ex
3311 1955 3393 2009 his
3440 1945 3681 2024 Mauros,

2104 2026 2459 2093 cognomenio
2482 2018 2723 2093 Pacatos,
2739 2022 2836 2093 qui
2852 2020 3124 2077 Cidamam
3151 2026 3335 2087 urbem
3358 2018 3683 2093 incolebant,

2106 2097 2383 2165 memorai
2401 2088 2689 2165 Procopius
2714 2088 2851 2165 libro
2873 2108 2925 2145 vr
2958 2093 3025 2147 de
3055 2093 3341 2165 Ediliciis,
3375 2111 3496 2165 cap.
3528 2098 3595 2164 3;
3624 2088 3683 2154 et

2106 2156 2314 2238 Mauros
2332 2156 2703 2238 Gadabitanos
2728 2162 2901 2238 capite
2926 2164 3199 2238 sequenti,
3228 2156 3362 2238 quos
3389 2156 3530 2222 haud
3554 2156 3682 2238 pro-

2102 2226 2198 2300 culi
2216 2227 2290 2300 ab
2314 2228 2444 2300 urbe
2476 2229 2626 2296 Lepti
2654 2226 2837 2300 Magna
2866 2226 3132 2288 habitasse
3159 2226 3365 2291 scribit.

2172 2295 2225 2349 9.
2260 2296 2520 2376 Defuncto
2538 2295 2853 2376 _’auter_n'iiis
2891 2304 3217 2376 temporibus
3249 2304 3520 2376 Bonifacio
3551 2310 3672 2376 epi-

2100 2379 2267 2434 sc0po
2304 2368 2729 2440 Carthaginensi,
2758 2368 3061 2440 Reparatus
3098 2374 3150 2425 in
3184 2374 3351 2439 ipsius
3385 2375 3557 2430 locum
3586 2368 3682 2432 as-

2099 2446 2505 2508 sumptusiest,
2549 2439 2805 2493 Belisario
2852 2441 2916 2495 V.
2940 2442 3003 2496 C.
3036 2443 3287 2508 consule,
3324 2445 3375 2497 id
3407 2454 3491 2500 est
3536 2462 3680 2503 anno

2101 2506 2321 2579 555,_si
2364 2506 2563 2579 Victori
2611 2508 2952 2565 Tunnonensi
2994 2506 3291 2567 credamus.
3345 2514 3445 2579 Qui
3497 2524 3677 2572 tamen

2099 2576 2387 2649 concilium
2420 2576 2836 2643 Carthaginense
2857 2581 2957 2633 sub
2978 2583 3242 2649 Heparato
3281 2576 3423 2638 anno
3452 2585 3555 2639 554
3585 2588 3680 2640 ha-

2101 2644 2266 2721 bitum
2299 2647 2461 2703 fuisse
2490 2649 2709 2713 volunt,
2735 2644 3095 2705 necessarium
3136 2662 3219 2707 est
3250 2664 3308 2707 ut
3338 2656 3505 2721 ipsius
3533 2657 3678 2711 ordi-

2100 2720 2367 2795 nationem
2399 2721 2799 2795 eodem‘snltem
2826 2738 2967 2774 anno
2992 2724 3328 2795 consignent.
3351 2720 3512 2780 Certe
3532 2728 3676 2795 Aga-

2101 2788 2205 2860 peti
2229 2788 2467 2854 epistola:
2485 2790 2550 2841 ad
2577 2788 2895 2856 Reparatum
2916 2794 3128 2859 scriptae
3148 2788 3343 2849 'inense
3372 2788 3675 2860 Septembri

2099 2858 2236 2911 datze
2267 2866 2397 2930 sunt
2425 2868 2540 2925 post
2583 2861 2913 2930 consulatum
2966 2858 3202 2929 Paulini,
3250 2879 3355 2930 quo
3404 2858 3540 2920 idem
3572 2866 3677 2920 555

2096 2942 2268 3002 annus
2289 2928 2613 3002 designatur.
2645 2929 2811 3002 Porro
2836 2930 3128 3002 Reparatus
3166 2928 3342 2986 statim
3374 2943 3494 3002 post
3522 2951 3675 2989 suam

2096 2997 2522 3071 ordinaiioneni,
2556 2998 2797 3071 restituta
2841 2997 3129 3071 episcOpali
3164 2997 3503 3071 Carthaginis
3542 3006 3673 3059 sede

2096 3067 2237 3135 apud
2284 3066 2461 3139 Fausti
2504 3068 2779 3139 basilicam
2801 3109 2815 3132 ,
2848 3066 3037 3124 multis
3058 3066 3429 3139 locupletatam
3459 3082 3675 3129 sancto-

2097 3151 2216 3191 rum
2257 3137 2547 3209 martyrum
2581 3137 2840 3207 reliquiis,
2864 3154 3023 3208 quam
3054 3137 3235 3195 Ariani
3276 3142 3376 3197 sub
3403 3144 3672 3199 l‘lunerico

422 3202 954 3280 Africanam__septem
986 3206 1037 3257 in
1070 3204 1372 3273 provincias
1403 3205 1628 3280 partitus
1656 3213 1739 3280 est
1767 3221 1781 3257 :
1813 3204 1992 3280 'l‘ingi-
2018 3202 2065 3264 C
2096 3221 2207 3280 per
2238 3208 2345 3280 vim
2388 3202 2779 3280 occupaverant
2803 3250 2817 3273 ,
2858 3202 3145 3264 concilium
3198 3213 3450 3280 generale
3511 3217 3671 3269 totius

424 3286 597 3330 tanam
643 3276 881 3341 scilicet,
910 3283 965 3329 et
992 3290 1108 3343 quae
1137 3284 1291 3329 antea
1337 3274 1732 3343 proconsularis
1765 3274 1993 3329 vocaba-

424 3354 506 3399 tur
532 3344 936 3413 Carthaginem,
982 3346 1298 3414 Byzacium,
1339 3345 1624 3412 Tripolim,
1655 3343 1989 3411 Numidiam,

422 3416 809 3477 Mauritaniam,
841 3425 895 3471 et
924 3416 1245 3479 Sardiniam,
1277 3430 1499 3484 quarum
1531 3417 1737 3482 priores
1763 3424 1991 3484 quatuor

421 3501 449 3539 a
496 3486 885 3550 consularibus,
926 3495 1031 3540 tres
1062 3500 1194 3540 vero
1228 3486 1553 3553 posteriores
1598 3499 1630 3539 a
1676 3486 1992 3553 praesidibus

420 3556 772 3610 administrari
799 3557 983 3611 voluit.
1011 3556 1065 3610 In
1093 3556 1335 3624 sequenti
1373 3555 1775 3620 constitutione,
1798 3556 1866 3609 de
1888 3559 1991 3611 mi-

421 3626 658 3680 litaiibus
687 3625 878 3682 officiis
903 3640 965 3681 ac
987 3626 1253 3693 judicibus
1285 3628 1411 3694 agit,
1454 3629 1733 3695 assignans
1777 3627 1890 3680 loca
1937 3628 1989 3682 in

420 3698 609 3765 quibus
637 3698 861 3750 militum
902 3697 1065 3751 duces
1110 3711 1203 3765 per
1250 3696 1424 3750 varias
1446 3696 1637 3751 Africm
1692 3698 1992 3765 provincias

420 3767 644 3820 instituti
691 3766 849 3822 sedes
895 3767 1093 3822 habere
1138 3767 1387 3821 debeant.

492 3838 542 3888 7.
576 3837 683 3907 Nec
732 3836 813 3891 his
859 3848 1142 3891 contentus
1183 3837 1499 3907 imperator,
1533 3849 1592 3896 ut
1616 3839 1846 3894 Africam
1885 3840 1992 3905 pri-

420 3908 560 3960 stino
606 3906 874 3975 Splendori
912 3906 1441 3974 restitueret,’novas
1474 3906 1630 3960 urbes
1669 3908 1988 3974 aedificavit,

420 3992 547 4031 vero
574 3978 741 4031 muris
760 3978 950 4042 cinxit,
977 3993 1189 4032 omnem
1229 3978 1457 4045 denique
1488 3979 1756 4046 regionem
1788 3980 1993 4046 magni-

419 4047 776 4102 ficentissimis
830 4048 1113 4114 aediﬁciis,
1171 4048 1595 4116 necessariisque
1647 4047 1991 4102 munimentis

418 4117 672 4171 adversus
717 4118 1001 4183 barbaros,
1031 4127 1085 4173 et
1112 4119 1344 4182 ornavit,
1374 4130 1427 4171 et
1458 4118 1713 4185 protexit,
1745 4127 1803 4171 ut
1824 4117 1991 4172 fusius

420 4198 599 4240 narrat
646 4188 935 4256 Proc0pius
986 4189 1119 4241 libro
1170 4197 1321 4241 sexto
1360 4187 1427 4241 de
1455 4186 1718 4251 Editiciis
1748 4202 1779 4240 a
1806 4202 1924 4255 cap.
1956 4190 1991 4241 5

420 4273 586 4326 usque
613 4258 677 4311 ad
704 4258 879 4311 finem.
909 4259 975 4312 Et
1000 4259 1080 4311 his
1100 4257 1269 4327 Caput
1297 4256 1497 4311 Vadam
1520 4258 1573 4311 in
1606 4258 1903 4327 Byzacena,
1933 4266 1989 4311 et

418 4327 649 4381 Tuccam
701 4330 751 4381 in
796 4328 1159 4396 proconsulari
1203 4327 1358 4382 urbes
1396 4330 1462 4381 de
1514 4341 1652 4381 novo
1694 4337 1995 4382 exstructas

419 4407 691 4461 recenset,
733 4399 934 4467 Leptim
981 4398 1219 4467 Magnam
1260 4398 1602 4463 Tripolitanae
1649 4399 1987 4465 metropolim

418 4482 553 4534 pene
602 4468 857 4535 dejectani
913 4482 1075 4521 muns
1104 4468 1302 4529 cinxit,
1350 4469 1400 4520 in
1432 4483 1491 4521 ea
1522 4479 1673 4521 vetus
1703 4470 1986 4535 palatium,

418 4537 543 4590 olim
566 4552 594 4591 a
627 4538 830 4592 Severo
857 4541 1114 4604 Augusto,
1146 4541 1233 4604 qui
1266 4538 1336 4590 ibi
1372 4537 1985 4604 natusfuerat,:editica-

418 4554 543 4590 oum
566 4554 594 4591 a
627 4554 830 4592 aevero
857 4554 1114 4604 augusto,
1185 4554 1233 4590 ιιι
1266 4554 1336 4590 un
1372 4554 1985 4604 natustuerat,:eaiuca-

417 4615 551 4670 tum,
586 4608 677 4660 sed
707 4609 916 4675 penitus
947 4606 1052 4661 fere
1081 4554 1371 4675 coﬂapsum
1398 4608 1734 4662 restauravit.
1759 4606 1985 4661 Cartha-

415 4679 591 4745 ginem
618 4746 621 4747 ν
651 4679 1033 4731 .lustiniaueam
1081 4679 1339 4747 appellari
1390 4679 1587 4744 voluit,
1629 4692 1735 4746 quo
1774 4679 1986 4732 nomine

413 4748 573 4818 ciam
596 4746 810 4818 donavit
830 4746 1202 4812 Adrumelum,
1223 4748 1431 4818 Byzacii
1456 4748 1811 4818 metropolim,
1834 4750 1985 4811 olim,

414 4826 469 4869 ut
520 4815 723 4870 Plinius
763 4817 1046 4880 observat,
1086 4815 1284 4871 Sissaui
1334 4816 1548 4885 Nigram
1588 4816 1814 4882 dictum,
1870 4833 1985 4882 qum

412 4888 598 4939 civitas
627 4887 761 4941 adeo
782 4904 809 4939 a
842 4888 1080 4941 barbaris
1110 4888 1268 4957 291
1300 4886 1471 4940 fuerat
1520 4888 1783 4957 neglecta,
1816 4898 1872 4940 ut
1898 4889 1984 4939 vix

412 4956 616 5024 antiqui
656 4957 958 5025 splendoris
987 4956 1227 5010 umbram
1253 4957 1525 5010 retineret.
1554 4956 1747 5023 Bagam
1775 4972 1903 5011 vero
1932 4958 1984 5010 iu

416 5028 779 5092 proconsulari
817 5030 1034 5092 urbem,
1067 5036 1219 5079 antea
1248 5031 1336 5079 vix
1386 5037 1597 5093 notam,
1627 5042 1738 5080 vere
1788 5027 1981 5091 urbem,

414 5097 585 5165 inquit
617 5096 925 5165 Ρνοουρίυε,
959 5096 1103 5162 fecit,
1129 5111 1283 5162 quam
1310 5095 1667 5165 ipsius_cives,
1694 5110 1760 5149 ne
1790 5098 1981 5164 ingrati

413 5164 741 5231 viderentur,
781 5163 831 5219 in
865 5168 1121 5220 honorem
1152 5163 1447 5219 'l‘heodora:
1470 5163 1751 5219 Iustiniani
1776 5163 1982 5231 uxOris,

412 5235 837 5305 Theodoriadem
864 5235 1218 5305 appellarunt.
1246 5235 1323 5289 Ex
1344 5234 1583 5303 ejusdem
1614 5237 1863 5305 Augusta:
1880 5252 1982 5305 no-

415 5305 554 5358 mine
578 5304 963 5362 Theodoriante
977 5304 1179 5359 balnea:
1195 5315 1423 5376 spectata
1446 5304 1633 5376 dignae,
1654 5304 1821 5373 inquit
1840 5304 1981 5376 idem

414 5383 622 5439 auctor,
654 5376 809 5429 dicta:
840 5384 979 5429 sunt.
1012 5376 1125 5430 Alia
1153 5374 1229 5429 in'
1253 5376 1370 5429 aliis
1397 5375 1592 5428 Africa:
1621 5374 1749 5429 locis
1776 5375 1981 5441 publica

414 5444 632 5515 aedilicia
662 5447 731 5499 ab
747 5447 936 5500 eodem
968 5446 1287 5515 imperatore
1306 5454 1609 5499 constructa
1627 5445 1822 5500 videsis
1842 5446 1983 5513 apud

417 5512 689 5567 laudatum
716 5527 1007 5571 auctorem.
1046 5512 1061 5515 ἡ
1328 5556 1333 5565 μ

484 5589 535 5655 ti.
568 5584 831 5639 Caeterum
876 5602 978 5638 non
1010 5586 1181 5638 minus
1204 5586 1255 5638 in
1288 5587 1454 5640 sacris
1486 5601 1642 5655 quam
1670 5586 1721 5638 in
1752 5584 1986 5651 profanis

415 5654 649 5705 adiﬁciis
701 5657 1071 5709 construendis
1121 5660 1429 5718 tnagniticus
1480 5654 1573 5708 fuit
1614 5655 1980 5717 JuStiuiauus,

416 5740 572 5787 quem
601 5732 739 5792 apud
781 5729 945 5778 solam
980 5726 1180 5791 Leptim
1210 5726 1446 5793 Magnam
1479 5726 1732 5781 ecclesias
1754 5726 1987 5793 quinque

415 5798 799 5849 cunaruxissc.
844 5798 1009 5851 ret'ert
1054 5796 1341 5852 Procopius
1373 5798 1504 5849 libro
1540 5798 1748 5849 lnidato
1783 5813 1792 5846 :
1827 5810 1891 5849 ex
1923 5797 1988 5847 iis

2016 4574 2067 4632 D

2097 3276 2293 3331 Africa:
2335 3279 2385 3330 in
2416 3292 2477 3331 ea
2520 3276 2837 3343 celebravit,
2868 3280 2933 3332 ad
2964 3281 3105 3343 quod
3137 3276 3348 3336 ducenti
3391 3282 3577 3338 decem
3616 3294 3673 3339 et

2096 3356 2301 3415 septem
2348 3348 2589 3417 episcopi
2612 3350 2932 3404 convenisse
2972 3348 3241 3405 dicuntur.
3272 3352 3420 3407 Lecti
3447 3363 3573 3408 sunt
3602 3355 3673 3410 ibi

2096 3429 2337 3490 veterum
2396 3419 2743 3473 conciliorum
2800 3434 3072 3486 canones,
3131 3422 3403 3490 multaque
3455 3422 3671 3480 decreta

2097 3487 2307 3562 fuerunt
2350 3503 2445 3555 pro
2480 3490 3124 3562 restaurandaiEcclesiae
3165 3487 3476 3560 disciplina,
3510 3510 3671 3562 quam

2097 3560 2333 3626 priorum
2358 3568 2655 3626 temporum
2678 3560 2943 3615 acerbitas
2966 3561 3016 3615 in
3048 3561 3163 3615 iStis
3194 3562 3495 3628 regionibus
3526 3560 3671 3617 labe-

2094 3629 2334 3702 factarat.
2364 3630 2537 3702 Missa:
2565 3640 2690 3702 sunt
2709 3632 2884 3702 etiam
2898 3645 2964 3683 ex
3001 3631 3187 3686 eadem
3205 3634 3408 3702 synodo
3438 3633 3664 3701 legatio-

2095 3714 2189 3753 nes
2217 3701 2335 3751 dure
2355 3738 2370 3763 ,
2403 3700 2469 3752 ad
2502 3700 2804 3767 pontificem
2854 3700 3154 3755 Romanum
3193 3700 3315 3767 una,
3342 3700 3511 3757 altera
3540 3718 3671 3758 vero

2092 3769 2158 3823 ad
2189 3768 2547 3823 Justinianum
2570 3773 2888 3841 Augustum.
2918 3770 3027 3823 Hac
3053 3772 3272 3838 petitum
3296 3783 3378 3826 est
3404 3773 3471 3826 ab
3494 3773 3666 3841 impe-

2097 3848 2284 3910 ratore
2325 3849 2382 3910 ut
2414 3852 2500 3910 res
2541 3839 2891 3910 ecclesiarum
2928 3854 3059 3907 quas
3105 3841 3315 3895 barbari
3358 3839 3667 3910 rapuerant,

2093 3908 2343 3961 catholici
2386 3908 2651 3961 antistites
2677 3910 2873 3975 aliique
2901 3912 3037 3962 sacri
3086 3910 3315 3963 ministri
3342 3908 3667 3978 reciperent,

2092 3979 2233 4046 quod
2281 3979 2349 4030 ab
2398 3979 2722 4045 imperatore
2764 3991 3076 4032 concessum
3127 3978 3293 4033 fuisse
3342 3979 3453 4045 jam
3503 3996 3666 4045 supra

2092 4048 2522 4112 observavimus,
2573 4047 2731 4115 idque
2774 4056 2917 4114 patet
2951 4062 3020 4101 ex
3067 4049 3293 4101 novellis
3339 4048 3407 4103 ‘56
3457 4057 3515 4103 et
3558 4051 3664 4114 57;

2092 4118 2256 4170 altera
2279 4131 2407 4187 vero
2428 4117 2691 4187 legatione
2717 4115 2903 4187 Patres
2941 4116 3175 4171 Africani
3204 4116 3502 4171 Romanum
3534 4134 3667 4187 pon-

2095 4189 2287 4241 titicem
2315 4186 2382 4240 de
2425 4201 2554 4255 pace
2605 4186 2857 4240 Ecclesiis
2892 4188 3133 4241 restituta
3173 4188 3455 4242 certiorem
3504 4186 3666 4243 iacie-

2092 4256 2239 4321 bant,
2284 4259 2436 4324 cujus
2463 4256 2784 4326 sententiam
2813 4256 2882 4310 de
2913 4256 3236 4326 recipiendis
3274 4256 3342 4310 ad
3372 4257 3665 4315 Ecclesiam

2094 4328 2417 4397 presbyteris
2447 4325 2657 4397 Arianis
2682 4326 2769 4397 qui
2802 4326 3003 4397 ejurata
3031 4325 3237 4397 haeresi
3268 4327 3548 4393 redibant,
3600 4344 3667 4384 ac

2091 4397 2157 4451 de
2183 4395 2299 4451 aliis
2339 4396 2609 4449 nonnullis
2638 4395 3015 4466 ecclesiasticae
3054 4396 3355 4466 disciplinas
3398 4398 3663 4466 capitibus

2093 4467 2516 4521 sciscitabantur.
2557 4467 2717 4588 2592
2757 4465 2938 4532 Legati
2989 4475 3143 4519 erant
3186 4465 3344 4520 Caius
3376 4476 3433 4520 et
3469 4465 3667 4522 Petrus

2093 4538 2349 4588 enisconi.
2382 4551 2501 4588 cum
2537 4535 2589 4588 Li
2639 4544 2783 4588 erato
2810 4534 3243 4588 Cartliaeinensis
3274 4536 3524 4588 Ecclesiae
3554 4538 3667 4588 dia-

2092 4538 2349 4606 episcopi,
2382 4551 2501 4590 cum
2537 4534 2783 4589 Lmen-Tito
2810 4534 3243 4605 Cartliaginensis
3274 4536 3524 4591 Ecclesia
3554 4538 3668 4592 dia-

2090 4622 2246 4667 cono,
2276 4607 2363 4675 qui
2393 4606 2463 4659 ob
2497 4606 2750 4672 scriptum
2781 4606 3107 4659 Breviarium
3130 4606 3359 4660 celebris
3382 4606 3498 4660 fuit.
3531 4607 3664 4674 Hos,

2091 4678 2297 4731 Joanne
2343 4676 2387 4728 ll
2426 4684 2673 4737 mortuo,
2702 4675 2920 4745 Romam
2966 4677 3221 4745 appulsos
3259 4677 3527 4744 Agapetus
3566 4679 3667 4744 ipsi

2091 4747 2407 4801 substitutus
2470 4745 2723 4810 suscepit.
2773 4743 3492 4814 Coucilii’Carthaginensis
3550 4743 3667 4801 acta

2090 4818 2368 4880 excidere;
2396 4824 2449 4868 at
2472 4814 2780 4884 synodicam
2802 4814 3080 4881 epistolam
3103 4816 3168 4869 ad
3189 4816 3447 4869 Joannem
3473 4831 3664 4883 papam

2092 4887 2379 4949 habemus,
2405 4887 2545 4938 sicut
2570 4894 2625 4937 et
2654 4886 2874 4952 Agapeti
2896 4887 3320 4954 responsionem,
3347 4898 3506 4954 quam
3535 4901 3668 4953 pon-

2090 4957 2215 5010 tifex
2244 4956 2529 5022 Reparato,
2561 4954 2864 5023 Florentio,
2897 4953 3129 5009 Daciano
3163 4964 3217 5009 et
3251 4953 3376 5008 aliis
3396 4955 3663 5023 episc0pis

2090 5026 2383 5093 inscripsit,
2397 5039 2529 5093 quos
2548 5022 2739 5077 exinde
2760 5024 3069 5091 collegimus
3086 5025 3246 5079 fuisse
3269 5022 3664 5093 provinciarum

2093 5097 2375 5164 primates,
2408 5093 2731 5164 Reparatum
2753 5093 2979 5164 scilicet
3010 5095 3519 5161 Carthaginensem;
3543 5094 3669 5150 Flo-

2092 5162 2321 5221 rentium
2346 5162 2629 5228 Numidiae,
2659 5176 2722 5217 ac
2745 5162 3061 5217 Pontianum
3096 5164 3403 5228 Byzacenae.
3435 5165 3667 5221 Litteras

2093 5247 2351 5305 pra-terea
2395 5233 2619 5305 seorsim
2658 5236 2925 5305 Agapetus
2970 5233 3406 5305 deditReparato
3434 5235 3666 5289 Cartha-

2089 5301 2293 5375 ginensi
2315 5344 2333 5369 ,
2370 5304 2461 5375 qui
2486 5304 2642 5375 paulo
2670 5312 2787 5370 post
2829 5301 3145 5375 legationem
3177 5301 3419 5371 missam,
3444 5314 3665 5373 accepta

2092 5371 2259 5444 ipsius
2278 5375 2334 5428 in
2356 5371 2576 5429 Joannis
2602 5372 2777 5444 locum
2800 5371 3160 5444 ordinatione,
3186 5376 3234 5429 ei
3262 5371 3589 5444 scripserata‘
3605 5375 3663 5427 ln

2090 5441 2199 5499 illis
2232 5443 2469 5513 pontilex
2507 5442 2801 5512 gratulatur
2842 5441 2911 5513 de
2940 5444 3182 5499 restituta
3232 5441 3487 5499 Ecclesia:
3516 5442 3661 5513 Afri-

2088 5512 2245 5569 canae
2260 5516 2525 5584 libertate,
2548 5526 2704 5584 quam
2719 5512 2903 5584 gratiis
2919 5512 3031 5568 Deo
3050 5515 3400 5584 omnipotenti
3417 5512 3661 5584 redditis,

2090 5594 2149 5638 ut
2178 5586 2324 5639 utilis
2366 5600 2428 5638 ac
2470 5580 2752 5652 fructifera
2792 5580 2879 5634 tiat
2916 5580 3250 5652 apprecatur.
3302 5584 3369 5635 Et
3413 5582 3520 5652 hic;
3546 5590 3664 5635 erat

2089 5656 2212 5707 felix
2248 5657 2505 5708 Africana:
2532 5650 2805 5709 Ecclesia:
2826 5650 3017 5719 status,
3049 5670 3168 5721 quae
3194 5662 3315 5721 post
3341 5658 3417 5704 tot
3443 5650 3666 5721 calami-

2092 5738 2231 5779 tates
2259 5726 2471 5777 tandem
2503 5723 2849 5775 barbarorum
2871 5720 3218 5791 Oppressione
3244 5722 3485 5787 liberata,
3513 5720 3669 5783 brevi

2092 5796 2376 5852 uristinum
2405 5792 2742 5856 splendorem
2775 5795 3133 5857 recuperavit.
