4078 6348
382 1174 391 1247 ³

1972 329 2109 349 τινι-*ν
2136 342 2139 343 ν

1668 428 1975 486 SIDONIUS
2012 426 2479 485 APOLLINARIS.

451 440 550 497 οδε
1668 434 1975 486 SIDONIUS
2012 434 2479 485 APOLLINARIS.
3590 434 3696 492 ‘56

456 552 3689 604 Μ

2074 613 2096 628 ﬂ

1633 674 1795 719 anno
1837 673 2063 719 nonam
2106 654 2505 719 ccccuxxu.

551 710 1792 1028 SIDONIUS?"
1837 710 3589 1021 KﬁOLLINABIS

1636 1096 2066 1149 ARVEBNORUM
2108 1097 2468 1151 EPISCOPUS.

901 1450 921 1492 ,ι

1376 1434 1383 1442 .
1459 1336 2678 1505 PROLEGOMENA.

1291 1674 1900 1753 EPISTULA
1976 1668 2874 1753 DEDICATORIA.

1197 1838 1465 1901 Jsconus
1529 1838 1895 1900 SIBMONDUS
1968 1840 2051 1899 D..
2091 1839 2570 1899 RUPIFUCALDIO
2623 1836 2973 1905 RANDANO,

1344 1983 1412 2044 S.
1443 1981 1519 2043 Β.
1551 1981 1630 2045 Ε.
1673 1982 1988 2045 cardinali
2016 1985 2301 2063 episcopo
2336 1982 2816 2048 Silvanectensi.

1863 2139 2321 2150 —-—-——————u

432 2332 435 2333 ί
537 2255 923 2316 Destinatum
956 2255 1073 2317 tibi
1098 2260 1241 2317 ante
1273 2272 1468 2318 annos
1495 2255 1840 2337 complures
1868 2258 2202 2321 Sidonium
2236 2265 2547 2329 nostrum,
2584 2252 3000 2317 illustrissime
3030 2248 3393 2321 cardinalis,
3421 2262 3538 2327 pro
3572 2256 3717 2307 voto

456 2355 689 2418 accidit
720 2364 791 2416 ut
822 2374 934 2435 per
969 2357 1203 2418 eosdem
1234 2359 1359 2436 fere
1393 2358 1519 2419 dies
1546 2359 1722 2437 prelo
1760 2359 2145 2438 subjicerem,
2181 2359 2406 2439 quibus
2438 2366 2494 2418 te
2522 2356 2596 2418 ab
2627 2355 2821 2417 Italia
2854 2354 3135 2415 reducem
3175 2349 3477 2429 plaudens
3511 2348 3717 2410 Gallia

456 2457 724 2538 privatis
746 2454 1131 2536 publicisque
1158 2457 1691 2536 gratulationibus
1720 2459 2233 2539 prosequebatur.
2264 2460 2427 2525 Nam
2464 2475 2598 2519 cum
2628 2478 2664 2518 a
2698 2474 2787 2517 me
2815 2454 3031 2517 itidem
3066 2471 3146 2514 ea:
3175 2451 3399 2512 veteris
3427 2450 3718 2513 clientela:

456 2574 627 2617 nexu
656 2555 1088 2616 adventorium
1117 2555 1232 2618 tibi
1255 2574 1477 2617 munus
1506 2558 1765 2643 aliquod
1800 2558 2007 2619 deberi
2041 2561 2357 2633 sentirem,
2395 2555 2735 2635 optandum
2769 2561 2899 2615 erat
2929 2552 3211 2631 profecto
3252 2558 3325 2611 ut
3368 2548 3489 2611 tale
3514 2550 3719 2609 nanci~

422 2680 423 2683 η
460 2670 681 2727 scerer,
714 2653 881 2734 quod
907 2670 1035 2715 non
1068 2654 1266 2715 solum
1301 2655 1603 2717 desideria
1632 2665 1846 2717 nostra
1883 2660 2122 2732 testari,
2161 2657 2264 2717 sed
2296 2665 2462 2717 tuam
2510 2672 2749 2736 quoque
2798 2654 3067 2733 gratiam
3093 2652 3258 2713 inire
3285 2670 3355 2712 ac
3382 2652 3721 2730 promereri

458 2761 683 2835 posset.
714 2753 899 2817 Nunc
929 2771 1071 2815 vero
1095 2774 1208 2816 sua
1232 2764 1448 2835 sponte
1488 2755 1557 2818 id
1582 2755 1855 2819 oblatum
1885 2767 1999 2835 est,
2036 2757 2202 2838 quod
2223 2756 2424 2817 amari
2450 2755 2556 2815 abs
2588 2762 2670 2830 te,
2704 2753 2759 2815 si
2790 2758 2847 2812 te
2874 2770 3063 2823 amas,
3085 2749 3460 2829 probarique
3486 2763 3722 2811 necesse

459 2854 569 2914 sit.
607 2853 775 2927 Quid
818 2855 979 2916 enim
1005 2855 1183 2916 aliud
1214 2855 1329 2916 tibi
1357 2855 1549 2935 offero
1581 2874 1720 2917 cum
1752 2858 2091 2919 Sidonium
2125 2858 2345 2938 offero,
2383 2873 2567 2934 quam
2594 2855 2858 2914 alterum
2889 2858 2944 2911 te
2975 2849 3113 2923 tibi,
3154 2850 3279 2911 hoc
3303 2858 3389 2911 est
3416 2858 3720 2929 praestan-

464 2954 766 3017 tissimum
785 2971 1028 3034 genere,
1052 2956 1363 3027 doctrina,
1390 2958 1627 3019 virtute
1647 2959 2013 3030 antistitem,
2038 2958 2256 3021 iisdem
2280 2956 2570 3019 laudibus
2600 2954 3096 3032 ornamentisque
3117 2952 3379 3031 praedito
3408 2952 3721 3014 antistiti?

460 3058 747 3135 prafeeto
781 3058 1132 3119 Galliarum
1175 3065 1357 3137 patre
1384 3067 1623 3129 natum,
1659 3057 2002 3119 Gallicana
2047 3058 2288 3119 militias
2336 3056 2627 3133 magistri
2679 3054 2855 3133 ﬁlio;
2896 3052 3257 3132 praefectum
3296 3051 3442 3116 urbi
3492 3053 3722 3130 Romae,

466 3158 778 3223 cardinali
808 3168 1193 3221 tantumnon
1214 3159 1416 3240 primo
1442 3158 1509 3220 in
1540 3158 1838 3221 Ecclesia:
1870 3159 2158 3219 Romana:
2180 3157 2383 3236 gradu
2412 3155 2796 3223 constituto;
2822 3153 3175 3231 episcopum
3202 3152 3462 3231 denique
3490 3153 3723 3213 Arver-

463 3276 689 3320 norum
708 3259 1064 3322 Arvernicw
1092 3259 1252 3321 sedis
1273 3259 1538 3336 ejusdem
1555 3260 1838 3341 episcopo
1855 3260 1886 3319 ?
1911 3259 2184 3320 Tametsi
2207 3258 2369 3320 enim
2391 3264 2448 3317 te
2465 3254 2762 3317 Arvernis
2786 3252 2911 3313 tuis
2934 3250 3300 3331 jampridem
3324 3252 3720 3327 subduxeris,

465 3360 875 3439 maluerisque
902 3358 1241 3421 desiderari
1272 3357 1345 3417 ab
1380 3360 1462 3420 iis
1493 3360 1883 3438 praesentiam
1920 3365 2086 3419 tuam
2112 3374 2295 3437 quam
2321 3362 2691 3434 perpetuum
2721 3352 2856 3414 illis
2892 3353 3114 3414 bonum
3143 3371 3264 3415 esse
3293 3370 3412 3433 quo
3442 3354 3722 3431 frueban-

468 3464 599 3535 tur,
630 3458 812 3520 hwret
859 3468 1058 3521 tamen
1114 3459 1392 3537 vigetque
1426 3460 1494 3521 in
1531 3460 1806 3520 omnium
1840 3458 2062 3520 animis
2105 3456 2463 3536 gratissima
2510 3457 2919 3535 pontiﬁcatus
2968 3456 3063 3515 tui
3108 3454 3487 3517 recordatio.
3519 3456 3722 3535 Neque

463 3557 593 3617 ulla
619 3574 890 3638 unquam
925 3558 1043 3619 erit
1072 3565 1217 3619 astas
1250 3575 1384 3637 ques
1411 3558 1613 3619 lustra
1640 3558 1754 3619 illa
1783 3558 2052 3638 quinque
2081 3574 2211 3616 non
2240 3556 2521 3632 celebret,
2549 3554 2773 3634 quibus
2797 3554 2879 3615 ad
2904 3555 3196 3615 Ecclesiae
3223 3554 3719 3616 Claromontana:

465 3660 707 3723 clavum
738 3660 974 3735 sedens,
1012 3677 1213 3721 omnes
1261 3658 1361 3721 illi
1398 3658 1875 3737 prudentissimi
1911 3656 2499 3737 vigilantissimique
2525 3656 2804 3737 pastoris
2832 3671 3118 3716 numeros
3163 3653 3498 3715 reddidisti
3538 3675 3559 3715 :
3585 3673 3721 3716 cum

465 3759 763 3821 creditam
810 3758 926 3822 tibi
948 3758 1181 3838 plebem
1220 3757 1563 3820 coelestibus
1597 3758 1974 3836 disciplinis,
2011 3775 2121 3819 nec
2155 3756 2358 3817 verbis
2396 3764 2638 3816 tantum
2665 3774 2739 3816 ac
2767 3772 3067 3831 sermone,
3104 3755 3209 3816 sed
3249 3756 3505 3832 scriptis
3541 3758 3721 3817 etiam

465 3859 912 3939 voluminibus,
958 3878 1114 3923 vera:
1144 3861 1400 3942 pietatis
1433 3859 1724 3938 magister
1754 3858 2030 3921 erudires
2050 3880 2070 3928 ;
2104 3864 2235 3919 tum
2264 3860 2453 3920 vitam
2488 3858 2640 3937 ipse,
2672 3873 3031 3936 morumque
3074 3858 3339 3937 formam
3369 3875 3604 3917 omnem
3633 3861 3723 3919 sic

462 3963 823 4039 instrueres,
856 3970 927 4023 ut
953 3962 1174 4043 quibus
1198 3961 1607 4033 successisses,
1631 3977 1974 4040 quorumve
2000 3961 2068 4020 in
2092 3943 2385 4020 cathedra
2402 3959 2638 4020 sederes
2656 4002 2673 4034 ,
2698 3965 2998 4037 perpetuo
3028 3957 3344 4033 meditari,
3372 3958 3723 4020 laudanda-

460 4082 578 4144 que
605 4065 980 4128 imitationis
1014 4064 1249 4139 studio,
1284 4081 1452 4125 nunc
1497 4063 1946 4141 Austremonii,
1976 4062 2302 4143 Illidiique
2333 4062 2755 4130 sanctitatem,
2801 4059 3152 4121 Venerandi
3188 4066 3372 4140 atque
3414 4059 3721 4139 Eparchii

460 4166 850 4245 religionem,
876 4168 1215 4241 Quintiani
1247 4166 1689 4241 constantiam,
1716 4166 1883 4229 Galli
1912 4165 2298 4243 modestiam,
2317 4166 2871 4251 benignitatemque
2900 4166 3180 4227 cemulari
3204 4165 3480 4227 viderere
3506 4189 3524 4228 :
3553 4185 3722 4227 nunc

464 4265 642 4336 eniti,
672 4272 741 4325 ut
770 4265 1175 4324 humanarum
1203 4280 1409 4324 rerum
1438 4264 1843 4341 despicientia
1874 4263 2172 4340 Bonitas,
2203 4280 2526 4323 sacrorum
2556 4264 2836 4325 locorum
2880 4263 3053 4325 cultu
3086 4263 3395 4339 Genesios,
3423 4280 3721 4326 revocan-

462 4365 561 4427 dis
604 4363 684 4425 ad
728 4371 959 4425 rectam
1004 4363 1180 4442 fidem
1230 4363 1427 4425 deviis
1456 4362 1719 4437 Avitos,
1768 4360 2161 4422 sublevandis
2198 4362 2459 4439 inopum
2494 4361 2948 4424 calamitatibus
2981 4360 3312 4435 Sidonios,
3367 4361 3721 4424 universum

464 4462 720 4540 denique
746 4463 1216 4524 lectissimorum
1248 4461 1561 4542 quondam
1592 4461 1928 4537 prasulum
1954 4469 2259 4540 senatum,
2291 4462 2609 4522 Arvernia:
2633 4480 2755 4523 suis
2780 4464 3089 4524 virtutum
3116 4472 3361 4524 tuarum
3383 4462 3723 4525 luminibus

463 4562 877 4641 exemplisque
919 4580 1267 4623 renovares.
1306 4562 1671 4640 Quanquam
1713 4562 1838 4621 hac
1874 4580 1911 4620 a
1952 4578 2043 4621 me
2086 4577 2407 4640 quorsum,
2457 4562 2567 4642 qui
2598 4579 2705 4624 nec
2738 4561 2945 4625 laudes
2983 4570 3120 4625 tuas
3149 4563 3410 4625 scribere
3440 4566 3721 4640 institui,

464 4681 578 4722 nec
600 4663 654 4723 si
682 4662 887 4734 velim,
913 4680 1065 4740 opus
1098 4661 1346 4721 habeam
1383 4662 1706 4740 praterita
1735 4668 2036 4734 retexere,
2075 4678 2214 4723 cum
2238 4662 2307 4723 in
2325 4669 2623 4740 promptu
2643 4662 2794 4733 sint,
2822 4680 2894 4723 ac
2925 4661 3167 4723 laudem
3185 4680 3419 4723 omnem
3438 4663 3723 4735 vincant,

424 4764 425 4767 “
465 4781 599 4842 quas
630 4763 698 4821 in
727 4768 783 4821 te
826 4770 934 4845 aut
963 4763 1159 4823 Roma
1185 4777 1385 4840 nuper
1414 4767 1704 4819 venerata
1730 4766 1840 4832 est,
1874 4768 1985 4819 aut
2014 4776 2184 4820 nunc
2210 4758 2357 4820 aula
2408 4759 2701 4837 suspicit,
2747 4764 2855 4817 aut
2890 4758 3053 4835 forte
3079 4775 3193 4818 sua
3228 4758 3354 4820 laeti
3377 4758 3723 4838 prwdicant

463 4865 951 4927 Silvanectenses
1004 4865 1098 4925 tui
1114 4864 1143 4924 ἵ
1172 4865 1461 4926 Attamen
1507 4862 1652 4923 hinc
1701 4860 1904 4934 vides,
1958 4859 2377 4923 illustrissime
2422 4857 2785 4932 cardinalis,
2838 4875 2959 4935 qua
3012 4856 3242 4934 ﬁducia
3292 4858 3728 4933 benevolentia'

467 4963 1062 5044 approbationisque
1106 4969 1224 5023 tum
1247 4961 1649 5024 vernaculum
1680 4958 1795 5020 tibi
1823 4976 1894 5020 ac
1937 4975 2087 5037 pene
2110 4957 2512 5018 domesticum
2542 4974 2764 5017 munus
2788 4952 3101 5013 exhibeam
3128 4975 3149 5023 ;
3184 4962 3254 5014 ut
3283 4973 3422 5016 cum
3453 4959 3725 5018 nominis

469 5069 563 5128 tui
594 5066 1019 5127 studiosorum
1049 5072 1306 5126 conatus
1353 5080 1557 5124 omnes
1604 5059 1859 5139 benigne
1889 5058 2211 5137 complecti
2255 5059 2484 5130 soleas,
2520 5056 2893 5135 praecipuam
2943 5060 3143 5113 tamen
3186 5053 3456 5116 Sidonio
3502 5067 3722 5116 ηοεῑνω

464 5168 733 5245 gratiam
760 5175 854 5229 tot
879 5166 994 5230 tibi
1020 5166 1377 5228 nominibus
1406 5164 1656 5225 addicto
1687 5172 1746 5224 et
1772 5168 2136 5225 consecrato
2165 5160 2370 5221 deberi
2400 5160 2728 5239 conﬁdam.
2762 5157 2982 5233 Itaque
3010 5172 3084 5214 ne
3109 5156 3293 5218 istam
3323 5158 3570 5236 quidem
3604 5166 3715 5218 tan.

466 5272 622 5336 lenti
651 5280 798 5352 post
835 5280 927 5337 tot
952 5290 1155 5335 annos
1183 5270 1378 5350 ofﬁcii
1413 5269 1791 5341 tarditatem,
1824 5286 1900 5328 ne
1925 5266 2077 5327 mihi
2101 5264 2323 5347 fraudi
2350 5266 2429 5326 sit
2461 5263 2850 5343 pertimesco,
2897 5275 3031 5317 cum
3054 5257 3297 5336 facilem
3324 5261 3589 5332 veniam,
3619 5272 3723 5319 aut

466 5375 710 5437 laudem
734 5377 971 5456 potius,
1006 5374 1077 5435 ni
1121 5372 1337 5453 fallor,
1361 5370 1611 5449 judicio
1639 5377 1745 5430 tuo
1772 5368 2089 5429 relaturus
2118 5364 2374 5432 videar;
2406 5380 2580 5442 quem
2620 5354 2930 5456 intelliges
2958 5354 3071 5418 hac
3106 5358 3243 5436 ipsa
3270 5361 3490 5421 veteris
3527 5357 3726 5456 debili

464 5452 846 5557 professione
874 5473 1195 5554 antiquam
1242 5478 1300 5534 et
1345 5474 1730 5543 constantem
1765 5466 1833 5529 in
1874 5464 1973 5525 tui
2003 5462 2401 5525 veneratione
2448 5466 2629 5538 atque
2655 5452 2944 5531 obsequio
2971 5457 3496 5531 perseverantiam
3530 5454 3720 5518 decla-

466 5592 631 5639 rare.

972 5669 1005 5703 .‘
1062 5656 1119 5678 η

1251 5594 1257 5627 l
1604 5616 1612 5627 .
1764 5602 1769 5603 ’
1798 5600 1803 5619 ῖ

1278 5645 1350 5710 ll.
1385 5647 1464 5708 Α.
1494 5646 1550 5706 Τ
1608 5684 1615 5706 ι
1670 5694 1681 5709 ..
2030 5679 2034 5683 -
2069 5681 2073 5685 ν
2248 5648 2251 5649 ⁷
2280 5661 2288 5665 ·

1688 5784 1689 5787 η
1777 5762 1782 5767 .
2031 5768 2040 5788 τ
2452 5717 2879 5779 Deditissimus

2069 5681 2073 5685 θ
2452 5717 2879 5779 Deditissimus
2914 5717 3046 5779 hc.
3077 5688 3477 5791 Smisonons,
3580 5702 3584 5707 ’

2760 5818 2896 5878 Soc.
2926 5819 3076 5879 Jesu
3114 5821 3323 5893 presb.
