4078 6348
410 420 515 477 437

1778 382 2305 479 PROLEGOMENA.

3570 388 3676 485 iss

790 638 1319 748 NOTITIA
1392 644 1526 751 IN
1609 644 2225 751 SIDONIUM
2311 649 3278 759 APOLLINARE-M.

1414 868 1517 889 ,Μ
1594 884 1597 885 ί
1860 826 1954 887 (Ex
1982 827 2223 891 Galland.)
2678 890 2697 902 .
2922 864 2927 869 .

1804 951 2281 981 ᾓ-σ

477 1059 518 1115 1.
542 1058 675 1127 Qum
703 1069 845 1117 nunc
866 1055 1056 1112 Clarus
1079 1053 1255 1125 Mons,
1279 1054 1480 1113 Gallice
1498 1057 1783 1125 Clermont,
1804 1062 1989 1131 appel-
2017 1064 2074 1127 Α
2096 1074 2269 1119 torum
2296 1066 2582 1120 sententia.
2625 1065 2681 1121 Si
2719 1065 2935 1135 Pagium
2968 1053 3154 1122 audias
3180 1068 3285 1138 (η),
3315 1080 3428 1123 rem
3457 1067 3671 1139 penitus

407 1152 546 1207 latur
571 1151 819 1223 princeps
846 1150 902 1206 in
932 1149 1212 1221 Aquitania
1238 1148 1260 1205 l
1288 1150 1497 1220 civitas,
1526 1152 1654 1207 olim
1685 1155 1975 1210 vocabatur

406 1246 944 1315 Augustonemetum,
983 1256 1214 1314 moxque
1232 1241 1389 1314 Idicta
1434 1252 1517 1300 est
1552 1244 1785 1315 Arverni,
1827 1258 1883 1303 ut
1922 1264 1987 1305 ex

407 1338 581 1393 Plinio
602 1337 939 1408 constat(a);
969 1344 1129 1407 atque
1152 1335 1254 1391 hoc
1274 1337 1389 1391 solo
1418 1336 1531 1394 fere
1548 1338 1764 1395 nomine
1786 1342 1984 1410 passim

405 1428 678 1501 designata
732 1438 815 1485 est
859 1429 997 1499 apud
1043 1436 1252 1485 veteres
1298 1436 1461 1502 atque
1513 1432 1565 1487 in
1616 1434 1857 1489 conciliis
1888 1434 1983 1505 (ὁ).

404 1523 575 1594 llujus
610 1523 789 1594 itaque
830 1522 976 1579 urbis
1022 1524 1386 1594 episcopatum
1428 1525 1654 1582 obtinuit
1708 1527 1983 1598 Sidonius,

404 1615 647 1687 Lugduni
671 1624 820 1672 ortus
850 1616 922 1688 (c)
956 1615 1110 1671 nonis
1139 1614 1457 1673 Novembris
1484 1617 1563 1689 (ά)
1610 1620 1752 1677 circa
1781 1637 1979 1678 annum

404 1710 529 1775 450.
554 1709 708 1781 cujus
734 1709 996 1779 integrum
1021 1724 1214 1765 nomen
1237 1709 1399 1765 Caius
1428 1711 1625 1768 Sollius
1656 1714 1984 1783 Apollinaris

406 1801 688 1868 Sidonius;
722 1802 798 1854 vir
826 1800 1060 1865 scilicet,
1106 1808 1165 1856 ut
1200 1801 1274 1858 ait
1317 1800 1607 1874 Gregorius
1650 1804 1985 1865 Turonensis

402 1894 496 1969 (c),
538 1896 823 1951 secundum
868 1894 1043 1950 swculi
1091 1895 1388 1967 dignitatem
1434 1897 1800 1967 nobilissimus,
1849 1911 1894 1955 et
1923 1904 1983 1956 de

402 1991 578 2060 primis
610 1987 900 2044 Galliarum
927 1991 1265 2046 senatoribus.
1309 1990 1634 2048 Cathedram
1675 1993 1982 2051 Arvernen-

402 2097 514 2138 sem
562 2083 870 2139 ascendisse
913 2082 1187 2138 Sidonium
1233 2098 1376 2140 anno
1423 2083 1527 2139 475
1572 2100 1637 2140 ex
1668 2086 1831 2142 variis
1863 2086 1977 2158 ejus

401 2176 639 2248 epistolis
677 2186 921 2234 astruere
968 2177 1155 2233 nititur
1207 2178 1399 2250 Pagius
1451 2180 1555 2253 (f);
1601 2196 1757 2238 secus
1811 2192 1972 2254 atque

401 2270 625 2327 duxerat
651 2271 915 2327 Baronius
938 2271 1020 2327 vir
1045 2273 1333 2341 maximus,
1365 2273 1574 2329 initium
1606 2274 1724 2345 ejus
1756 2276 1974 2345 pontiﬁ-

402 2372 549 2419 catus
576 2362 784 2435 illigans
811 2363 1133 2433 praecedenti
1158 2378 1302 2419 anno
1328 2364 1431 2420 472
1455 2364 1529 2436 (g)
1555 2383 1570 2420 :
1603 2366 1825 2437 ejusque
1855 2383 1978 2423 sen-

2093 1156 2419 1227 ignoramus.
2468 1157 2839 1213 lI'illemontius
2885 1174 3082 1213 annum
3115 1158 3260 1225 490,
3312 1159 3557 1231 diemque
3597 1162 3663 1214 21

2093 1252 2315 1321 Augusti
2366 1253 2605 1308 decernit
2657 1252 2756 1324 (ο).
2824 1252 3073 1307 Historia:
3128 1251 3345 1307 Gallica:
3394 1254 3665 1309 litterariae

2090 1350 2384 1413 scriptorcs
2411 1343 2738 1398 Tillemontii
2780 1344 2986 1414 placitis
3024 1358 3181 1414 quam
3220 1344 3463 1413 proxime
3509 1359 3663 1401 accc-

2091 1438 2221 1493 dunt
2244 1438 2345 1509 (p).
2371 1438 2814 1494 Sammarthanus
2831 1439 3081 1509 denique,
3098 1448 3156 1494 ut
3178 1438 3311 1493 alios
3333 1438 3661 1503 omittamus,

2090 1549 2162 1587 xu
2192 1534 2294 1587 cal.
2326 1533 2657 1603 Septembris
2683 1549 2824 1589 anno
2852 1534 2960 1589 482
2990 1535 3161 1589 sancti
3186 1532 3429 1603 praesulis
3460 1532 3661 1587 obitum

2088 1628 2367 1697 consignat
2414 1625 2509 1698 (q).
2567 1627 3005 1696 Quandoquidem
3056 1635 3235 1681 autem
3284 1627 3427 1680 viros
3477 1625 3662 1679 doctos

2088 1720 2247 1774 modo
2276 1720 2514 1775 laudatos
2540 1721 2747 1775 latuere
2775 1735 2893 1789 qua:
2922 1719 3024 1775 hac
3052 1720 3117 1774 de
3140 1734 3199 1773 re
3224 1718 3499 1787 scripserit
3525 1717 3654 1772 Sca-

2088 1794 2240 1885 liger,
2291 1830 2367 1869 ea
2402 1815 2489 1870 hic
2512 1815 2710 1869 referre
2755 1813 2898 1867 haud
2936 1815 3166 1868 otiosum
3210 1812 3437 1867 fortasse
3478 1808 3657 1865 fuerit.

2085 1907 2174 1963 Sic
2203 1907 2362 1977 igitur
2391 1907 2480 1961 ille
2508 1904 2577 1978 (r)
2610 1924 2621 1958 :
2661 1924 2678 1955 ι
2715 1904 3004 1975 Gregorius
3043 1902 3373 1959 Turonensis
3399 1915 3562 1971 agens
3592 1900 3661 1955 de

2084 2000 2308 2056 Sidonio
2339 1999 2635 2070 Apollinari
2669 1997 3105 2067 Augustonemeti
3134 1996 3495 2051 Arvernorum
3546 1992 3660 2063 epi-

2081 2108 2265 2162 scopo,
2298 2091 2449 2147 exiis
2480 2107 2596 2162 quae
2626 2091 2693 2145 de
2721 2100 2961 2160 tempore
2984 2088 3162 2144 obitus
3196 2088 3313 2157 ejus
3341 2086 3533 2142 summi
3560 2085 3659 2141 viri

2082 2193 2363 2249 memorat,
2404 2185 2559 2238 nobis
2598 2183 2807 2252 praeivit
2848 2180 2913 2235 ad
2950 2195 3147 2235 annum
3191 2195 3298 2250 quo
3338 2179 3385 2233 is
3423 2180 3658 2234 decessit

2081 2278 2460 2349 indagandum.
2510 2277 2598 2331 Ait
2629 2275 2697 2348 (ε)
2720 2275 2859 2330 diem
2892 2276 3198 2344 proximum
3245 2271 3313 2328 ab
3352 2272 3469 2339 ejus
3508 2269 3654 2326 obitu

2080 2371 2243 2426 fuisse
2264 2369 2611 2425 dominicam.
2632 2369 2750 2423 iam
2780 2383 2847 2422 ex
2869 2367 3094 2423 ecclesia
3115 2365 3654 2435 Augustonemetensi

404 2458 579 2514 lentim
598 2458 878 2519 adhaerere
894 2465 1183 2512 noscuntur
1199 2457 1297 2512 viri
1316 2456 1975 2525 doctissimi,Sirmondus
2010 2443 2058 2505 Β
2086 2463 2339 2536 (Clarum
2392 2461 2624 2517 Montem
2664 2460 2888 2531 vocant)
2945 2467 3156 2515 constat
3196 2473 3318 2515 eum
3359 2455 3656 2513 decessisse

400 2551 657 2620 imprimis
701 2550 803 2621 (It),
838 2549 1207 2606 Tillemontius
1232 2548 1296 2620 (ἰ)
1324 2558 1378 2606 et
1403 2549 1844 2608 Sammarthanus
1879 2552 1966 2625 (j).

400 2641 581 2715 Neque
605 2641 749 2698 enim
775 2639 1071 2697 audiendus
1098 2639 1345 2696 Labbeus
1362 2682 1377 2707 ,
1411 2640 1503 2712 qui
1532 2641 1601 2697 ab
1628 2641 1833 2712 aliquot
1866 2656 1965 2699 an-

398 2736 480 2791 nis
506 2742 633 2790 ante
659 2732 765 2790 472
793 2731 1095 2789 ordinatum
1134 2732 1298 2788 fuisse
1346 2731 1624 2788 Sidonium
1668 2747 1734 2787 ex
1766 2732 1972 2789 crebris

397 2829 516 2897 ejus
540 2842 634 2897 per
659 2841 723 2884 ea
749 2834 996 2896 tempora
1034 2823 1173 2881 datis
1198 2822 1265 2879 ad
1310 2825 1490 2881 varios
1519 2822 1759 2898 epistolis
1798 2827 1970 2883 evinci

400 2917 631 2975 affirmat
648 2917 743 2991 (lt).

470 3010 534 3067 ll.
560 3009 643 3066 Ad
665 3009 1031 3081 episcopatum
1057 3008 1219 3080 igitur
1252 3009 1378 3066 licet
1406 3008 1608 3066 invitus
1638 3019 1967 3083 assumptus,

395 3106 484 3177 qui
504 3105 654 3178 prius
684 3104 738 3161 in
764 3103 1071 3162 excolendis
1101 3104 1412 3161 liberalibus
1428 3105 1725 3176 disciplinis
1750 3120 1809 3162 se
1834 3121 1970 3178 pene

397 3199 743 3265 contriverat,
776 3195 1029 3267 deinceps
1056 3195 1121 3252 ad
1159 3194 1366 3251 divinas
1403 3198 1611 3253 litteras
1642 3194 1967 3268 pertractan-

398 3290 494 3349 das
525 3290 761 3346 animum
792 3288 1076 3359 studiaque
1101 3288 1281 3344 omnia
1307 3289 1593 3345 convertit.
1624 3289 1791 3346 Porro
1826 3297 1970 3347 tanta

397 3390 515 3437 erat
542 3382 607 3436 de
628 3380 743 3450 ejus
772 3378 1051 3450 prudentia
1074 3377 1421 3444 existimatio,
1450 3386 1509 3435 ut
1532 3379 1719 3435 oborta
1744 3388 1967 3437 conten-

397 3476 541 3532 tione
561 3475 617 3530 in
642 3472 891 3545 eligendo
918 3470 1338 3545 metmpolitano
1357 3471 1611 3545 episcopo
1629 3471 1961 3537 Bituricensi,

398 3565 705 3637 bujusmodi
748 3563 1065 3622 electionem
1098 3544 1591 3634 comprovinciale's
1618 3563 1872 3633 praesules
1901 3564 1968 3618 ab

396 3661 512 3732 ipso
536 3657 768 3730 pendere
796 3657 1078 3713 voluerunt
1107 3654 1195 3729 (t).
1221 3654 1409 3726 Magna
1438 3669 1567 3711 vero
1592 3653 1756 3709 animi
1782 3654 1969 3710 demis-

355 3756 547 3811 .sione
596 3750 876 3823 praalitum
926 3750 1090 3808 fuisse
1147 3756 1389 3805 nostrum
1428 3748 1753 3815 antistitem,
1796 3761 1865 3799 ex
1904 3745 1969 3801 iis

399 3846 729 3917 potissimum
755 3844 921 3914 ipsius
949 3841 1193 3913 epistolis
1221 3854 1353 3913 quas
1372 3838 1737 3912 compluribus
1766 3840 1971 3907 episco-
1999 3828 2045 3891 C

397 3941 481 4011 pis
517 3937 807 4009 inscripsit,
858 3943 1195 4005 compertum
1240 3932 1547 3988 hebennus:
1592 3941 1649 3987 ut
1687 3939 1968 4001 propterea

394 4028 589 4099 dignus
617 4026 778 4083 fuerit
798 4026 887 4095 qui
915 4024 982 4080 ad
1007 4023 1307 4081 sanctitatis
1337 4023 1549 4078 culmen
1576 4037 1608 4077 a
1634 4023 1744 4077 Deo
1772 4020 1970 4077 evehe-

398 4128 546 4175 retur
574 4118 685 4192 (m).
717 4114 936 4174 Exactis
959 4115 1189 4188 denique
1220 4115 1273 4170 in
1300 4116 1612 4184 episcopatu
1641 4114 1969 4170 Arvernensi

398 4210 696 4269 octodecim
724 4209 896 4267 ferme
924 4208 1099 4277 annis,
1132 4208 1214 4264 vir
1237 4223 1343 4264 non
1373 4206 1548 4264 minus
1593 4205 1786 4263 litteris
1812 4219 1969 4278 quam

398 4302 610 4374 egregia
636 4316 846 4359 morum
878 4298 1145 4371 probitate
1175 4298 1432 4371 insignis,
1464 4298 1516 4353 in
1546 4297 1739 4355 coelum
1770 4313 1835 4354 ex
1875 4297 1974 4352 hac

398 4395 504 4449 vita
534 4392 833 4463 emigravit,
857 4391 1080 4461 ejusque
1101 4406 1297 4448 nomen
1328 4392 1382 4450 in
1412 4390 1616 4449 tabulas
1646 4389 1974 4448 ecclesiasti-

400 4499 490 4542 cas
517 4483 617 4540 sub
643 4483 730 4541 die
754 4480 824 4541 25
853 4481 1079 4554 Augusti
1107 4483 1355 4541 relatum.

472 4574 559 4632 lll.
588 4575 657 4631 At
682 4588 813 4633 vero
842 4573 910 4633 de
938 4587 1081 4630 anno
1104 4574 1277 4631 sancti
1310 4573 1515 4633 Sidonii
1539 4575 1842 4641 emortuali,
1883 4574 1977 4631 de-

400 4685 502 4725 une
526 4683 779 4739 supremo
808 4667 926 4736 ejus
963 4666 1068 4734 die,
1108 4666 1247 4721 haud
1277 4683 1381 4722 una
1409 4677 1491 4725 est
1526 4671 1759 4724 virorum
1792 4668 1973 4725 erudi-

475 4894 545 4962 (a)
588 4895 728 4948 Ptin.
760 4894 896 4948 Hist.
931 4902 1041 4947 nat.
1075 4893 1169 4947 lib.
1199 4908 1381 4959 xxxrv,
1410 4907 1529 4962 cap.
1555 4896 1609 4947 7.

468 4964 545 5035 (ὁ)
587 4963 903 5035 Samntartlt.
924 4963 1291 5035 Gall.Christ_.ﬁ
1309 4977 1432 5016 nov.
1460 4973 1588 5017 tom.
1618 4964 1685 5035 llr,
1709 4966 1969 5034 pag.222.

477 5032 551 5105 (c)
592 5034 778 5091 Sidon.
828 5034 924 5088 lib.
966 5051 982 5088 ι
1030 5034 1209 5103 epistt.
1262 5032 1295 5085 5
1332 5042 1387 5087 et
1420 5035 1487 5093 8.
1528 5044 1581 5087 et
1608 5032 1879 5089 Sirmond.
1908 5037 1970 5089 ad

404 5119 569 5158 carm.
605 5106 691 5159 17.

470 5174 547 5243 (ά)
586 5174 673 5228 Id.
709 5188 878 5228 carm.
912 5172 1003 5230 20.

472 5249 540 5312 (e)
581 5244 735 5315 (frag.
761 5245 958 5315 Turon.
993 5244 1127 5298 Hist.
1155 5244 1346 5315 Franc.
1376 5244 1469 5299 lib.
1501 5259 1557 5309 ιι,
1589 5258 1709 5313 cap.
1736 5243 1827 5315 21.

472 5300 543 5384 (ί)
585 5300 741 5385 Parii.
775 5313 1079 5385 Prolegorn.
1117 5313 1183 5369 ad
1221 5315 1443 5369 Dissert.
1476 5300 1691 5385 Hy'patf,
1729 5314 1791 5384 §§
1822 5314 1879 5366 5|
1922 5325 1973 5369 et
2000 5300 2053 5359 D

401 5383 574 5446 52.οι
598 5383 823 5455 ειᾶειιιη.
856 5385 983 5447 472,
1021 5383 1129 5455 ᾗῇ

454 5455 545 5524 -(g)
588 5454 783 5507 Baron.
809 5455 873 5507 ad
899 5453 1038 5525 ann.
1056 5453 1185 5525 4⁵12,
1220 5454 1246 5525 §
1282 5453 1368 5508 14,

401 5525 856 5648 ηυιιχδδίνηιοηά.
889 5525 953 5577 ad
985 5523 1170 5580 Sidon.
1204 5523 1361 5592 epist.
1390 5526 1439 5589 1,
1466 5526 1555 5579 lib.
1596 5540 1643 5577 vr
1668 5566 1679 5587 ,
1724 5535 1775 5578 et
1810 5528 1966 5594 epiSt.

475 5637 488 5648 .
547 5611 559 5647 ι
606 5635 619 5647 .
653 5610 725 5647 Ix.

475 5637 488 5650 .
524 5610 619 5647 Ill).
653 5610 725 5647 IX.

471 5665 535 5735 (i)
578 5664 778 5735 Tillem.
813 5664 973 5719 Mém.
1006 5664 1138 5718 eccl.
1168 5673 1297 5718 tom.
1329 5664 1464 5730 XVI,
1491 5681 1607 5735 pag.
1641 5666 1767 5734 ⁸749,
1801 5676 1911 5720 not.
1941 5668 1974 5721 6

397 5733 490 5789 sur
516 5733 659 5789 Saint
678 5733 915 5789 Sidoine.

468 5805 535 5874 (ἱ)
579 5804 898 5859 Sammarth.
930 5806 969 5858 Ι.
998 5818 1073 5872 c.,
1101 5819 1222 5874 pag.
1247 5806 1375 5860 252.

469 5876 548 5939 (k)
592 5875 747 5927 Labb.
796 5876 1051 5930 Chronol.
1087 5877 1208 5928 hist.
1245 5885 1381 5941 part.
1426 5876 1476 5937 1,
1527 5890 1645 5944 pag.
1689 5876 1789 5929 3M
1838 5878 1966 5929 etlit.

2076 2555 2145 2609 23
2166 2554 2409 2623 Augusti.
2438 2553 2581 2623 Ergo
2600 2552 2671 2606 24
2700 2551 2799 2605 fuit
2824 2551 3109 2613 dominica,
3147 2549 3322 2604 littera
3344 2547 3652 2605 dontinicali

2076 2644 2140 2701 E.
2175 2645 2252 2699 Ex
2273 2644 2492 2700 schedio
2514 2641 3024 2699 veleriCluniacensi
3051 2642 3103 2695 in
3127 2655 3231 2710 quo
3261 2648 3375 2695 erat
3396 2638 3651 2708 scriptum

2074 2737 2188 2806 ejus
2216 2735 2564 2806 epitaphium,
2587 2734 2823 2790 additum
2850 2741 2967 2789 erat
2999 2732 3198 2787 obiisse
3237 2731 3454 2786 Zenone
3482 2729 3655 2800 impe-

2074 2840 2244 2885 rante.
2297 2828 2486 2884 Procul
2535 2828 2698 2882 dubio
2752 2828 2910 2898 igitur
2949 2824 3055 2880 hoc
3096 2823 3320 2892 contigit
3364 2836 3505 2876 anno
3545 2822 3649 2876 480

2074 2923 2295 2989 Christi,
2326 2922 2477 2991 cyclo
2493 2920 2620 2975 solis
2642 2936 2732 2973 xm
2756 2920 2845 2991 (t).
2873 2917 3004 2973 Nam
3035 2932 3139 2971 non
3162 2916 3373 2970 videtur
3387 2928 3527 2968 anno
3545 2913 3649 2967 486

2074 3014 2224 3087 eyelo
2246 2998 2373 3067 solis
2401 3028 2512 3066 xtx.
2554 3010 2785 3065 Nimium
2817 3010 2960 3065 enim
2988 3017 3251 3064 remotum
3293 3014 3376 3062 est
3415 3014 3646 3077 tetnpus.

2075 3111 2131 3166 ln
2154 3110 2376 3167 schedio
2403 3109 2563 3179 igitur
2588 3108 2660 3162 ita
2704 3106 2961 3177 scriptum
2987 3105 3082 3161 luit
3110 3102 3461 3174 epitaphium,
3507 3102 3647 3173 quod

2074 3207 2136 3263 P.
2164 3206 2402 3263 Pithoeus
2430 3213 2633 3268 noster,
2667 3203 2747 3257 vir
2774 3217 2982 3259 summa
3004 3211 3058 3259 et
3087 3201 3351 3274 probitate
3388 3207 3443 3257 et
3465 3198 3649 3258 erudi-

2075 3301 2244 3372 tione,
2279 3298 2435 3357 nobis
2464 3296 2876 3354 communicavit
2908 3293 2987 3368 (ιι)
3015 3314 3025 3348 ;

2281 3475 2344 3532 C.
2386 3474 2565 3529 SOLLil
2597 3473 2948 3529 APOLLINARIS
2974 3472 3216 3529 MODESTI
3246 3472 3449 3529 SIDONll

2385 3545 2590 3615 Sanctis
2617 3544 2887 3615 contiguus
2914 3560 3154 3614 sacroque
3183 3540 3316 3614 patri

2394 3612 2523 3667 Vivit
2554 3614 2635 3668 hic
2661 3612 2856 3669 meritis
2882 3612 3216 3684 Apollinaris.

2397 3774 2517 3831 Illic
2544 3776 2793 3832 Sidonius
2824 3763 2911 3829 tib’i
2941 3778 3219 3829 invocetur.

2608 3862 2681 3901 xu
2705 3847 2804 3901 cal.
2834 3845 2981 3919 Sept.
3012 3846 3218 3901 Zenone
3242 3847 3540 3919 imperatore

2147 4038 2220 4077 xu
2249 4021 2352 4078 cal.
2384 4019 2533 4091 Sept.
2576 4010 2743 4090 ponit,
2802 4027 2921 4077 c‘um
2959 4020 3184 4079 ecclesia
3219 4021 3584 4079 Arvernorum
3621 4040 3652 4078 a

2077 4114 2245 4188 prima
2288 4124 2455 4183 usque
2503 4111 2819 4182 antiquitate
2867 4112 3065 4170 retinet
3111 4128 3144 4169 χ
3193 4112 3293 4170 cal.
3344 4112 3556 4186 Alioqui
3607 4115 3653 4169 si

2077 4206 2272 4264 obierit
2299 4220 2373 4261 xu
2398 4204 2526 4272 cal.,
2560 4203 2660 4261 hoc
2688 4204 2847 4261 fuerit
2880 4218 3022 4260 anno
3048 4203 3244 4261 Christi
3284 4203 3496 4274 qmdem
3525 4204 3650 4267 482,

2080 4300 2287 4371 imperii
2314 4306 2490 4355 autem
2518 4294 2816 4365 Zenoniani
2848 4297 2899 4353 7.
2932 4326 3001 4337 -—
3042 4296 3181 4353 Obiit
3216 4296 3376 4366 igitur
3402 4295 3653 4353 Sidonius

2078 4406 2219 4449 anno
2248 4391 2281 4448 5
2311 4390 2540 4446 Zenonis
2567 4388 2826 4459 Augusti,
2855 4395 2975 4457 post
2999 4388 3332 4445 consulatum
3358 4386 3523 4457 ipsius
3552 4385 3653 4439 Ze-

2080 4487 2237 4544 nonis
2264 4485 2403 4558 (ιιι),
2445 4484 2528 4538 Fl.
2558 4483 2752 4539 Basilio
2788 4483 2999 4554 juniore
3025 4482 3090 4539 γ.
3122 4482 3185 4537 C.
3215 4497 3351 4554 008.,
3402 4496 3544 4537 anno
3572 4496 3655 4537 se-

2079 4578 2256 4637 cundo
2287 4577 2567 4645 lllodovei,
2601 4576 2894 4633 indictione
2920 4575 3098 4641 tertia,
3131 4590 3163 4631 ι
3195 4575 3301 4634 cal.
3331 4574 3505 4646 Sept..
3533 4573 3654 4629 sab-

2079 4669 2226 4727 bato.
2258 4688 2276 4723 ι
2320 4668 2588 4724 Hactenus
2615 4665 2872 4736 Scaliger.
2961 4708 2964 4712 λ

2080 4898 2251 4953 Paris.
2284 4898 2441 4952 1670.

2152 4966 2235 5038 (ι)
2259 4967 2441 5038 Sidon.
2476 4966 2567 5021 lib.
2601 4982 2694 5031 vn,
2728 4967 2907 5035 epistt.
2941 4967 3077 5038 5,,8,
3105 4966 3158 5020 9.

2152 5036 2248 5108 (nt)
2288 5036 2483 5120 Baron.
2518 5038 2585 5090 ad
2611 5054 2736 5091 ann.
2769 5038 2968 5160 472,§
3001 5036 3086 5091 16.

2153 5108 2231 5160 (nl
2275 5108 2427 5160 Pam.
2454 5106 2519 5159 ad
2550 5122 2673 5160 nnn.
2703 5107 2828 5160 484.
2871 5108 2898 5160 Β
2968 5108 3019 5160 8.

2178 5106 2237 5176 ιι)
2275 5108 2427 5179 Pagi.
2454 5106 2673 5179 adnnn.
2703 5107 2828 5171 484,
2871 5108 2898 5179 §
2929 5106 3019 5161 28.

2152 5110 2231 5243 ἔπι)
2275 5110 2427 5229 Papi.
2454 5110 2519 5159 ad
2550 5122 2673 5160 nnn.
2703 5110 2828 5171 484,
2871 5110 2898 5179 §
2929 5110 3019 5161 28.
3145 5174 3153 5180 _

2175 5182 2226 5245 ο)
2271 5177 2469 5230 Titem.
2518 5177 2677 5231 Mém.
2726 5179 2856 5232 cccl.
2904 5189 3031 5231 tom.
3066 5175 3221 5241 χνι,
3279 5191 3433 5248 pagg.
3466 5179 3571 5234 274
3607 5191 3661 5236 et

2079 5249 2204 5304 755.
2235 5256 2345 5300 not.
2382 5247 2448 5300 16
2480 5262 2573 5301 sur
2600 5250 2738 5302 saint
2766 5248 3004 5302 Sidoin'e.

2152 5256 2204 5313 5,
2235 5256 2345 5300 not.
2382 5256 2448 5300 to
2480 5262 2573 5301 sur
2600 5256 2738 5302 saint
2766 5256 3004 5302 Sidoine.

2155 5319 2233 5387 (p)
2274 5318 2408 5390 ljist.
2448 5318 2611 5390 litter.
2639 5320 2705 5371 de
2736 5319 2784 5371 lu
2812 5318 3173 5390 Francetom.
3207 5317 3270 5383 ll,
3297 5332 3417 5390 pag.
3450 5322 3571 5375 557.

2155 5392 2230 5459 (τι)
2273 5388 2592 5459 Sammartlt.
2628 5389 2665 5442 Ι.
2695 5403 2741 5444 c.
2776 5404 2891 5456 pag.
2925 5388 3050 5442 253.

2154 5462 2223 5528 (r)
2267 5458 2460 5528 Sralig.
2493 5459 2559 5509 de
2593 5459 2816 5512 Emend.
2842 5459 3030 5525 Temp.
3062 5458 3157 5511 lib.
3183 5475 3255 5520 vr,
3290 5462 3651 5528 pag.61550q.

2151 5526 2220 5597 (ε)
2262 5526 2476 5597 Gregor.
2522 5528 2718 5581 Turon.
2763 5530 2897 5582 llist.
2944 5530 3137 5583 Frane.
3174 5530 3264 5583 lib.
3296 5526 3511 5596 itfcap.
3562 5532 3653 5592 25,

2082 5612 2201 5667 pag.
2238 5600 2325 5661 75,
2362 5600 2490 5653 edit.
2530 5598 2770 5651 Rttinart.

2155 5670 2221 5739 (ι)
2250 5670 2444 5739 Confer
2473 5668 2629 5722 Labb.
2650 5669 2905 5723 Chronol.
2931 5670 3107 5724 techn.
3142 5677 3279 5736 part.
3311 5670 3364 5733 1,
3387 5683 3507 5738 pag.
3528 5669 3650 5736 114,

2083 5739 2147 5791 ad
2168 5737 2302 5795 ann.
2340 5737 2464 5791 480.
3467 5737 3470 5738 ⁷

2157 5808 2234 5877 (n)
2263 5809 2529 5877 lntegrum
2561 5808 2885 5877 epitaphium
2914 5810 3077 5863 habes
3121 5805 3254 5860 intra
3277 5848 3291 5871 ,
3325 5808 3461 5864 Vitae
3497 5812 3648 5868 Sido-

2083 5879 2256 5933 niana:
2285 5894 2314 5931 a
2348 5880 2633 5933 SirmOndo
2659 5880 2976 5944 cmnscriptu:
3016 5877 3333 5938 subjectum.

3570 5984 3665 5998 ,σΑ
