4078 6348
1860 246 1875 251 "
1900 251 1909 253 ξ
1929 263 1933 266 ,
1956 250 2013 269 ηανξ
2100 246 2165 263 Au“
2198 246 2199 249 ‘
2228 246 2241 251 ’λ

449 366 555 427 459

1667 363 1976 423 SIDONIUS
2013 361 2483 422 APOLLINARIS.

3610 367 3713 425 HC

543 483 610 544 V.
644 484 860 550 Verum,
904 490 961 538 ut
986 494 1107 537 cum
1141 480 1344 536 Baunio
1379 480 1561 550 loquar
1589 479 1690 551 (a),
1718 498 1738 531 ι
1772 480 1902 535 nihil
1931 487 2014 534 est
2044 484 2095 542 Α
2123 494 2385 536 censuere
2416 480 2682 550 sequioris
2708 481 2805 536 aevi
2829 482 3142 551 scriptores,
3173 481 3528 552 Flodoardus,
3559 483 3703 555 δίκε.

450 577 733 632 admodum
762 575 903 646 quod
929 582 1085 646 cogat
1111 573 1383 630 discedere
1412 589 1441 627 a
1470 574 1732 629 sententia
1768 574 2014 628 cardina-

452 668 519 722 lis
550 667 756 722 Baronii
805 667 903 737 (b),
959 682 1115 735 quam
1155 666 1369 735 quidem
1409 663 1792 733 approbavisse
1835 675 1888 719 et
1919 680 2012 719 ve-

449 758 642 811 riorem
671 757 1057 811 existimavisse
1078 756 1391 812 Sirmondus
1418 755 1626 809 videtur
1649 753 1724 825 (c)
1752 772 1765 807 :
1816 769 2015 822 nempe

388 891 397 899 .
448 849 722 903 Sidonium
751 849 1053 917 pervenisse
1076 848 1141 901 ad
1183 862 1380 901 annum
1424 848 1551 910 484,
1602 847 1758 916 idque
1792 846 2014 916 intelligi

447 956 510 993 ex
542 942 709 1008 ipsius
736 942 801 995 ad
831 941 1074 996 Oresium
1104 941 1346 1010 epistola,
1377 942 1431 993 in
1460 956 1559 1009 qua
1601 953 1659 993 se
1696 940 1773 991 ab
1799 941 2015 993 exordio

444 1033 693 1102 religiosa:
718 1033 1042 1103 professionis
1064 1070 1078 1094 ,
1111 1030 1328 1100 poeticae
1360 1029 1750 1085 renuntiavisse
1778 1044 1841 1083 ac
1865 1044 1930 1083 eo
1959 1030 2016 1083 in

443 1124 641 1176 silentio
673 1134 769 1177 (res
794 1124 899 1191 jam
930 1123 1267 1192 olympiadas,
1290 1122 1393 1176 hoc
1411 1131 1493 1175 est
1519 1134 1689 1174 annos
1703 1120 2011 1189 duodecim,

443 1217 723 1269 decurrisse
750 1216 932 1269 scribit
958 1214 1056 1284 (d).
1086 1213 1216 1267 Nam
1244 1214 1405 1267 verba
1437 1212 1579 1279 haec,
1612 1212 1675 1265 ab
1697 1214 1907 1266 exordio
1933 1229 2014 1266 re-

441 1308 635 1379 ligiosa:
656 1307 1003 1377 professionis,
1035 1306 1101 1359 de
1126 1305 1277 1359 initio
1302 1305 1641 1373 episcopatus
1669 1312 1723 1359 et
1753 1305 2012 1360 Barouius

439 1407 494 1453 et
518 1397 834 1452 Sirmondus
856 1396 1047 1451 merito
1078 1396 1382 1462 intelligunt
1407 1414 1420 1447 :
1442 1396 1727 1464 siquidem,
1754 1396 2012 1467 Eparchio

436 1492 719 1560 migrante,
775 1490 1049 1544 Sidonium
1102 1504 1166 1542 ea:
1222 1488 1350 1543 Urbi
1400 1489 1639 1557 prmfecto
1677 1489 2005 1543 substitutum

437 1592 663 1639 testatur
697 1584 985 1654 Gregorius
1010 1584 1337 1638 Turonensis
1368 1583 1442 1652 (ε)
1469 1599 1483 1638 :
1518 1584 1889 1652 migrationem
1916 1599 2012 1638 au-

438 1684 544 1730 tem
575 1674 826 1743 Eparcbii
869 1674 1128 1728 Baronius
1163 1673 1360 1742 aliique
1391 1673 1459 1727 ad
1495 1687 1693 1727 annum
1734 1672 1839 1727 472
1873 1673 2013 1729 refe-

433 1776 625 1821 runt...
660 1766 784 1821 Haec
810 1766 922 1821 ille.
965 1768 1033 1819 At
1060 1764 1239 1820 dehis
1266 1768 1413 1821 satis.

2126 574 2315 628 bertus
2382 571 2821 638 Gemblacensis,
2870 573 3137 628 Honorius
3190 574 3705 644 Augustodunensis,

2128 666 2281 735 Hugo
2303 665 2683 731 Floriacensis,
2702 665 2895 721 Petrus
2919 665 3274 733 Venerabilis,
3308 668 3472 724 abbas
3490 668 3703 725 Clunia

2126 756 2325 823 censis,
2374 756 2594 824 aliique,
2636 760 2860 826 quorum
2917 759 3180 827 praeconia
3240 758 3482 829 proferre
3536 777 3709 831 neque

2126 845 2291 900 refert
2320 861 2494 914 neque
2515 847 2664 903 libet.

2201 937 2288 991 Vl.
2326 935 2589 993 Caeterum
2628 942 2813 1010 quanti
2855 940 3130 996 habendus
3162 940 3235 995 sit
3270 940 3554 1011 Sidonius,
3586 944 3701 999 Sir-

2124 1028 2380 1083 mondutn
2414 1029 2598 1084 audire
2635 1030 2851 1099 juveril,
2894 1032 2983 1101 qtti
3021 1031 3139 1101 ejus
3182 1032 3504 1102 scriptorum
3548 1035 3700 1090 dotes

2122 1117 2292 1187 probe
2314 1129 2556 1175 noverat.
2582 1121 2671 1186 Sic
2697 1124 2861 1192 igitur
2886 1124 2975 1178 ille
3010 1124 3067 1178 in
3111 1124 3279 1194 ipsius
3312 1125 3509 1195 elogio,
3558 1131 3698 1198 quod

2122 1209 2394 1275 Opusculis
2440 1211 2743 1268 Sidonianis
2787 1216 3013 1271 atlexuit
3063 1215 3127 1289 (ι)
3164 1234 3179 1273 :
3234 1236 3252 1270 ‹
3284 1217 3483 1288 Ingenii
3523 1223 3698 1275 moni-

2123 1307 2327 1362 menta,
2373 1304 2614 1369 quamvis
2651 1303 2752 1357 alia
2798 1305 3021 1374 plurima
3071 1309 3376 1375 scripserit,
3430 1310 3543 1364 hinc
3584 1313 3695 1366 sola

2121 1406 2242 1460 qua:
2270 1401 2472 1447 restant
2501 1394 2697 1464 publici
2716 1395 2853 1464 juris
2883 1410 3000 1451 esse
3032 1397 3215 1451 voluit.
3246 1399 3303 1452 ln
3330 1400 3520 1468 quibus
3545 1417 3693 1467 sane,

2120 1496 2219 1537 seu
2245 1493 2417 1539 metro
2438 1486 2651 1551 vinctis,
2683 1501 2776 1541 seu
2810 1487 2991 1541 liberis
3015 1503 3076 1541 ac
3104 1490 3294 1544 solutis
3319 1532 3333 1554 ,
3370 1494 3485 1546 sive
3515 1505 3694 1549 narret

2119 1584 2211 1629 aut
2236 1576 2475 1640 suadeat.
2504 1578 2616 1633 sive
2646 1578 2821 1633 laudet
2846 1588 2940 1633 aut
2966 1581 3247 1649 vituperet,
3271 1592 3325 1636 et
3342 1583 3694 1654 quodcunque

2117 1678 2490 1733 argumentum
2514 1678 2740 1735 tractet,
2787 1685 2884 1738 par
2915 1670 2966 1723 in
2994 1670 3242 1723 omnibus
3276 1670 3501 1726 felicitas
3528 1682 3580 1728 et
3605 1689 3669 1728 co

2118 1758 2227 1827 pia,
2261 1769 2421 1829 atque
2449 1773 2513 1812 ea
2541 1769 2650 1812 tum
2675 1759 2956 1813 verborum
2976 1769 3083 1813 tum
3111 1763 3497 1816 sententiarum
3521 1765 3687 1818 varie-

505 1858 572 1912 ν.
612 1858 838 1913 Maxime
881 1858 1074 1914 claruit
1109 1856 1363 1913 Sidonius
1398 1858 1620 1927 poeticis
1658 1858 1918 1929 imprimis
1956 1868 2010 1914 οι
2039 1842 2090 1902 Β
2118 1858 2226 1915 tas,
2258 1860 2316 1905 ut
2344 1850 2477 1905 mira
2502 1852 2553 1904 in
2584 1866 2648 1906 eo
2670 1851 2749 1905 vis
2772 1851 2968 1921 ingenii
2991 1861 3045 1906 et
3077 1851 3398 1907 abundantia
3444 1856 3687 1924 quaedam

434 1950 715 2005 rhetoricis
743 1950 962 2016 litteris;
1007 1965 1113 2019 quo
1156 1951 1373 2006 nomine
1411 1950 1542 2005 nulli
1569 1966 1679 2006 sua:
1718 1952 1890 2006 aetatis
1918 1966 2010 2006 se-

432 2043 674 2097 cundus:
708 2052 763 2096 ut
785 2043 1009 2112 proinde
1033 2043 1164 2097 viris
1189 2058 1251 2098 ea
1285 2052 1602 2112 tempestate
1627 2044 2011 2113 praestantibus

430 2134 594 2188 fuerit
635 2149 827 2203 magno
866 2135 919 2188 in
960 2136 1129 2203 pretio
1177 2135 1390 2190 habitus
1429 2146 1483 2190 et
1509 2136 1733 2191 summis
1764 2137 2009 2190 laudibus

430 2234 638 2279 auctus.
668 2225 973 2294 Cuiusmodi
1002 2234 1127 2281 sunt
1147 2229 1319 2281 sancti
1345 2228 1622 2297 praesules,
1659 2228 1840 2297 Lupus
1869 2228 2006 2282 Tre-

433 2316 649 2383 censis,
708 2314 1051 2385 Euphronius
1096 2319 1635 2387 Augustodunensis,
1707 2320 2009 2388 Principius

427 2406 855 2473 Suessionensis,
896 2409 1168 2477 Remigius
1199 2410 1500 2475 Remensis,
1536 2411 1783 2466 Ruricius
1815 2411 2007 2466 Lemo-

427 2496 680 2561 viccnsis,
699 2506 757 2551 ut
771 2498 905 2551 alios
926 2506 1333 2566 praetereamus.
1352 2501 1674 2556 Claudianus
1694 2504 2000 2573 Mamertus,

426 2587 518 2654 qui
562 2601 689 2641 suos
725 2587 891 2641 libros
932 2588 995 2641 de
1020 2588 1173 2643 Statu
1216 2591 1401 2645 animo:
1433 2594 1635 2647 auctori
1677 2606 1860 2649 nostro
1890 2607 2003 2651 tum

428 2676 766 2744 praefectorio
811 2678 1026 2740 dicavit,
1074 2680 1127 2735 in
1177 2682 1402 2749 epistola
1445 2687 1834 2753 nuncupatoria
1879 2703 2001 2742 eum

426 2780 581 2825 vocat
611 2769 684 2842 (f)
712 2772 1057 2827 doctissimum
1083 2784 1129 2828 et
1168 2776 1412 2846 Optimum
1447 2778 1630 2841 virum,
1681 2780 2003 2850 potissimum

423 2862 756 2927 disertorum,
784 2866 1183 2919 eruditissimum
1207 2869 1430 2921 virorum
1458 2885 1520 2921 ac
1561 2872 1739 2923 veteris
1761 2871 2000 2940 eloquen-

424 2952 510 3005 tia:
537 2962 901 3021 reparatorem.
954 2955 1020 3009 Et
1066 2956 1195 3012 alibi
1234 2958 1299 3011 ad
1339 2957 1511 3025 ipsum
1548 2958 1659 3028 jam
1688 2962 1998 3030 episcopum

419 3042 659 3097 scribens
692 3042 768 3119 (g)
800 3062 812 3097 :
850 3044 1007 3111 Cum,
1052 3046 1251 3115 inquit,
1300 3046 1690 3117 Scripturarum
1724 3052 1998 3106 caelestium

419 3134 660 3203 mysteria
675 3134 902 3199 rimaris,
924 3150 1022 3204 quo
1046 3144 1092 3188 te
1116 3138 1396 3191 studiosius
1413 3140 1619 3206 imbuis,
1636 3157 1693 3194 eo
1715 3143 1997 3197 doctrinam

2114 1941 2373 1997 doctrina:
2397 1943 2574 1997 statim
2600 1944 2922 1998 eluceat.....
2950 1942 3132 2014 Neque
3158 1957 3287 1999 vero
3314 1944 3367 1998 in
3397 1944 3461 1999 iis
3488 1954 3686 1999 tantum

2115 2049 2236 2103 quae
2272 2037 2525 2090 attentius
2571 2035 2929 2091 meditabatur
2978 2044 3034 2090 et
3074 2036 3405 2105 elaborabat,
3460 2048 3688 2107 quantus

2116 2133 2263 2180 esset
2281 2126 2551 2191 ostendit;
2598 2126 2693 2181 sed
2726 2128 2777 2181 in
2809 2126 3263 2195 extemporalibus
3297 2127 3459 2181 etiam
3496 2142 3687 2196 repeti.

2116 2218 2347 2286 sinisque
2397 2218 2776 2289 scriptionibus
2810 2262 2825 2287 ,
2880 2232 3104 2287 quarum
3151 2218 3225 2272 illi
3281 2228 3387 2275 tam
3441 2230 3683 2288 prompta

2110 2309 2336 2366 facultas
2362 2321 2496 2375 erat,
2538 2318 2597 2363 ut
2627 2324 2731 2363 non
2763 2310 3017 2379 pauculos
3039 2309 3302 2363 duntaxat
3347 2325 3536 2366 versus
3576 2326 3682 2366 non

2110 2400 2399 2456 meditatos
2426 2400 2723 2455 fundercte
2751 2399 3087 2468 vestigio.....
3120 2400 3214 2454 sed
3243 2400 3385 2468 justa
3417 2401 3682 2455 interdum

2112 2500 2343 2562 utroque
2390 2492 2645 2547 orationis
2694 2506 2892 2561 genere
2941 2491 3200 2561 opuscula
3253 2493 3367 2559 pari
3412 2494 3684 2548 celeritate

2109 2591 2528 2649 pertexerct.....
2579 2584 2841 2636 Caeterum
2895 2596 3016 2635 cum
3068 2582 3189 2635 talis
3240 2582 3383 2636 omni
3439 2598 3503 2637 ex
3536 2596 3683 2651 parte

2108 2683 2396 2744 tantusque
2435 2681 2579 2729 esset
2618 2673 2891 2739 Sidonius,
2943 2675 3170 2743 ejusque
3217 2675 3409 2745 scripta
3434 2678 3683 2730 omnibus

2108 2765 2334 2819 miriﬁce
2360 2766 2730 2834 probarentur,
2764 2767 2874 2835 ipse
2902 2781 3040 2820 unus
3066 2768 3135 2820 de
3160 2780 3218 2821 se
3246 2768 3453 2823 modice
3476 2770 3680 2823 sentire

2107 2871 2170 2912 ac
2218 2872 2402 2920 parum
2463 2858 2561 2911 sibi
2606 2872 2983 2927 usquequaque
3029 2857 3337 2913 satisfacere
3381 2857 3677 2913 videbatur.

2107 2950 2291 3018 Itaque
2320 2958 2376 3004 et
2400 2949 2559 3003 multa
2587 2949 2915 3017 suppressit,
2947 2957 3003 3003 et
3050 2948 3293 3018 quaedam
3343 2951 3589 3017 adorsus,
3625 2964 3680 3006 ut

2106 3044 2289 3098 Attilae
2332 3042 2552 3108 bellum,
2593 3044 2773 3112 operis
2823 3051 3083 3111 perttesus
3116 3042 3328 3111 abiecit.
3388 3043 3673 3099 Historiam

2104 3144 2363 3202 praeterea
2388 3132 2469 3186 sui
2492 3132 2750 3201 temporis
2794 3140 2851 3187 ut
2883 3132 3145 3187 scriberet
3191 3132 3441 3188 hortante
3488 3133 3666 3189 Leone

417 3224 615 3277 steteris
642 3225 897 3292 capiosius
919 3226 1169 3296 infundis.
1196 3225 1502 3283 Gennadius
1525 3240 1701 3285 autem
1720 3232 1786 3285 de
1802 3236 1989 3289 eodem

2108 3225 2284 3279 Eurici
2332 3224 2472 3295 regis
2530 3224 2837 3279 consiliario
2898 3224 3247 3293 detrectavit,
3300 3239 3421 3279 cum
3470 3225 3668 3281 diceret

417 3310 642 3366 Sidonio
669 3313 783 3366 hinc
812 3313 973 3369 habet
1003 3314 1085 3384 (h)
1109 3331 1125 3369 :
1154 3315 1403 3370 Sidonius
1432 3316 1768 3373 Arvernomm
1796 3323 1993 3390 episco-

416 3420 513 3472 pus
540 3404 743 3473 scripsit
762 3408 905 3458 varia
929 3413 977 3458 et
1004 3415 1151 3476 grata
1176 3411 1442 3476 opuscula,
1476 3421 1523 3462 et
1549 3426 1688 3464 sana:
1725 3412 1992 3467 doctrinm.

416 3492 592 3547 Homo
614 3494 859 3561 siquidem
882 3503 981 3547 tam
1004 3496 1185 3549 divinis
1205 3514 1358 3567 quam
1377 3499 1611 3553 humanis
1649 3503 1715 3554 ad
1742 3503 1995 3573 integrum

416 3585 660 3651 imbutus,
683 3601 897 3655 acerque
922 3587 1218 3656 ingeniam.
1253 3590 1530 3645 catholicus
1556 3602 1718 3660 pater,
1744 3601 1789 3645 et
1817 3594 1996 3648 doctor

415 3678 630 3747 insignis
659 3676 894 3734 habetur.
942 3678 1173 3733 Sanctus
1214 3679 1340 3733 item
1370 3680 1560 3735 Avitus
1583 3682 1898 3737 Viennensis
1924 3685 1993 3739 de

416 3767 711 3838 Apollinari
732 3768 939 3823 Sidonii
970 3769 1079 3824 filio
1117 3770 1277 3824 verba
1308 3770 1531 3839 faciens,
1566 3785 1788 3843 paternae
1813 3775 1995 3843 facun-

415 3860 517 3912 dite
541 3857 894 3935 (Sidonianae)
925 3859 1157 3926 delicias,
1184 3872 1232 3915 et
1261 3864 1474 3931 ﬂumina
1500 3865 1720 3933 fontium
1747 3875 1992 3933 paterno-

414 3965 530 4003 rum
558 3950 769 4005 extollit
795 3948 893 4020 (i).
943 3949 1046 4018 Qui
1085 3967 1271 4007 rursus
1308 3955 1374 4008 ad
1423 3957 1595 4023 ipsum
1624 3958 1987 4025 Apollinarem

415 4040 657 4095 scribens
684 4040 796 4113 (j):
829 4037 934 4095 Hic
962 4059 1113 4108 nunc,
1144 4043 1337 4115 inquit,
1378 4046 1509 4100 nihil
1542 4048 1695 4117 falso,
1740 4050 1868 4103 nihil
1906 4067 1992 4104 as-

410 4132 684 4202 sentatorie
708 4148 788 4187 me
809 4134 980 4203 loqui,
1012 4150 1184 4188 coram
1217 4138 1503 4190 sinceritate
1537 4147 1700 4191 vestra
1737 4142 1990 4209 imprecor

410 4228 583 4275 testem
604 4220 791 4287 Deum,
818 4230 1013 4275 tantum
1042 4240 1121 4277 me
1146 4233 1233 4277 tuo
1252 4226 1455 4296 judicio
1482 4228 1806 4295 delectatum,
1832 4231 1987 4285 veluti

413 4315 454 4368 si
484 4316 691 4367 auribus
718 4316 890 4367 damni
911 4318 1009 4369 mei
1030 4319 1189 4386 patris
1210 4320 1285 4371 tui
1310 4318 1559 4388 (Sidonii)
1596 4322 1841 4375 meditata
1869 4339 1991 4377 con—

417 4404 595 4471 fessus,
617 4406 962 4473 cujuscunque
987 4407 1156 4459 laudis
1194 4416 1445 4460 momento
1474 4410 1566 4462 sub
1594 4426 1797 4465 censore
1827 4414 1989 4466 dona-

418 4508 512 4546 rer.
570 4491 859 4562 Gregorius
909 4496 1139 4565 denique
1188 4498 1515 4555 Turonensis
1561 4501 1663 4573 (k)
1700 4519 1715 4556 :
1756 4502 1982 4560 Sanctus

2101 3316 2340 3370 historiae
2361 3314 2658 3370 scribenda:
2683 3315 2964 3369 consilium
2989 3315 3199 3370 clericis
3224 3316 3442 3370 minime
3475 3331 3673 3372 conve-

2100 3409 2240 3462 nire.
2268 3426 2285 3458 ι
2320 3408 2433 3461 Huc
2462 3421 2630 3476 usque
2662 3406 3001 3461 Sirmondus.

2170 3499 2279 3553 νη.
2324 3498 2474 3565 Quod
2496 3506 2761 3566 superest,
2792 3511 2911 3552 eam
2930 3496 3339 3552 Sidonianorum
3362 3498 3671 3567 editionem,

2099 3591 2361 3646 Baunium
2390 3591 2563 3646 secuti
2593 3590 2716 3661 (νη),
2751 3590 2892 3661 typis
2915 3590 3317 3658 exprimendam
3361 3590 3673 3644 tradidimus

2097 3698 2254 3752 quam
2288 3683 2515 3751 ipsemet
2546 3681 2866 3737 Sirmondus
2892 3696 3098 3735 summa
3127 3681 3403 3750 diligentia
3429 3684 3671 3752 recogni-

2096 3786 2206 3829 tam
2236 3783 2291 3829 et
2310 3774 2626 3829 illustratum
2649 3773 2930 3843 evulgavit.
2962 3772 3144 3842 Neque
3173 3782 3348 3826 tamen
3366 3787 3551 3827 eorum
3568 3774 3670 3827 ulla

2097 3867 2559 3936 praetermisimus,
2590 3865 2705 3921 sive
2731 3881 2850 3935 qua:
2880 3866 2932 3919 in
2962 3863 3243 3933 postel'iori
3274 3866 3509 3921 editione
3529 3866 3670 3921 Labs

2093 3961 2228 4015 bcus
2258 3972 2320 4014 ex
2355 3957 2625 4015 Sirmondi
2657 3958 2866 4013 schedis
2895 3958 3109 4027 adjecit,
3138 3961 3252 4014 sive
3284 3976 3405 4030 quin
3430 3961 3672 4015 Sirmon-

2094 4052 2375 4107 dianorum
2406 4050 2578 4105 editor
2604 4064 2671 4104 ex
2699 4049 3063 4118 compluribus
3095 4057 3205 4103 tum
3233 4051 3394 4120 regiae
3419 4060 3529 4105 tum
3549 4050 3671 4105 Col-

2092 4144 2317 4199 bertinae
2343 4142 2678 4197 bibliothecae
2704 4157 2836 4196 mss.
2869 4140 3141 4196 codicibus
3162 4140 3227 4195 ad
3251 4140 3452 4197 Sidonii
3469 4151 3668 4196 textum

2093 4236 2499 4291 emaculandum
2529 4236 2689 4290 eruit.
2722 4234 3026 4305 Adjecimus
3054 4244 3315 4305 praeterea
3339 4236 3664 4292 observatio-

2094 4341 2188 4382 nes
2218 4327 2335 4381 illas
2373 4341 2508 4395 quas
2546 4328 2599 4381 in
2631 4326 2772 4382 idem
2810 4326 3093 4381 consilium
3133 4325 3378 4381 laudatus
3404 4327 3583 4382 editor
3611 4330 3666 4381 in

2091 4418 2405 4487 praefatione
2436 4418 2503 4472 ad
2544 4427 2744 4472 tomum
2773 4417 2796 4471 Ι
2824 4418 3157 4473 collectionis
3187 4417 3572 4473 Sirmondianae
3598 4435 3665 4474 ex

2092 4509 2253 4563 variis
2283 4508 2519 4563 virorum
2544 4508 2876 4563 eruditorum
2908 4508 3159 4577 operibus
3187 4509 3491 4577 descripsit.
3524 4509 3669 4563 Non-

417 4583 678 4652 Sidonius,
707 4588 800 4652 ait,
829 4598 985 4643 tantis
1021 4591 1279 4660 facundia:
1317 4602 1448 4660 erat,
1488 4603 1545 4648 ut
1573 4570 1882 4669 plerumque
1919 4617 1982 4655 ea:
2012 4570 2068 4630 D
2092 4600 2235 4655 nulla
2289 4599 2519 4670 denique
2564 4599 2762 4655 alicubi
2798 4570 3207 4670 adnotavimus,
3246 4570 3404 4656 nobis
3451 4600 3667 4656 aliunde

408 4676 685 4744 improviso
705 4677 1101 4736 luculentissime
1129 4699 1244 4754 qua:
1264 4686 1522 4755 voluisset,
1549 4688 1693 4742 nulla
1717 4690 1981 4747 obsistente

408 4782 552 4821 mora
585 4782 924 4838 componeret.
975 4774 1157 4843 Neque
1206 4776 1365 4831 aliter
1405 4778 1473 4833 de
1509 4781 1747 4837 antistite
1790 4793 1978 4840 nostro

482 4937 758 5018 _(a)_Baun.
790 4939 992 5008 praafat.
1018 4942 1084 4996 ad
1115 4952 1243 4998 tom.
1272 4944 1292 4998 l
1319 4960 1444 5016 Opp.
1472 4946 1770 5018 Sirmond.,
1826 4950 1854 5016 ξ
1887 4952 1975 5008 11η

411 5007 788 5157 “ieiunumst.
816 5080 882 5157 ad
909 5083 1194 5157 ann._484,
1218 5084 1431 5157 A§§156,
1464 5090 1585 5146 159.

506 5149 554 5221 c)
596 5149 861 5221 Sirmond.
895 5151 959 5205 ad
988 5152 1141 5219 epist.
1175 5149 1388 5221 iiflib.
1421 5149 1495 5215 ix.

506 5152 554 5217 c)
596 5152 861 5203 Sirmond.
895 5152 959 5205 ad
988 5152 1141 5219 epist.
1175 5152 1325 5221 12,Ἰί

477 5152 559 5357 3d)
604 5218 788 5303 Sidon.
819 5221 974 5289 epist.
1014 5223 1101 5303 i2,
1133 5225 1222 5277 lib.
1253 5242 1325 5279 tx.

502 5290 550 5355 ε)
590 5288 741 5356 Greg.
766 5290 959 5346 Turon.
994 5293 1126 5346 Hist.
1165 5294 1325 5351 Franc

502 5290 550 5364 ς)
590 5287 959 5364 ρτθρεΐηίὀη.
994 5293 1126 5364 Hist.
1165 5294 1352 5354 Franc.
1382 5300 1475 5355 lib.
1508 5315 1566 5364 tl,
1594 5315 1709 5356 cao.
1738 5299 1828 5353 2L

477 5359 554 5432 (f)
595 5359 886 5432 Claudiam,
922 5378 1040 5432 pag.
1071 5363 1195 5419 417.

481 5430 560 5499 (g)
596 5428 684 5483 Id.
712 5431 869 5500 epist.
895 5428 946 5501 f,
970 5428 1089 5504 p'ag.
1118 5436 1245 5494 455.

2092 4692 2275 4760 petita.

2182 4951 2238 5023 Ιι)
2276 4949 2512 5023 Gennqd.
2540 4950 2608 5006 de
2636 4950 2749 5023 Vir.
2779 4949 2972 5023 illustr.
2995 4966 3115 5021 cap.
3147 4952 3238 5007 92.

2183 5021 2226 5087 il
2260 5023 2393 5075 Avit.
2428 5021 2570 5075 Vien.
2597 5022 2754 5088 epist.
2788 5022 2879 5077 38.

2176 5092 2228 5164 j)
2270 5091 2354 5164 I_d.
2386 5092 2543 5164 epist.
2576 5092 2666 5146 ss.

2177 5160 2234 5232 lt)
2274 5160 2431 5234 Qreg.
2459 5162 2652 5234 T_ur_o_n.
2690 5161 2833 5234 ijist.
2858 5161 3057 5234 Franc.
3090 5161 3183 5217 lib.
3216 5178 3273 5227 tl,
3300 5178 3417 5234 cap.
3443 5164 3512 5221 ἓξ

2181 5230 2238 5302 ι)
2267 5230 2531 5302 Sjrntond.
2565 5230 2668 5302 Vit.
2698 5230 2753 5283 S.
2776 5231 2991 5302 Sidam,
3023 5236 3127 5286 col.
3156 5248 3269 5302 seq.

2181 5234 2223 5299 ι)
2267 5234 2531 5285 Sirmond.
2565 5234 2668 5284 Vit.
2698 5234 2753 5283 S.
2779 5234 2991 5295 Sidon.,
3023 5236 3127 5286 col.
3156 5248 3269 5302 seq.

2082 5371 2094 5381 .
2141 5234 2250 5383 ius)
2285 5299 2455 5355 Baun.
2488 5299 2696 5368 praefat.
2727 5300 2793 5354 ad
2829 5300 3099 5357 Sirmond.
3138 5318 3266 5374 opp.
3294 5313 3401 5359 tom
3431 5304 3473 5371 1,
3507 5305 3532 5375 3
3571 5305 3656 5373 il,

2082 5380 2256 5425 initio.
