4078 6348
397 363 494 418 αι

923 479 3339 511 _______________________________

1795 362 2280 424 ROLEGOMENA.
3551 385 3611 436 Η

1880 568 2133 641 νΙΤΑ

1153 715 1267 827 S.
1368 715 1896 829 SIDONII
1984 718 2893 836 APOLLINARIS

1629 891 1672 941 Δ
1701 891 2024 943 SIRMONDO
2056 892 2418 945 ADORNATA.

1781 1022 1971 1036 Ψ

458 1110 735 1166 Sidonium
762 1107 1099 1168 nobilissimo
1138 1107 1278 1159 inter
1316 1103 1496 1158 Gallos
1525 1117 1743 1172 genere,
1773 1119 1834 1158 ac
1866 1120 1956 1174 pa-
1986 1109 2039 1167 Α
2065 1106 2152 1160 diu
2193 1117 2367 1161 tamen
2419 1116 2602 1175 postea
2633 1117 2937 1177 superstes,
2985 1113 3291 1178 Aprunculo
3328 1129 3606 1170 successor

385 1211 470 1256 tre
489 1215 694 1270 avoque
713 1197 982 1268 praefectis
1024 1196 1278 1266 praetorio
1300 1193 1591 1248 Galliarum
1623 1203 1801 1247 natum
1835 1209 1964 1248 con-

383 1303 510 1347 stat.
545 1292 621 1346 De
649 1290 818 1359 patria
840 1303 963 1343 cum
983 1287 1073 1340 alii
1095 1286 1302 1340 diversa
1330 1284 1581 1351 sentiant,
1610 1284 1724 1353 ipse
1753 1284 1959 1354 Lugdu-

383 1399 604 1438 nensem
634 1396 692 1436 se
722 1395 828 1436 non
869 1379 1038 1434 semel
1061 1393 1160 1434 nec
1197 1377 1440 1432 obscuris
1465 1377 1645 1432 verbis
1669 1377 1954 1445 signiﬁcat.

381 1474 489 1530 Sed
517 1473 702 1528 crebra
735 1471 788 1525 in
832 1470 949 1539 ejus
973 1468 1127 1522 libris
1165 1468 1530 1523 Arvernorum
1563 1468 1784 1533 mentio,
1815 1469 1956 1536 apud

382 1581 516 1635 quos
563 1563 844 1634 conjugem
894 1561 1128 1630 primum
1177 1558 1319 1613 Aviti
1350 1560 1481 1628 imp.
1524 1558 1710 1625 ﬁliam,
1761 1558 1957 1613 deinde

382 1657 687 1713 cathedram
733 1652 1090 1723 episcopalem
1132 1652 1355 1705 sortitus
1400 1659 1503 1716 est,
1535 1650 1808 1704 nonnullis
1855 1667 1954 1705 an-

381 1766 494 1804 sam
516 1749 665 1804 dedit
688 1757 747 1801 ut
775 1748 1072 1800 Arvernum
1102 1745 1523 1813 suspicarentur.
1550 1744 1792 1814 Lugduni
1825 1760 1954 1813 ergo

383 1849 562 1909 natus,
594 1846 756 1908 atque
785 1837 1020 1906 optimis,
1051 1836 1240 1905 quibus
1270 1845 1378 1889 tum
1408 1837 1582 1891 adhuc
1617 1836 1811 1891 referta
1839 1847 1954 1893 erat

380 1932 578 1998 Gallia,
603 1930 904 1986 liberalium
932 1928 1126 1988 artium
1166 1942 1298 1982 usus
1325 1928 1617 1997 magistris,
1655 1929 1795 1984 inter
1821 1945 1953 1999 quos

381 2022 610 2077 Ennium
635 2022 688 2076 in
722 2020 966 2091 poeticis,
995 2018 1281 2073 Eusebium
1315 2019 1368 2071 in
1393 2018 1778 2088 pbilosOphicis
1805 2035 1953 2076 com-

379 2120 666 2180 memorat,
708 2127 830 2167 eam
865 2111 918 2165 in
949 2110 1198 2165 omnibus
1228 2120 1417 2165 natura
1438 2121 1492 2166 et
1519 2112 1698 2168 studio
1743 2114 1950 2170 laudem

379 2212 460 2258 est
507 2209 851 2267 consecutus,
885 2209 942 2256 ιιι
983 2200 1317 2255 eruditorum
1371 2201 1452 2255 sui
1498 2202 1595 2255 azvi
1624 2203 1801 2274 (quod
1842 2206 1953 2259 Ma-

378 2295 532 2348 merti
572 2291 850 2347 Claudiani
882 2293 949 2345 de
979 2291 1096 2358 ipso
1124 2292 1296 2360 elogia
1327 2291 1551 2358 docent)
1593 2294 1949 2361 peritissimus

378 2399 443 2437 ac
484 2383 868 2439 disertissimus
898 2381 1214 2436 haberetur.
1256 2381 1488 2436 Poeticae
1519 2385 1780 2452 imprimis
1807 2386 1946 2440 fama

2068 1215 2172 1254 non
2197 1201 2313 1256 sine
2342 1201 2521 1255 divina
2545 1203 2904 1270 praesensione
2928 1204 3227 1273 designato,
3260 1208 3325 1260 ad
3355 1209 3476 1263 caeli
3503 1224 3634 1277 pra:-

2065 1291 2170 1344 mia
2192 1292 2422 1346 evolavit
2439 1307 2508 1345 xu
2529 1293 2779 1346 calendas
2809 1293 3157 1362 Septembris.
3182 1297 3281 1362 Qui
3304 1297 3416 1353 dies
3441 1301 3630 1353 exinde

2064 1383 2443 1437 anniversarite
2473 1384 2638 1452 ipsius
2672 1385 2946 1439 memorize
2969 1388 3110 1456 apud
3135 1389 3406 1443 Arvernos
3429 1391 3633 1444 dicatus

2063 1482 2166 1540 est,
2200 1481 2256 1528 et
2300 1475 2504 1528 tumulo
2533 1475 2819 1544 inscriptus
2848 1492 2969 1532 cum
2998 1479 3288 1548 epitaphio.
3318 1480 3538 1536 Liberos
3565 1498 3628 1535 ex

2063 1564 2361 1634 Papianilla
2388 1566 2616 1636 conjuge
2659 1577 2782 1622 ante
2825 1571 3188 1638 episcopatum
3229 1581 3508 1642 susceptos
3545 1588 3630 1628 re-

2063 1656 2600 1726 liquitApollinarem
2624 1658 2812 1724 ﬁlium,
2831 1668 2884 1712 et
2913 1660 3158 1716 Rosciatn
3188 1676 3251 1716 ac
3280 1662 3621 1718 Severianam

2060 1749 2212 1803 ﬁlias.
2239 1750 2437 1816 Ingenii
2470 1766 2594 1805 vero
2616 1753 2960 1818 monimenta,
2989 1756 3226 1824 quamvis
3257 1756 3357 1810 alia
3395 1757 3620 1824 plurima

2057 1841 2350 1909 scripserit,
2399 1841 2515 1897 haec
2562 1853 2672 1896 sola
2721 1860 2839 1912 qua:
2885 1854 3088 1900 restant
3118 1848 3311 1916 publici
3338 1849 3475 1916 juris
3507 1865 3624 1904 esse

2057 1933 2248 1986 voluit.
2275 1931 2333 1988 In
2355 1934 2545 2003 quibus
2574 1949 2726 2001 sane,
2757 1951 2853 1990 seu
2875 1947 3046 1992 metro
3075 1937 3285 2004 vinctis,
3313 1954 3407 1993 seu
3440 1941 3624 1995 liberis

2056 2039 2120 2079 ac
2140 2025 2354 2091 solutis,
2379 2025 2491 2080 sive
2522 2037 2706 2082 narret
2752 2037 2843 2082 aut
2893 2029 3134 2096 suadeat,
3169 2030 3282 2084 sive
3325 2031 3504 2086 laudet
3529 2043 3620 2086 aut

2055 2116 2343 2188 vituperet,
2375 2126 2429 2172 et
2457 2118 2812 2187 quodcunque
2857 2127 3226 2188 argumentum
3274 2131 3496 2186 tractet,
3528 2137 3624 2191 par

2055 2208 2109 2263 in
2131 2209 2380 2262 omnibus
2410 2208 2633 2262 felicitas
2668 2218 2723 2263 et
2759 2210 2934 2277 copia,
2983 2219 3144 2279 atque
3188 2225 3250 2265 ea
3281 2219 3391 2266 tum
3434 2214 3622 2268 verbo-

2053 2308 2204 2365 rum‘,
2250 2307 2361 2353 tum
2410 2301 2796 2354 sententiarum
2824 2301 3077 2364 varietas,
3107 2310 3163 2354 ut
3190 2303 3322 2355 mira
3364 2303 3416 2355 in
3447 2318 3511 2358 eo
3540 2305 3619 2356 vis

2052 2393 2253 2462 ingenii
2280 2401 2335 2446 et
2363 2394 2681 2447 abundantia
2719 2395 2964 2462 quaedam
3005 2394 3263 2450 doctrinae
3291 2399 3468 2450 statim
3505 2397 3616 2451 elu-

377 2476 572 2538 clarus,
625 2490 729 2528 non
779 2474 951 2528 solum
1001 2474 1141 2543 apud
1193 2475 1427 2543 aequales
1483 2476 1708 2541 amiCOS.
1762 2494 1944 2533 verum
1979 2481 2027 2540 Β
2054 2493 2195 2540 ceat.
2225 2485 2339 2550 Qua
2375 2486 2565 2554 opinor
2600 2486 2760 2540 ﬁebat
2792 2493 2851 2540 ut
2878 2486 3054 2540 doctis
3082 2487 3242 2540 etiam
3295 2489 3468 2542 aetatis
3509 2503 3619 2542 sua:

375 2568 533 2621 etiam
573 2566 711 2635 apud
762 2567 1026 2634 principes
1065 2569 1210 2635 ipsos
1260 2568 1311 2619 in
1356 2567 1526 2635 pretio
1559 2569 1674 2622 fttit.
1708 2569 1942 2636 Quorum

375 2666 600 2718 alterum
653 2664 925 2718 declarant
977 2664 1213 2717 omnium
1264 2678 1518 2732 generum
1568 2665 1943 2731 epigrammata

372 2768 424 2812 et
453 2758 712 2818 carmina,
740 2770 858 2824 qute
902 2755 1192 2808 amicorum
1241 2764 1426 2823 rogatu
1477 2757 1638 2808 variis
1670 2756 1738 2830 de
1784 2758 1944 2811 rebus

375 2849 764 2903 ofﬁciosissime
800 2847 1046 2914 scripsit;
1079 2847 1306 2900 alterum
1333 2857 1439 2900 tres
1468 2848 1796 2918 panegyrici,
1829 2850 1946 2917 qui-

376 2942 474 2995 bus
520 2941 729 2995 Avitum
775 2954 1043 3003 socerum,
1088 2939 1460 3008 Majorianum,
1503 2949 1556 2994 et
1601 2940 1942 2996 Anthemium

373 3033 640 3100 Augustos
666 3029 875 3098 publice
898 3028 1156 3094 laudavit,
1187 3029 1683 3096 benevolentiaeque
1710 3046 1738 3084 a
1760 3033 1946 3102 singu-

371 3123 436 3176 lis
466 3121 694 3176 fructum
721 3120 864 3174 tulit.
893 3119 1026 3174 Nam
1049 3128 1100 3174 et
1129 3119 1314 3174 Roma:
1335 3128 1564 3174 statuam
1592 3124 1731 3176 inter
1752 3134 1938 3192 poetas

371 3217 470 3272 sub
516 3216 673 3272 Avito
720 3216 774 3271 in
802 3215 902 3270 fori
935 3214 1151 3283 Trajani
1197 3215 1518 3270 bibliotheca
1566 3215 1779 3278 nteruit,
1811 3227 1866 3271 et
1909 3231 1944 3273 a

373 3308 819 3377 Majoriano,cum
841 3308 1109 3363 circenses
1139 3308 1291 3363 daret
1312 3308 1548 3372 Arelate,
1582 3310 1805 3364 solemni
1826 3310 1943 3378 ejus

371 3400 529 3469 epulo
556 3401 695 3455 inter
717 3399 1007 3454 honoratos
1029 3399 1299 3454 adhibitus
1329 3407 1431 3464 est,
1459 3409 1620 3469 atque
1652 3415 1681 3453 a
1711 3401 1938 3471 Satyraa,

369 3492 520 3560 cujus
550 3490 983 3555 insimulabatur,
1009 3490 1206 3544 invidia
1251 3490 1508 3560 singulari
1551 3491 1798 3560 exemplo
1827 3491 1942 3546 vin-

370 3581 596 3636 dicatus.
619 3581 700 3635 Ab
730 3580 1018 3635 Anthemio
1044 3580 1295 3649 denique,
1313 3588 1433 3648 post
1450 3581 1762 3634 comitivam
1779 3580 1938 3634 alias-

369 3686 470 3740 que
498 3670 688 3740 quibus
708 3680 930 3724 ornatus
953 3678 1108 3724 antea
1131 3669 1306 3724 fuerat
1330 3669 1636 3739 dignitates,
1655 3670 1939 3738 praefectus

370 3761 496 3816 Urbi
525 3771 757 3825 creatus,
787 3770 946 3831 atque
977 3762 1256 3830 patricius,
1290 3761 1542 3815 familiam
1575 3776 1750 3826 suam,
1780 3777 1935 3830 quam

2052 2576 2392 2641 hominibus,
2443 2577 2588 2631 velut
2637 2577 2852 2631 Ruricio
2901 2578 3290 2643 Lemovicensi,
3341 2580 3620 2633 obscurior

2050 2677 2207 2736 atque
2239 2668 2530 2736 interprete
2575 2683 2734 2734 egere
2778 2668 3130 2736 judicaretur.
3158 2668 3342 2739 Neque
3391 2685 3522 2724 vero
3566 2673 3616 2724 in

2051 2758 2116 2812 iis
2163 2765 2368 2812 tantum
2403 2774 2522 2826 qua:
2550 2761 2804 2812 attentius
2842 2760 3200 2815 meditabatur
3229 2771 3282 2814 et
3309 2763 3619 2816 elaborabat

2047 2857 2278 2918 quantus
2313 2859 2451 2906 esset
2476 2849 2730 2914 ostendit,
2762 2850 2855 2902 sed
2888 2850 2938 2902 in
2973 2852 3422 2918 cxtemporalibus
3452 2855 3612 2907 etiam

2047 2941 2450 3008 repentinisque
2471 2938 2868 3004 scriptionihus.
2884 2941 3115 3006 Quarum
3135 2942 3212 2994 illi
3237 2953 3341 2996 tam
3371 2953 3612 3012 prompta

2045 3031 2271 3089 facultas
2303 3037 2439 3091 erat,
2478 3035 2538 3080 ut
2582 3043 2689 3082 tton
2717 3031 2976 3098 pauculos
3004 3031 3261 3084 duntaxat
3289 3047 3477 3087 versus
3507 3047 3611 3088 non

2043 3121 2331 3176 meditatos
2381 3113 2627 3176 funderet
2670 3135 2702 3175 e
2739 3121 2990 3191 vestigio,
3019 3122 3173 3189 quale
3203 3122 3296 3178 fuit
3325 3123 3608 3180 distichum

2042 3228 2151 3283 quo
2178 3214 2395 3284 Satyraz
2441 3211 2760 3265 calumniam
2804 3212 3119 3280 deprecatus
3161 3223 3245 3268 est
3271 3214 3409 3283 apud
3442 3215 3609 3284 Majo-

2043 3305 2279 3370 rianum.
2321 3312 2375 3359 et
2405 3305 2631 3359 alterum
2660 3303 2988 3373 reciprocum
3018 3320 3125 3373 quo
3155 3306 3282 3360 lusit
3311 3306 3366 3361 in
3403 3317 3609 3363 torren-

1984 3401 1988 3404 '
2045 3403 2174 3460 tem,
2204 3403 2297 3448 aut
2330 3395 2701 3450 tetrastichum
2743 3395 2886 3464 quod
2927 3395 2980 3448 in
3029 3395 3326 3451 Philematii
3380 3400 3608 3467 gratiam

2041 3484 2385 3551 composuit;
2420 3485 2512 3538 sed
2561 3484 2704 3554 justa
2755 3484 3021 3540 interdum
3076 3494 3299 3556 utroque
3355 3489 3613 3544 orationis

2041 3590 2237 3644 genere
2263 3577 2518 3644 opuscula
2551 3577 2663 3646 pari
2691 3577 2971 3632 celeritate
2999 3586 3320 3645 pertexeret.
3339 3579 3609 3648 Ejusmodi

2044 3671 2186 3726 enim
2238 3670 2335 3725 fuit
2363 3670 2553 3725 concio
2609 3670 2978 3739 Bituricensis,
3035 3686 3191 3739 quam
3238 3673 3421 3740 paucis
3467 3673 3611 3728 horis

2041 3761 2285 3826 dictavit,
2315 3771 2370 3814 et
2400 3762 2848 3815 Anacreonticum
2872 3776 3110 3828 carmen,
3135 3763 3274 3831 quod
3301 3763 3609 3833 Burdegalze

368 3853 748 3919 praefectoriam
777 3867 805 3905 a
837 3852 1126 3920 majoribus
1154 3861 1459 3918 acceperat,
1501 3853 1735 3906 reddidit
1770 3854 1933 3922 patri-
1963 3851 2008 3913 (ἶ
2040 3852 2090 3906 in
2125 3851 2268 3906 Petri
2301 3852 2492 3905 librum
2538 3852 2774 3918 magistri
2821 3852 3162 3920 epistolarum
3217 3853 3391 3908 subito
3433 3856 3608 3922 profe-

367 3949 522 4003 eiam.
575 3947 682 4002 Nec
728 3947 898 4001 multo
944 3955 1064 4015 post
1117 3946 1365 4000 defuncto
1416 3947 1777 4000 Arvernorum
1826 3948 1936 4014 epi-

365 4054 526 4107 scopo
571 4038 856 4107 Eparehio,
889 4037 942 4092 in
994 4039 1110 4104 ejus
1156 4037 1351 4100 locum,
1384 4037 1626 4106 quamvis
1677 4037 1930 4098 renitens,

363 4139 417 4183 et
463 4129 694 4183 nondum
759 4129 1024 4195 clericus,
1070 4128 1327 4182 suffectus
1379 4134 1482 4182 est.
1525 4127 1678 4191 Quod
1739 4141 1932 4180 munus

363 4237 568 4277 summa
593 4237 712 4276 cum
766 4221 1028 4276 modestia
1069 4228 1397 4287 susceptum,
1431 4219 1543 4290 pari
1575 4234 1694 4271 cum
1734 4217 1933 4271 sancti-

365 4326 471 4369 tate
498 4329 560 4367 ac
599 4312 886 4381 vigilantia,
935 4311 1314 4365 turbidissimis
1363 4307 1716 4379 temporibus.
1759 4308 1931 4360 maxi-

362 4423 579 4477 masque
611 4409 747 4462 inter
775 4405 1120 4460 difﬁcultates
1150 4414 1259 4458 tum
1290 4404 1519 4472 privatas
1553 4410 1663 4456 tum
1696 4401 1933 4470 publicas

361 4499 766 4553 administravit.
826 4497 1062 4550 Primum
1109 4495 1252 4550 enim
1300 4494 1538 4549 obsessis
1597 4508 1690 4562 per
1730 4492 1932 4548 Gothos

361 4592 636 4654 Arvernis,
680 4589 901 4644 diutina:
949 4587 1331 4654 acerrimteque
1368 4585 1780 4654 oppugnationis
1819 4597 1932 4636 mo-

360 4681 542 4735 lestias
573 4679 818 4749 pertulit;
851 4677 1043 4732 deinde
1076 4677 1296 4731 redacto
1325 4691 1395 4728 ex
1420 4676 1628 4743 nepotis
1657 4662 1799 4744 Aug.
1834 4675 1931 4730 fm-

356 4774 482 4828 dere
507 4775 560 4828 in
590 4773 823 4826 hostium
855 4779 1175 4840 potestatem
1201 4768 1412 4836 oppido,
1442 4770 1509 4821 ab
1541 4767 1621 4821 his
1654 4783 1752 4836 per
1782 4768 1928 4836 lega-

358 4863 513 4918 tionis
539 4864 772 4931 speciem
809 4862 1075 4930 relegatus
1101 4859 1406 4928 aliquandiu
1435 4858 1682 4912 exsulare
1711 4867 1928 4913 coactus

355 4962 456 5006 est.
487 4951 622 5006 Tum
654 4953 763 5004 suis
796 4951 1007 5004 tandem
1037 4947 1445 5011 redditus,cum
1476 4949 1526 5001 in
1559 4947 1718 5002 ofﬁcii
1745 4964 1925 5002 curam

359 5046 619 5109 intentus,
647 5045 845 5098 nullam
883 5045 1023 5097 inter
1051 5042 1311 5097 barbaros
1341 5040 1528 5110 optimi
1557 5042 1786 5111 pastoris
1809 5058 1928 5111 par-

352 5148 458 5192 tem
487 5140 780 5201 omitteret,
823 5152 885 5190 ac
931 5137 1186 5207 singulari
1236 5137 1288 5189 in
1335 5147 1522 5188 omnes
1572 5133 1920 5201 benignitate,

2040 3958 2186 4008 rens,
2215 3959 2335 3999 cum
2366 3943 2576 3997 eximiis
2616 3943 2759 3997 illius
2790 3945 2966 3998 saeculi
2997 3944 3168 4012 poetis
3198 3945 3481 4011 Domnulo,
3513 3947 3608 4002 Se-

2037 4036 2258 4091 veriano
2312 4046 2473 4104 atque
2513 4034 2820 4103 Lampridio
2852 4035 3170 4090 decertavit.
3199 4037 3302 4091 Sed
3337 4053 3601 4103 nunquam
3660 4097 3668 4105 ,

2037 4129 2164 4198 quid
2198 4128 2249 4182 in
2280 4128 2382 4181 hoc
2411 4142 2606 4195 genere
2638 4134 2817 4194 posset
2853 4127 3050 4180 clarius
3079 4129 3272 4181 enituit
3297 4144 3452 4197 quam
3484 4145 3599 4185 cum

2036 4220 2310 4274 subtracto
2336 4219 2461 4285 sibi,
2497 4226 2554 4270 ut
2582 4227 2663 4273 est
2683 4219 2819 4286 apud
2864 4217 3175 4285 Gregorium
3207 4220 3600 4287 Turonensetn,

2035 4312 2176 4366 inter
2229 4325 2377 4365 sacra
2418 4310 2598 4364 libello
2629 4325 2693 4364 ex
2724 4324 2829 4375 quo
2861 4309 3086 4364 recitare
3115 4321 3487 4377 consueverat,
3524 4323 3602 4366 to-

2037 4412 2143 4456 tam
2175 4402 2524 4456 nihilominus
2565 4400 2909 4456 dicendorum
2939 4401 3134 4456 seriem
3161 4403 3400 4469 apposite
3428 4419 3492 4458 ac
3522 4405 3600 4458 lu-

2033 4496 2277 4550 culenter
2306 4495 2580 4561 explicuit.
2602 4493 2868 4547 Caeterum
2899 4508 3020 4547 cum
3044 4494 3164 4548 talis
3191 4497 3335 4549 omni
3357 4510 3424 4550 ex
3455 4505 3601 4565 parte

2035 4596 2319 4656 tantusque
2351 4595 2492 4641 esset
2538 4585 2813 4648 Sidonius,
2864 4585 3085 4655 ejusque
3129 4587 3324 4655 scripta
3356 4589 3599 4642 omnibus

2033 4679 2259 4734 miriﬁce
2291 4679 2677 4745 probarentur,
2708 4678 2821 4745 ipse
2851 4691 2987 4730 unus
3013 4677 3082 4732 de
3122 4692 3181 4730 se
3222 4679 3430 4732 modice
3478 4696 3595 4734 sen-

2035 4772 2136 4826 tire
2181 4785 2244 4824 ac
2272 4785 2457 4838 parum
2503 4768 2607 4822 sibi
2648 4782 3024 4836 usquequaque
3050 4769 3360 4824 satisfacere
3387 4771 3597 4826 videba-

2032 4872 2137 4917 tur.
2183 4861 2362 4929 Itaque
2387 4869 2444 4914 et
2484 4861 2671 4927 multa,
2716 4870 2773 4914 ttt
2804 4861 3001 4914 dictum
3045 4870 3148 4926 est,
3181 4865 3497 4932 suppressit,
3546 4879 3598 4920 et

2030 4954 2272 5024 quaedam
2304 4953 2551 5017 adorsus,
2581 4961 2639 5006 ut
2669 4951 2846 5006 Attilae
2885 4952 3108 5019 bellum,
3137 4955 3313 5022 operis
3343 4964 3599 5024 pertaesus

2031 5044 2250 5113 ahjecit.
2271 5041 2555 5095 Historiam
2587 5049 2842 5109 przeterea
2873 5043 2954 5096 sui
2983 5045 3238 5111 temporis
3259 5053 3316 5097 ut
3337 5045 3594 5099 scriberet

2033 5137 2287 5189 hortante
2311 5134 2512 5199 Leone,
2551 5133 2730 5187 Eurici
2757 5136 2897 5203 regis
2918 5135 3244 5196 consiliario.
3261 5136 3599 5201 detrectavit,

351 5231 617 5298 prmcipua
649 5231 698 5283 in
727 5243 924 5299 egenos
973 5229 1362 5292 muniﬁcentia,
1395 5228 1662 5280 neminem
1704 5227 1818 5292 ipse
1845 5229 1922 5281 la-
1954 5213 2005 5271 υ
2035 5240 2154 5279 cum
2204 5225 2407 5278 diceret
2454 5223 2690 5277 historiae
2738 5223 3036 5279 scribendze
3083 5226 3364 5280 consilium
3407 5226 3603 5281 clerico

350 5331 604 5385 cesserat,
653 5323 966 5376 aemulorum
1017 5331 1220 5385 tamen,
1245 5329 1302 5373 ut
1343 5332 1459 5371 mos
1497 5326 1599 5382 est,
1635 5319 1684 5371 in
1716 5333 1773 5372 se
1802 5319 1920 5372 odia

347 5415 678 5468 concitavit:
725 5415 950 5469 duorum
1000 5414 1254 5469 videlicet
1299 5413 1736 5483 presbyterorum
1764 5453 1778 5476 ,
1833 5415 1918 5481 qui

346 5505 490 5559 omni
515 5505 767 5560 Ecclesia:
797 5521 908 5559 suae
931 5514 1195 5574 potestate
1229 5519 1325 5573 per
1351 5520 1613 5558 summam
1644 5515 1922 5558 contume-

347 5595 468 5647 liam
503 5605 742 5662 exutum,
788 5598 838 5649 in
869 5597 1131 5650 maximas
1160 5610 1341 5651 rerum
1373 5595 1608 5648 omnium
1644 5596 1920 5662 angustias

344 5690 705 5756 conjecerunt.
727 5690 832 5744 Sed
865 5690 1168 5744 diuturnam
1199 5705 1319 5743 eam
1351 5689 1555 5743 cladem
1587 5702 1708 5742 esse
1739 5687 1916 5740 divina

344 5781 472 5836 ultio
497 5797 653 5845 passa
685 5798 791 5839 non
815 5793 917 5839 est.
941 5785 995 5839 In
1027 5784 1292 5849 integrum
1322 5799 1449 5848 ergo
1469 5783 1780 5845 restitutus,
1814 5795 1912 5835 nec

2033 5318 2254 5372 minime
2280 5317 2590 5370 convenire.
2623 5320 2800 5386 Atque
2829 5317 2942 5371 haec
2971 5318 3083 5372 fere
3108 5320 3308 5385 omnia,
3328 5321 3602 5390 multoque

2028 5415 2188 5468 etiam
2217 5411 2369 5480 plura
2395 5410 2461 5464 de
2484 5409 2706 5464 Sidonio
2728 5411 2934 5465 discere
2965 5411 3088 5466 licet
3113 5428 3176 5466 ex
3201 5414 3328 5481 ipsis
3351 5414 3598 5481 operibus

2031 5503 2354 5559 Sidonianis.
2412 5501 2615 5555 Colitur
2644 5510 2820 5556 autem
2873 5503 3008 5570 apud
3060 5506 3353 5568 Arvernos,
3387 5514 3442 5555 ut
3488 5503 3594 5570 jam

2029 5609 2239 5664 quoque
2267 5594 2594 5654 monuimus.
2625 5603 2764 5647 stato
2807 5593 2892 5648 die
2929 5596 3140 5664 rituque
3170 5605 3472 5648 sanctorum
3502 5608 3601 5646 nu-

2027 5701 2178 5740 mero
2205 5684 2445 5753 prteclari
2471 5685 2724 5738 antistitis
2756 5687 3032 5748 memoria,
3053 5685 3400 5751 religioseque
3421 5696 3598 5736 assero

2030 5792 2226 5832 vantur
2255 5794 2404 5833 sacra
2450 5792 2570 5845 ejus
2616 5793 2734 5831 ossa
2766 5781 2818 5830 in
2853 5777 3066 5831 basilica
3119 5775 3434 5838 Geuesiana,
3485 5793 3598 5848 quo
