4078 6348
290 454 397 513 445

1567 440 2043 503 EPISTOLARUM
2068 444 2210 503 ‘LlB.
2250 446 2273 503 ι

3446 455 3552 515 “0

292 566 526 627 minibus
552 561 834 620 illustrium
861 560 1177 618 feminarum
1207 558 1367 631 digna
1405 556 1758 617 similitudine
1783 576 1877 617 ex—
1904 567 1955 627 Α
1979 565 2393 640 significaretur.
2423 571 2594 629 Pareo
2621 574 2813 644 libens,
2843 575 2896 631 in
2929 582 3186 646 quantum
3226 576 3279 646 3
3305 575 3557 645 epistola-

294 660 508 735 pressit.
558 660 779 730 Propter
828 657 969 729 quod
1020 657 1165 712 illum
1207 654 1394 712 caeteri
1435 657 1682 728 quique.
1710 657 1882 716 Fron-
1936 660 1939 661 ⁷

290 757 673 821 tonianorum,
722 759 903 822 utpote
952 759 1366 807 consectaneum
1427 750 1705 818 aemulati,
1758 766 1881 808 cum

296 860 643 908 ‘i'eternorum
685 843 898 900 dicendi
928 858 1097 915 genus
1133 841 1462 906 imitaretur,
1499 852 1773 899 oratorum
1810 841 1885 897 si-

290 943 457 999 miam
500 943 963 1008 nuncupaverunt.
992 932 1019 973 δ
1059 934 1263 1004 Quibus
1300 934 1551 991 omnibus
1596 949 1730 1004 ego,
1776 935 1883 992 im-

293 1050 452 1091 mane
487 1033 635 1088 dictu
671 1041 786 1099 est,
814 1037 1070 1101 quantum
1113 1042 1327 1098 semper
1367 1027 1575 1098 judicio
1603 1043 1726 1084 meo
1764 1042 1881 1085 ces-

298 1128 487 1194 serim,
528 1134 892 1196 quantumque
933 1122 1257 1178 servandam
1306 1122 1530 1193 singulis
1573 1121 1886 1193 pronuntia-

297 1221 498 1285 verim,
524 1226 826 1287 temporum
864 1228 1083 1270 suorum
1110 1214 1530 1285 meritorumque
1573 1215 1886 1286 praerogati-

302 1325 446 1365 vam.
494 1309 599 1365 Sed
629 1306 835 1363 scilicet
880 1305 976 1361 tibi
1018 1304 1208 1376 parui,
1246 1313 1456 1377 tuaique
1505 1306 1887 1362 examinationi

262 1476 265 1477 ν
302 1400 399 1455 has
429 1415 536 1455 non
580 1396 935 1454 recensendas
965 1395 1091 1468 (hoc
1119 1396 1261 1452 enim
1300 1412 1487 1468 parum
1519 1398 1649 1469 est),
1675 1398 1768 1454 sed
1796 1398 1890 1454 de-

306 1493 597 1559 faecandas,
629 1500 689 1547 ut
716 1490 902 1556 aiunt,
935 1489 1300 1560 limandasque
1326 1491 1595 1557 commisi,
1630 1492 1809 1547 sciens
1837 1500 1889 1547 te

308 1584 655 1643 immodicum
706 1596 827 1638 esse
873 1580 1138 1637 fautorem
1191 1596 1300 1637 non
1348 1582 1651 1638 studiorum
1703 1583 1888 1649 modo,

308 1693 495 1735 verum
519 1678 678 1733 etiam
700 1674 1082 1732 studiosorum.
1105 1674 1462 1744 Quamobrem
1487 1690 1589 1733 nos
1608 1691 1749 1732 nunc
1772 1691 1893 1746 per-

311 1788 470 1845 quam
514 1768 916 1827 haesitabundos
958 1768 1013 1825 in
1049 1767 1153 1823 hoc
1192 1766 1443 1839 deinceps
1484 1769 1638 1825 fama:
1674 1770 1892 1841 pelagus

313 1866 565 1937 impellis.
596 1865 763 1920 Porro
790 1871 969 1919 autem
998 1875 1162 1932 super
1189 1861 1495 1932 huiusmodi
1525 1862 1782 1932 opusculo
1811 1872 1894 1917 tu—

1986 661 2061 718 ris
2088 661 2281 734 pagina
2318 663 2474 731 sinit,
2502 665 2724 723 laudans
2752 668 2805 723 in
2836 676 2889 723 te
2929 676 3035 724 tam
3074 666 3319 725 delicatae
3356 668 3557 725 solliei-

1988 754 2185 811 tudinis
2216 754 2613 827 ingenuitatem.
2661 758 2825 829 Igitur
2867 760 2948 815 Vir
2994 769 3077 815 est
3124 768 3181 815 et
3217 759 3325 815 illis
3366 759 3559 831 dignus
3621 742 3631 755 '

1987 849 2202 919 agnosci
2229 850 2316 921 qui
2360 866 2483 907 eum
2533 852 2709 909 minus
2752 851 3087 908 familiariter
3130 851 3445 908 intuentur:
3487 852 3560 907 ita

1990 956 2271 1012 personam
2298 957 2451 999 suam
2486 943 2625 999 Deus
2661 943 2862 1000 arbiter
2896 952 2953 999 et
2988 944 3145 1010 ratio,
3191 953 3398 1000 naturai
3433 958 3563 999 con-

1987 1043 2267 1092 summata:
2296 1033 2562 1092 felicitatis
2589 1035 2715 1090 dote
2743 1035 2966 1103 sociata,
2996 1018 3422 1092 cumulaverunt.
3453 1034 3563 1090 Mo-

1990 1143 2079 1185 res
2098 1138 2276 1185 autem
2306 1129 2696 1199 hujuscemodi,
2719 1136 2781 1185 ut
2802 1128 3048 1185 laudibus
3066 1142 3253 1185 eorum
3274 1129 3294 1168 ί
3332 1127 3466 1185 nihil
3495 1142 3564 1184 ne

1990 1223 2139 1293 regni
2170 1223 2384 1293 quidem
2427 1222 2704 1278 defraudet
2741 1221 2957 1278 invidia.
2989 1221 3048 1278 Si
3074 1220 3246 1276 forma
3275 1228 3566 1291 queratur,

1991 1328 2218 1383 corpore
2242 1322 2453 1381 exacto,
2485 1312 2809 1383 longissimis
2835 1312 3070 1378 brevior.
3098 1312 3394 1382 procerior,
3435 1311 3567 1367 emi-

1994 1408 2309 1476 nentiorque
2350 1406 2725 1462 mediocribus.
2770 1404 2976 1475 Capitis
3018 1418 3154 1475 apex
3201 1403 3483 1471 rotundus,
3514 1404 3565 1458 iit

1993 1513 2100 1569 quo
2131 1497 2404 1568 paululum
2425 1512 2456 1551 a
2485 1498 2707 1568 planitie
2739 1496 2927 1553 frontis
2955 1497 3011 1553 in
3039 1495 3294 1552 verticem
3320 1496 3569 1551 easaries

1995 1588 2178 1660 refuga
2216 1589 2502 1657 crispatur.
2531 1589 2725 1645 Cervi:
2754 1604 2861 1645 non
2904 1588 3055 1646 sedet
3084 1587 3283 1645 nervis.
3317 1585 3571 1642 Geminos

1996 1680 2159 1738 orbes
2184 1680 2425 1751 hispidus
2452 1680 2859 1751 superciliorum
2885 1688 3108 1737 coronat
3142 1692 3321 1736 arcus.
3350 1678 3409 1733 Si
3444 1692 3573 1732 vero

1996 1777 2119 1833 cilia
2146 1777 2450 1842 ﬂectantur,
2484 1777 2549 1831 ad
2580 1776 2746 1832 malas
2772 1776 2973 1833 medias
2995 1774 3366 1847 palpebrarum
3392 1784 3574 1841 margo

1999 1882 2167 1939 prope
2202 1868 2471 1938 pervenit.
2501 1878 2526 1916 ς
2559 1868 2784 1925 Aurium
2829 1868 3037 1938 legulae,
3068 1868 3206 1923 sicut
3236 1880 3355 1922 mos
3399 1863 3575 1935 gentis

315 1960 419 2016 tius
448 1957 895 2023 conticueramus,
918 1954 1155 2012 contenti
1188 1964 1209 1992 ε
1234 1968 1482 2010 versuum
1506 1953 1717 2012 felicius
1736 1970 1892 2025 quam
1929 1948 1976 2009 B
2005 1966 2115 2025 est,
2148 1959 2173 1995 ιι
2211 1956 2439 2014 crinium
2484 1959 2937 2029 superiacentium
2979 1958 3200 2028 ﬂagellis
3243 1956 3573 2027 operiuntur.

316 2053 541 2124 peritius
599 2049 865 2106 editorum
927 2048 1179 2119 opinione
1206 2086 1223 2114 ,
1275 2049 1344 2104 de
1415 2064 1518 2118 qua
1574 2048 1703 2104 mihi
1753 2049 1896 2119 iam-

319 2145 527 2217 pridem
556 2144 608 2198 in
638 2150 796 2213 portu
832 2140 1019 2211 iudicii
1061 2140 1289 2211 publici,
1333 2150 1455 2211 post
1496 2141 1780 2198 lividorum
1821 2144 1899 2198 la-

321 2244 553 2292 tratuum
569 2233 762 2306 scyllas
774 2232 1100 2304 enavigatas,
1124 2232 1439 2293 sufficientis
1460 2234 1644 2304 glorias
1665 2234 1895 2291 anchora

322 2328 493 2385 sedet.
521 2326 625 2383 Sed
653 2326 700 2381 si
730 2332 785 2380 et
827 2326 973 2380 hisce
1006 2324 1369 2382 deliramentis
1410 2326 1701 2396 genuinum
1732 2328 1902 2383 mola-

325 2436 436 2477 rem
466 2418 662 2475 invidia
706 2433 815 2473 non
857 2417 1061 2486 ﬁxerit,
1091 2426 1327 2475 actutum
1374 2418 1470 2475 tibi
1506 2434 1535 2473 a
1565 2419 1723 2476 nobis
1749 2420 1903 2476 volu-

327 2513 469 2571 mina
498 2510 866 2569 numerosiora
906 2511 1234 2582 percopiosis
1271 2512 1599 2569 scaturentia
1640 2513 1901 2569 sermoci-

329 2607 631 2668 nationibus
654 2605 1159 2675 multiplicabuntur.
1191 2605 1339 2662 Vale.

818 2734 829 2749 -ί
879 2706 1213 2763 EPISTOLA
1253 2707 1315 2762 ll.

635 2777 883 2835 Sidonius
909 2776 936 2815 ά
964 2779 1219 2850 Agricola
1244 2794 1336 2834 suo
1363 2780 1596 2835 salutari.

402 2867 785 2943 Sspctmmero
836 2870 1170 2942 postulavisti
1212 2880 1299 2937 ut,
1355 2872 1479 2942 quia
1523 2881 1548 2911 ο
1587 2872 1907 2930 Theoderici

334 2966 477 3035 regis
516 2964 805 3020 Gothorum
844 2965 1184 3021 commendat
1228 2966 1438 3035 populis
1488 2966 1628 3023 fama
1681 2970 1908 3025 civilita-

336 3069 475 3126 tem,
506 3056 695 3113 litteris
723 3056 814 3112 tibi
846 3056 1033 3113 forma:
1062 3072 1173 3113 sua:
1202 3060 1492 3129 quantitas,
1523 3062 1646 3119 vitae
1679 3064 1908 3134 qualitas
1940 3124 1943 3125 ν

2003 2048 2176 2106 Nasus
2215 2051 2589 2107 venustissime
2638 2051 2907 2107 incurvus.
2961 2050 3134 2107 Labra
3180 2050 3426 2117 subtilia,
3476 2062 3577 2104 nec

2005 2144 2241 2200 dilatatis
2279 2144 2389 2199 oris
2423 2143 2631 2213 angulis
2656 2143 2929 2215 ampliata.
2954 2143 3012 2199 Si
3053 2156 3180 2198 casu
3220 2142 3460 2197 dentium
3488 2154 3578 2197 se-

2007 2238 2114 2293 ries
2138 2236 2383 2292 ordinata
2408 2236 2735 2306 promineat,
2763 2236 2974 2292 niveum
3012 2235 3254 2305 protinus
3280 2246 3578 2302 repraesen-

2009 2337 2085 2384 tat
2131 2329 2388 2384 colorem.
2430 2328 2558 2384 Pilis
2595 2326 2730 2383 infra
2769 2328 2977 2383 narium
3016 2335 3167 2382 antra
3207 2324 3576 2381 fruticantibus

2007 2419 2317 2492 quotidiana
2359 2418 2609 2475 succisio.
2642 2420 2809 2475 Barba
2838 2421 3087 2475 concavis
3140 2418 3277 2472 hirta
3325 2414 3579 2484 tempori-

2010 2513 2131 2581 bus,
2159 2526 2321 2582 quam
2357 2511 2411 2567 in
2440 2511 2651 2567 subdita
2677 2512 2857 2567 vultus
2886 2519 3039 2582 parte
3071 2516 3378 2579 surgentem
3406 2507 3582 2576 stirpi-

2015 2614 2100 2660 tus
2128 2613 2312 2659 tonsor
2333 2604 2583 2659 assiduus
2609 2618 2772 2673 genas
2792 2602 2859 2657 ad
2885 2617 3050 2673 usque
3074 2600 3362 2670 forpicibus
3383 2597 3584 2654 evellit.

2013 2696 2209 2761 Menti,
2258 2695 2521 2766 gutturis,
2566 2695 2690 2750 colli
2741 2709 2847 2749 non
2893 2693 3072 2761 obesi,
3116 2692 3210 2748 sed
3257 2688 3587 2755 succulenti,

2014 2790 2184 2845 lactea
2213 2790 2384 2854 culis,
2427 2803 2549 2858 quae
2589 2786 2808 2857 propius
2852 2786 3091 2856 inspecta
3136 2783 3357 2854 iuvenili
3398 2781 3590 2836 rubore

2011 2882 2357 2938 suffunditur.
2395 2880 2635 2951 Namque
2664 2879 2806 2934 hunc
2853 2879 2929 2933 illi
2978 2878 3171 2933 crebro
3200 2876 3441 2931 colorem
3484 2885 3591 2926 non

2013 2974 2121 3040 ira,
2156 2974 2251 3030 sed
2281 2972 2602 3029 verecundia
2634 2971 2782 3027 facit.
2811 2971 3032 3025 Teretes
3062 2967 3299 3031 humeri,
3329 2964 3489 3019 validi
3520 2964 3593 3018 las

2019 3068 2184 3137 certi,
2211 3065 2345 3121 dura
2389 3064 2643 3131 brachia,
2676 3062 2869 3135 patula:
2910 3076 3119 3139 manus,
3151 3060 3437 3116 recedente
3475 3056 3594 3112 alvo

338 3236 493 3291 libras
512 3233 880 3308 purcherrimos
902 3232 1131 3308 scripsit,
1161 3241 1211 3287 et
1237 3236 1326 3304 qui
1347 3234 1520 3308 dictus
1544 3244 1616 3290 est
1644 3237 1794 3308 simia
1830 3238 1911 3291 sui
1939 3236 1984 3300 C
2020 3252 2181 3307 gnum
2213 3237 2455 3308 adeptus.
2485 3238 2649 3307 Hujus
2672 3251 2797 3306 ergo
2820 3236 2994 3308 adhuc
3019 3231 3320 3308 superstitis
3347 3233 3592 3299 formam,

339 3304 596 3373 temporis,
624 3304 759 3375 quod
786 3312 966 3358 cuncta
994 3304 1222 3357 imitatus
1246 3311 1394 3359 esset.
1420 3304 1615 3361 Julium
1644 3306 1910 3361 Titianum

339 3375 825 3448 utroque_nomine
864 3381 1019 3428 vocat
1061 3376 1248 3448 etiam_
1263 3375 1529 3448 Ausonius
1568 3376 1633 3448 ad
1678 3376 1939 3448 Probum_

340 3443 497 3516 epist.
531 3444 627 3516 16;
670 3443 867 3516 iulium
910 3453 1177 3516 oratorem
1208 3443 1554 3500 Cassiodorus
1594 3447 1685 3501 lib.
1714 3463 1730 3501 I
1765 3448 1909 3503 Divi-

341 3513 527 3573 narum
560 3515 951 3570 lustitutionuin
980 3514 1070 3569 25.
1094 3513 1256 3584 Cujus
1283 3516 1494 3585 quidem
1523 3519 1666 3570 varia
1698 3516 1913 3573 fuerunt

341 3603 525 3656 opera,
548 3601 665 3656 quae
687 3585 754 3641 ab
775 3586 1004 3655 antiquis
1024 3585 1375 3656 scriptoribus
1394 3598 1912 3643 commemorantur:

343 3654 399 3713 nt
426 3656 549 3711 libri
568 3654 976 3723 ‘Provinciarum
996 3697 1015 3727 ,
1042 3670 1134 3711 seu
1158 3654 1614 3727 Cosmographiat,
1645 3672 1673 3712 a
1702 3657 1915 3727 Capito-

343 3730 472 3793 lino,
514 3728 698 3783 Servio
719 3738 774 3783 et
800 3726 1148 3792 Cassiddoro;
1178 3726 1367 3781 fabulae
1389 3726 1625 3796 Aisopize
1652 3729 1718 3782 ab
1742 3726 1914 3782 A’uso.

346 3802 461 3861 uio;
492 3798 612 3855 libri
644 3799 710 3853 de
738 3797 1072 3868 Agricultura
1100 3812 1129 3850 a
1164 3796 1443 3868 Diomede;
1473 3798 1602 3853 artis
1632 3798 1917 3855 rhetoricae

345 3877 615 3941 prmcepta
639 3869 717 3941 ab
760 3866 1018 3941 lsidoro;_
1047 3868 1277 3941 themata
1324 3866 1612 3941 Yirgiliana
1652 3883 1683 3921 a
1707 3870 1918 3941 _Servio

347 3936 559 3996 eodeni.
596 3938 847 3995 Sidonius
874 3937 977 3993 hoc
1005 3938 1123 3992 loco
1152 3936 1404 4006 epistolas
1426 3936 1592 3992 etiam
1632 3953 1663 3992 a
1706 3938 1919 3994 Titiano

347 4012 517 4065 editas
559 4010 847 4081 significat;
900 4022 1004 4063 non
1052 4022 1238 4081 veras,
1284 4007 1378 4061 sed
1396 4008 1575 4081 Afietas
1616 4010 1920 4081 nominibus

347 4077 628 4153 illustrium
655 4081 999 4146 feminarum,
1025 4078 1211 4149 quales
1240 4086 1366 4133 sunt
1387 4077 1559 4134 Ovidii
1583 4094 1703 4149 quas
1734 4080 1921 4135 lleroi-

351 4152 477 4205 dum
504 4152 891 4221 nuneupantur.

420 4231 447 4259 λ
474 4217 807 4277 Scotato'rum
830 4217 1063 4275 Cornelii
1096 4219 1401 4288 Frontonis,
1427 4218 1516 4288 qui
1548 4218 1791 4286 princeps
1819 4218 1917 4273 fuit

351 4302 622 4347 oratorum
650 4292 732 4363 sui
763 4289 974 4354 surculi,
1001 4292 1068 4345 τὰ
1098 4298 1301 4363 πρῷτα,
1331 4300 1389 4344 ιιι
1416 4300 1497 4363 est
1528 4290 1579 4343 in
1611 4289 1792 4363 Dionis
1811 4290 1923 4357 epi-

353 4375 515 4436 tome,
541 4370 641 4418 τῶν
668 4362 778 4436 fore
809 4364 1059 4436 Ῥωμαίων
1090 4359 1150 4413 ἐν’
1173 4359 1337 4436 δ-ίκαις·
1374 4360 1659 4436 φιρᾷμψος.
1692 4360 1924 4436 Diversa:

353 4434 495 4488 cnim
543 4448 636 4500 per
684 4430 920 4499 singulas
963 4438 1147 4485 uitales
1194 4430 1404 4485 fuerunt
1433 4430 1919 4499 philosophorum,

354 4512 651 4572 poetarum.
678 4512 946 4572 oratorum
968 4510 1135 4572 secta;
1151 4510 1205 4555 et
1219 4501 1454 4572 familiae.
1483 4500 1548 4572 Ut
1573 4502 1737 4572 igitur
1756 4510 1925 4572 poeta:

358 4570 445 4626 alii
494 4571 806 4642 Virgiliani,
853 4570 1268 4642 aliiovidiani,
1316 4581 1372 4626 et
1422 4571 1785 4642 iurisconsulti
1833 4571 1924 4625 alii

2024 3304 2225 3372 mores,
2256 3304 2493 3362 actiones
2520 3304 2708 3362 omnes
2734 3304 2985 3377 graphice
3014 3304 3287 3377 describit.

2096 3378 2116 3418 τ
2152 3380 2266 3435 Hoc
2288 3378 2466 3446 addit,
2502 3380 2623 3447 quia
2654 3373 2945 3432 raritm'est
2974 3384 3031 3431 ut
3066 3375 3338 3447 principes
3367 3373 3479 3428 suis
3520 3375 3599 3447 in-

2020 3450 2114 3506 visi
2160 3465 2266 3504 non
2310 3445 2458 3503 sint.
2485 3445 2687 3518 Seneca
2732 3447 3001 3518 Thyeste:
3053 3445 3227 3500 Simul
3269 3445 3370 3518 is_t_a
3417 3446 3598 3498 mundi

2021 3521 2252 3575 conditor
2278 3521 2445 3587 posuit
2471 3517 2631 3585 Dens,
2660 3514 2833 3572 odium
2858 3526 3005 3586 atque
3028 3531 3258 3585 regnum.
3286 3514 3475 3587 Cicero
3502 3530 3597 3587 pro

2020 3591 2213 3646 Flacco
2238 3608 2250 3643 :
2371 3588 2571 3644 Facem
2609 3590 2870 3661 civitatum
2919 3587 3043 3657 quid
3084 3595 3157 3640 est
3197 3586 3405 3661 negotii
3429 3586 3598 3661 conci-

2020 3664 2163 3715 tare?
2192 3662 2245 3714 in
2276 3656 2390 3714 e'um
2419 3660 2697 3729 prwsertim
2724 3659 2811 3729 qui
2839 3674 2999 3724 nuper
3023 3672 3222 3711 summo
3241 3670 3359 3708 cum
3388 3656 3596 3724 imperio

2022 3733 2207 3800 fuerit,
2243 3746 2437 3783 summo
2481 3740 2647 3783 autem
2688 3730 2740 3781 in
2785 3744 2954 3781 amore
2998 3743 3105 3780 esse
3151 3734 3367 3795 prapter.
3415 3741 3598 3779 nomen

2017 3804 2189 3873 ipsum,
2211 3801 2409 3869 imperii
2434 3817 2533 3873 non
2562 3800 2812 3873 potuerit?

2096 3882 2121 3919 s
2149 3865 2299 3926 Notze
2341 3880 2464 3922 sunt
2493 3865 2671 3939 ligulae
2701 3871 2751 3922 in
2796 3865 3267 3939 mensmivasculis‘
3301 3875 3471 3939 instar
3500 3880 3595 3918 eo-

2020 3940 2337 3996 chlearium.
2368 3935 2640 3994 Aliutl'est
2665 3939 2934 4002 coclilear,
2971 3936 3111 3991 aliud
3144 3935 3301 4004 ligula
3330 3953 3342 3988 :
3379 3936 3470 3988 sed
3504 3950 3600 3988 nos

2022 4012 2179 4066 hodie
2218 4009 2515 4064 cochlearia
2549 4022 2823 4071 vocamus,
2866 4022 2982 4074 quin
3025 4005 3203 4075 ligulae
3242 4014 3365 4075 sunt
3402 4006 3599 4075 verius.

2021 4082 2101 4135 Ab
2150 4083 2333 4135 harum
2379 4078 2724 4132 similitudine
2767 4072 2974 4130 aurium
3016 4072 3222 4143 legulas
3260 4072 3425 4136 dixit,
3468 4074 3590 4137 quia

2022 4166 2200 4206 curvae
2227 4160 2282 4206 et
2306 4164 2450 4204 cavae
2478 4156 2628 4211 sunt;
2663 4148 2949 4217 lolliginum
2975 4147 3100 4200 item
3133 4143 3323 4217 ligulas
3345 4143 3595 4217 eamdem

2023 4223 2093 4275 ob
2121 4236 2336 4275 causam
2368 4220 2624 4287 Apuleius
2652 4236 2665 4270 :
2694 4227 2751 4271 ut
2777 4213 2994 4281 contra,
3023 4215 3181 4270 lienis
3210 4213 3447 4287 regulam
3475 4213 3601 4287 alibi

2023 4291 2273 4346 Sidonius
2297 4301 2351 4344 et
2378 4284 2619 4345 Alcimus
2650 4290 2834 4343 Avitus
2863 4288 3140 4349 dixerunt,
3174 4284 3335 4352 patuli
3364 4293 3417 4337 et
3443 4284 3597 4336 recti.

2029 4362 2136 4417 Nec
2193 4361 2369 4415 minus
2423 4360 2695 4428 eleganter
2749 4353 3462 4428 SeverianusCabalensis,
3510 4353 3598 4420 qui

2028 4432 2330 4501 cymbalum
2356 4423 2572 4485 auribus
2599 4431 2785 4501 tribuit
2810 4428 3037 4501 humilia
3057 4427 3092 4501 _5
3129 4426 3180 4478 in
3212 4423 3576 4501 Hexaemeron

2026 4494 2079 4558 “li
2100 4508 2221 4562 ἀκοή
2251 4502 2369 4577 ἔχει
2386 4506 2478 4577 ςτήν
2507 4510 2719 4577 χρῆσιν
2746 4499 2866 4577 χει
2895 4505 2984 4558 τήν
2999 4494 3155 4577 ἔφη..
3171 4494 3239 4549 Τὸ
3264 4495 3364 4577 ’γὰρ
3386 4494 3599 4567 περικεί-

2026 4596 2173 4645 μενον
2215 4566 2466 4644 κυῇἶϐαλον
2504 4566 2690 4645 neque?
2715 4566 3247 4645 roigéouaLegulitm
3278 4572 3455 4645 autem
3505 4577 3602 4644 pro

356 4634 736 4733 Cas.siani:,.a‘l_ii
764 4640 1064 4733 Proculiani
1090 4660 1103 4694 :
1125 4642 1200 4723 sic
1221 4634 1467 4733 oratores
1489 4655 1549 4695 ea
1575 4641 1927 4733 miat‘eFron-
1956 4634 2188 4733 D'ligula
2228 4634 2524 4713 agnoscunt
2564 4634 2723 4696 etiam
2765 4638 3052 4710 glossaria,
3080 4634 3215 4706 quae
3256 4634 3479 4710 ανστρὸν
3522 4634 3602 4687 in-

359 4712 557 4767 toniani
587 4712 747 4779 dicti,
776 4713 865 4781 qui
894 4711 1179 4767 Frontonis
1221 4710 1567 4765 imitationem
1600 4710 1926 4781 profiteban-

360 4795 465 4847 tur,
497 4794 550 4837 et
576 4776 808 4837 Festiani
840 4784 1082 4847 fortasse,
1123 4782 1212 4849 qui
1246 4782 1500 4836 Postumii
1550 4776 1711 4835 Festi.
1757 4780 1923 4835 Vetus
1972 4776 1983 4792 '

358 4854 651 4921 inscriptio,
683 4851 946 4907 Postumio
976 4851 1175 4905 Titiano
1191 4853 1663 4920 oratoriipronepoti
1687 4859 1737 4904 et
1763 4862 1921 4905 scola-

359 4926 454 4978 tori
481 4923 556 4980 Μ.
587 4922 837 4979 Postumii
861 4921 1003 4978 Fes:i
1031 4922 1270 4974 oratoris.

430 4994 456 5032 ιι
484 4996 596 5049 Νοη
622 4995 794 5047 solum
822 4993 1087 5057 Ciceroni,
1112 5007 1294 5045 verum
1321 4993 1483 5046 etiam
1507 4992 1677 5046 Plinio
1696 5001 1752 5047 et
1775 4990 1925 5059 Sym-

360 5066 567 5119 macho.
604 5065 684 5123 Ad
715 5065 834 5118 illos
869 5066 1008 5119 enim
1041 5062 1208 5124 redit,
1244 5072 1359 5129 post
1387 5076 1449 5115 ea
1493 5077 1610 5131 qua:
1638 5062 1706 5116 de
1749 5061 1923 5115 Fron—

362 5136 591 5201 tottianis
639 5135 878 5190 inseruit.
924 5133 1031 5188 Etsi
1076 5132 1273 5197 sentio,
1317 5132 1517 5201 inquit,
1560 5146 1715 5200 quam
1756 5133 1926 5196 impar

361 5206 466 5259 illis
504 5206 751 5259 omnibus
794 5206 928 5269 sim,
971 5204 1057 5270 qui
1105 5202 1359 5270 epistolas
1396 5217 1521 5256 suas
1562 5202 1926 5270 superioribus

364 5276 567 5330 smculis
591 5275 890 5338 ediderunt,
921 5274 1015 5329 tibi
1043 5282 1218 5327 tamen
1252 5273 1431 5340 parui,
1458 5282 1513 5327 et
1545 5271 1641 5325 has
1670 5285 1814 5325 meas
1840 5272 1928 5327 vel

366 5346 514 5400 fama:
542 5345 777 5411 periculo
801 5344 1000 5414 emisi“

328 5448 333 5451 λ
433 5416 880 5498 f_l|ine.apparet
909 5412 1150 5497 poemata
1180 5412 1387 5469 Sidonii
1436 5413 1573 5468 haud
1614 5412 1770 5483 paulo
1808 5421 1931 5467 ante

436 5506 613 5539 lSlOlaS
634 5506 685 5539 ιη
712 5506 882 5539 lucem
905 5506 1118 5539 CXIISSC.
1474 5524 1475 5527 η

365 5488 613 5554 epistolas
634 5486 685 5540 in
712 5486 882 5540 lucem
905 5486 1118 5540 exiisse.
1474 5524 1475 5527 η

430 5555 455 5593 ιι
490 5556 694 5612 Sidonii
726 5557 954 5621 sororio,
993 5555 1298 5625 Papianillte
1324 5554 1509 5611 uxoris
1535 5553 1716 5620 fratri,
1749 5561 1807 5608 ut
1832 5553 1929 5608 do-

359 5628 499 5681 cebit
525 5626 748 5695 epistola
777 5626 871 5690 12,
896 5626 990 5680 lib.
1017 5642 1074 5681 ll.

433 5706 455 5733 ο
483 5694 743 5751 iunioris.
762 5696 879 5752 Duo
907 5696 1047 5751 enim
1078 5695 1232 5763 huius
1252 5696 1483 5752 nominis
1502 5694 1927 5764 Vesogothorum

361 5767 410 5820 in
438 5766 604 5821 Gallia
644 5783 796 5837 reges
829 5767 1077 5820 fuerunt:
1115 5766 1262 5837 prior
1286 5766 1470 5837 Vallia:
1502 5780 1803 5837 successor,
1835 5764 1925 5833 qui

359 5837 410 5890 in
438 5852 611 5906 pugna
637 5835 981 5891 Catalauniea
1005 5836 1252 5892 occubuit
1275 5854 1288 5887 :
1318 5836 1454 5893 alter
1476 5837 1593 5905 ejus
1621 5836 1783 5903 filius,
1808 5843 1929 5903 post

358 5906 698 5961 Thorismodi
738 5907 917 5961 fratris
942 5906 1140 5961 caedem
1160 5947 1175 5968 ,
1209 5920 1346 5961 anno
1374 5922 1404 5959 a
1444 5922 1615 5974 pugna
1648 5910 1803 5960 tertio
1832 5920 1921 5958 re-

2035 4723 2421 4782 terprctantnr.

2098 4772 2135 4821 δ’
2155 4784 2391 4837 Gothicae
2416 4782 2587 4851 gentis
2618 4779 3166 4851 mosfuiticiesariem
3196 4772 3593 4851 discriminare,

2027 4866 2186 4923 atque
2213 4843 2443 4919 implexa
2469 4852 2693 4923 crinium
2738 4849 2945 4916 ﬂagella
2976 4849 3290 4923 in__aures_et
3328 4852 3475 4923 terga
3505 4843 3605 4897 de-

2027 4914 2263 4979 mittere.
2289 4914 2523 4977 lsidorus
2536 4914 2989 4986 Originum‘xxu:
3014 4914 3294 4970 Nonnulla:
3316 4921 3486 4986 gentes
3505 4929 3603 4965 non

2026 4996 2191 5049 solum
2217 4994 2273 5046 in
2300 4992 2534 5052 uestibus,
2564 4984 2652 5043 sed
2682 4999 2726 5043 et
2752 4991 2805 5042 in
2837 5004 3044 5056 corpore
3068 4989 3239 5047 aliqua
3267 4984 3361 5056 sib_i
3391 4997 3599 5050 prapna

2026 5066 2170 5134 quasi
2205 5064 2426 5133 insignia
2454 5062 2738 5134 vindicant,
2768 5067 2823 5134 u_t_
2860 5051 3084 5134 videmus
3116 5057 3291 5134 cirros
3311 5051 3600 5134 Germano:-

2029 5124 2171 5198 i-um,
2207 5124 2391 5204 gratias
2433 5142 2478 5185 et
2510 5132 2752 5184 cinnabar
2783 5128 3085 5204 Gothorum.
3116 5124 3216 5204 Ubi
3245 5124 3419 5178 cirros
3448 5124 3607 5204 intel:

2034 5206 2138 5276 ligo
2158 5193 2431 5276 in'nodum
2456 5209 2667 5276 coactos
2684 5217 2697 5254 :
2717 5200 2856 5269 quod
2881 5199 3147 5276 proprium
3172 5194 3501 5276 Suevorum,
3514 5193 3606 5276 qui

2033 5264 2286 5343 mvajorem
2314 5271 2611 5328 Germania:
2641 5264 2843 5343 partem
2869 5264 3211 5343 obtinebant,
3245 5266 3453 5343 in_signe_
3481 5264 3604 5343 facit

2033 5334 2247 5399 Tacitus
2274 5361 2288 5398 :
2319 5334 2667 5412 granos‘vero
2708 5340 2820 5396 hmo
2866 5346 2976 5412 ipsa
3022 5336 3248 5412 crinium
3281 5334 3605 5412 ﬂagella__de

2033 5415 2225 5485 quibus
2265 5404 2347 5467 etv
2364 5410 2599 5481 synodus
2647 5404 3159 5485 Bracarensis,_cum
3204 5406 3275 5485 d_e
3320 5404 3604 5485 lectoribus

2035 5471 2215 5555 cavet,
2245 5501 2310 5538 ne
2337 5471 2520 5555 gratior
2548 5482 2732 5555 gentili
2764 5483 2865 5555 ritu
2903 5479 3177 5555 dimittant.
3221 5476 3311 5555 Sic
3346 5474 3486 5528 enim
3528 5471 3603 5555 le-

2035 5548 2264 5625 gendum
2294 5548 2439 5625 rc'eie
2466 5548 2669 5625 monuit
2692 5550 2907 5625 Carsi‘as
2936 5549 3171 5620 Loaysa;
3202 5548 3295 5625 sed
3326 5554 3601 5625 perperam

2034 5610 2360 5693 Exposuitde
2377 5630 2526 5679 veste
2547 5623 2676 5677 laica
2694 5630 2747 5693 et
2766 5620 3016 5693 oblonga,
3038 5610 3168 5693 eum
3181 5632 3243 5671 ex
3267 5610 3393 5693 ipsis
3417 5610 3603 5693 [sideri

2034 5678 2216 5750 verbis
2238 5678 2435 5763 liqueat
2454 5692 2731 5765 granos_ad
2752 5678 3165 5765 vestesvmlnime
3188 5678 3472 5765 pertinere.
3486 5678 3605 5765 Cri-

2036 5765 2179 5837 nium
2214 5756 2375 5837 porro
2409 5756 2614 5837 ﬂagella
2637 5762 2862 5837 Francis
2892 5762 3090 5837 etiam_,
3128 5756 3268 5837 regis
3303 5756 3601 5837 prmsertiui

2034 5824 2391 5908 stirpe'natis,
2417 5824 2603 5890 in'usu
2630 5833 2792 5908 fuisse
2814 5832 3011 5886 docent
3046 5824 3311 5908 Agathias'
3450 5836 3520 5908 _v,
3538 5832 3607 5904 _et

2037 5895 2324 5973 Gregorius
2350 5895 2678 5960 Turonensis
2708 5903 2799 5956 lib.
2828 5916 2906 5964 vr,
2939 5915 3055 5966 cap.
3083 5899 3183 5960 ει.
3222 5906 3278 5953 et
3304 5896 3423 5951 aliis
3450 5895 3605 5951 locis.
