4078 6348
498 366 627 421 4η
1778 372 2021 433 SIDONII
2058 375 2508 437 APOLLINARIS
3645 399 3755 458 με

496 484 683 546 pectus
710 477 988 534 accedens.
1027 479 1225 535 Arcam
1255 479 1399 537 dorsi
1430 481 1684 539 humilior
1718 486 1861 542 inter
1888 504 2072 544 excre-
2099 491 2152 554 Α
2176 502 2450 561 acceptum
2499 493 2657 550 modo
2699 496 2982 554 insinuatis
3020 515 3052 557 e
3096 516 3313 574 regione
3358 509 3625 579 capitibus
3670 514 3755 570 itt-

498 578 676 622 mcnta
721 577 988 624 costarum
1035 571 1186 639 spina
1228 571 1586 629 discriminat.
1615 575 1946 633 Tuberosum
1993 591 2075 635 est

498 667 779 729 tttrumque
816 661 1070 717 musculis
1113 663 1536 732 prominentibus
1582 666 1741 722 latus.
1777 668 1833 739 4
1867 670 1920 724 1η
1953 687 2076 727 suc-

495 751 683 807 cinctis
709 760 896 821 regnat
920 754 1072 823 vigor
1095 754 1271 810 ilibus.
1301 756 1565 811 Corneum
1595 758 1793 823 femur,
1837 762 2075 817 interno-

494 845 580 900 dia
625 845 881 921 paplitum
931 845 1068 902 bene
1115 847 1373 902 mascula.
1424 848 1690 904 Maximus
1744 850 1796 905 in
1851 853 2073 911 minime

493 940 704 1007 rugosis
731 938 953 1007 genibus
982 938 1175 994 honor.
1204 940 1372 994 Crura
1395 941 1536 997 suris
1558 942 1685 997 fulta
1715 947 2069 1016 turgentibus,

492 1036 547 1081 et
597 1027 687 1095 qui
734 1043 923 1098 magna
976 1039 1239 1084 sustentat
1284 1032 1523 1087 membra
1572 1049 1666 1104 pes
1704 1036 1968 1093 modicus.
2013 1037 2071 1095 Si

486 1118 756 1174 actionem
787 1120 1123 1185 diuturnam,
1168 1136 1288 1191 quae
1331 1131 1414 1177 est
1450 1122 1749 1181 forinsecus
1790 1128 2065 1197 exposita,

494 1212 768 1279 perquiras
788 1252 802 1275 ,
832 1212 1175 1266 antelucanos
1207 1222 1233 1250 ει
1262 1212 1598 1269 sacerdotum
1637 1230 1855 1271 suorum
1899 1229 2068 1276 cretus

478 1301 713 1355 minimo
741 1302 997 1357 comitatu
1027 1303 1261 1372 expetit,
1295 1304 1481 1373 grandi
1524 1306 1812 1364 sedulitate
1849 1324 2071 1367 venera-

497 1402 619 1447 tur:
649 1407 982 1464 quanquam,
1026 1396 1069 1449 si
1107 1409 1286 1450 sermo
1326 1406 1587 1463 secretus,
1630 1401 1801 1466 possis
1829 1402 2068 1457 animad-

493 1496 700 1542 vertere
733 1487 874 1556 quod
914 1497 1089 1543 servet
1126 1488 1285 1542 istam
1328 1502 1425 1557 pro
1462 1491 1851 1546 consuetudine
1893 1494 2068 1562 potius

489 1596 647 1650 quam
695 1596 791 1650 pro
830 1580 857 1618 δ
901 1582 1107 1636 ratione
1152 1582 1530 1636 reverentiam.
1578 1582 1861 1651 Reliquum
1909 1601 2066 1642 mane

491 1673 642 1740 regni
686 1672 1094 1727 administrandi
1121 1688 1247 1728 cura
1282 1674 1382 1728 sibi
1423 1674 1660 1744 deputat.
1708 1674 2066 1751 Circumsistit

489 1764 675 1819 sellam
714 1778 896 1818 comes
935 1765 1186 1834 armiger,
1232 1766 1536 1834 pellitorum
1578 1767 1731 1823 turba
1774 1769 2061 1824 satellitum

2180 584 2378 650 tendit,
2420 586 2579 641 modo
2619 588 2684 640 ad
2729 589 2891 643 talum
2938 591 3226 659 pendulum
3274 597 3400 652 nodi
3440 609 3591 666 parte
3622 617 3754 658 con-

2176 688 2361 739 versa,
2393 676 2735 744 languentem
2784 678 3001 735 chorda:
3031 681 3280 752 laqueum
3308 689 3548 757 vagantis
3589 691 3755 763 digito

2175 764 2549 832 superlabente
2574 770 2939 836 prosequitur:
2964 780 3017 826 et
3037 787 3157 827 mox
3182 774 3446 845 sspicula
3463 781 3621 849 capit,
3654 783 3755 839 iut-

2175 851 2226 920 pl
2265 860 2304 918 t,
2331 854 2587 922 expellit:
2616 857 2808 925 quidve
2834 861 3017 930 cupias
3041 865 3261 931 percuti,
3289 866 3435 934 prior
3458 869 3712 927 admonet
3738 891 3752 929 :
3790 933 3793 942 ι

2171 942 2324 1012 eligis
2353 944 2477 1013 quid
2519 944 2709 1013 faciat,
2748 949 2888 1018 quod
2928 950 3155 1021 elegeris
3194 953 3355 1010 ferit:
3398 967 3451 1012 et
3499 958 3544 1013 si
3577 961 3643 1015 ab
3674 963 3753 1017 al-

2173 1045 2374 1094 terutro
2410 1041 2701 1096 errandum
2740 1053 2851 1112 est,
2893 1047 3065 1103 rarius
3103 1049 3300 1105 fallitur
3338 1052 3549 1122 figentis
3590 1058 3747 1127 ictus,

2170 1145 2331 1200 quam
2377 1131 2694 1188 destinantis
2733 1136 2967 1192 obtutus.
3006 1138 3063 1195 Si
3094 1140 3144 1195 in
3177 1143 3477 1199 convivium
3513 1149 3743 1218 venitur,

2158 1220 2310 1288 ‘quod
2338 1221 2551 1289 quidem
2582 1223 2770 1278 diebus
2797 1226 3048 1294 profestis
3080 1229 3252 1286 simile
3277 1235 3482 1302 privato
3506 1245 3611 1305 est,
3639 1253 3744 1294 non

2169 1309 2242 1365 ibi
2279 1311 2571 1380 impolitam
2599 1316 2903 1383 congeriem
2932 1315 3142 1374 liventis
3180 1323 3385 1389 argenti
3422 1327 3621 1381 mensis
3656 1344 3745 1385 ce-

2168 1400 2417 1457 dentibus
2469 1404 2795 1473 suspiriosus
2861 1408 3104 1465 minister
3158 1411 3405 1482 imponit.
3456 1416 3739 1475 Maximum

2169 1498 2295 1545 tunc
2323 1493 2531 1560 pondus
2554 1494 2606 1547 in
2638 1495 2816 1551 verbis
2839 1505 2921 1552 est
2944 1514 2958 1553 :
2991 1499 3185 1570 quippe
3212 1517 3331 1557 cum
3356 1504 3463 1561 illic
3483 1516 3573 1562 aut
3598 1510 3740 1565 nulla

2166 1591 2484 1646 narrantur,
2531 1591 2623 1637 aut
2667 1585 2827 1639 seria.
2872 1583 2899 1623 ἀ
2932 1587 3310 1647 Toreumatum
3360 1596 3741 1666 peripetasm‘a-

2165 1680 2382 1742 tumque
2409 1675 2569 1730 modo
2594 1678 2928 1749 conchyliata
2954 1682 3222 1750 profertur
3249 1688 3523 1757 suppellex
3540 1732 3555 1757 ,
3582 1695 3741 1749 modo

2166 1760 2402 1832 byssina.
2432 1762 2548 1819 Cibi
2574 1775 2708 1833 arte,
2738 1784 2842 1823 non
2873 1772 3043 1839 pretio
3073 1774 3287 1843 placent
3320 1794 3333 1830 :
3368 1785 3392 1814 ο
3422 1777 3627 1835 fercula
3657 1784 3738 1838 ni-

490 1868 558 1908 ne
586 1853 726 1909 absit
752 1855 1066 1920 admittitur,
1100 1869 1167 1909 tte
1198 1855 1476 1925 obstrepat
1504 1857 1812 1912 eliminatur
1837 1875 1851 1912 :
1880 1859 2063 1930 sicque
2094 1856 2140 1915 Β
2166 1861 2303 1921 lore,
2334 1871 2440 1911 non
2471 1858 2729 1926 pondere.
2756 1860 3121 1932 Scyphorum,
3152 1876 3561 1941 paterarumque
3590 1889 3741 1930 raras

489 1957 587 2014 pro
611 1945 812 2001 foribus
834 1947 1205 2000 immurmurat
1230 1957 1252 1985 ε
1283 1946 1501 2002 exclusa
1525 1947 1678 2015 velis,
1705 1948 1910 2005 inclusa
1936 1964 2063 2005 catt-

489 2037 662 2091 cellis.
704 2035 845 2090 Inter
886 2036 1001 2091 haac
1042 2037 1363 2093 intromissis
1402 2039 1639 2107 gentium
1683 2034 2058 2107 legationibus,

487 2129 638 2184 audit
680 2130 937 2199 plurima,
978 2144 1144 2198 pauca
1192 2131 1497 2199 respondet.
1531 2130 1586 2187 Si
1634 2131 1760 2199 quid
1810 2132 2061 2187 tractabi-

488 2226 595 2286 tur,
624 2217 802 2273 diil‘ert
838 2236 851 2272 :
881 2219 924 2273 si
956 2220 1082 2288 quid
1110 2220 1454 2289 expedietur,
1482 2221 1767 2275 accelerat.
1794 2221 1941 2275 Hora
1978 2232 2061 2277 est

484 2309 752 2365 secunda?
779 2311 949 2380 surgit
984 2327 1018 2366 ο
1059 2312 1223 2379 solio,
1269 2322 1361 2366 aut
1406 2311 1673 2367 thesauris
1716 2313 2059 2382 inspiciendis

482 2408 796 2468 vacaturus,
834 2410 927 2455 aut
968 2403 1211 2457 stabulis.
1237 2402 1294 2457 Si
1334 2402 1617 2456 venatione
1664 2404 1903 2457 nuntiata
1936 2418 2059 2472 pro—

482 2491 655 2555 cedit,
684 2505 862 2544 arcum
891 2492 1040 2546 lateri
1071 2493 1341 2547 innectere
1360 2492 1492 2545 citra
1517 2494 1827 2562 gravitatem
1856 2494 2056 2563 regiam

481 2581 717 2649 iudicat:
746 2599 904 2651 quem
938 2591 1151 2649 tamen,
1197 2584 1243 2637 si
1292 2584 1536 2638 cominus
1580 2599 1732 2639 avem
1783 2585 2058 2655 feramque

482 2678 576 2725 aut
600 2673 812 2725 venanti
844 2681 1131 2741 monstres,
1161 2683 1251 2728 aut
1288 2676 1454 2728 vianti
1480 2691 1598 2730 sors
1626 2676 1848 2743 oiferat,
1876 2679 2056 2733 manui

481 2770 601 2830 post
630 2770 833 2831 tergum
880 2762 1091 2818 reﬂexae
1120 2779 1254 2833 puer
1280 2765 1495 2827 inserit,
1529 2781 1695 2820 nervo
1727 2767 1911 2823 lorove
1934 2768 2055 2822 ﬂui-

480 2852 714 2905 tantibus
743 2870 757 2907 :
787 2868 943 2921 quem
977 2852 1114 2907 sicut
1149 2854 1355 2923 puerile
1389 2864 1663 2923 computat
1691 2866 1902 2925 gestare
1932 2857 2054 2913 the-

480 2948 691 3007 catum,
735 2941 807 2996 ita
860 2942 1119 2998 muliebre
1165 2945 1409 3013 accipere
1463 2944 1569 3000 iam
1618 2954 1849 3001 tensum.
1894 2945 2058 3016 igitur

551 3092 577 3121 ει
606 3084 753 3156 Suos
773 3083 933 3149 dixit,
973 3084 1199 3141 Arianos
1226 3083 1508 3153 denotans,
1538 3085 1720 3156 quales
1749 3094 1903 3141 erant
1939 3100 2055 3141 om-

480 3168 574 3208 nes
601 3155 781 3209 Gothi.

546 3223 575 3261 b
604 3224 888 3296 lngposter.
915 3225 1067 3295 edit.,
1100 3226 1359 3296 religione.
1390 3225 1478 3280 Sic
1498 3235 1554 3281 et
1578 3226 1959 3294 Savaroniana,
1990 3241 2052 3282 ac

482 3309 613 3349 mss.
639 3294 820 3363 aliqui.

556 3376 578 3402 ο
610 3364 696 3417 Sic
724 3375 778 3416 et
808 3363 1068 3433 Corippus
1106 3365 1198 3419 lib.
1235 3380 1324 3429 ttt,
1368 3365 1559 3420 Justini
1604 3367 1829 3422 minoris
1870 3369 2049 3422 consi-

483 3436 702 3488 storium
731 3433 1069 3498 describens,
1117 3444 1445 3504 protectores
1483 3448 1639 3491 extra
1682 3438 1854 3493 velum
1887 3438 2053 3493 collo-

481 3514 596 3568 cat,
629 3504 709 3558 his
739 3505 980 3557 versibus
1004 3520 1018 3556 :

661 3592 895 3658 Nobilitas
916 3593 1099 3642 medios
1122 3594 1269 3645 sedes
1293 3595 1510 3706 Augusta
1534 3604 1757 3658 penates,

661 3656 892 3706 Ouattuor
917 3656 1108 3703 eximiis
1131 3659 1366 3706 circnmva
1391 3658 1483 3706 lata
1512 3657 1757 3706 columnis.

660 3656 892 3712 Quattuor
917 3656 1108 3703 eximiis
1131 3656 1483 3707 circumvallata
1512 3656 1764 3707 columnis.

478 3734 543 3791 Et
574 3745 694 3803 post
720 3737 819 3790 alia
858 3754 871 3791 :

662 3825 777 3889 Yela
801 3833 973 3889 tegunt
998 3833 1161 3889 postes
1188 3842 1199 3877 :
1226 3830 1453 3879 custodes
1472 3830 1621 3880 ardua
1644 3840 1846 3881 servant

655 3886 842 3954 Limina
858 3886 952 3954 {et
974 3886 1183 3954 indignis
1208 3892 1388 3940 intrare
1411 3892 1686 3941 volentibus
1706 3895 1925 3954 obstant,

657 3948 893 3998 Condensi
919 3948 1136 4000 numeris
1158 3952 1279 4002 fastu
1300 3959 1519 4015 nutuque
1544 3954 1803 4004 tremendi.

476 4050 790 4127 C_onsis_torii
833 4055 964 4122 regii
1016 4055 1156 4110 fores
1198 4057 1331 4112 velis
1376 4059 1882 4126 praetendebantur:
1928 4076 2050 4127 pro-

472 4123 615 4177 xima
652 4123 774 4195 huic
813 4127 971 4179 Statio
997 4128 1250 4181 cancellis
1281 4123 1430 4195 sepia
1458 4139 1510 4183 et
1540 4130 1718 4182 clausa
1746 4140 1879 4184 erat.
1909 4123 2050 4185 intra

472 4195 685 4259 velum,
721 4194 824 4247 hoc
862 4204 944 4248 est
977 4196 1029 4248 in
1064 4194 1437 4251 consistorium
1472 4200 1674 4261 ipsum,
1706 4199 1927 4253 admissi
1958 4215 2050 4252 co-

473 4263 629 4332 mites
658 4272 717 4317 et
765 4264 1048 4332 participes
1091 4266 1336 4320 consilii:
1374 4268 1630 4321 satellites
1660 4269 1797 4321 inter
1840 4270 2050 4323 cancel-

473 4330 554 4405 los
586 4340 641 4385 et
668 4330 787 4405 vela
832 4330 1137 4405 substitere.
1177 4335 1251 4388 De
1296 4336 1378 4388 his
1406 4337 1657 4390 cancellis
1688 4338 1880 4404 quibus
1908 4339 2048 4405 judi-

474 4400 650 4453 dicum
681 4402 805 4455 item
837 4403 1071 4455 omnium
1118 4407 1401 4458 secretaria
1448 4400 1798 4469 vallabaniur,
1829 4400 2045 4462 Cassio—

474 4469 638 4523 dorus
684 4480 899 4543 senator
961 4488 1012 4525 XI
1066 4472 1339 4527 Variarntn
1397 4475 1427 4526 7
1473 4476 1528 4543 9
1564 4484 1619 4529 et
1671 4474 1862 4543 glossa:
1902 4480 2045 4532 anti-

472 4554 589 4613 qua:
634 4557 647 4592 :
692 4539 890 4604 Caula,
918 4543 1148 4613 cancelli
1173 4551 1313 4613 fante
1356 4538 1604 4613 judidem.
1659 4538 1823 4599 Extra
1858 4552 2007 4602 cauta
2030 4592 2042 4613 ,

469 4609 594 4685 foris
622 4625 791 4685 versus
829 4612 981 4663 atria.
1011 4611 1184 4665 Graeci
1225 4609 1483 4685 myxl'idae
1520 4624 1739 4677 vocant,
1789 4616 1888 4671 hoc
1926 4609 2039 4682 est,

468 4682 619 4752 θύρας
651 4678 932 4741 δικτυωτάς
970 4691 1068 4737 τῶν
1110 4678 1360 4757 ἀρχείὼν,
1392 4683 1421 4742 ἦ
1465 4684 1834 4760 δικαστηρίων,
1878 4678 2042 4744 Suidu

471 4758 625 4802 teste.

538 4817 563 4854 d
599 4818 755 4872 Libro
788 4835 863 4891 tt,
895 4820 1118 4888 epistola
1158 4823 1222 4876 ad
1273 4822 1594 4891 Serranum,
1634 4826 1905 4881 sericatum
1946 4840 2037 4883 to—

466 4904 672 4952 reuma;
703 4898 754 4961 et
786 4890 876 4944 lib.
906 4907 959 4944 tx
984 4933 999 4955 ,
1029 4892 1081 4946 in
1111 4894 1346 4946 carmine
1378 4890 1794 4961 AnacreOntico,
1824 4901 2035 4954 rutilum

465 4973 690 5037 toreuma
720 4960 895 5037 bysso._
924 4961 1124 5027 Quibus
1157 4964 1404 5037 omnibus
1447 4966 1576 5037 locis
1611 4960 1903 5037 toreumata
1935 4986 2035 5037 pro

467 5029 723 5099 toralibus
752 5032 943 5097 posuit,
968 5042 1019 5086 et
1042 5048 1170 5086 voce
1200 5034 1394 5087 abusus
1420 5044 1530 5099 est,
1561 5036 1830 5092 Prudentii
1854 5029 2032 5094 exém-

466 5098 557 5167 plo
580 5099 634 5151 in
665 5099 1076 5167 Psychotnachia
1103 5120 1115 5155 :

1180 5213 1269 5263 uda
1294 5215 1375 5263 ttbi
1401 5217 1553 5265 multo

646 5267 816 5318 Fulcra
840 5283 977 5321 mero
1000 5275 1254 5336 veterique
1276 5283 1545 5327 toreumata
1569 5292 1683 5330 rore
1704 5283 1942 5345 rigantur.

462 5365 535 5424 Et
577 5368 803 5442 Salviani
846 5372 935 5426 lib.
981 5389 1031 5427 tv
1056 5375 1122 5428 ad
1172 5376 1488 5433 Ecclesiam.
1523 5380 1843 5439 Toreumata
1887 5389 2028 5442 enim

465 5441 677 5508 proprie
701 5451 825 5494 sunt
847 5443 1098 5498 thericlea
1125 5461 1252 5520 vasa
1276 5448 1481 5512 caelata,
1511 5452 1702 5520 quibus
1734 5455 1862 5509 nihil
1892 5441 2034 5510 corn;

463 5527 624 5565 tttutte
666 5526 785 5594 eum
828 5526 1152 5594 purpurae}
1194 5517 1370 5594 bysso.
1418 5520 1484 5573 At
1523 5517 1742 5587 toralia,
1785 5529 2030 5594 stragula:

465 5594 642 5634 vestes
674 5582 933 5663 lectorum.
952 5582 1317 5663 tricliniariitm
1347 5606 1359 5642 :
1390 5605 1507 5658 quae
1531 5594 1688 5663 vulgo
1715 5582 1779 5648 ex
1807 5582 2029 5663 pellibus

462 5660 644 5730 erant.
680 5654 1106 5730 profacultatutn
1133 5654 1419 5730 luxusque
1456 5654 1903 5730 tnodo'purnu'rea
1938 5668 2031 5721 fie-

466 5723 591 5803 bant
616 5725 885 5803 eluserica.
915 5726 1098 5803 Cicero
1130 5723 1418 5803 Philippica
1449 5730 1484 5783 2
1520 5750 1529 5781 :
1566 5723 1904 5803 Coac/tyliatis
1930 5737 2026 5791 Cn.

465 5788 695 5859 Pompeii
723 5797 1084 5861 peristromatis
1116 5788 1369 5852 servorum
1396 5802 1447 5853 in
1479 5803 1620 5855 cellis
1655 5788 1804 5859 Iccio:
1843 5788 2027 5861 stratas

2079 3407 2126 3468 ο
2160 3437 2287 3492 11ιωὶ
2314 3407 2477 3495 codeltt
2499 3482 2513 3503 ,

2168 1944 2464 2002 oblationes
2498 1947 2700 2003 facilius
2730 1961 2811 2005 est
2841 1961 2897 2006 ut
2924 1965 3137 2010 accuset
3175 1957 3310 2025 sitis,
3341 1976 3498 2030 quam
3528 1975 3741 2021 recuset

2168 2034 2419 2091 ebrietas.
2451 2039 2590 2105 Quid
2620 2041 2843 2095 multis?
2882 2043 3073 2101 Videas
3103 2046 3175 2102 ibi
3224 2048 3544 2119 elegantiam
3593 2053 3741 2109 Grae-

2166 2138 2313 2192 cam,
2341 2125 2361 2165 τ
2394 2127 2771 2186 abundantiam
2797 2131 3146 2202 Gallicanam,
3171 2139 3497 2196 celeritatem
3524 2143 3732 2208 ltalam,

2165 2216 2432 2285 publicam
2482 2234 2763 2289 pompam,
2814 2224 3068 2292 privatam
3116 2227 3483 2298 diligentiam,
3533 2236 3732 2304 regiam

2165 2307 2526 2377 disciplinam.
2576 2311 2653 2367 De
2679 2321 2704 2359 8
2727 2312 2853 2368 luxu
2883 2324 3060 2370 autem
3093 2318 3183 2373 illo
3212 2320 3519 2379 sabbatario
3546 2340 3735 2379 narra-

2164 2399 2293 2455 tioni
2319 2415 2452 2455 mea:
2472 2404 2936 2471 supersedendum
2959 2418 3061 2473 est,
3084 2410 3173 2478 qui
3195 2426 3293 2467 nec
3315 2413 3541 2469 latentes
3562 2426 3739 2486 potest

2165 2490 2331 2547 latere
2368 2506 2645 2561 personas.
2700 2496 2780 2550 Ad
2819 2508 2994 2567 coepta
3037 2499 3310 2557 redeatur.
3364 2505 3595 2574 Dapibus
3642 2524 3737 2563 ex-

2164 2582 2308 2651 pleto
2338 2597 2558 2637 somnus
2585 2586 2913 2641 meridianus
2941 2604 3086 2660 saepe
3127 2593 3325 2658 nullus,
3372 2608 3584 2666 semper
3625 2601 3737 2655 exi-

2161 2687 2314 2742 guus.
2364 2672 2570 2737 Quibus
2599 2676 2746 2733 horis
2774 2679 2889 2733 viro
2930 2681 3112 2736 tabula
3149 2684 3297 2739 cordi
3342 2696 3456 2753 est,
3505 2697 3736 2745 tesseras

2161 2764 2359 2833 colligit
2386 2767 2589 2835 rapide,
2622 2768 2837 2838 inspicit
2864 2771 3113 2837 sollicite,
3141 2776 3305 2830 volvit
3332 2789 3536 2847 argute,
3569 2783 3731 2836 mittit

2160 2854 2441 2922 instanter,
2460 2854 2487 2892 ιι
2502 2856 2798 2927 ioculanter
2821 2864 3124 2933 compellat,
3151 2868 3415 2935 patienter
3434 2882 3731 2941 exspectat.

2160 2946 2216 3000 In
2260 2946 2414 3001 bonis
2456 2946 2686 3016 iactibus
2729 2959 2899 3019 tacet,
2947 2954 3000 3007 in
3032 2955 3185 3011 malis
3217 2958 3385 3024 ridet,
3433 2960 3485 3013 in
3531 2964 3735 3018 neutris

2157 3084 2374 3140 rideres.
2401 3085 2653 3143 Martialis
2682 3088 2774 3144 lib.
2800 3105 2879 3145 ιιι.

2342 3198 2523 3269 Eubius
2541 3204 2697 3251 trudit
2722 3211 2773 3252 et
2793 3205 2910 3269 inde
2933 3208 3174 3269 convivas,

2340 3260 2549 3312 Eil'ultus
2568 3270 2718 3325 ostro,
2738 3267 3003 3329 sericisque
3029 3260 3251 3331 pulvinis.

2231 3368 2529 3446 °_Pler_iqttc
2569 3375 2791 3446 pondere
2846 3372 3063 3446 legunt;
3106 3377 3195 3431 alii
3237 3377 3521 3446 splendore,
3553 3390 3608 3434 ut
3644 3381 3730 3436 Pi-

2545 3442 2684 3510 qnod
2727 3458 2832 3497 non
2875 3442 3051 3500 minus
3088 3442 3308 3502 arridet.
3358 3442 3553 3504 Eadem
3586 3454 3726 3506 enim

2158 3510 2432 3576 conjunxit
2465 3510 2754 3588 Pliniushde
2780 3514 3071 3588 Garmania;
3111 3518 3409 3588 murrhinis
3433 3534 3594 3588 agens
3634 3523 3723 3577 lib.

2118 3600 2120 3602 ν
2158 3594 2337 3660 xxxv"
2354 3620 2367 3641 ,
2392 3594 2511 3649 cap.
2539 3581 2608 3660 2:
2645 3582 2897 3660 Splendor
2923 3584 2999 3638 his
3027 3585 3137 3641 sine
3155 3586 3362 3656 viribus,
3384 3580 3623 3660 hitorque
3648 3609 3727 3645 t-e-

2154 3649 2263 3720 rius
2291 3666 2445 3720 quam
2500 3649 2759 3720 splendor.

2231 3716 2251 3756 ί
2282 3716 2449 3786 Quam
2486 3716 2809 3799 in_dialogis
2852 3739 2957 3799 non
2996 3727 3160 3782 semel
3188 3729 3436 3799 suggillat
3464 3729 3725 3799 Sulpicius

2156 3788 2388 3870 ἔργει-υς
2410 3808 2426 3870 _:
2456 3788 2755 3870 et_-_Franci§
2784 3793 3097 3870 familiarem
3121 3788 3347 3870 testatur
3368 3788 3724 3870 Luitprandus

2153 3858 2451 3939 'l:icinens_is
2496 3860 2589 3939 li_b.
2617 3878 2664 3927 ι,
2706 3878 2833 3939 cap._
2864 3866 2896 3919 6
2929 3864 3260 3939 :__Metensis,
3307 3872 3413 3937 ait,
3460 3858 3725 3939 episcopus

2152 3929 2342 3981 cibaria
2368 3932 2413 3983 ei
2443 3932 2603 3985 multa
2645 3929 2917 3988 secundum
2951 3929 3270 3992 Francorum
3313 3929 3722 3996 consuetudinem

2154 4000 2488 4054 ministraret.

2176 4133 2187 4142 ἢ
2224 4078 2249 4115 8
2274 4068 2551 4151 [festorum
2582 4072 2786 4151 dierum
2805 4118 2818 4142 ,
2861 4090 2957 4151 per
2986 4091 3121 4151 quos
3136 4079 3375 4151 _publicis
3403 4082 3724 4151 privatisque

2152 4140 2407 4217 conviviis
2441 4142 2610 4217 major
2642 4140 2835 4198 luxus:
2864 4140 3237 4216 adco'quidem
3268 4159 3324 4203 ut
3349 4140 3536 4217 cy'nico
3563 4140 3722 4208 dente

2151 4209 2498 4297 antistjhenes
2542 4209 3150 4297 soprfivr'yat‘qrptyapﬂa;
3191 4209 3409 4297 ἀφορίαιήῦ
3437 4223 3718 4277 vocitaret.

2148 4277 2287 4359 Quin
2316 4279 2429 4359 dies
2470 4277 2944 4359 festosint'ellig'at'
2967 4277 3182 4341 dubium
3220 4277 3338 4343 esse
3373 4277 3479 4343 non
3521 4302 3715 4359 potest.

2150 4347 2258 4425 flos
2281 4349 2691 4425 enimprofestis
2713 4347 2951 4423 opponit,
2967 4373 3187 4425 quorum
3205 4359 3444 4413 convivia
3463 4347 3577 4415 sine
3596 4362 3718 4415 lutu

2148 4416 2309 4473 fuisse
2330 4416 2482 4495 dixit.
2512 4416 2798 4477 Sacrarut'n'
2817 4416 3005 4495 nempe
3028 4428 3315 4481 litterarum
3342 4444 3488 4484 more
3511 4431 3719 4485 locutus

2146 4496 2256 4567 est,
2289 4504 2406 4557 quae
2438 4491 2568 4545 festa
2600 4496 2800 4567 omnia,
2825 4491 3162 4565 quoscunque
3204 4499 3253 4550 in
3295 4498 3412 4552 dies
3442 4499 3713 4567 incidant,

2144 4558 2363 4640 sabbata
2392 4571 2621 4640 vocant:
2655 4558 2920 4640 aé€§atrov
2953 4558 3128 4640 micant
3148 4569 3327 4640 _éoprﬁv
3355 4570 3615 4632 καλοῦσιν,
3649 4558 3721 4625 ait

2144 4626 2383 4711 itsidorus‘
2422 4631 2715 4711 Pelttsiotes
2763 4634 2855 4711 lib.
2882 4652 2947 4711 Διιι
2968 4677 2983 4703 ,
3007 4651 3075 4711 _c.
3106 4626 3463 4711 10._"Constat
3498 4626 3709 4711 quidem

2145 4694 2447 4777 Qrientales
2474 4703 2601 4777 olim
2626 4704 2677 4777 in
2703 4704 2928 4777 ecclesia
2949 4694 3109 4761 etiam
3133 4708 3389 4775 sabbatis,
3410 4694 3721 4777 perindeiac

2070 4766 2120 4826 D
2147 4765 2449 4848 dominicis,
2471 4771 2648 4826 feriari
2672 4775 2880 4848 solitos,
2903 4785 3302 4846 conventusque
3325 4765 3506 4834 sacros
3528 4795 3715 4848 agere:

2146 4852 2304 4917 quam
2337 4840 2405 4917 ob
2432 4856 2646 4917 causam
2672 4846 2933 4917 Asterius,
2957 4847 3200 4900 Atnasere
3219 4840 3379 4901 'Ponti
3408 4840 3712 4917 episcopus,

2144 4904 2197 4959 in
2215 4907 2434 4989 _homilia
2457 4911 2522 4966 de
2545 4914 2765 4980 repudio
2781 4904 2933 4989 ζαλὴὗ
2955 4922 3042 4989 τῂν
3064 4918 3320 4989 σγᾼνωρίδα
3341 4928 3429 4973 τοῦ
3445 4904 3715 4973 Bassam}

2144 4982 2226 5030 καὶ
2254 4994 2345 5057 ri;
2374 4992 2650 5057 κηριακῆςς
2692 4993 2747 5057 et
2773 4984 3064 5054 Gregorius
3096 4982 3365 5057 Nyssetttts
3394 4989 3442 5041 itt
3476 4990 3715 5043 oratione

2142 5048 2371 5169 guadam
2408 5048 2523 5104 dies
2560 5053 2677 5105 illos
2704 5048 2907 5108 fratres
2927 5065 3111 5117 vocat,
3140 5048 3442 5124 'luxumqite
3483 5059 3618 5112 adeo
3664 5071 3715 5113 et

2182 5116 2362 5169 elicias
2399 5120 2730 5169 sabbatarias
2768 5123 3112 5169 renrehemlit
3135 5140 3149 5169 :
3192 5141 3312 5169 mtm
3349 5128 3715 5169 ιὶρρίιιρηιςιιρα

2182 5116 2730 5192 θιίρὶεελεδωηιετὶηε
2768 5116 3150 5192 reprehendit:
3192 5141 3313 5181 cum
3349 5116 3716 5183 Occidentales

2141 5197 2325 5241 contra
2356 5189 2624 5263 dominico
2653 5189 2921 5255 contenti,
2964 5192 3172 5263 sabbati
3202 5198 3384 5263 ferias,
3419 5208 3474 5252 ut
3502 5198 3713 5251 Jutlteo-

2140 5271 2272 5329 rum
2292 5261 2553 5325 proprias,
2585 5263 2933 5329 neglexerint.
2981 5261 3132 5316 Unde
3174 5275 3227 5319 et
3259 5261 3620 5322 Tcrtullianus
3662 5270 3713 5322 itt

2138 5325 2483 5408 Apologctico
2508 5347 2521 5381 :
2547 5325 3039 5408 Secundoh10loco
3056 5334 3217 5408 .ab_it's
3244 5353 3442 5408 sumus,
3470 5340 3557 5408 qui
3584 5340 3714 5391 diem

2136 5395 2331 5448 sabbati
2362 5399 2462 5449 otio
2499 5409 2546 5450 et
2587 5398 2731 5450 luxui
2759 5395 3091 5455 disz‘Ermmt:
3138 5403 3189 5457 id
3223 5417 3304 5459 est
3334 5395 3605 5462 dominico
3636 5409 3715 5462 fc-

2136 5466 2358 5541 tjamur,
2389 5467 2545 5541 nt_illi
2577 5468 2818 5541 sabbato.
2855 5470 3000 5524 Licet
3028 5487 3157 5541 ergo
3188 5481 3459 5541 potuerint
3488 5478 3714 5532 fortasse

2132 5530 2314 5615 Gellii,
2342 5546 2396 5588 ιιι
2419 5534 2722 5615 Graecorum
2752 5538 3047 5615 disciplina:
3075 5530 3295 5615 ιῆιιιίιιιὶ,
3325 5547 3560 5601 sabbatis
3586 5530 3716 5615 quo;

2134 5616 2241 5683 que
2265 5602 2570 5683 Graecorum
2610 5609 2722 5683 _ritu
2764 5602 2982 5683 feriari:
3023 5614 3198 5681 aptius
3238 5602 3412 5671 tamen
3454 5627 3536 5670 est
3571 5602 3712 5683 quod

2133 5671 2388 5796 difiir'tns,
2422 5676 2624 5731 sabbati
2659 5681 2875 5736 nomine
2906 5682 3009 5736 hoc
3039 5671 3156 5738 loco
3185 5684 3301 5742 dies
3330 5684 3498 5743 festos
3527 5671 3716 5743 omnes

2136 5756 2187 5795 tn
2217 5759 2246 5796 e
2294 5760 2381 5796 tat.

2136 5752 2381 5811 tntelltgt.

2206 5811 2237 5849 ιλ
2264 5813 2321 5868 In
2347 5816 2613 5883 aliquibus
2641 5834 2797 5888 mss.,
2817 5823 3145 5892 joculariter.

3782 358 3821 568 ί

3789 576 3793 601 l
