4078 6348
366 497 471 558 449

1644 488 2128 547 EPISTOLARUM
2168 486 2294 547 LIB.
2336 493 2357 547 ι

3494 454 3630 560 ~tau

366 615 635 681 irascitur,
656 613 708 666 in
729 611 971 679 utrisque
992 608 1416 678 plti1050phatur.
1447 608 1717 663 Secundas
1741 608 1943 663 fastidit
1969 614 2017 671 Α
2047 609 2145 663 bus
2177 626 2281 663 non
2316 612 2489 664 minus
2527 613 2724 667 mulcet
2755 613 2921 668 virtus
2953 629 3186 668 animum
3234 629 3391 684 quam
3436 623 3628 672 cantus

368 709 445 762 vel
482 705 687 768 timere,
721 702 803 756 vel
840 701 1051 755 facere:
1083 715 1308 769 quarum
1338 700 1760 768 opportunitates
1798 715 1949 769 sper-

367 798 445 852 nit
473 795 708 861 oblatas,
756 791 947 846 transit
988 791 1282 861 oppositas.
1337 772 1463 846 S'it'te
1493 800 1639 845 motu
1680 792 1945 858 evaditur,

369 890 481 946 sine
507 885 738 942 colludio
764 882 964 939 evadit.
1012 882 1176 937 Putes
1206 881 1353 937 illum
1382 890 1436 937 et
1465 882 1518 937 in
1552 882 1772 937 calculis
1799 897 1947 939 arma

374 986 618 1036 tractare.
664 976 786 1032 Sola
814 984 896 1032 est
922 974 997 1028 illi
1024 988 1150 1028 cura
1180 974 1448 1029 vincendi.
1488 977 1544 1047 6
1583 973 1719 1030 Cum
1751 976 1940 1032 luden-

368 1074 493 1128 dum
537 1078 654 1137 est,
703 1070 903 1139 regiam
949 1076 1248 1136 sequestrat
1287 1067 1547 1137 tantisper
1574 1069 1943 1136 severitatem,

367 1161 612 1217 hortatur
655 1159 721 1214 ad
764 1158 970 1228 ludum,
1016 1157 1339 1225 libertatem,
1382 1160 1941 1229 communionemque.

368 1252 551 1309 Dicam
572 1251 713 1323 quod
753 1250 959 1305 sentio:
992 1250 1140 1304 timet
1161 1250 1358 1305 timeri.
1388 1249 1628 1319 Denique
1648 1249 1948 1305 oblectatur

368 1345 727 1402 commotione
761 1342 1036 1412 superati:
1088 1350 1145 1397 et
1184 1350 1312 1397 tunc
1351 1342 1568 1396 demum
1623 1341 1794 1397 credit
1844 1340 1946 1397 sibi

371 1452 477 1493 non
516 1436 743 1492 cessisse
778 1434 1074 1503 collegam,
1118 1449 1241 1488 cum
1287 1434 1445 1489 fidem
1490 1434 1676 1489 fecerit
1708 1434 1947 1489 victoria:

371 1543 480 1583 sua:
506 1529 629 1583 bilis
652 1528 846 1581 aliena.
892 1524 1151 1595 Quodque
1187 1526 1405 1591 mirere,
1437 1541 1581 1595 saepe
1618 1526 1706 1579 illa
1738 1525 1944 1591 laetitia,

371 1616 604 1672 minimis
629 1614 996 1671 occasionibus
1020 1614 1259 1683 veniens,
1286 1614 1579 1686 ingentium
1610 1614 1943 1685 negotiorum

371 1707 561 1764 merita
620 1706 876 1761 fortunat.
938 1704 1088 1760 Tunc
1137 1706 1479 1775 petitionibus
1526 1706 1616 1760 ditt
1678 1714 1802 1762 ante
1852 1721 1947 1777 per

371 1798 787 1870 patrociniorum
821 1794 1088 1865 naufragia
1116 1795 1346 1864 iactatis,
1377 1795 1727 1850 absolutionis
1754 1795 1945 1850 subita:

370 1899 554 1959 portus
574 1889 829 1959 aperitur.
859 1887 1010 1943 Tune
1030 1887 1189 1942 etiam
1215 1901 1313 1957 ego
1340 1886 1543 1956 aliquid
1567 1888 1945 1943 obsecraturus

2048 701 2304 756 auditum.
2356 702 2488 756 Cum
2522 705 2844 770 surrexerit,
2893 706 3107 759 inchoat
3136 714 3423 759 nocturnas
3452 706 3626 762 aulica

2048 808 2175 863 gaza
2204 796 2503 860 custodias,
2550 797 2739 849 armati
2786 798 2945 866 regiae
2987 797 3178 852 domus
3216 796 3450 851 aditibus
3493 799 3627 852 assi-

2047 896 2224 955 stunt,
2268 889 2459 957 quibus
2492 889 2636 942 hora:
2666 889 2821 958 primi
2852 888 3063 957 soporis
3090 888 3468 958 vigilabuntur.
3513 889 3618 943 Sed

2044 976 2155 1047 jam
2186 978 2311 1049 quid
2344 974 2491 1035 meas
2519 980 2658 1033 istud
2690 979 2755 1032 ad
2781 981 2829 1049 7
2855 989 3053 1047 partes,
3087 982 3176 1047 qui
3206 981 3301 1035 tibi
3340 981 3622 1036 indicanda

2049 1085 2156 1125 non
2205 1071 2369 1125 multa
2416 1071 2483 1126 de
2529 1086 2715 1141 regno,
2765 1072 2859 1125 sed
2891 1086 3057 1140 pauca
3086 1073 3153 1127 de
3196 1089 3321 1143 rege
3362 1074 3627 1143 promisi?

2048 1159 2220 1216 Simul
2266 1172 2319 1216 et
2362 1162 2501 1232 stylo
2544 1162 2702 1217 finem
2736 1162 2850 1217 fieri
2879 1161 3071 1217 decet:
3106 1164 3229 1232 quia
3256 1172 3310 1219 et
3339 1172 3392 1218 tu
3423 1180 3627 1235 cogno-

2048 1266 2202 1308 scere
2245 1252 2343 1308 viri
2394 1268 2499 1308 non
2549 1252 2775 1324 amplius
2817 1269 2973 1323 quam
3014 1253 3186 1308 studia
3236 1270 3625 1325 personamque

2048 1345 2286 1412 voluisti,
2317 1354 2371 1400 et
2397 1361 2494 1415 ego
2525 1362 2630 1401 non
2660 1345 2960 1412 historiam,
2984 1344 3079 1401 scd
3107 1344 3383 1415 epistolam
3411 1346 3628 1403 efficere

2051 1437 2253 1490 curavi.
2286 1435 2435 1491 Vale.

2603 1528 2939 1583 EPISTOLA
2976 1526 3069 1582 III.

2333 1617 2580 1673 Sidonius
2601 1616 2629 1656 ι’
2653 1617 2952 1671 Philimatio
2980 1635 3074 1673 suo
3100 1620 3337 1673 salutem.

2120 1708 2138 1763 I
2172 1722 2341 1774 nunc,
2375 1718 2429 1763 et
2461 1709 2668 1779 legibus
2706 1725 2792 1764 me
2821 1710 3051 1764 ambitus
3082 1709 3463 1781 interrogatum
3496 1723 3518 1750 ο
3542 1727 3625 1767 se-

2048 1811 2175 1854 natu
2214 1815 2398 1866 move,
2447 1815 2542 1854 cur
2589 1800 2948 1869 adipiscendae
2996 1800 3235 1871 dignitati
3278 1802 3626 1858 hereditariae

2046 1890 2190 1945 curis
2240 1889 2587 1959 pervigilibus
2637 1891 2980 1945 incumbam:
3025 1888 3053 1927 ἀ
3094 1891 3179 1947 cui
3229 1902 3401 1961 pater,
3450 1908 3624 1963 socer,

372 1980 594 2035 feliciter
619 1978 826 2044 vincor,
857 1978 1069 2047 quando
1100 1977 1228 2032 mihi
1264 1977 1329 2032 ad
1363 1977 1464 2032 hoc
1492 1978 1667 2032 tabula
1700 1980 1853 2049 petit,
1884 1986 1945 2034 ut
1972 1976 2020 2037 B
2047 1994 2199 2047 avus,
2231 1995 2482 2050 proavus,
2527 1979 2862 2050 pragfeeturis
2902 1980 3123 2036 urbanis
3162 1983 3623 2053 praetorianisque,

372 2086 527 2126 causa
556 2070 812 2127 salvetur.
862 2068 1013 2124 Circa
1054 2084 1249 2124 nonam
1288 2070 1617 2125 recrudescit
1654 2071 1823 2125 moles
1853 2071 1942 2125 illa

371 2163 646 2233 regnandi.
679 2162 922 2218 Redeunt
946 2161 1241 2231 pulsantes,
1283 2162 1513 2217 redeunt
1538 2162 1939 2229 submoventes,

371 2255 563 2325 ubique
610 2254 874 2325 litigiosus
923 2252 1101 2308 fremit
1151 2253 1384 2309 ambitus
1426 2271 1439 2309 :
1495 2255 1583 2324 qui
1636 2262 1836 2311 tractus
1886 2257 1939 2310 in

369 2360 666 2415 vesperam,
699 2360 852 2401 coena
881 2344 1027 2414 regia
1056 2345 1431 2413 interpellante
1460 2347 1715 2410 rarescit,
1762 2354 1816 2401 et
1845 2360 1940 2417 per

369 2437 569 2493 aulicos
614 2437 869 2506 deinceps
913 2452 1009 2506 pro
1056 2446 1401 2507 patronorum
1434 2439 1692 2494 varietate
1736 2439 1941 2509 disper-

368 2531 527 2600 gitur,
551 2544 718 2600 usque
740 2529 804 2584 ad
831 2538 1037 2598 tempus
1064 2528 1340 2584 concubia:
1367 2530 1541 2585 noctis
1563 2530 1937 2587 excubaturus.

369 2620 509 2677 Sane
552 2620 997 2685 intromittuntur,
1027 2636 1326 2690 quanquam
1372 2634 1516 2687 raro,
1551 2620 1690 2674 inter
1717 2635 1940 2675 etenan-

371 2716 494 2770 dutu
524 2716 723 2770 mimici
750 2716 925 2779 sales,
973 2716 1044 2768 ita
1086 2724 1143 2768 ut
1187 2716 1361 2769 nullus
1410 2715 1630 2770 conviva
1679 2716 1942 2772 mordacis

371 2806 564 2875 linguae
590 2806 712 2861 felle
735 2805 975 2866 feriatur.
1006 2806 1094 2861 Sic
1118 2816 1294 2861 tamen
1322 2807 1460 2877 quod
1486 2807 1596 2861 illic
1621 2822 1717 2862 nec
1743 2822 1941 2878 organa

372 2896 677 2968 hydraulica
703 2905 924 2963 sonant,
964 2912 1063 2953 nec
1093 2898 1193 2953 sub
1220 2898 1491 2967 phonasco
1520 2900 1781 2954 vocalium
1811 2916 1941 2955 con-

369 2997 557 3043 centus
605 2988 915 3044 meditatum
968 3003 1213 3045 acroama
1253 2989 1414 3050 simul
1468 2991 1693 3045 intonat.
1750 2991 1940 3046 Nullus

369 3079 439 3133 ibi
480 3079 712 3151 lyristes,
742 3079 1046 3147 choraules,
1092 3088 1117 3116 ι
1142 3079 1510 3149 mesochorus,
1542 3080 1937 3151 tympanistria,

370 3172 581 3241 psaltria
611 3173 793 3227 canit:
826 3186 951 3242 rege
975 3172 1149 3228 solum
1179 3170 1284 3227 illis
1316 3171 1510 3228 fidibus
1535 3172 1783 3259 delinito,
1814 3170 1937 3242 qui-
2028 3222 2031 3223 ν

439 3340 465 3368 ι
494 3331 725 3418 Pertinet
752 3329 821 3384 ad
846 3329 1208 3418 pantomimos
1234 3328 1591 3418 cordacistas',
1615 3326 1935 3418 quieorda-
1962 3325 2008 3386 (ἶ

368 3417 503 3482 cem,
527 3403 752 3483 αἰσχρὰν
771 3404 858 3483 τεαὶ
878 3402 1082 3477 ἀπρεπῆ
1105 3398 1658 3483 ὄρχησιν,βδιῐξιιξειξὶιἶ
1672 3398 1767 3453 His
1792 3399 1933 3480 enim

368 3473 454 3539 qui
482 3468 697 3526 crotalis
718 3471 799 3525 vel
829 3468 1076 3524 man'uum
1110 3468 1298 3540 plausu
1326 3471 1476 3540 signa
1504 3468 1694 3534 dabat,
1727 3469 1848 3540 quia
1877 3468 1932 3540 in

368 3538 540 3596 medio
566 3542 732 3597 choro
761 3551 905 3606 erat,
954 3538 1301 3595 mesochorus
1327 3538 1624 3605 dicebatur,
1656 3547 1717 3593 ut
1750 3538 1935 3593 docuit

369 3627 465 3665 nos
494 3620 646 3666 vetus
675 3610 990 3665 scholiastes
1018 3610 1291 3665 Juvenalis
1319 3610 1385 3663 ad
1416 3608 1768 3680 satyram“.
1816 3609 1933 3676 Quo

367 3691 615 3745 saeetans
643 3682 841 3735 Plinius
861 3680 1040 3748 junior
1069 3680 1162 3736 lib.
1190 3696 1227 3734 tt
1251 3678 1513 3750 epistolas
1529 3678 1594 3733 ad
1621 3679 1929 3750 Maximum,

369 3752 737 3805 mesochorutn
769 3765 875 3804 non
905 3751 1082 3818 inepte
1107 3750 1242 3806 dixit
1267 3749 1387 3805 eum
1418 3750 1507 3819 qui
1546 3751 1599 3804 in
1626 3749 1931 3804 auditorunt

368 3836 559 3876 corona
604 3821 815 3875 caeteris
857 3820 938 3890 ad,
974 3819 1292 3876 laudandum
1320 3818 1605 3890 {oratorem
1652 3818 1930 3875 conductis

366 3890 647 3959 plaudendi
675 3891 883 3959 signum
910 3889 1089 3946 dabat.

436 3960 462 3999 δ
487 3958 820 4030 Ιιυεόιιηόηεί
850 3960 1179 4028 Caussidico,
1221 3959 1290 4015 de
1324 3973 1431 4029 quo
1457 3958 1555 4013 lib.
1580 3975 1631 4023 v,
1668 3959 1827 4029 epist.
1859 3959 1931 4014 17

367 4030 429 4084 ad
460 4031 730 4100 Eriphium
757 4033 873 4099 ejus
897 4045 1171 4099 generum.

437 4098 626 4170 cLege
669 4098 952 4170 Calpurnia
997 4102 1257 4154 sancitum
1305 4099 1431 4153 olim
1482 4098 1653 4170 fuerat
1699 4098 1931 4170 ambitus

364 4168 639 4246 damnatos
665 4168 789 4243 μήτέ
829 4168 1041 4246 ἄρχειν,
1081 4176 1204 4241 μήτι
1243 4170 1529 4241 βουλεύειν,
1574 4169 1669 4246 ita_
1686 4176 1743 4222 ut
1781 4168 1928 4246 a_di_t_u

364 4243 525 4295 curiae
564 4238 936 4308 honorumque
972 4238 1598 4309 perpetuo'areerentur.
1650 4238 1758 4293 Lex
1788 4238 1927 4309 Julia

365 4325 572 4374 manant
602 4307 875 4379 mitigavit,
899 4307 1124 4379 eamque
1147 4309 1353 4431 redegvit
1379 4307 1445 4361 ad
1474 4308 1890 4377 quinquennium
1913 4324 1926 4361 :

365 4388 547 4431 auctor
585 4380 682 4431 Dio
720 4381 811 4431 lib.
842 4394 1001 4431 xxxvr
1042 4389 1094 4431 et
1136 4396 1243 4431 LVI.
1337 4394 1487 4431 erum
1532 4377 1616 4431 lex
1656 4377 1827 4431 Julia.
1872 4387 1926 4431 ut

362 4388 547 4434 auctor
585 4380 682 4433 Dio
720 4377 811 4434 lib.
842 4394 1001 4432 xxxw
1040 4377 1094 4433 et
1136 4396 1243 4434 LVI.
1291 4377 1487 4432 Verum
1532 4377 1616 4431 lex
1656 4377 1827 4444 Julia,
1872 4387 1930 4432 ut

363 4448 689 4504 Modestiuus
715 4449 891 4514 docet,
925 4449 976 4503 in
1007 4448 1150 4504 Urbe
1177 4449 1425 4517 cessavit,
1459 4458 1735 4517 postquam
1763 4448 1929 4517 magi-

362 4527 559 4573 stratus
586 4533 613 4571 a
644 4519 880 4587 principe
906 4521 1077 4573 creari
1114 4520 1309 4587 empti;
1353 4530 1405 4573 et
1439 4533 1607 4586 poena:
1635 4519 1684 4571 in
1715 4532 1807 4571 eos
1839 4518 1926 4586 qui

361 4588 499 4652 apud
542 4589 834 4657 principem
874 4589 1139 4645 ambirent
1176 4588 1295 4642 alia:
1337 4597 1515 4656 postea
1559 4589 1821 4652 decretae,
1872 4595 1928 4640 ut

502 4674 516 4711 t
562 4657 692 4741 cod.
731 4658 944 4739 :l‘lteod.
998 4660 1064 4713 ad
1120 4660 1291 4741 legem
1343 4658 1533 4741 Juliam
1582 4658 1651 4712 de
1700 4658 1922 4741 atttliittt.
1955 4681 2005 4741 ο

359 4728 534 4792 Quare
562 4728 831 4795 Sidonius,
862 4743 984 4783 eum
1024 4726 1212 4783 senatu
1255 4742 1469 4781 movere
1512 4726 1656 4795 leges
1697 4727 1925 4781 ambitus

358 4797 514 4862 dixit,
542 4813 648 4851 non
680 4797 745 4878 ad
770 4798 872 4863 sui,
902 4797 997 4853 sed
1025 4799 1090 4852 ad
1117 4796 1450 4866 superiorum
1481 4806 1781 4865 temporum
1811 4810 1925 4851 mo-

359 4879 469 4937 rem
499 4876 752 4937 respexit.

426 4935 452 4972 ά
482 4937 555 4991 De
580 4935 775 5003 proavo
797 4936 1001 4992 Sidonii
1022 4937 1245 5006 ejusque
1265 4936 1553 4991 honoribus
1578 4936 1708 4991 nihil
1731 4937 1926 4992 lectum

360 5006 597 5075 memini.
650 5005 974 5074 Apollinaris
1004 5005 1467 5075 1avus’prtefecttts
1510 5008 1760 5075 praetorio
1797 5006 1926 5061 Gal-

359 5075 545 5145 liarum
578 5068 766 5130 ‘fuerat
815 5068 1054 5145 principe
1104 5068 1379 5139 Honorio,
1430 5068 1582 5144 pater
1629 5077 1925 5145 imperante

361 5093 545 5128 uarum
596 5093 766 5130 iuerat
850 5093 1054 5145 rmetpe
1104 5093 1379 5139 nonorto,
1431 5093 1582 5144 pater
1629 5093 1925 5145 imperante

361 5144 750 5222 Yalenttniano.
781 5093 995 5222 _Xvitus
1035 5146 1272 5222 denique
1318 5160 1493 5222 socer,
1542 5154 1597 5200 et
1645 5145 1926 5222 praefectus

362 5212 541 5337 itelm,d
562 5224 616 5269 et
660 5214 909 5285 magister
946 5212 1221 5286 utriusque
1260 5216 1494 5284 militiae,
1546 5224 1602 5269 ut
1647 5212 1757 5269 Suis
1797 5212 1941 5270 Iocis'

362 5296 415 5337 os
441 5298 503 5337 en
546 5295 683 5337 etur.

358 5291 683 5339 ustendetur.

428 5363 451 5425 ὲ
475 5353 784 5408 Officiorum
813 5372 827 5409 :
856 5371 976 5425 quae
1003 5354 1182 5424 palatii
1209 5355 1495 5425 magisterii
1524 5355 1782 5409 Eumenio
1806 5355 1931 5409 rhe-

428 5371 451 5390 ι’
475 5371 784 5408 υιιιςιοτιιιη
813 5371 976 5479 igua:
1003 5371 1182 5424 patattt
1209 5371 1495 5425 magistertt
1525 5371 1782 5409 numento
1806 5371 1929 5409 rne-

356 5423 455 5495 tori
478 5438 575 5495 pro
596 5425 799 5495 scholis
892 5426 1137 5479 duorum.
1172 5427 1419 5495 Magister
1440 5425 1736 5479 ofﬁciorum
1768 5434 1929 5479 totam

355 5492 531 5565 palatii
563 5494 929 5565 disciplinam,
968 5492 1597 5565 omnesque'seholarum
1626 5496 1841 5549 ordines
1872 5504 1927 5565 et

353 5560 523 5633 officia
552 5560 790 5633 regebat.
824 5564 952 5619 Inde
980 5560 1299 5631 nomen—illi,
1327 5568 1409 5619 vel
1438 5567 1506 5619 ab
1532 5565 1722 5620 officiis
1748 5568 1829 5620 vel
1860 5564 1928 5618 ab

353 5631 468 5685 aula
497 5631 694 5700 ipsa—et
721 5635 938 5702 palatio.
972 5634 1201 5689 Rutilius
1226 5637 1575 5690 Numatianus
1602 5653 1615 5688 :

533 5747 711 5797 Officiis
731 5761 967 5809 regerem
985 5742 1093 5796 eum
1117 5751 1251 5809 regia
1277 5755 1399 5798 tecti
1426 5726 1703 5808 magister:

693 5811 1067 5869 Armigerasque
1094 5810 1157 5869 pii
1183 5810 1409 5870 principis
1434 5811 1681 5858 excubias.

350 5909 522 5966 Graei
548 5926 761 5980 quoque
785 5927 924 5968 nune
947 5914 1215 5985 ἠγοΰμενον
1235 5919 1334 5967 τῶν
1358 5912 1643 5981 βασιλείων,
1672 5921 1730 5966 ul.
1751 5888 1931 5965 Theu-

2051 2082 2074 2111 ο
2099 2072 2420 2141 magisteriis
2453 2072 2706 2141 palatinis
2734 2072 3153 2141 militaribusque
3184 2074 3505 2128 micuerunt.
3560 2074 3626 2128 Et

2045 2178 2171 2220 ecce
2198 2164 2524 2219 Gaudentius
2554 2179 2706 2219 meus
2737 2164 2992 2219 hactenus
3036 2172 3240 2219 tantum
3270 2166 3620 2232 Tribunitius,

2044 2256 2360 2310 escitantem
2408 2264 2711 2308 nostrorum
2760 2256 2953 2308 civium
3002 2254 3261 2309 desidiam
3302 2253 3324 2292 ί
3351 2256 3621 2310 vicariano

2043 2346 2195 2414 apice
2223 2345 2572 2400 transcendit.
2607 2344 2847 2398 Mussitat
2877 2345 3089 2414 quidem
3120 2344 3374 2414 juvenem
3407 2356 3621 2400 nostro-

2041 2450 2159 2491 rum
2190 2437 2390 2491 caleata
2420 2435 2751 2505 generositas
2777 2452 2788 2487 :
2822 2435 2917 2489 sed
2944 2435 3034 2503 qui
3064 2436 3254 2490 transit
3276 2436 3618 2505 derogantes,

2041 2528 2095 2582 in
2120 2527 2222 2581 hoc
2245 2527 2416 2581 solum
2448 2537 2711 2591 movetur,
2742 2535 2798 2580 ut
2825 2525 3070 2595 gaudeat.
3106 2525 3267 2594 Igitur
3296 2537 3622 2581 venerantur

2046 2619 2318 2687 hucusque
2361 2626 2759 2688 contemptum,
2810 2631 2873 2671 ae
2927 2617 3119 2671 subita:
3159 2627 3434 2686 stupentes
3481 2617 3620 2672 dona

2046 2711 2301 2775 fortunae,
2353 2724 2510 2778 quem
2537 2713 2811 2777 {consessu
2855 2708 3250 2777 despiciebant,
3294 2710 3422 2764 sede
3451 2710 3623 2779 suspi-

2045 2804 2210 2860 ciunt.
2236 2803 2330 2858 Ille
2351 2804 2526 2857 obiter
2546 2807 2864 2857 stertentum
2887 2800 3271 2855 oblatratorum
3293 2815 3452 2856 aures
3474 2802 3619 2857 rauci

2043 2908 2177 2949 voce
2208 2894 2472 2963 praeconis
2500 2893 2778 2946 everberat
2804 2908 2816 2943 :
2861 2892 2949 2959 qui
2994 2890 3047 2944 in
3084 2906 3206 2944 eum
3238 2891 3360 2946 licet
3390 2892 3620 2946 stimulis

2045 2985 2401 3039 inimicalibus
2437 2984 2756 3049 excitentur,
2802 2983 3034 3036 scamnis
3079 2991 3254 3037 tamen
3302 2984 3616 3038 amicalibus

2046 3078 2385 3147 deputantur.
2430 3087 2456 3123 ε
2496 3075 2648 3132 Unde
2696 3083 2747 3129 te
2791 3076 2952 3130 etiam
3000 3089 3097 3144 par
3140 3074 3300 3130 fuerit
3344 3076 3618 3146 privilegio

2338 3183 2388 3221 m
2420 3167 2772 3236 praefecturae,
2820 3168 2872 3222 in
2899 3164 3068 3237 llquae
3115 3167 3478 3238 participanda
3523 3168 3617 3224 de-

2040 3324 2259 3378 doretus
2288 3322 2380 3395 lib.
2414 3339 2477 3387 v;
2509 3337 2650 3395 nunc
2679 3324 2893 3395 ἡγεμόνα
2920 3330 3021 3379 τῶν
3055 3327 3103 3378 ἐν
3139 3326 3262 3395 αὐλῇ
3299 3328 3512 3393 τάξεων,
3560 3336 3617 3385 ut

2040 3393 2421 3469 Zosimushlib:
2459 3385 2516 3448 tl.
2565 3385 2777 3469 GIOSS'm'
2809 3402 3037 3469 nostrte,
3069 3385 3350 3469 yéytat'pog
3373 3385 3616 3469 ’ὀφῖμιᾷςίων

2036 3463 2192 3590 ἔνωμα
2211 3462 2353 3518 οὐδὲν
2380 3462 2527 3524 ἧττον
2552 3471 2640 3519 τοῦ
2667 3466 2943 3535 ἡγουμένου
2968 3462 3077 3521 rem
3093 3462 3298 3521 αὖλικῶν
3327 3462 3615 3540 κατὰῖῥγων

2070 3557 2397 3590 ιασγιααινων.

2196 3557 2397 3588 ααινων.

2196 3557 2397 3588 ααινων.

2070 3557 2386 3660 mmiearize
2431 3603 2799 3672 praefecturae:
2842 3605 2933 3673 qui
2973 3605 3275 3659 vicarianus
3316 3604 3505 3671 honor,
3556 3614 3611 3661 et

2034 3676 2299 3731 vicariaua
2338 3675 2567 3742 dignitas
2608 3675 2836 3743 passim,
2887 3685 2977 3728 aut
3019 3676 3178 3728 etiam
3217 3676 3411 3729 vicaria
3449 3678 3610 3730 abso-

2035 3746 2165 3812 lute,
2194 3754 2252 3799 ut
2289 3745 2355 3798 de
2386 3744 2693 3812 magisteria
2718 3744 3041 3799 dicebamus.
3075 3744 3269 3797 Vicarii
3300 3760 3426 3813 ergo
3454 3755 3607 3801 erant

2033 3817 2122 3886 qui
2163 3830 2267 3896 pro.
2302 3814 2565 3896 praefectis
2602 3817 2698 3884 ιι
2734 3814 3109 3896 praetoriosibi
3140 3815 3371 3896 creditas
3410 3816 3610 3896 aliquot

2033 3883 2436 3955 provinciarum
2463 3883 2723 3955 dimceses
2751 3883 3233 3955 administrabant:
3265 3894 3331 3955 ut
3369 3885 3606 3955 pirmfecti

2071 3955 2286 4009 raatorio
2327 3953 2488 4006 Italia;
2517 3952 2698 4007 vicarii
2745 3962 2853 4006 tres
2900 3953 3146 4015 fuerunt,
3197 3953 3344 4005 urbis
3392 3953 3605 4019 Romae,

2058 4025 2194 4078 taliae
2221 4033 2272 4077 et
2295 4023 2517 4076 African
2544 4021 2759 4076 totidem
2788 4021 3024 4091 praefecti
3052 4022 3289 4087 praetorii
3314 4020 3601 4078 Galliarum

2033 4094 2247 4158 vicarii,
2283 4107 2415 4145 unus
2447 4092 2849 4158 Hispaniarum,
2881 4092 3018 4145 alter
3049 4091 3458 4155 Britanniarum,
3495 4102 3606 4147 ter-

2032 4164 2137 4217 tius
2164 4173 2365 4230 septem
2396 4161 2783 4230 provinciarum
2810 4176 2907 4229 per
2930 4161 3151 4228 Gallias,
3180 4161 3246 4215 de
3272 4176 3377 4230 quo
3407 4160 3490 4231 hic
3520 4162 3605 4231 agi

2030 4248 2246 4288 censeo.
2293 4233 2406 4285 Non
2437 4233 2576 4287 enim
2607 4231 2852 4284 audiendi
2880 4240 3007 4285 sunt
3032 4232 3119 4299 qui
3152 4240 3259 4285 tres
3289 4230 3519 4286 viearios
3549 4230 3602 4286 in

2031 4318 2131 4358 una
2166 4302 2337 4356 Gallia
2368 4312 2592 4370 ponunt,
2623 4316 2741 4353 cum
2776 4313 2919 4355 recte
2948 4303 3000 4355 in
3030 4301 3225 4354 Notitia
3258 4300 3512 4369 scriptum
3537 4303 3607 4356 sit

2032 4373 2261 4426 vicarius
2292 4374 2342 4426 in
2371 4372 2658 4426 Occidente
2688 4386 2779 4425 sex
2822 4379 3022 4424 tantum
3062 4371 3258 4435 fuisse;
3314 4371 3408 4425 hos
3448 4372 3604 4424 uimi-

2032 4459 2148 4496 l'lltll
2179 4457 2311 4511 quos
2338 4442 2786 4496 enumeravimus.
2816 4441 2949 4507 Quia
2978 4442 3134 4510 igitur
3154 4440 3335 4511 vicarii
3363 4444 3604 4511 proximo

2027 4510 2378 4582 graduerant
2409 4528 2435 4563 a
2466 4511 2751 4581 praefectis,
2791 4512 3052 4566 Ausonius
3097 4512 3146 4582 in
3196 4510 3410 4564 Mosella
3441 4510 3597 4582 vica-

2029 4580 2160 4637 riam
2182 4580 2475 4635 secundant
2493 4581 2861 4650 praefecturam
2884 4592 3059 4642 vocat.
3080 4580 3412 4650 vieariosque
3437 4581 3598 4635 Italize

2032 4660 2084 4707 et
2111 4652 2506 4705 Britanniarum
2538 4652 2781 4721 designat
2808 4652 2888 4704 his
2916 4652 3092 4705 verbis
3116 4666 3131 4705 :

2215 4769 2310 4814 Aut
2332 4763 2504 4814 Italum
2530 4762 2748 4824 pupttlos,
2770 4760 3248 4823 Aquilonigenasque
3270 4761 3523 4810 Britanno.

2214 4822 2621 4875 Praefecturat‘um
2646 4822 2785 4872 titulo
2804 4822 3017 4872 tenuere
3034 4823 3265 4873 secundo.

2103 4934 2349 4990 sSuadet
2376 4942 2434 4986 ut
2464 4928 2795 4998 praefecturae
2834 4927 3186 4998 assessionem
3223 4926 3325 4980 sibi
3365 4925 3597 4998 oblatam

2030 5006 2282 5072 recipiat,
2330 4997 2489 5072 atque
2538 4999 2694 5072 huius
2744 4998 2978 5051 muneris
3028 4997 3302 5072 privilegio
3339 4997 3598 5072 antiquati

2030 5067 2287 5137 honoris,
2342 5067 2560 5126 alterius
2613 5069 2841 5122 fortasse
2888 5067 3204 5121 assessionis
3252 5080 3406 5135 quam
3457 5068 3600 5133 apud

2011 5143 2286 5200 'viearium
2333 5151 2604 5211 gesserat,
2650 5138 2914 5207 jacturam
2962 5137 3233 5211 resarciat.
3282 5138 3596 5211 A_s_sesso_rcs

2030 5214 2316 5271 consiliarii
2336 5205 2730 5279 'praafectorum
2762 5218 2972 5279 peracta
3003 5205 3187 5279 militia
3218 5206 3397 5279 multis
3438 5206 3601 5279 privi-

2033 5286 2184 5354 legiis
2209 5276 2555 5354 ornabantur,
2580 5292 2642 5354 ac
2665 5277 3132 5354 vicariisdenique
3158 5276 3287 5354 ipsis
3312 5277 3599 5354 aequaban-

2032 5346 2141 5419 tur,
2172 5352 2292 5407 cod.
2324 5349 2528 5404 'l‘heod.
2576 5348 2644 5402 de
2693 5346 2976 5419 comitibus
3026 5347 3111 5419 qui
3163 5346 3460 5419 illustribus
3508 5362 3598 5419 as-

2034 5416 2308 5480 sederunt.
2372 5420 2484 5485 Qua
2543 5416 2892 5485 praerogativa
2944 5416 3198 5487 carebant
3247 5418 3335 5487 qui
3389 5417 3601 5468 vicariis

2038 5502 2238 5547 tantum
2292 5498 2382 5543 aut
2434 5488 2554 5542 aliis
2607 5487 2901 5557 minoribus
2947 5486 3215 5557 judicibus
3268 5487 3596 5557 assedurattt.

2030 5564 2155 5617 Ideo
2184 5561 2472 5615 verendum
2505 5558 2579 5611 ait
2607 5556 2943 5622 Philematio,
2978 5572 3043 5610 ne
3069 5559 3111 5610 si
3139 5567 3289 5610 extra
3320 5556 3600 5624 prtefectoa

2033 5633 2197 5686 riante
2228 5628 2545 5684 assessionis
2586 5630 2985 5696 prmrogativam
3034 5628 3085 5680 in
3123 5625 3402 5679 concilium
3428 5639 3599 5696 vene-

2035 5703 2131 5768 rit,
2171 5702 2343 5768 reipsa
2371 5702 2566 5753 sentiat
2588 5694 2664 5751 se
2694 5694 2895 5752 nullum
2928 5698 3154 5752 fructum
3183 5710 3249 5749 ex
3277 5694 3597 5751 vicariorum

2035 5772 2336 5825 assessione
2362 5776 2586 5838 cepisse.

2036 5838 2210 5964 l.bhin
2243 5833 2441 5964 poster.
2469 5839 2621 5903 edit.,
2651 5854 2804 5899 quant
2836 5833 3264 5904 oartict'pandam.
3296 5834 3383 5893 Sic
3410 5836 3462 5892 itt
3486 5839 3603 5897 aliis

2059 5929 2071 5964 ι
2116 5926 2187 5964 rtS
2215 5926 2243 5964 c
2286 5920 2389 5962 llis.

2059 5910 2187 5965 ibris
2215 5911 2389 5964 editis.

2775 6015 2779 6019 _
2807 5997 2935 6025 ΔΚΜ.)
2967 6006 3045 6018 μλη.
3071 6016 3077 6021 ,
