4078 6348
320 399 425 462 453

1591 388 2071 449 EPISTOLARUM
2107 380 2237 447 LIB.
2281 391 2321 446 i.

3466 391 3567 451 454

320 512 563 568 velocem
592 479 857 575 Athesim,
908 485 1119 580 pigrum
1162 506 1432 573 Mincium,
1479 507 1568 575 qui
1618 504 1899 576 Ligusticis
1921 503 1977 566 Α
2003 506 2276 576 utriusque
2303 505 2561 561 Adriatici
2593 507 2755 563 maris
2784 508 2977 579 oppida
3001 508 3192 563 divisui
3222 507 3389 564 fuere.
3436 511 3568 567 liinc

322 600 693 673 Euganeisque
732 599 1004 656 montibus
1033 598 1364 665 oriebantur,
1393 596 1608 668 paulum
1638 610 1733 666 per
1761 596 1897 650 ostia

325 694 547 751 adversa
577 693 886 759 subvectus,
917 692 972 749 in
999 693 1113 748 suis
1139 691 1300 749 etiam
1325 690 1621 762 gurgitibus
1646 688 1895 760 inspexi:

319 799 549 857 quorum
579 785 712 855 ripae
741 784 955 854 torique
982 782 1180 854 passim
1211 782 1432 853 quernis
1462 781 1776 850 acernisque
1802 794 1899 834 ne-

318 878 559 934 moribus
578 875 968 933 vestiebantur.
997 874 1096 931 ilic
1114 875 1295 929 avium
1318 887 1575 930 resonans
1592 870 1750 927 dulce
1772 886 1899 926 con-

252 974 258 981 '
319 978 531 1034 centus,
561 969 754 1040 quibus
791 982 935 1024 nunc
973 970 1027 1023 in
1066 967 1318 1022 concavis
1352 964 1725 1033 arundinibus,
1756 977 1899 1019 nunc

320 1074 537 1130 quoque
586 1060 641 1114 in
684 1058 865 1127 juncis
911 1057 1293 1129 pungentibus,
1335 1069 1476 1111 nunc
1516 1064 1571 1111 et
1612 1058 1664 1110 in
1707 1055 1897 1124 scirpis

318 1151 605 1213 enodibus,
652 1149 901 1205 nidorum
949 1158 1129 1206 strues
1172 1148 1419 1218 imposita
1464 1147 1729 1202 nutabat:
1776 1160 1897 1217 quae

317 1251 509 1298 cuncta
539 1241 763 1313 virgulta
791 1240 1149 1297 tumultuatim
1174 1254 1337 1310 super
1362 1240 1601 1296 amnicos
1628 1240 1897 1309 margines

316 1335 419 1391 soli
464 1335 633 1391 bibuli
680 1349 844 1392 succo
894 1335 1007 1391 fota
1053 1334 1462 1395 fruticaverant.
1509 1336 1683 1405 Atque
1720 1336 1894 1392 obiter

318 1426 634 1482 Cremonam
683 1438 965 1498 pervectus
994 1428 1209 1494 adveni,
1240 1429 1393 1496 cujus
1419 1428 1547 1484 olim
1593 1438 1677 1485 est
1712 1429 1897 1501 Tityro

320 1518 609 1574 Mantuano
658 1519 848 1574 larium
917 1519 1182 1588 suspirata
1240 1518 1570 1589 proximitas.
1619 1518 1895 1574 Brixillum

318 1608 442 1665 dein
487 1611 774 1681 oppidum,
822 1609 949 1665 dum
1005 1609 1315 1665 succedenti
1343 1620 1369 1648 ι
1396 1610 1685 1665 ιΕιηίιίειιο
1724 1618 1897 1666 nautze

318 1702 529 1759 decedit
553 1703 793 1759 Venetus
815 1717 1019 1771 remex,
1052 1710 1258 1759 tantum
1306 1711 1362 1758 ut
1408 1704 1697 1769 exiremus,
1726 1702 1895 1757 intra-

318 1796 513 1864 vimus,
544 1796 856 1851 Ravennam
906 1796 1066 1865 paulo
1105 1804 1225 1865 post
1251 1808 1411 1850 cursu
1440 1793 1747 1849 dexteriore
1775 1794 1898 1850 suib-

2000 598 2317 664 Ariminum,
2354 598 2662 669 Fanumque
2691 602 2931 670 perveni,
2978 601 3105 657 illud
3142 601 3347 657 Juliana
3395 603 3569 659 rebel-

2000 689 2140 745 lione
2165 689 2532 755 memorabile,
2558 692 2659 745 hoc
2679 692 3067 747 Asdrubaliano
3087 691 3276 748 funere
3294 692 3563 749 infectum.

2000 778 2273 849 Siquidem
2305 781 2411 835 illic
2434 780 2722 849 Metaurus,
2747 782 2897 851 cujus
2927 784 2996 838 ita
3027 784 3081 837 in
3106 784 3318 854 longum
3341 784 3569 841 felicitas

2000 887 2107 927 uno
2133 872 2222 928 die
2240 881 2394 943 parta
2423 873 2734 943 porrigitur,
2766 889 2827 929 ac
2851 876 2897 929 si
2927 876 3083 931 etiam
3112 891 3251 931 nunc
3278 877 3570 933 Dalmatico

1998 968 2115 1023 salo
2160 967 2419 1023 cadavera
2466 969 2872 1037 sanguinolenta
2916 969 3234 1025 decoloratis
3274 972 3570 1042 gurgitibus

1999 1060 2239 1115 inferret.
2268 1060 2401 1115 Hinc
2428 1069 2623 1116 caetera
2654 1060 2930 1115 Flaminiae
2958 1062 3171 1131 oppida,
3202 1064 3380 1117 statim
3410 1076 3470 1117 ut
3492 1065 3569 1118 in-

1997 1152 2296 1222 grediebar,
2326 1168 2594 1222 egressus,
2646 1153 2778 1209 laevo
2820 1152 3085 1221 Picentes,
3121 1154 3309 1211 dextro
3345 1157 3569 1212 Umbros

1998 1244 2163 1299 latere
2194 1244 2483 1298 transmisi.
2512 1245 2609 1299 Ubi
2643 1245 2771 1299 mihi
2799 1260 2891 1301 seu
2921 1245 3144 1301 Calaber
3172 1247 3445 1316 Atabulus,
3474 1264 3567 1305 seu

1997 1334 2250 1402 pestilens
2295 1334 2442 1405 regio
2489 1335 2785 1390 Tuscorum
2814 1378 2829 1401 ,
2882 1336 3069 1406 spiritu
3114 1339 3251 1393 aeris
3299 1342 3571 1395 venenatis

1997 1424 2213 1481 ﬂatibus
2240 1426 2521 1491 inebriato,
2553 1435 2608 1481 et
2644 1427 2803 1482 modo
2832 1428 3037 1483 calores
3063 1428 3377 1496 alternante,
3416 1432 3571 1486 modo

1999 1516 2229 1587 frigora,
2265 1526 2575 1587 vaporatum
2625 1534 2821 1588 corpus
2865 1519 3064 1574 infecit.
3130 1520 3335 1576 interea
3385 1522 3571 1590 febris,

1997 1612 2219 1683 sitisque
2249 1615 2639 1683 penitissimum
2672 1617 2864 1671 'cordis
2911 1617 3367 1689 medullarumque
3395 1635 3571 1677 secre-

2000 1712 2109 1758 tum
2132 1704 2612 1774 depopulabantur.
2635 1707 2867 1773 Quarum
2891 1708 3130 1764 aviditati
3154 1713 3252 1781 12
3273 1727 3374 1766 non
3399 1713 3571 1768 solum

1998 1811 2209 1851 amoena
2240 1795 2488 1867 fontium,
2516 1807 2608 1852 aut
2649 1798 2890 1855 abstrusa
2926 1798 3201 1870 puteorum
3248 1805 3570 1872 (quanquam

319 1896 505 1942 euntes
530 1901 545 1939 :
575 1899 685 1956 quo
712 1885 814 1940 loci
845 1892 1079 1941 veterem
1108 1884 1403 1951 civitatem,
1438 1898 1737 1953 novumque
1775 1898 1897 1953 por-
1924 1876 1971 1935 B
2001 1885 2117 1941 haec
2166 1887 2410 1958 quoque)
2434 1929 2448 1954 ,
2504 1889 2597 1944 sed
2638 1898 2752 1945 tota
2805 1891 2894 1945 illa
2943 1891 3029 1946 vel
3071 1893 3242 1948 vicina
3289 1896 3370 1950 vel
3419 1895 3573 1954 obvia

322 1992 453 2052 tum,
480 1980 509 2020 δ
536 1981 712 2037 media
744 1980 831 2036 via
853 1978 1083 2035 Caesaris
1111 1978 1349 2047 ambigas
1378 1987 1558 2033 utrum
1588 1984 1893 2044 connectat,

320 2089 386 2127 an
423 2081 659 2143 separet.
706 2071 930 2141 insuper
967 2068 1221 2140 oppidum
1250 2068 1446 2141 duplex
1492 2082 1613 2137 pars
1662 2066 1900 2122 interluit

320 2162 444 2218 Padi
469 2172 641 2229 certa,
673 2174 798 2231 pars
829 2160 1020 2216 alluit:
1053 2160 1143 2231 qui
1173 2160 1241 2214 ab
1268 2160 1421 2214 alveo
1467 2158 1744 2229 principali
1785 2172 1900 2212 mo-

321 2253 447 2309 lium
478 2253 811 2324 publicarum
836 2252 1139 2322 discerptus
1162 2250 1394 2321 obiectu,
1425 2261 1479 2305 et
1522 2254 1619 2321 ιι
1660 2265 1755 2320 per
1782 2264 1899 2305 eas-

320 2343 441 2399 dem
486 2343 744 2399 derivatis
789 2342 1093 2398 tramitibus
1150 2341 1443 2397 exhaustus
1469 2380 1485 2406 ,
1534 2341 1613 2396 sic
1680 2340 1897 2395 dividua

322 2439 517 2495 iluenta
548 2439 800 2510 partitur,
844 2447 905 2495 ut
949 2437 1225 2507 praebeant
1270 2438 1534 2493 manibus
1569 2438 1898 2493 circumfusa

323 2530 652 2601 pmidium,
678 2529 854 2585 infusa
873 2530 1275 2586 commercium.
1310 2529 1424 2585 iluc
1448 2544 1571 2584 cum
1602 2544 1899 2601 peroppor-

322 2631 445 2676 tuna
471 2633 664 2678 cuncta
693 2623 972 2691 mercatui,
1005 2630 1116 2677 tum
1148 2622 1413 2692 praecipue
1432 2620 1577 2693 quod
1606 2622 1723 2677 esui
1752 2637 1901 2678 com-

320 2723 525 2784 peteret
549 2714 890 2771 deferebatur
911 2731 926 2769 :
949 2715 1049 2769 nisi
1070 2714 1233 2787 quod,
1255 2729 1379 2771 cum
1407 2729 1528 2772 sese
1553 2715 1678 2771 hinc
1699 2717 1900 2772 salsum

320 2808 492 2876 portis
519 2808 736 2879 pelagus
764 2808 1101 2877 impingeret,
1134 2807 1259 2863 hinc
1282 2806 1510 2863 cloacali
1550 2807 1697 2879 pulte
1725 2808 1899 2863 fossa-

325 2918 447 2959 rum
474 2904 718 2959 discursu
746 2902 983 2960 lintrium
1014 2901 1285 2968 ventilata,
1316 2910 1371 2957 et
1415 2902 1531 2971 ipse
1562 2901 1748 2958 lentati
1785 2902 1902 2956 ian-

320 2994 514 3063 guidus
539 2994 716 3065 lapsus
739 2994 978 3049 humoris
998 2993 1226 3049 nauticis
1250 2991 1558 3063 cuspidibus
1580 2992 1902 3047 foraminato

323 3084 470 3140 fundi
514 3087 721 3155 glutino
747 3084 1133 3150 sordidaretur,
1164 3083 1219 3139 in
1248 3083 1425 3139 medio
1456 3082 1719 3137 undarum
1755 3081 1903 3138 sitie-

324 3177 508 3233 bamus
544 3194 558 3229 :
614 3177 739 3247 quia
786 3190 1048 3248 nusquam
1094 3176 1178 3231 vel
1224 3190 1376 3247 aqua
1423 3175 1676 3230 ductuum
1726 3175 1902 3245 liquor

2000 1978 2218 2045 ilucnta,
2242 1979 2295 2033 id
2322 1990 2405 2035 est
2425 1980 2589 2036 vitrea
2622 1981 2831 2050 Fucini,
2859 1982 3029 2052 gelida
3054 1982 3326 2050 Clitumni,
3357 1986 3573 2042 Anienis

1999 2072 2219 2135 cterula,
2250 2071 2406 2127 Naris
2432 2073 2737 2141 sulphurea,
2789 2088 2919 2143 pura
2959 2074 3201 2143 Fabaris,
3235 2076 3442 2131 turbida
3486 2078 3573 2131 Ti-

2000 2162 2161 2229 beris,
2191 2173 2334 2218 metu
2359 2171 2534 2218 tamen
2558 2164 2881 2217 desiderium
2910 2164 3143 2231 fallente,
3168 2166 3569 2233 pollicebamur.

1999 2256 2143 2311 inter
2170 2256 2287 2311 haec
2332 2256 2500 2325 patuit
2545 2264 2601 2310 et
2647 2257 2810 2310 Roma
2859 2258 3166 2327 conspectui
3203 2276 3215 2311 :
3247 2258 3397 2328 cujus
3445 2258 3571 2312 mihi

1999 2344 2028 2383 ά
2059 2361 2163 2401 non
2196 2347 2367 2401 solum
2399 2348 2618 2415 formas,
2649 2362 2832 2401 verum
2863 2347 3023 2402 etiam
3046 2347 3391 2403 naumachias
3421 2348 3571 2404 vidc-

2000 2438 2098 2493 bar
2125 2446 2453 2507 epotaturus.
2486 2437 2585 2493 Ubi
2624 2447 2647 2473 ⁸
2678 2438 2978 2509 priusquam
3009 2439 3093 2493 Vel
3144 2441 3400 2509 pomoeria
3447 2454 3574 2495 con-

2002 2530 2283 2602 tingerem,
2315 2530 2727 2600 triumphalibus
2754 2530 3115 2599 apostolorum
3146 2530 3415 2585 liminibus
3442 2530 3573 2585 alio.

2002 2639 2115 2690 sus,
2149 2638 2363 2679 omnem
2408 2623 2648 2691 pretinus
2696 2625 2838 2677 sensi
2881 2622 3135 2678 membris
3175 2625 3312 2678 male
3356 2624 3577 2679 fortibus

2003 2715 2279 2785 explosum
2310 2729 2432 2770 esse
2462 2715 2754 2785 langorem.
2790 2714 2916 2771 Post
2952 2732 3072 2785 qua:
3099 2716 3336 2771 caelestis
3362 2716 3573 2785 experi-

2001 2817 2179 2865 menta
2198 2808 2500 2880 patrocinii,
2525 2808 2772 2864 conducti
2796 2806 3077 2863 diversorii
3103 2817 3253 2876 parte
3276 2820 3575 2878 susceptus,

2001 2911 2161 2971 atque
2204 2900 2363 2956 etiam
2392 2914 2532 2955 nunc
2563 2900 2660 2953 ista
2695 2898 2808 2953 hazc
2854 2899 2994 2952 inter
3038 2898 3320 2966 jacendum
3370 2899 3577 2966 scripti-

2004 3002 2141 3060 tans,
2193 2992 2357 3060 quieti
2397 2988 2744 3060 pauxillulum
2792 3004 3011 3058 operam
3048 2988 3337 3057 .impendo.
3397 2988 3578 3057 Neque

2002 3082 2176 3138 adhuc
2219 3080 2497 3152 principis,
2544 3079 2949 3149 aulicorumque
2996 3077 3330 3132 tumultuosis
3376 3076 3577 3131 foribus

2004 3178 2280 3231 obversor.
2315 3173 2579 3229 interveni
2607 3174 2805 3228 etenim
2840 3171 2859 3209 ί
2896 3171 3092 3240 nuptiis
3116 3170 3320 3239 patricii
3351 3170 3578 3224 liicimc-

324 3268 550 3339 integer,
580 3268 669 3323 vel
715 3266 950 3323 cisterna
995 3265 1344 3332 defaecabilis,
1375 3266 1460 3322 vel
1490 3266 1607 3322 fons
1642 3264 1897 3335 irrignus,
1930 3249 1977 3314 C
2008 3268 2101 3332 ris,
2130 3266 2215 3322 cui
2243 3266 2349 3321 illia
2374 3264 2622 3336 perennis
2654 3263 2875 3333 Augusti
2912 3262 2963 3316 in
3005 3276 3153 3330 spem
3177 3262 3399 3330 public-.13
3428 3275 3580 3315 secu-

325 3359 408 3414 vei
455 3367 648 3429 puteus
691 3359 896 3415 illimis.
945 3358 1099 3416 Unde
1138 3359 1438 3429 progressis
1463 3358 1530 3413 ad
1572 3358 1903 3413 Rubiconem

326 3460 561 3518 ventum,
592 3450 684 3520 qui
709 3450 973 3520 originem
1004 3450 1205 3504 nomini
1242 3449 1309 3503 de
1344 3448 1646 3519 glarearum
1674 3449 1906 3517 puniceo

326 3544 505 3600 colore
554 3552 827 3599 mutuatur
872 3560 888 3598 :
928 3543 1127 3613 quique
1185 3540 1314 3597 olim
1368 3540 1534 3595 Gallis
1581 3540 1902 3611 Cisalpinis,

333 3645 353 3672 ε
387 3634 637 3705 italisque
686 3633 957 3691 veteribus
1016 3630 1274 3686 terminus
1316 3640 1472 3699 erat,
1522 3645 1645 3687 cum
1693 3630 1905 3701 pupulis

398 3822 420 3849 ³
453 3808 908 3882 Quemadmodum
937 3808 988 3863 in
1016 3805 1116 3861 viis
1137 3802 1456 3860 militaribus
1477 3810 1630 3882 statas
1652 3804 1897 3882 mutatio-

327 3896 422 3939 nes
453 3873 1003 3963 e'rantyebiculorum
1046 3888 1419 4001 canorumque
1465 3873 1555 3944 qui
1593 3874 1773 3928 cursui
1805 3890 1901 3957 pu-

327 3951 465 4001 blico
492 3949 828 4001 serviebant:
862 3963 938 4001 sne
975 3964 1028 4001 in
1119 3960 1253 4001 uvns
1283 3945 1625 3999 dromonum.
1652 3942 1727 3996 De
1756 3942 1901 3999 Τιρι-

326 3951 465 4008 bllcu
492 3949 828 4016 serviebant;
862 3949 938 4003 sic
975 3948 1028 4003 in
1080 3942 1253 4001 ﬂuviis
1283 3942 1625 4016 dromonum.
1652 3942 1901 4016 Deu'i‘ici-g

325 4022 475 4080 nensi
517 4030 572 4078 et
620 4012 929 4075 Hostiliensi
967 4017 1198 4073 vidimus
1239 4032 1254 4068 :
1302 4029 1444 4069 nunc
1486 4012 1553 4067 de
1596 4013 1901 4067 Brixillensi

327 4091 600 4147 docemur.
632 4090 908 4159 Signiﬁcat
953 4087 1113 4159 enim,
1142 4084 1367 4159 Brixilli,
1396 4081 1537 4159 quod
1562 4083 1816 4159 oppidum
1846 4083 1901 4138 in

326 4160 509 4219 dextra
540 4159 668 4216 Padi
692 4153 808 4227 ripa
836 4158 1070 4215 :Emiliat
1092 4158 1191 4213 fuit
1210 4154 1519 4227 provincice,
1550 4153 1899 4227 mutationem

327 4232 586 4300 remigum
638 4224 819 4298 fuisse,
850 4244 914 4284 ac
945 4229 1164 4300 Venetis
1188 4224 1513 4300 Emilianos
1544 4224 1901 4300 successisse;

328 4303 400 4358 ita
427 4292 783 4371 videlicettut
805 4292 986 4371 supra
1016 4298 1297 4371 Brixillum
1339 4303 1653 4371 super-nates
1682 4292 1901 4371 dromo-

329 4372 464 4496 itarii
490 4362 688 4427 Veneti
702 4362 930 4436 fuerint;
957 4368 1207 4438 deinceps
1238 4379 1365 4422 vero
1402 4362 1693 4420 infernates
1732 4362 1904 4419 Emi-

350 4455 477 4496 tam.

350 4455 477 4498 iam.

401 4510 426 4589 ξ)
464 4511 594 4589 Quae
621 4518 674 4566 et
692 4510 809 4589 ipsa
838 4509 978 4566 tertii
993 4508 1187 4589 oppidi
1208 4506 1440 4589 speciem
1465 4505 1662 4589 gessit;
1682 4501 1906 4589 Triplex

328 4582 469 4637 enim
494 4577 746 4636 Ravenna
773 4577 1110 4636 Jornandi'in
1146 4577 1368 4634 Geticis.
1399 4577 1575 4633 Prima
1625 4577 1905 4642 Ravenna,

330 4651 514 4706 ultima
560 4650 779 4719 Classis,
831 4650 1004 4707 media
1052 4649 1313 4703 Caesarea.
1375 4646 1568 4719 itaque
1604 4645 1723 4699 urbs
1744 4653 1909 4719 fetus

332 4721 538 4776 Sidonii
568 4728 653 4775 est
692 4712 969 4786 Ravenna,
1016 4719 1160 4780 πόλις
1206 4720 1409 4787 ἀρχαία
1450 4712 1683 4771 Zosimo.
1733 4712 1912 4767 Nouus

330 4801 530 4865 portus,
561 4788 777 4865 Classis,
807 4805 1003 4865 nomen
1037 4789 1153 4865 hoc
1182 4787 1281 4865 13
1317 4802 1346 4841 a
1377 4787 1548 4865 classe
1577 4797 1725 4840 nacta
1748 4798 1911 4865 quam

331 4856 603 4923 Augustus
630 4859 701 4916 ibi
735 4857 1033 4914 collocavit.
1086 4856 1464 4922 Via—Cesaris,
1498 4856 1740 4909 Cmsarea
1772 4856 1911 4923 ipsa,

331 4924 509 4986 media
542 4930 681 4985 inter
707 4928 907 4985 Urbem
936 4938 993 4985 et
1018 4941 1187 4982 mare.
1216 4926 1368 4994 Quod
1399 4926 1641 4995 sequitur
1668 4924 1913 4993 oppidum

329 5000 543 5070 duplex,
573 5013 697 5070 Anon
742 5000 808 5053 ad
860 4996 1418 5070 tria_baec_tnembra,
1460 4994 1555 5070 sed
1581 4994 1647 5070 ad
1676 5003 1912 5070 veterem

330 5062 539 5125 tantum
566 5068 874 5125 Ravennam
900 5066 1259 5129 referendum,
1291 5062 1448 5135 quam
1494 5064 1622 5120 Padi
1668 5077 1792 5133 pars
1834 5062 1915 5116 in-

329 5138 800 5213 fluensdupljcem
832 5137 1077 5213 faciebat:
1139 5207 1173 5213 __
1287 5205 1340 5213 __
1516 5205 1527 5213 _
1627 5205 1643 5213 ,
1706 5211 1715 5213 ᾗ
1796 5201 1809 5213 .

404 5220 428 5248 α
461 5205 850 5267 ΟιίωΊὶυὺὶοο
892 5208 1013 5263 linis
1058 5207 1245 5262 italiae.
1282 5205 1472 5261 Cicero
1515 5205 1568 5258 in
1614 5205 1909 5257 Antonium

331 5277 529 5350 Philip.
568 5281 643 5350 6_:
668 5288 723 5350 ut
751 5279 1025 5350 exercitum
1059 5278 1208 5350 citra_
1235 5278 1427 5350 ﬂumen
1456 5274 1800 5350 RitbiCQl-tem’L
1824 5270 1915 5350 qui

333 5350 450 5415 ﬁnis
474 5341 554 5405 ξιτ
579 5346 781 5413 Gallus,
810 5347 1064 5402 educeret.
1099 5341 1300 5402 Italiam
1329 5345 1473 5415 enim
1499 5342 1723 5415 {Gallia
1742 5341 1915 5415 Cisal-

334 5410 457 5491 pina
482 5410 1269 5491 dirimebatLPostAugustum,
1294 5416 1382 5487 qui
1406 5410 1917 5491 Cisal_p_inam_ltal_iae

333 5480 758 5574 adjecit,__ltalia.e_
774 5488 892 5574 linis
908 5480 1081 5574 oAlpe's
1106 5480 1273 5574 luere,
1290 5480 1434 5574 Ln‘on'
1461 5480 1691 5572 Rubico:
1721 5481 1840 5574 Stra
1850 5480 1920 5574 bo

242 5574 259 5588 ‘
333 5554 489 5635 ξὶιῑηγ
508 5554 685 5635 {Marci
708 5555 761 5613 δᾶ
896 5554 1151 5635 ρπὧρᾳαν
1173 5563 1275 5635 ῖῶν
1290 5554 1694 5635 ’Δλῖεέωνηὰρχή
1719 5560 1808 5611 τῆς
1828 5557 1920 5604 νῦν

333 5623 565 5752 mea.
616 5627 743 5683 Post
789 5623 1026 5697 Alpium;
1064 5626 1255 5697 inquit,
1293 5627 1491 5681 radices
1532 5623 1736 5679 initium
1783 5635 1921 5674 nunc

392 5716 421 5752 a
447 5714 532 5752 ue.

371 5701 532 5754 (alite.

404 5766 432 5805 ἀ
471 5768 642 5838 Aqua:
669 5767 880 5838 ductus.
908 5763 1258 5838 Cassiodorus
1301 5764 1357 5821 in
1403 5762 1665 5819 Comitiva
1695 5758 1921 5838 Forma-

339 5846 455 5898 I'am
484 5832 648 5898 vim.
683 5852 699 5893 :
728 5837 795 5895 In
822 5837 1001 5910 [armis
1028 5834 1272 5893 Romanis
1300 5843 1564 5901 utrumque
1603 5832 1925 5902 precipuum
1981 5870 2041 5934 gi

1982 5900 2019 5923 εξ

2010 3358 2183 3413 ritatis
2211 3356 2582 3427 copulabatur.
2632 3355 2811 3433 Igitur
2840 3368 2981 3409 nunc
3029 3354 3080 3406 in
3127 3352 3227 3406 ista
3278 3366 3381 3407 non
3425 3352 3585 3407 modo

2012 3465 2390 3520 personarum,
2424 3448 2516 3504 sed
2545 3448 2705 3502 etiam
2736 3446 2983 3501 ordinum
3013 3445 3347 3514 partiumque
3377 3444 3582 3510 laetitia,

2008 3542 2363 3612 Transalpino
2390 3548 2479 3595 tuo
2522 3540 2691 3594 latere
2732 3536 3124 3593 conducibilius
3149 3535 3317 3589 visum
3350 3552 3363 3587 :
3391 3536 3585 3604 quippe

2009 3646 2131 3688 cum
2160 3631 2262 3687 hoc
2306 3633 2422 3703 ipso
2467 3639 2706 3701 tempore
2744 3645 2849 3698 quo
2902 3628 3015 3684 hac
3044 3626 3176 3681 mihi
3202 3626 3583 3689 exarabantur,

2002 3811 2096 3864 est.
2129 3812 2184 3855 ut
2208 3800 2398 3870 fabrica
2425 3800 2491 3870 sit
2517 3797 2857 3870 mirabilis,_et
2899 3810 3148 3870 aquarum
3173 3794 3450 3870 salubritas
3479 3796 3582 3848 sin-

2003 3864 2227 3943 galeris;
2236 3870 2385 3943 Cum
2411 3869 2578 3943 tribus
2605 3866 2895 3943 generibus
2916 3868 3105 3943 ductus
3131 3879 3284 3943 aqua:
3308 3864 3467 3943 fiant,
3484 3881 3581 3919 au-

2005 3934 2153 3997 ctore
2183 3940 2446 4004 Vitruvio,
2470 3934 2717 4004 rivis‘per
2747 3935 2960 4004 canales
2989 3934 3280 4004 structiles,
3316 3943 3408 3987 aut
3438 3935 3588 3987 {istu-

2008 4014 2073 4066 lis
2118 4010 2403 4080 plumbeis,
2434 4003 2793 4080 sen_tubtt_lis
2836 4003 3126 4080 ﬁetilibns;_
3169 4003 3259 4070 qui
3316 4003 3586 4057 structiles

2009 4074 2141 4136 fiunt
2163 4074 2399 4134 rivorum
2426 4076 2659 4140 canales,
2707 4074 2916 4129 Forma:
2952 4074 3163 4140 proprie
3192 4082 3586 4140 mmcupantur.

2009 4152 2211 4206 Nomen
2232 4149 2377 4215 inde,
2398 4157 2455 4201 ut
2477 4154 2714 4216 apparet,
2744 4144 2881 4212 quod
2904 4142 3129 4196 subditis
3149 4140 3339 4216 formis
3360 4143 3585 4216 instrue-

2011 4225 2221 4275 bantur.
2253 4212 2372 4288 Qua
2398 4212 2602 4271 ratione
2632 4216 3112 4288 formaceiquoque
3133 4212 3380 4288 Afrorum
3400 4212 3587 4288 llispa-

2010 4282 2305 4360 nurumque
2335 4299 2571 4360 externi
2602 4286 2827 4360 parietes
2872 4283 3020 4360 dicti,
3050 4282 3301 4360 quoniam
3332 4284 3383 4335 in
3416 4282 3584 4360 forma

2011 4352 2354 4417 circumdatis
2398 4352 2613 4412 duabus
2652 4354 2846 4409 tabulis
2904 4353 3275 4417 inferciantur,
3330 4361 3386 4405 ut
3437 4352 3596 4411 docet

1964 4488 1970 4493 ,
2014 4431 2216 4487 Plinius
2248 4431 2338 4484 lib.
2371 4442 2530 4493 xxxv,
2564 4441 2681 4495 cap.
2713 4425 2796 4479 14.

2088 4511 2112 4538 ε
2160 4502 2319 4555 Extra
2364 4491 2682 4568 pommriuin
2726 4503 2843 4550 erat
2889 4493 2997 4568 divi
3028 4491 3171 4547 Petri
3203 4491 3419 4568 basilica
3453 4508 3465 4543 :
3496 4506 3595 4546 nec

2013 4572 2193 4627 clausa
2226 4562 2464 4624 fulta—nte
2496 4568 2691 4622 Leonis
2723 4580 2870 4634 papre
2901 4564 2966 4618 iV
2997 4575 3257 4631 tempora,
3282 4562 3371 4634 qui
3401 4576 3592 4634 novam

2017 4641 2247 4696 nominis
2289 4641 2369 4693 sui
2420 4639 2603 4692 urbem
2650 4632 2911 4690 moenibus
2957 4633 3158 4697 cinxit,
3204 4647 3323 4700 qua:
3362 4632 3595 4685 basilica:

1939 4684 1994 4745 Ῑ)
2024 4712 2267 4784 praesidio
2294 4705 3091 4784 esset_adversns_Sarraeenos.

2098 4780 2118 4820 ί
2165 4781 2363 4834 Harum
2392 4779 2552 4830 etiam
2587 4775 2825 4830 meminit
2854 4776 2939 4841 cpi
2975 4782 3011 4824 t.
3044 4776 3075 4825 9
3106 4782 3159 4827 et
3189 4773 3239 4826 in
3272 4771 3597 4839 Panegyrico

2023 4851 2291 4906 Anthemii
2320 4868 2331 4900 :
2367 4849 2454 4903 Sic
2482 4862 2624 4900 socer
2645 4847 2902 4914 Augustus
2929 4858 3108 4911 genero
3139 4842 3214 4895 Ri.-
3232 4844 3386 4894 imet'e
3408 4842 3599 4914 beutus.

2024 4920 2270 4977 Infausta:
2319 4918 2515 4985 nuptizu
2567 4934 2581 4969 :
2631 4910 2762 4985 quas
2810 4910 3014 4985 ingrato
3057 4927 3258 4985 gernere
3307 4910 3598 4985 exprobrat

2026 4990 2350 5046 Anthemius
2377 4978 2514 5053 apud
2547 4978 2843 5038 Entiudium
2877 4982 2927 5034 in
2962 4978 3077 5053 Vita
3109 4980 3412 5049 Epiplianii.
3452 4978 3602 5045 Quis,

2028 5061 2222 5129 inquit,
2257 5062 2347 5110 huc
2380 5052 2603 5109 veterum
2644 5052 3093 5174 retrodirincipum
3124 5053 3239 5117 fecit
3271 5064 3515 5116 unquam,
3550 5058 3605 5101 ut

2028 5133 2157 5174 inm
2182 5144 2391 5174 munera
2428 5142 2539 5174 num
2566 5124 2736 5174 vellito
2824 5132 2912 5173 eiu:
2944 5120 3055 5172 duri
3091 5135 3289 5173 necesse
3331 5124 3459 5174 erat.
3510 5134 3603 5174 vro

2026 5120 2157 5187 inter
2182 5120 2391 5182 munera
2428 5142 2539 5194 qua:
2566 5124 2736 5191 pellito
2774 5120 3055 5194 Getmdu‘ri
3091 5135 3289 5194 necesse
3331 5124 3459 5181 erat,
3510 5134 3603 5188 pro

2026 5202 2192 5271 quiete
2218 5188 2607 5271 communi/ilia
2635 5188 3237 5271 poneretur{Nescimus
3251 5203 3464 5271 parcere
3487 5204 3608 5271 sett-

2028 5257 2172 5342 éuini
2217 5278 2415 5342 nostro_._
2455 5257 2576 5318 dum
2618 5257 2868 5342 servamus
2909 5261 3149 5342 alienum.
3178 5257 3451 5313 Anthemii
3486 5258 3607 5342 lilia:

2029 5330 2225 5396 nomen
2277 5336 2507 5391 Ascilam
2537 5350 2642 5387 non
2673 5330 2853 5405 fuisse,
2891 5339 2946 5405 ut
2993 5330 3204 5405 quidam
3247 5335 3607 5405 censuerunt,

2028 5412 2335 5467 mOnuimns
2367 5410 2415 5460 in
2448 5405 2597 5458 Notis
2626 5403 2690 5457 ad
2741 5400 3062 5473 Ennodimn,
3109 5399 3372 5473 simulque
3411 5399 3610 5473 erroris

2030 5484 2228 5533 fontem
2258 5476 2607 5531 indicavimus
2650 5489 2713 5526 ex
2760 5470 2936 5524 verbis
2965 5468 3206 5541 Gregorii
3255 5468 3607 5541 Turonensis.

2033 5532 2340 5618 Etiquidem
2392 5543 2744 5618 animmivcrti
2795 5547 3038 5618 potuerat
3076 5532 3372 5618 "barbarultu

2035 5607 2231 5675 nottiett
2254 5619 2455 5673 Graecae
2480 5616 2662 5684 puella:
2686 5607 3126 5685 non’conven‘ire,
3152 5607 3610 5685 cumOGrzecorum

2038 5705 2155 5745 mos
2200 5689 2355 5742 fuerit
2397 5680 2579 5757 patriis
2606 5694 2658 5739 ct
2694 5680 3115 5741 sieuilicantibus
3153 5680 3422 5734 nominum
3454 5684 3612 5726 Voca-

2041 5761 2184 5814 bulis
2209 5760 2281 5814 uti
