4078 6348
436 446 536 501 455

1685 428 1927 489 SIDONII
1963 428 2417 486 APOLLINARIS

3595 415 3702 479 456

438 560 522 613 vix
552 572 643 626 per
670 533 847 609 omnia
875 552 1103 618 theatra,
1125 561 1371 612 maceua,
1406 545 1675 616 praetoria,
1700 543 1837 607 fora,
1873 550 2008 596 tem-
2035 548 2090 602 Α
2113 541 2251 595 servi
2295 540 2725 610 peregrinantur.
2760 536 2867 609 14
2895 537 2962 591 Et
3000 548 3139 591 nunc
3167 535 3186 601 (
3205 535 3336 604 proh
3366 534 3611 604 pudor!)
3654 538 3700 590 si

439 653 543 720 pla,
584 646 877 718 gymnasia,
920 652 945 680 ⁸
978 641 1194 696 talassio
1243 638 1584 694 fescenninus
1628 634 2009 704 explicaretur.

440 743 609 810 Atque
646 739 935 793 etiamnum
984 731 1286 800 econtrario
1324 728 1500 784 studia
1545 726 1761 788 sileant,
1803 721 2012 792 negotia

439 833 733 902 quiescant,
778 826 977 895 judicia
1016 824 1396 887 conticescant,
1448 818 1761 873 differantur
1793 815 2017 885 legatio-

444 937 557 988 nes,
590 927 742 974 vacet
768 917 1024 981 ambitus,
1047 923 1100 970 et
1126 914 1269 969 inter
1299 908 1657 966 scurrilitates
1697 908 2016 961 histrionum

445 1023 587 1068 totus
625 1011 897 1065 actionum
931 1005 1192 1060 seriarum
1242 1012 1414 1057 status
1462 999 1855 1070 peregrinetur.
1899 994 2016 1051 Jam

446 1101 657 1171 quidem
690 1097 837 1165 virgo
862 1093 1050 1150 tradita
1072 1100 1174 1159 est,
1203 1092 1311 1159 jam
1341 1090 1367 1127 ιι
1393 1104 1589 1143 corona
1617 1101 1869 1155 sponsus,
1907 1084 2020 1154 jam

448 1192 675 1262 palmata
720 1185 1035 1250 consularis,
1084 1183 1193 1252 jam
1223 1180 1441 1251 cyclade
1475 1179 1573 1250 13
1624 1177 1885 1247 pronuba,
1911 1176 2020 1243 jam

451 1296 567 1355 toga
598 1288 813 1337 senator
840 1279 1150 1337 honoratur,
1179 1274 1288 1342 jam
1320 1271 1568 1341 penulam
1597 1270 1818 1338 deponit
1848 1266 2022 1336 inglo-

449 1375 591 1428 rius:
622 1382 677 1426 et
700 1368 934 1424 nondum
975 1375 1153 1421 tamen
1200 1371 1391 1417 cuncta
1437 1360 1793 1414 thalamorum
1828 1372 2021 1427 pompa

450 1462 775 1528 defremuit,
819 1457 942 1526 quia
987 1454 1213 1509 necdum
1247 1452 1360 1507 cad
1405 1449 1580 1505 mariti
1625 1450 1841 1504 domum
1889 1462 2025 1502 nova

453 1566 616 1621 nupta
641 1551 904 1621 migravit.
951 1549 1062 1615 Qua
1102 1546 1394 1601 festivitate
1426 1544 1675 1608 decursa,
1707 1552 1905 1597 caetera
1933 1542 2027 1597 tibi

455 1644 697 1698 laborum
735 1654 975 1695 meorum
1006 1635 1280 1691 molimina
1316 1634 1723 1698 reserabuntur,
1755 1633 1799 1686 si
1848 1643 2027 1687 tamen

453 1735 535 1789 vel
564 1743 931 1789 consummata
976 1728 1288 1784 solemnitas
1327 1726 1616 1796 aliquando
1660 1725 2030 1780 terminaverit

454 1827 611 1881 istam
661 1823 822 1879 totius
877 1820 1108 1878 civitatis
1161 1820 1625 1890 occupatissimam
1675 1818 2024 1873 vacationem.

456 1914 605 1973 Vale.

1013 2000 1345 2058 EPISTOLA
1385 2001 1473 2055 VI.

764 2095 1010 2154 Sidonius
1032 2093 1057 2135 ει
1086 2093 1340 2162 Eutropio
1369 2109 1462 2146 suo
1486 2091 1725 2173 salutem.

530 2191 670 2246 Olim
716 2189 929 2260 quidem
979 2188 1221 2243 scribere
1270 2186 1366 2240 tibi
1411 2185 1886 2254 concupiscebam,
1941 2187 2034 2237 sed

457 2297 598 2337 nunc
627 2281 708 2336 vel
737 2279 967 2335 maxime
996 2278 1264 2348 impellor,
1296 2276 1349 2331 id
1379 2285 1482 2345 est,
1509 2291 1629 2332 cum
1658 2275 1788 2330 mihi
1831 2275 2034 2329 ducens

458 2372 511 2425 in
560 2370 781 2437 Urbem,
812 2368 1027 2423 Christo
1069 2367 1425 2437 propitiante,
1458 2367 1540 2420 via
1587 2366 1841 2436 carpitur.
1894 2364 2040 2420 Scri-

460 2460 619 2516 bendi
659 2474 817 2515 causa
864 2460 948 2514 vel
995 2459 1129 2525 sola,
1164 2459 1249 2513 vel
1276 2458 1532 2523 maxima,
1558 2472 1659 2527 qua
1697 2466 1750 2512 te
1778 2456 1984 2510 scilicet
2008 2470 2038 2509 a

461 2551 723 2620 profundo
743 2550 1051 2605 domesticae
1077 2550 1273 2619 quietis
1298 2558 1600 2604 extractum
1622 2549 1687 2603 ad
1715 2549 2039 2617 capessenda

464 2652 486 2678 θ
509 2641 713 2696 militiae
757 2641 1004 2710 palatina:
1052 2642 1231 2694 munia
1261 2654 1468 2696 vocem.
1502 2640 1596 2695 His
1625 2640 1858 2707 additur,
1902 2640 2042 2710 quod

462 2749 682 2790 munere
719 2735 812 2789 Dei
844 2734 937 2789 tibi
964 2734 1213 2803 congruit
1237 2733 1359 2799 aevi,
1392 2733 1658 2802 corporis,
1701 2734 1862 2787 animi
1893 2734 2043 2804 vigor

466 2831 703 2897 integer;
731 2826 852 2881 dein
895 2826 1038 2895 quod
1070 2828 1245 2895 equis,
1270 2826 1456 2891 armis,
1492 2835 1662 2893 veste,
1694 2833 1930 2896 sumptu,
1958 2826 2041 2880 fa-

466 2918 674 2973 mulitio
718 2916 1040 2982 instructus,
1090 2917 1299 2983 solum,
1339 2918 1440 2971 nisi
1490 2916 1746 2981 fallimur,
1806 2916 2045 2984 incipere

467 3008 756 3065 formidas:
790 3016 844 3062 et
870 3014 1009 3062 cum‘
1041 3008 1117 3062 sis
1156 3010 1334 3063 alacer
1385 3008 1550 3070 domi,
1599 3008 1652 3062 in
1691 3007 2045 3077 aggredienda

467 3102 893 3172 peregrinatione
924 3100 1189 3170 trepidum
1222 3110 1274 3155 te
1305 3101 1448 3156 iners
1475 3101 1780 3171 desperatio
1808 3100 1933 3155 facit
1959 3119 1971 3153 :
1999 3102 2044 3155 si

468 3204 643 3249 tamen
670 3193 926 3248 senatorii
955 3194 1175 3247 seminis
1203 3194 1385 3259 homo,
1410 3195 1501 3261 qui
1521 3194 1760 3261 quotidie
1789 3193 2045 3249 trabeatis

2060 1909 2104 1967 B

468 3300 784 3357 proavorum
813 3284 1130 3353 imaginibus
1169 3284 1446 3353 ingeritur,
1480 3285 1626 3353 juste
1664 3286 1842 3340 dicere
1871 3296 2047 3353 potest
2074 3263 2121 3329 C

469 3385 637 3431 semet
665 3377 1083 3446 peregrinatum,
1115 3376 1161 3429 si
1192 3376 1361 3431 semel
1389 3384 1444 3430 et
1489 3375 1543 3429 in
1589 3375 1808 3444 juventa
1852 3377 2046 3433 viderit

471 3468 797 3524 domicilium
842 3470 1050 3540 legum,
1095 3470 1429 3541 gymnasium
1478 3470 1801 3537 litterarum,
1844 3475 2042 3529 curiam

470 3561 804 3631 dignitatum,
850 3562 1102 3616 verticem
1146 3562 1354 3627 mundi,
1397 3564 1623 3632 patriam
1670 3564 1959 3633 libertatis,
1991 3570 2043 3622 in

471 3668 573 3722 qua
601 3651 805 3708 unicaf
849 3654 1010 3708 totius
1050 3662 1073 3699 ε
1100 3652 1286 3708 mundi
1330 3653 1548 3709 civitate
1592 3655 1693 3711 soli
1733 3654 1946 3711 barbari
1994 3666 2049 3713 et

546 3801 572 3828 ἰ
609 3789 697 3845 Sic
738 3788 861 3843 libri
904 3788 1119 3857 optimae
1160 3794 1325 3844 notae.
1370 3787 1476 3842 Alii
1516 3786 1784 3856 thalassia,
1812 3788 1951 3857 quod
1983 3788 2048 3842 ad

472 3876 585 3917 rem
610 3859 744 3914 nihil
775 3858 918 3913 facit.
952 3857 1278 3914 Talassionis
1305 3867 1482 3913 autem
1521 3867 1576 3913 et
1622 3872 1723 3914 vox
1753 3868 1807 3914 et
1835 3873 2049 3915 carmen

442 3958 445 3963 -
472 3938 653 3986 notum
684 3929 735 3983 in
761 3930 977 3996 nuptiis.

543 3999 571 4038 ι)
601 3999 764 4053 Primi
793 3997 1079 4054 ChriStiani
1110 4012 1306 4053 corona
1336 3997 1390 4052 in
1421 3997 1622 4067 nuptiis
1653 3998 1734 4051 usi
1768 4014 1871 4053 non
1903 4006 2048 4053 sunt.

472 4071 603 4126 Nam
632 4084 753 4123 cum
784 4070 835 4122 in
889 4070 1123 4123 numinis
1154 4069 1378 4136 alicujus
1422 4068 1585 4122 tutela
1616 4084 1827 4122 coronae
1867 4082 2053 4123 omnes

474 4150 675 4204 essent,
699 4140 819 4193 ideo
848 4141 1203 4201 abstinebant,
1230 4153 1296 4191 ne
1324 4139 1573 4207 profante,
1586 4139 1861 4206 religionis
1886 4140 2053 4207 parti-

472 4212 619 4279 cipes
637 4209 971 4279 viderentur.
1001 4208 1358 4279 Tertullianus
1408 4207 1509 4277 14.
1546 4206 1613 4279 de
1656 4209 1866 4261 Corona
1892 4206 2055 4279 ’Amili—

476 4277 543 4334 tis
574 4297 586 4331 :
619 4277 876 4331 Coronam
901 4287 947 4329 et
976 4278 1168 4347 nuptire
1194 4292 1406 4347 sponsos
1433 4292 1449 4328 :
1473 4285 1517 4329 et
1544 4277 1657 4330 ideo
1692 4293 1791 4330 non
1823 4277 2054 4331 nubimus

474 4349 711 4412 etlmicis,
737 4363 798 4399 ne
823 4362 914 4398 nos
937 4347 1001 4398 ad
1029 4346 1379 4415 idololatriam
1410 4362 1568 4414 usque
1595 4347 1870 4412 deducant,
1897 4364 1928 4399 a
1953 4364 2054 4415 qua

475 4417 613 4495 apud
639 4417 754 4469 illos
778 4416 967 4495 μαριξας
992 4417 1264 4483 incipiunt.
1290 4414 1579 4495 Postquam
1600 4415 1759 4495 desiit
1789 4416 1890 4470 hoc
1915 4414 2053 4495 peri-

476 4484 679 4552 culum,
712 4484 989 4553 pristinum
1019 4500 1221 4538 morem
1253 4484 1484 4551 amplexi
1529 4493 1694 4538 sunt:
1730 4500 1885 4552 quem
1915 4484 2053 4540 anti-

476 4556 791 4625 quissimum
823 4556 960 4623 apud
992 4555 1243 4609 Hebraeos
1272 4554 1433 4625 fuisse
1456 4555 1607 4625 testis
1629 4564 1710 4609 est
1732 4555 1939 4621 Esaias,
1962 4557 2053 4625 qui

476 4624 733 4695 sponsum
779 4639 973 4679 corona
1020 4626 1330 4678 decoratum
1362 4624 1613 4678 describit
1641 4640 1760 4693 cap.
1786 4625 1877 4681 61.
1907 4624 2054 4681 Basi-

2119 631 2425 699 relinquare
2470 632 2608 685 inter
2634 630 2927 699 bussequas
2975 628 3293 691 rusticanos,
3341 628 3703 697 subulcosque

2118 721 2458 775 ronchantes.
2505 721 2713 790 Quippe
2767 720 2813 774 si
2860 727 2915 774 et
2962 733 3208 788 campum
3253 720 3389 774 stiva
3438 728 3702 775 tremente

2120 813 2453 883 proscindas,
2486 822 2577 867 aut
2601 812 2733 881 prati
2764 812 2955 866 ﬂoreas
2984 826 3114 879 opes
3139 812 3316 881 panda
3344 826 3539 866 curvus
3567 812 3703 866 falce

2124 905 2413 974 populeris,
2454 912 2545 958 aut
2584 902 2792 956 vineam
2840 902 3054 969 palmite
3082 916 3296 972 gravem
3342 917 3574 957 cernuus
3620 918 3703 956 ra-

2122 995 2247 1048 stris
2276 996 2449 1048 fossor
2476 991 2743 1056 invertas;
2789 1000 2917 1046 tunc
2951 1000 3035 1046 est
3066 991 3158 1047 tibi
3205 1005 3413 1046 summa
3458 1001 3702 1046 votorum

2124 1082 2417 1138 beatitudo.
2443 1083 2581 1150 Quin
2610 1082 2790 1151 potius
2811 1081 3208 1153 expergiscere,
3234 1091 3291 1137 et
3315 1083 3381 1136 ad
3414 1083 3615 1153 majora
3647 1098 3707 1139 se

2127 1173 2308 1241 pingui
2344 1174 2456 1228 otio
2494 1172 2789 1238 marcidus,
2843 1182 2900 1227 et
2947 1172 3184 1228 innervis
3219 1174 3431 1229 animus
3472 1175 3705 1230 attollat.

2126 1261 2243 1317 Non
2265 1264 2440 1317 minus
2460 1271 2543 1318 est
2571 1272 2780 1317 tuorum
2806 1262 3060 1318 natalium
3086 1264 3221 1332 viro,
3246 1278 3532 1333 personam
3553 1280 3705 1321 suam

2127 1355 2402 1419 excolere,
2433 1369 2591 1423 quam
2636 1354 2842 1409 villam.
2880 1354 2964 1437 A‘d
3006 1364 3308 1410 extremum
3337 1356 3479 1426 quod
3528 1368 3580 1410 tu
3612 1358 3708 1413 tibi

2125 1447 2420 1522 juventutis
2442 1448 2753 1502 exercitium
2782 1448 3043 1516 appellas,
3068 1448 3171 1503 hoc
3194 1458 3287 1505 est
3305 1449 3473 1504 otium
3500 1458 3710 1506 vetera-

2132 1553 2345 1605 norum,
2388 1540 2441 1593 in
2469 1554 2697 1609 quorum
2738 1540 2986 1595 manibus
3031 1540 3205 1599 effetis
3233 1556 3392 1597 enses
3415 1542 3708 1612 robiginosi

2131 1643 2252 1684 sero
2299 1628 2477 1699 ligone
2523 1640 2817 1685 mutantur.
2864 1632 3011 1698 Esto,
3044 1631 3409 1700 multiplicatis
3440 1633 3534 1687 tibi
3578 1648 3711 1702 spu-

2133 1722 2353 1776 mabunt
2380 1730 2556 1777 musta
2602 1722 2815 1787 vinetis,
2859 1725 3168 1778 innumeros
3213 1739 3424 1793 quoque
3452 1725 3714 1781 cumulos

2137 1814 2376 1884 frugibus
2404 1825 2556 1886 rupta
2586 1818 2854 1886 congestis
2882 1816 3079 1871 horrea
3110 1816 3334 1881 dabunt,
3362 1816 3585 1872 densum
3619 1832 3715 1886 pe-

2135 1922 2229 1962 cus
2256 1908 2491 1978 gravidis
2536 1909 2788 1964 uberibus
2833 1910 2886 1964 in
2928 1910 3207 1964 mulctram
3251 1925 3347 1979 per
3374 1919 3529 1964 antra
3570 1910 3714 1965 olida

2136 2000 2406 2055 caularum
2458 2001 2666 2071 pinguis
2697 2000 2792 2055 tibi
2837 2010 3020 2070 pastor
3064 2001 3339 2057 includet:
3376 2018 3482 2072 quo
3510 2012 3717 2071 spectat

2137 2101 2245 2147 tam
2276 2093 2558 2148 faeculento
2586 2094 2961 2163 patrimonium
3006 2095 3338 2163 promovisse
3366 2096 3713 2164 compendio;

2137 2196 2193 2244 ct
2214 2204 2321 2244 non
2339 2189 2511 2243 solum
2530 2189 2670 2244 inter
2686 2188 2811 2256 ista,
2835 2188 2951 2253 sed,
2981 2189 3121 2257 quod
3140 2200 3223 2245 est
3252 2190 3474 2259 turpius,
3500 2200 3716 2261 propter

2140 2282 2240 2335 ista
2272 2280 2529 2334 latuisse?
2559 2279 2673 2334 Non
2702 2281 2948 2349 nequiter
2985 2289 3039 2334 te
3064 2280 3277 2336 concilii
3305 2289 3565 2349 tempore,
3599 2289 3715 2351 post

2140 2372 2387 2428 sedentes
2417 2380 2801 2439 censentesque
2824 2371 3067 2441 juvenes,
3098 2372 3382 2442 inglorium
3427 2374 3710 2439 rusticum,

2139 2480 2323 2521 senem
2368 2472 2620 2531 stantem,
2649 2464 2881 2519 nobilem
2910 2464 3298 2520 latitabundum
3329 2467 3577 2535 pauperis
3616 2465 3716 2520 ho-

2143 2556 2317 2612 norati
2362 2555 2624 2611 sententia
2671 2564 2896 2624 premet,
2942 2569 3065 2610 cum
3105 2571 3198 2611 eos
3239 2570 3375 2625 quos
3403 2564 3547 2612 esset
3575 2556 3718 2611 indi-

2142 2666 2302 2720 gnum
2333 2648 2380 2702 si
2424 2648 2646 2717 vestigia
2674 2657 2856 2703 nostra
2884 2657 3258 2718 sequerentur,
3302 2647 3502 2703 videris
3530 2647 3718 2704 dolens

2143 2739 2515 2795 antecessisse.
2546 2738 2655 2794 Sed
2684 2738 2811 2809 quid
2841 2738 3031 2808 plura?
3077 2739 3133 2796 Si
3180 2739 3376 2810 pateris
3417 2738 3719 2794 hortantem

2144 2841 2429 2887 conatuum
2458 2840 2672 2886 tuorum
2715 2829 2895 2886 socius
2922 2830 3153 2900 adjutor,
3200 2830 3428 2899 praevius
3458 2831 3722 2899 particeps

2146 2942 2258 2983 cro.
2290 2927 2383 2983 Sin
2410 2936 2589 2981 autem
2614 2926 2948 2981 illecebrosis
2974 2926 3283 2982 deliciarum
3315 2927 3553 2982 cassibus
3574 2926 3723 2981 invo-

2148 3020 2311 3085 lutns,
2346 3019 2535 3085 mavis,
2570 3028 2627 3073 ut
2654 3020 2825 3085 aiunt,
2856 3018 3069 3088 Epicuri
3090 3018 3720 3087 dogmatibuscnpulari,

2148 3114 2236 3181 qui
2258 3112 2463 3181 jactura
2497 3111 2709 3166 virtutis
2758 3110 3013 3175 admissa,
3058 3124 3323 3164 summum
3372 3108 3471 3178 15
3518 3108 3719 3163 bonum

2149 3206 2259 3260 sola
2281 3205 2524 3271 corporis
2551 3204 2822 3273 voluptate
2862 3200 3203 3267 determinat,
3235 3210 3401 3258 testor
3440 3215 3565 3257 ecce
3602 3215 3721 3255 nta-

2149 3299 2315 3365 jores,
2350 3304 2517 3350 testor
2545 3304 2792 3364 posteros
2838 3302 3070 3360 nostros,
3123 3293 3247 3350 huic
3288 3307 3375 3349 me
3418 3308 3571 3347 noxa:
3618 3306 3722 3347 non

2154 3402 2275 3444 csse
2297 3389 2590 3444 confinem.

2703 3476 3033 3533 EPISTULA
3072 3475 3185 3532 VII.

2491 3568 2735 3623 Sidonius
2768 3568 3032 3622 Vincentio
3054 3583 3148 3621 suo
3170 3567 3403 3623 salutem.

2231 3660 2390 3728 Angit
2439 3673 2525 3713 me
2554 3655 2581 3695 ιι
2620 3672 2776 3714 casus
2825 3658 3080 3724 Arvandi,
3130 3673 3231 3713 nec
3280 3657 3558 3713 dissimu‘o
3603 3657 3725 3725 quin

2160 3790 2241 3845 (ea:
2261 3793 2368 3855 illa,
2402 3800 2456 3843 ut
2486 3792 2700 3843 ducatur
2722 3805 2852 3842 uxor
2878 3789 2947 3841 ad
2971 3788 3150 3851 virum,
3180 3804 3279 3841 non
3307 3789 3382 3841 vir
3404 3790 3471 3843 ad
3500 3802 3729 3841 uxorem.

2231 3859 2259 3897 ἀ
2285 3861 2417 3914 Viro
2454 3860 2645 3924 nobili,
2677 3860 2848 3912 adhuc
2876 3859 3088 3928 quidem
3122 3861 3352 3927 privato,
3384 3866 3564 3928 postea
3598 3872 3731 3926 pra:-

2161 3924 2301 3987 fccto
2326 3930 2575 3999 praetorio
2602 3924 2915 3993 Galliarum,
2938 3928 3039 3999 lih.
3070 3924 3146 3995 in,
3180 3929 3337 3997 epist.
3365 3924 3416 3999 (ἱ.

2234 4011 2257 4039 ο
2296 3996 2412 4056 Non
2442 4014 2583 4055 verae
2607 3999 2831 4064 militiae,
2858 3998 2951 4053 sed
2977 4012 3083 4067 quo
3104 3996 3260 4053 senSu
3287 3998 3515 4051 militare
3542 3996 3732 4065 palatio

2160 4070 2287 4125 dicti
2318 4085 2506 4125 omnes
2526 4070 2613 4138 qui
2643 4070 2693 4122 in
2720 4070 2837 4122 aula
2866 4077 3166 4131 versantur,
3196 4069 3353 4122 etiam
3386 4068 3432 4122 si
3457 4080 3603 4121 arma
3627 4082 3731 4119 non

2162 4150 2410 4207 tractent,
2442 4148 2502 4194 ut
2528 4137 2740 4205 notarii,
2765 4138 3050 4202 scriniarii,
3076 4137 3433 4207 largitionales
3454 4147 3506 4190 et
3526 4139 3730 4204 caeteri,

2161 4212 2227 4265 de
2253 4211 2447 4279 quibus
2479 4208 2661 4263 titulus
2689 4208 2758 4263 de
2787 4207 3075 4279 privilegiis
3104 4222 3290 4279 eorum
3330 4208 3417 4279 qui
3449 4219 3602 4260 sacro
3641 4221 3734 4274 pa-

2161 4277 2288 4335 latio
2317 4281 2563 4335 militant.
2612 4279 2861 4345 Quinimo
2902 4278 3142 4333 militiam
3183 4277 3468 4346 palatinam
3500 4291 3643 4329 verae
3679 4286 3733 4330 et

2160 4361 2380 4405 armatze
2424 4350 2569 4418 leges
2597 4344 2887 4418 opponunt.
2932 4348 3053 4401 Tria
3090 4344 3493 4418 enimnomnino
3530 4346 3733 4418 militiae

2158 4435 2355 4490 genera
2380 4415 2749 4489 distinguunt:
2780 4426 3035 4490 armatam
3065 4431 3156 4471 seu
3184 4415 3486 4490 militarem,
3518 4417 3733 4490 quaeita

2159 4484 2338 4545 vocari
2364 4492 2525 4560 cmpit
2548 4484 2829 4559 postquam
2849 4488 3046 4560 militia:
3073 4500 3263 4560 nomen
3289 4484 3353 4560 ad
3382 4485 3484 4539 alia
3508 4486 3735 4560 transla-

2161 4570 2304 4624 tum;
2338 4556 2623 4631 pala'tinatn
2653 4556 2836 4615 eorum
2865 4558 2952 4628 qui
2984 4557 3122 4612 intra
3149 4556 3401 4631 palatium
3426 4557 3733 4631 merebant;

2164 4622 2373 4685 tertiam
2417 4631 2742 4699 reliquorum
2789 4622 3059 4694 omnium,
3090 4622 3183 4699 qui
3210 4625 3435 4679 diversis
3455 4622 3736 4699 judicibus

481 4698 583 4771 lius
613 4695 871 4771 Seleucia:
888 4695 953 4771 _in
986 4695 1166 4771 Tecla.
1190 4697 1435 4771 Χορεύσῳ
1459 4697 1556 4771 γὰρ
1586 4696 1667 4771 ἐπὶ
1693 4704 1764 4769 τῷ
1784 4704 1860 4769 σῷ
1886 4699 2044 4769 γάμῳ.

2160 4695 2618 4770 potestatibusque
2655 4700 3014 4771 apparebant,
3044 4696 3217 4771 qualis
3247 4708 3366 4771 quae
3398 4695 3583 4771 militia
3606 4710 3737 4771 pro-

669 4764 722 4821 δὲ
760 4768 1016 4841 περιθήσω
1056 4768 1144 4841 μέν
1170 4764 1271 4832 σοις
1296 4764 1552 4841 [septenum
1591 4764 1644 4819 δὲ
1665 4764 1962 4841 τῇνυεὶφῖᾴ
1981 4764 2053 4839 τῷ

481 4834 669 4906 egra»
696 4834 996 4907 πρλύὲυκτον
1025 4834 1281 4907 suam...
1306 4834 1659 4902 Theophanes
1684 4834 1938 4893 Chronici
1961 4834 2055 4891 au-

478 4903 597 4982 ctor
633 4906 686 4960 in
730 4905 1088 4982 Cppronymo.
1121 4903 1364 4982 ’ξΈζευξεν
1403 4906 1625 4982 Εἰρήνην⁵
1654 4909 1825 4962 Λέοντι
1864 4917 1935 4979 τῷ
1962 4910 2056 4981 υἱῷ

480 4980 657 5061 autem},
685 4976 880 5061 σςέψας
912 4978 1094 5036 αὐτοὺς
1123 4976 1174 5061 ἐξ
1198 4983 1271 5047 τῷ
1297 4982 1401 5061 νοξῷ
1428 4976 1519 5029 ’τὶῦ
1542 4976 1687 5061 (ξγίου
1718 4976 1955 5061 Σῖεφάνὸυ
1984 4976 2057 5049 τῷ

479 5056 571 5105 τῆς
600 5042 861 5117 βασιλείας
891 5050 1090 5117 καίτοι)
1118 5042 1312 5117 γὰμόυτ
1337 5042 1521 5117 {reneri
1552 5042 1705 5117 Leoni
1744 5042 1856 5116 ﬁlio
1900 5042 2058 5117 capu-

482 5113 635 5187 lavit,
658 5130 906 5187 coronans
930 5116 1045 5168 illos
1074 5113 1136 5167 in
1152 5116 1313 5167 sancti
1337 5113 1586 5182 Stephani
1630 5113 1817 5186 templo
1855 5113 2058 5187 imperii

480 5184 635 5237 simul
662 5200 721 5236 ac
747 5184 1038 5252 nuptiarum
1067 5199 1276 5237 corona.

557 5262 581 5290 ο
608 5253 871 5326 Ducenda;
891 5256 956 5307 ad
979 5255 1224 5307 maritum
1247 5268 1456 5326 sponsae
1476 5254 1707 5322 primum
1730 5256 2058 5326 exemplum,

483 5324 761 5392 legemque
783 5338 814 5376 a
837 5323 946 5379 Deo
976 5337 1241 5386 manasse,
1269 5325 1355 5393 qui
1381 5324 1544 5377 Evam
1576 5326 1642 5379 ad
1671 5323 1931 5380 Adamum
1961 5327 2060 5383 de-

484 5393 671 5458 duxit,
724 5393 912 5461 probat
947 5393 1267 5448 Severianus
1311 5394 1453 5447 hom.
1487 5395 1520 5448 5
1556 5393 1609 5447 in
1643 5395 2012 5450 Hexaemeron
2044 5411 2060 5449 :

483 5467 582 5551 ἰέαὶ
613 5462 707 5539 ὅρα
733 5465 817 5551 τὸν
848 5464 1016 5552 vapor
1050 5470 1195 5519 πᾶσα
1219 5467 1315 5552 γὰρ
1350 5470 1473 5550 βεοῦ
1504 5471 1633 5535 φωνὴ
1672 5468 1873 5541 ἀρχαία
1900 5471 2063 5552 grave-'39

485 5533 563 5613 ἦν-
577 5532 667 5613 τῆξ
707 5532 926 5613 quq-eoos.
964 5532 1175 5607 ’ἢγαγεν
1213 5532 1237 5613 ᾇ
1276 5532 1396 5613 Qui;
1432 5532 1520 5593 niti
1558 5532 1779 5607 γυναῖκά
1818 5539 1945 5613 πρὸς
1975 5539 2061 5591 τὸν

486 5604 642 5682 ᾎδάμ
668 5602 754 5659 uoti
776 5602 967 5682 ἴμείνεν
996 5602 1146 5682 «seio
1172 5606 1321 5682 νκόίέος
1347 5607 1441 5664 ἔως
1473 5602 1715 5682 σήμερον,
1741 5612 1828 5663 τὴν
1851 5602 2065 5682 ᾇιέναῖκα

489 5673 703 5749 ᾅσγεάβαι
720 5683 791 5744 τῷ
810 5673 973 5749 ἀνδρὶ,
1075 5677 1159 5729 τὸν
1181 5673 1336 5749 rivalem
1364 5677 1489 5744 πρὸς
1509 5673 1868 5749 τῂνίγνναῖκαδ
1882 5675 2066 5744 Legem

489 5744 721 5815 inspice;
750 5744 910 5815 omnis
944 5748 1127 5815 quippe
1156 5744 1368 5815 antiqua,
1390 5761 1488 5815 uox
1524 5744 1837 5815 Dci'regulai
1862 5755 1935 5797 est
1964 5763 2059 5797 na-

493 5811 636 5867 turle.
673 5813 830 5868 Duxit
856 5814 996 5869 Deus
1017 5811 1221 5868 uxorem
1245 5811 1313 5862 αθ
1338 5811 1496 5879 λιιι-ιε·
1521 5830 1532 5843 ·
1561 5822 1604 5865 et
1627 5811 1793 5866 manet
1820 5814 2067 5882 hodieque

2984 4742 3279 4839 dicebatur:
3311 4764 3577 4839 Honorius
3605 4742 3735 4832 irmp.

2160 4842 2229 4895 de
2257 4842 2484 4896 diversis
2507 4834 2696 4894 officiis
2724 4847 2781 4896 et
2800 4853 2984 4907 appar.
3017 4855 3030 4890 :
3061 4834 3341 4907 cujuslibet
3358 4834 3554 4907 judicis
3578 4850 3739 4907 appa-_

2160 4912 2376 4975 ritores,
2425 4913 2558 4964 inter
2598 4926 2725 4979 quos
2772 4904 2924 4961 etiam
2970 4904 3319 4979 prtcfertianos
3365 4906 3620 4979 locamus,
3672 4904 3740 4955 ad

2161 4972 2512 5050 quamcunque
2530 4972 2684 5054 aliam
2708 4979 2942 5054 militiam
2969 4972 3044 5029 uel
3063 4972 3347 5054 palatinum
3370 4972 3448 5026 vel
3470 4972 3742 5054 militarem

2162 5042 2491 5116 transierint,
2520 5048 2807 5102 retro/tendi
2840 5045 2933 5099 has
2960 5042 3163 5113 capiam
3189 5044 3292 5096 illis
3319 5058 3445 5112 quos
3476 5042 3743 5096 deseruere

2163 5120 2457 5174 tribuimus.

2237 5188 2259 5228 ί
2301 5190 2458 5245 Orbis
2506 5187 2712 5242 scilicet
2748 5181 3009 5250 Romani,
3052 5191 3173 5249 post
3204 5181 3528 5237 Antoninum
3557 5180 3743 5245 Pium,

2165 5259 2256 5329 qui
2284 5260 2425 5328 quod
2450 5260 2709 5329 Augusto,
2726 5256 2789 5329 _si
2821 5253 2971 5307 Dioni
3003 5251 3158 5329 fides,
3190 5252 3447 5329 suadebat
3473 5250 3742 5329 Mecenas,

2166 5319 2225 5383 r'e
2258 5319 2500 5398 perfecit,
2530 5319 2588 5398 ut
2606 5319 2702 5395 jus
2726 5325 2979 5398 Romanae
2992 5319 3235 5398 _c_ivitati_s
3259 5335 3570 5398 commune
3592 5319 3745 5376 fieret

2166 5389 2413 5452 omnibus
2441 5389 2724 5465 subjectis.
2748 5392 3060 5465 Novella78
3082 5389 3383 5465 Justiniani.
3406 5392 3524 5459 Quo
3545 5390 3744 5465 factum

2167 5476 2225 5521 ut
2252 5468 2419 5521 Roma
2450 5461 2556 5520 una
2584 5463 2823 5519 omnium
2853 5463 3021 5529 patria
3051 5469 3105 5516 et
3129 5461 3315 5514 civitas
3340 5469 3486 5516 esset
3513 5478 3527 5513 :
3562 5464 3612 5514 in
3643 5477 3747 5531 qua
3834 5508 3851 5521 .

2164 5538 2301 5601 soli,
2331 5535 2474 5605 quod
2513 5536 2587 5588 ait
2628 5531 2921 5605 Sidonius,
2970 5531 3235 5605 peregrini
3282 5541 3747 5605 censerentur‘aut

2165 5600 2303 5660 servi
2329 5600 2364 5671 ,’
2387 5606 2438 5659 in
2463 5617 2597 5671 quos
2619 5603 2704 5672 jus
2736 5602 2865 5657 illud
2887 5600 3081 5657 cadere
3106 5600 3212 5657 non
3243 5608 3482 5671 poterat,
3509 5611 3604 5656 aut
3628 5600 3747 5656 bar-

2166 5677 2281 5729 bari
2308 5676 2397 5743 qui
2423 5690 2528 5728 non
2557 5673 2816 5742 parebant
2838 5672 3085 5741 imperio.

2240 5756 2264 5793 s
2297 5746 2351 5799 In
2382 5744 2648 5814 aliquibus
2679 5744 2826 5814 libris
2855 5744 3014 5799 orbis.

2244 5817 2346 5887 15
2377 5813 2403 5851 ¹¹
2433 5807 2667 5871 Α’τνοῐιᾶί
2698 5812 2855 5882 hujus
2887 5813 3121 5879 praefecti
3152 5810 3387 5870 praetorii
3426 5807 3742 5865 Galliarum.

2137 5924 2245 5965 c.._
