4078 6348
336 324 444 382 45⁸1

1617 318 2104 376 EPISTOLARUM
2141 320 2270 377 LlB.
2310 321 2353 375 1.

3479 327 3588 388 458

335 444 517 508 angat.
541 434 780 505 Namque
816 432 906 489 hic
924 447 1135 505 quoque
1164 431 1406 488 cumulus
1435 431 1638 488 accedit
1665 434 1910 489 laudibus
1938 444 1992 496 Α
2014 433 2220 489 cinctus
2248 433 2486 488 custodia
2517 448 2672 503 quam
2715 443 2978 505 potestate
3013 436 3335 506 discinctus,
3369 450 3587 513 captus,

280 512 287 541 ἲ
339 528 700 598 imperatoris,
731 526 873 597 quod
903 542 1081 580 amare
1110 526 1284 595 palam
1317 526 1441 581 licet
1484 534 1541 581 et
1566 528 1738 595 capite
1768 527 1917 581 dam-

338 629 515 677 natos.
544 619 763 674 Amicus
791 617 994 672 homini
1027 617 1121 685 fui,
1153 632 1310 686 supra
1358 633 1513 687 quam
1546 634 1753 672 morum
1800 619 1917 688 ejus

335 709 563 766 facilitas
626 710 963 778 varietasque
1031 708 1390 776 patiebantur.
1461 708 1709 763 Testatur
1776 709 1913 780 hoc,

336 810 556 873 propter
576 801 758 872 ipsum
790 799 921 853 mihi
952 813 1121 867 nuper
1150 798 1347 852 invidia
1378 800 1627 863 conflata,
1657 799 1808 867 cujus
1831 814 1916 853 me

338 892 496 962 paulo
545 890 888 945 incautiorem
938 888 1151 942 ﬂamma
1199 888 1478 943 detorruit.
1528 889 1633 944 Sed
1679 890 1819 959 quod
1863 891 1913 943 in

339 982 571 1037 amicitia
610 982 756 1046 steti,
789 980 919 1034 mihi
965 979 1145 1035 debui.
1194 980 1359 1035 Porro
1402 989 1580 1036 autem
1628 981 1678 1034 in
1730 990 1913 1035 natura

338 1073 429 1128 ille
457 1088 562 1127 non
594 1072 775 1126 habuit
795 1070 1123 1140 diligentiam
1155 1071 1566 1141 perseverandi:
1591 1071 1757 1126 libere
1783 1087 1912 1141 que-

337 1179 449 1231 ror,
483 1180 588 1218 non
639 1163 975 1219 insultatorie
1003 1180 1017 1216 :
1046 1163 1166 1232 quia
1200 1162 1435 1216 ﬁdelium
1476 1162 1696 1217 consilia
1735 1162 1913 1233 despi-

339 1255 506 1321 ciens,
557 1249 784 1309 fOrtuna:
826 1253 1108 1308 ludibrium
1156 1269 1251 1323 per
1281 1253 1455 1307 omnia
1488 1253 1587 1307 fuit
1626 1271 1637 1306 :
1682 1254 1913 1322 denique

340 1361 444 1402 non
474 1360 597 1399 eum
627 1343 911 1414 aliquando
951 1343 1230 1407 cecidisse,
1280 1344 1372 1399 sed
1420 1352 1526 1398 tam
1572 1343 1661 1398 diu
1699 1344 1913 1399 stetisse

340 1437 459 1507 plus
506 1438 693 1491 miror.
730 1434 775 1490 Ο
801 1435 1008 1505 quoties
1038 1449 1179 1503 saepe
1216 1435 1327 1504 ipse
1356 1450 1415 1490 se
1444 1436 1665 1490 adversa
1692 1450 1913 1505 perpes-

339 1544 454 1584 sum
482 1528 840 1598 gloriabatur!
885 1540 1003 1581 cum
1038 1536 1211 1581 tamen
1242 1542 1338 1581 nos
1378 1526 1445 1581 ab
1472 1526 1662 1581 affectu
1694 1528 1911 1596 profun-

337 1620 488 1676 diore
519 1620 778 1674 ruituram
806 1618 919 1687 ejus
949 1616 1269 1688 quandoque
1292 1618 1643 1672 temeritatem
1685 1618 1909 1673 misera-

336 1729 536 1778 remur,
567 1711 878 1768 deﬁnientes
897 1726 1002 1765 non
1027 1725 1147 1766 esse
1172 1710 1399 1776 felicem,
1425 1711 1515 1780 qui
1543 1711 1641 1765 hoc
1665 1710 1909 1779 frequen-

2021 526 2421 594 destinatusque
2496 528 2739 594 pervenit
2803 529 3024 585 Romam
3076 548 3090 585 :
3147 533 3291 588 illico
3344 544 3586 605 tumens,

2021 617 2161 688 quod
2228 632 2485 687 prospero
2554 633 2712 674 cursu
2770 621 3124 689 procellosum
3186 625 3394 681 Tusciae
3442 612 3611 684 littus
3660 637 3671 651 ‘

2020 708 2394 777 enavigasset,
2469 716 2718 777 tanquam
2805 711 2906 765 sibi
2980 713 3114 769 bene
3184 718 3401 772 conscio
3476 720 3589 790 ipsa

2019 799 2414 869 quodammodo
2462 801 2731 855 elementa
2775 804 3171 860 famularentur.
3228 808 3283 862 In
3330 809 3590 879 Capitolio

2018 892 2417 946 custodiebatur
2463 892 2530 945 ab
2574 892 2783 963 hospite
2812 904 2837 930 ⁸
2883 896 3064 952 Flavio
3113 901 3329 964 Asello,
3394 905 3589 959 comite

2017 996 2290 1036 sacrarum
2325 982 2683 1051 largitionum,
2713 985 2801 1052 qui
2832 985 3004 1041 adhuc
3050 990 3101 1042 in
3141 1005 3205 1045 eo
3239 993 3588 1049 semifuman—

2018 1080 2124 1126 tem
2168 1072 2495 1140 prcefecturte
2524 1088 2690 1141 nuper
2713 1081 2932 1129 extortae
2956 1077 3259 1146 dignitatem
3291 1086 3589 1139 veneraba-

2017 1170 2123 1217 tur.
2158 1164 2359 1217 lnterea
2392 1164 2549 1229 legati
2576 1164 3057 1231 provincizeGallize
3086 1170 3377 1227 Tonantius
3406 1174 3433 1213 δ
3457 1176 3587 1231 Fer-

2017 1254 2201 1308 reolus
2231 1254 2618 1322 praefectorius,
2652 1265 2674 1293 ε
2710 1255 2906 1310 Afranii
2931 1258 3137 1328 Syagrii
3164 1264 3396 1318 consulis
3421 1280 3450 1319 e
3482 1265 3587 1323 ﬁlia

2017 1360 2210 1415 nepos,
2242 1343 2269 1382 ἀ
2299 1346 2652 1401 Thaumastus
2678 1362 2888 1418 quoque
2909 1358 2962 1404 et
3011 1350 3315 1420 Petronius,
3358 1358 3587 1413 maxima

2016 1450 2198 1490 rerum
2233 1438 2629 1507 verborumque
2659 1439 2880 1493 scientia
2915 1442 3145 1510 praediti,
3192 1454 3246 1500 et
3276 1446 3413 1501 inter
3442 1450 3588 1517 prin-

2015 1527 2204 1595 cipalia
2240 1528 2420 1595 patrire
2474 1538 2670 1583 nostrae
2698 1529 2889 1585 decora
2922 1534 3173 1602 ponendi,
3206 1538 3459 1605 praevium
3487 1539 3587 1593 Ar-

2013 1621 2244 1674 vandum
2277 1620 2488 1688 publico
2519 1621 2736 1677 nomine
2762 1626 3061 1679 accusaturi
3096 1638 3119 1663 ο
3161 1643 3282 1685 cum
3312 1636 3475 1703 gestis
3494 1638 3589 1694 (1ο.

2014 1713 2300 1767 οτειηιξὺυε
2343 1712 2711 1783 insequuntur.
2759 1715 2859 1781 Qui
2904 1717 3042 1772 inter
3088 1729 3283 1776 caetera
3311 1739 3429 1794 quae
3486 1728 3589 1784 sibi

338 1816 417 1861 ter
465 1804 642 1874 potius
690 1818 846 1867 esse,
900 1817 1057 1871 quam
1112 1817 1324 1871 semper
1375 1801 1728 1871 judicaretur.
1804 1801 1908 1856 Sed
1940 1803 2369 1872 Bprovinciales
2392 1803 2597 1873 agenda
2622 1804 3021 1873 mandaverant,
3040 1809 3361 1882 interceptas
3385 1817 3588 1875 litteras

336 1896 742 1969 gubernationis
779 1910 891 1950 sua:
920 1895 1163 1950 ordinem
1193 1896 1456 1964 exposcis.
1494 1893 1650 1948 Salva
1678 1893 1803 1949 ﬁdei
1832 1909 1911 1949 re-

335 1990 572 2045 verentia
628 2003 746 2057 qua:
808 1988 980 2041 amico
1039 1988 1196 2041 etiam
1259 1985 1458 2040 afﬂicto
1505 1985 1749 2050 debetur,
1797 2001 1909 2039 rem

334 2081 570 2138 breviter
598 2095 882 2149 exponam.
930 2078 1305 2134 Pracfecturam
1348 2078 1570 2147 primam
1598 2079 1911 2147 gubernavit

333 2193 453 2233 cum
512 2189 701 2245 magna
758 2173 1153 2243 popularitate,
1206 2183 1729 2241 consequentemque
1788 2186 1905 2224 cum

332 2268 563 2325 maxima
612 2266 975 2336 populatione.
1026 2265 1233 2320 Pariter
1279 2280 1443 2319 onere
1487 2263 1771 2334 depressus
1808 2263 1909 2334 16

337 2360 459 2415 ιιι-ξε
490 2359 672 2421 alieni,
706 2365 850 2412 metu
881 2357 1204 2412 creditorum
1236 2370 1581 2412 successuros
1625 2357 1727 2410 sibi
1769 2358 1908 2425 opti.

333 2460 503 2506 nates
581 2447 949 2503 aemulabatur.
1038 2446 1285 2502 Omnium
1351 2447 1610 2515 colloquia
1694 2447 1906 2515 ridere,

331 2544 555 2601 consilia
584 2541 791 2608 rimari,
834 2541 1009 2596 ofﬁcia
1054 2548 1421 2605 contemnere,
1454 2540 1561 2610 pati
1610 2539 1677 2594 de
1721 2554 1909 2594 occur-

331 2647 542 2690 rentum
600 2631 819 2686 raritate
871 2630 1268 2701 suspicionem,
1333 2631 1401 2685 de
1468 2630 1781 2685 assiduitate
1832 2629 1910 2684 fa-

330 2726 546 2782 stidium
578 2742 592 2779 :
621 2724 794 2780 donec
830 2723 935 2780 odii
966 2722 1162 2793 publici
1209 2723 1351 2778 mole
1393 2722 1643 2788 vallatus,
1680 2733 1733 2779 et
1764 2723 1909 2793 prius

333 2901 390 2949 et
416 2890 600 2959 judicii
626 2903 726 2958 quo
755 2886 1051 2955 majestatis
1079 2886 1262 2959 Romae
1293 2886 1575 2959 damnatus
1596 2895 1679 2941 est
1707 2886 1774 2941 ab
1799 2886 1913 2959 Au-

340 2956 579 3023 themio,
619 2956 907 3015 meminere
941 2966 1150 3012 veteres
1196 2958 1434 3026 plerique
1484 2956 1910 3026 chronographi,

338 3034 433 3088 sed
466 3031 680 3085 nomine
707 3028 1047 3096 interpolato.
1075 3027 1458 3092 Cassiodorus,
1491 3044 1719 3096 euntque
1742 3029 1925 3091 secuti,

334 3104 602 3159 Marianus
630 3109 683 3155 et
720 3100 1053 3153 Hermannus
1093 3099 1433 3152 Aravundum
1466 3108 1675 3153 vocant.
1720 3097 1911 3151 Paulus

335 3174 594 3230 diaconus
624 3170 987 3234 Servandum;
1033 3183 1138 3238 quo
1180 3170 1340 3223 etiam
1371 3168 1527 3222 modo
1571 3167 1905 3237 Sigebertus,

338 3245 500 3308 Otho,
532 3242 804 3298 Conradus
824 3239 987 3294 abbas
1012 3250 1065 3295 et
1090 3239 1178 3292 alii
1207 3256 1221 3291 :
1253 3254 1436 3294 verum
1460 3254 1651 3293 nomen
1682 3253 1801 3293 cum
1829 3239 1910 3292 in-

340 3321 487 3384 tegra
519 3314 736 3367 historia
766 3310 986 3384 Sidonio
1009 3310 1250 3384 debetur.
1284 3379 1339 3384 __‘
1391 3379 1432 3384 _
1579 3379 1590 3384 _
1699 3379 1707 3384 _
1791 3379 1821 3384 __
1898 3326 1904 3333 ·

413 3379 440 3422 il
470 3384 569 3452 Qui
601 3385 653 3438 in
677 3383 889 3451 antiqua
914 3379 1362 3452 inscriptionem.
1391 3379 1658 3448 Eugenius
1684 3379 1910 3452 Asellus.

339 3455 453 3513 Hoc
496 3450 739 3523 tempore
781 3450 964 3523 comes
1004 3461 1119 3507 erat
1154 3451 1490 3519 largitionum
1526 3466 1541 3503 :
1572 3450 1911 3523 postmodum

339 3521 628 3595 prtefectus
660 3524 788 3580 Urbi
820 3522 951 3595 fuit,
981 3523 1032 3576 in
1061 3536 1231 3595 eoque
1258 3523 1567 3591 magistratu
1598 3521 1649 3595 in
1692 3521 1907 3595 basilica

341 3592 399 3654 S.
445 3596 595 3651 Pauli
642 3610 749 3649 arte
796 3594 1039 3648 maximae
1090 3592 1288 3645 tholum
1336 3607 1455 3645 cum
1506 3592 1765 3659 quadrato
1807 3592 1911 3644 cir-

342 3682 461 3722 cum
504 3682 651 3722 aram
691 3664 902 3719 exedra:
944 3662 1145 3717 ambitu
1179 3664 1463 3728 reparavit.
1500 3661 1736 3716 Vidimus
1778 3661 1909 3729 ipsi,

341 3753 461 3794 cum
492 3752 629 3805 opus
665 3735 835 3790 adhuc
874 3742 1103 3805 restaret
1138 3734 1311 3800 (nunc
1339 3734 1480 3805 enim
1511 3747 1753 3787 eversum
1785 3732 1912 3801 est),

344 3802 614 3877 subjecias
656 3804 1038 3877 porphyreticis
1066 3802 1531 3877 columnis_bases_
1552 3817 1877 3877 marmoreas
1896 3844 1911 3868 ,

347 3870 503 3945 atque
529 3880 582 3933 in
614 3870 698 3933 his
726 3870 874 3931 binas
894 3876 961 3930 ad
989 3884 1268 3942 utrumque
1290 3872 1488 3927 aditum
1517 3872 1601 3928 his
1630 3873 1808 3928 verbis
1835 3870 1915 3925 in-

347 3949 591 4005 scriptas.

455 3965 591 4019 pm"
721 4017 825 4075 η.
868 4014 1203 4073 suasurus
1242 4013 1546 4070 ASELLUS

815 4087 893 4143 γρ
918 4086 978 4142 C.
1022 4085 1245 4142 Pii/EF.
1291 4086 1451 4140 URBI

788 4158 851 4213 γ.
894 4158 951 4215 S.
993 4158 1032 4213 Ι.
1071 4154 1482 4212 REPARAVIT.

417 4293 447 4335 ι’
480 4292 767 4351 Praefectus
788 4291 964 4348 fuerat
992 4290 1226 4362 praetorii
1250 4289 1563 4347 Galliarum.
1597 4285 1655 4345 ln
1680 4286 1916 4344 carmine

350 4364 722 4437 Propemptico
747 4381 762 4420 :

468 4458 560 4508 Hic
580 4457 707 4507 docti
734 4457 956 4506 invenies
992 4461 1178 4518 patrem
1202 4454 1429 4515 Tonanti,

467 4519 727 4569 Rectorem
748 4516 1070 4581 columenque
1089 4516 1369 4581 Galliarum,

468 4581 620 4633 Prisci
643 4580 926 4631 Ferreolum
959 4580 1123 4643 parem
1148 4580 1335 4642 Syagri.

350 4710 455 4766 Sed
480 4710 545 4763 de
569 4708 821 4763 Ferreolo
848 4706 1052 4762 Sidonii
1074 4704 1231 4758 afﬁne
1257 4704 1402 4773 plura
1421 4702 1487 4757 ad
1518 4701 1796 4771 epistolam
1828 4700 1913 4767 12,

350 4782 439 4836 lib.
473 4795 564 4834 vn.
598 4779 748 4833 Nunc
768 4778 896 4831 satis
920 4778 985 4831 sit
1017 4789 1233 4830 monere
1262 4775 1371 4828 falli
1402 4788 1495 4828 eos
1525 4773 1615 4843 qui
1666 4774 1767 4827 hoc
1799 4773 1917 4827 loco

353 4852 669 4906 Tonantium
710 4863 736 4901 a
775 4848 1030 4901 Ferreolo
1058 4846 1410 4913 distinguunt,
1444 4845 1593 4909 quasi
1636 4843 1739 4896 duo
1771 4843 1876 4897 sint
1899 4882 1914 4908 ,

349 4937 467 4977 cum
488 4922 676 4974 unicus
697 4919 767 4971 sit
783 4916 1068 4972 Ferreolus
1091 4918 1415 4983 praenomine
1434 4913 1755 4973 Tonantius;
1776 4916 1916 4968 sicut

350 4992 600 5047 Afranius
629 4990 881 5059 Syagrius
912 5003 1017 5041 non
1040 4986 1289 5059 duorum,
1314 4985 1406 5059 sed
1437 4986 1594 5059 unius
1624 4992 1706 5059 est
1733 4984 1915 5053 appel-

350 5062 497 5117 latio.
524 5053 982 5129 Alioqui'quatuor
1010 5057 1077 5111 ab
1101 5070 1203 5129 una
1232 5054 1505 5129 provincia
1535 5053 1689 5123 legati
1713 5063 1909 5121 essent,

268 5160 271 5163 η
352 5147 471 5187 cum
502 5126 680 5199 plures
710 5126 865 5199 quam
899 5139 1079 5183 ternos
1105 5126 1241 5180 mitti
1272 5127 1414 5199 leges
1441 5134 1640 5199 vetent.

426 5214 448 5240 ε
484 5194 693 5271 Syagrii
727 5194 1072 5271 consulatum
1115 5211 1281 5271 quem
1328 5194 1581 5271 Gratiano
1623 5194 1915 5271 imperante

352 5288 471 5329 cum
519 5264 755 5325 An'tonio
779 5272 964 5339 gessit,
1006 5264 1342 5339 fastibtnnes
1371 5265 1684 5339 loquuntur,
1714 5264 1915 5339 Afranii

351 5351 659 5414 praenomen
690 5335 827 5414 unus
852 5339 1026 5414 habet
1064 5337 1330 5414 Sidonius.
1382 5335 1530 5414 Quod
1562 5350 1685 5414 vero
1729 5336 1914 5414 Postu-

352 5405 497 5469 inum
540 5411 821 5480 Sj'agrinm
852 5410 902 5462 in
933 5409 1333 5480 commentariis
1363 5408 1474 5461 suis
1514 5405 1744 5480 appellat
1773 5406 1917 5480 Onu-

340 5484 517 5551 ‘frius,
551 5476 674 5536 suo'
701 5481 950 5535 nimirum
982 5494 1127 5534 more
1155 5478 1310 5542 facit,
1356 5493 1469 5551 quo
1518 5479 1656 5530 solet
1686 5477 1764 5529 vir
1792 5476 1914 5551 dili-

350 5548 718 5625 gentissimus,
778 5552 993 5625 nomina
1034 5565 1156 5625 qua:
1205 5549 1371 5625 semel
1422 5550 1471 5600 in
1525 5561 1631 5625 uno
1670 5548 1916 5615 qu0piam

352 5618 635 5694 conjuncta
675 5620 1083 5694 me_minerit_,_in
1109 5620 1354 5694 munibus
1395 5618 1647 5694 copulare
1675 5632 1807 5685 quos
1836 5632 1921 5671 eo-

353 5688 469 5753 tuni
494 5695 672 5762 aliquo
697 5691 913 5745 affectos
936 5690 1210 5762 videt._Sic
1230 5688 1730 5762 enimpostaliquot
1752 5703 1919 5762 annos

353 5759 698 5830 Atticum—qui
723 5763 924 5831 collega
969 5761 1067 5813 fuit
1095 5759 1334 5825 Cmsarii,
1370 5759 1614 5814 Pontium
1649 5760 1920 5830 cognomi-

589 5854 863 5915 l’u‘non.
911 5849 1119 5910 LVIIY.

2018 1893 2350 1961 deferebant,
2384 1910 2514 1964 quas
2538 1896 2768 1950 Arvandi
2806 1899 2977 1953 scriba
2998 1912 3274 1973 correptus
3312 1906 3587 1966 dominum

2017 1985 2247 2041 dictasse
2300 1986 2664 2053 profitebatur.
2716 1988 2840 2044 Hmc
2892 1991 2957 2045 ad
3002 1989 3020 2028 τ
3063 2009 3241 2064 regem
3290 1998 3585 2058 Gothorum

2016 2074 2196 2129 charta
2229 2076 2505 2130 videbatur
2535 2078 2727 2141 emitti,
2761 2094 2945 2147 pacem
2972 2096 3089 2137 cum
3135 2086 3321 2142 Grmco
3363 2090 3587 2160 impera-

2017 2174 2132 2223 tore
2156 2166 2494 2235 dissuadens,
2531 2178 2554 2214 ε
2582 2169 2862 2224 Britannos
2891 2186 3052 2242 super
3078 2175 3469 2244 Ligerimrsitos
3495 2184 3589 2240 int-

2015 2258 2239 2328 pugnari
2271 2267 2521 2327 oportere
2550 2258 2943 2328 demOnstrans,
2973 2262 3001 2302 h
3046 2281 3164 2321 cum
3197 2268 3587 2341 Burgundioni-

2013 2347 2112 2402 bus
2130 2348 2250 2417 jure
2278 2348 2510 2417 gentium
2537 2349 2733 2404 Gallias
2755 2351 2915 2406 dividi
2949 2354 3143 2411 debere
3163 2362 3509 2431 conﬁrmans,
3532 2378 3587 2424 et

2012 2442 2067 2496 in
2118 2443 2261 2497 hunc
2310 2444 2477 2498 ferme
2505 2443 2721 2498 modum
2770 2446 2997 2516 plurima
3048 2451 3254 2519 insana,
3288 2472 3403 2526 quze
3450 2461 3583 2515 iram

2011 2534 2125 2603 regi
2156 2534 2339 2597 feroci,
2375 2532 2587 2603 placido
2611 2538 2983 2593 verecundiam
3003 2540 3273 2601 inferrent
3307 2546 3454 2604 Hanc
3475 2552 3588 2620 cpi-

2013 2626 2204 2681 stolam
2253 2625 2398 2680 laesa:
2433 2627 2531 2697 17
2555 2628 2847 2696 majestatis
2894 2632 3116 2689 crimine
3140 2635 3391 2693 ardenter
3427 2642 3567 2709 juris

2019 2722 2247 2776 consulti
2291 2720 2798 2791 interpretabantur.
2827 2722 2908 2779 Me
2939 2735 2992 2780 et
3025 2726 3040 2762 ί
3075 2728 3397 2799 Auxanium,
3446 2749 3586 2804 prte-

2018 2889 2145 2953 nat,‘
2183 2880 2305 2953 quia
2346 2881 2593 2953 Pontium
2637 2884 2871 2937 Atticum
2895 2899 2991 2953 per
3016 2900 3077 2940 ea
3124 2896 3362 2953 tempora
3413 2894 3582 2949 virum

2017 2950 2594 3030 clarissimum-legerat
2616 2966 2631 3003 :
2650 2966 2770 3005 cum
2804 2950 2986 3030 tamen
3006 2970 3070 3030 ex_
3099 2950 3273 3030 lapide
3298 2963 3581 3030 sepulcrali

2015 3022 2107 3090 qui
2140 3021 2563 3095 Romtegvisitur,
2598 3032 2807 3095 certum
2846 3023 2918 3077 sit
2946 3024 3119 3095 Attici
3155 3021 3320 3095 hujus
3351 3021 3585 3089 consulis

2015 3105 2310 3160 cognomen
2333 3090 2559 3144 Nonium
2594 3091 2779 3159 fuisse,
2808 3108 2913 3148 non
2944 3094 3209 3151 Pontium.
3234 3090 3324 3154 Sic
3352 3110 3404 3155 et
3425 3102 3582 3157 Mari-

2015 3160 2575 3238 nianiLAsclepiodori
2593 3163 2842 3238 _c_oll_eg‘.'e,
2866 3166 3450 3238 nominaconciunans,
3478 3172 3587 3227 Ru-

2015 3232 2141 3306 fi_um_
2167 3230 2542 3306 Praetextatum
2593 3230 2944 3306 Narinianum
2976 3237 3127 3289 finxit
3165 3253 3259 3306 pro
3308 3240 3387 3295 Fl.
3429 3230 3585 3298 Avito

2014 3301 2335 3381 itr_lariniz_ttto2
2381 3311 2438 3381 ut
2481 3304 2532 3356 in
2549 3302 2676 3381 “alio
2718 3301 3358 3381 marmore_appellatur:
3399 3321 3453 3367 et
3487 3329 3585 3381 pro

2014 3372 2269 3428 Petronio
2291 3371 2519 3425 Maximo
2548 3372 2750 3427 Sidonii
2774 3375 2969 3440 nostri,
3000 3371 3241 3431 Anicium
3274 3371 3579 3438 Maximum.

2018 3443 2324 3520 Eodemque
2354 3443 2508 3520 n'io_d_o
2530 3443 2583 3496 in
2613 3443 2731 3496 aliis
2758 3446 3166 3520 compluribus,
3193 3451 3294 3519 ιθ
3335 3467 3467 3520 quos
3499 3456 3583 3509 hic

2020 3513 2277 3587 persequi
2299 3512 2579 3567 consilium
2619 3528 2726 3567 non
2758 3524 2860 3569 est.
2887 3515 2961 3569 De
2985 3512 3413 3587 Syagrio—mitem
3439 3524 3585 3580 dice-

2021 3582 2107 3637 tur
2130 3583 2194 3636 ad
2226 3582 2414 3635 librum
2445 3600 2497 3636 ν.

2093 3650 2134 3733 ξι,
2153 3654 2477 3733 Thaumasto
2498 3652 2822 3733 Apollinaris
2854 3654 3010 3733 fratri
3028 3658 3313 3733 scribitlib,
3343 3678 3395 3725 v,
3423 3664 3574 3733 epist.

2018 3726 2073 3792 6,
2097 3723 2349 3804 Petronio
2388 3723 2709 3791 Arelatensi,
2737 3733 2794 3778 ut
2823 3740 2966 3794 reor,
2992 3723 3492 3795 jurisconsultolib.
3524 3752 3584 3804 tt,

2016 3809 2050 3848 v
2079 3802 2131 3848 et
2163 3808 2274 3846 Vttt.

2091 3873 2115 3900 ο
2137 3862 2694 3930 ρυωνγιιονὶηοὶτιιίυηι
2724 3862 2993 3920 decretum
3021 3866 3086 3922 de
3108 3869 3338 3925 Arvandi
3363 3888 3581 3929 accusa~
3678 3864 3687 3872 ’

2022 3932 2170 4009 tione
2197 3932 2541 4009 continebant
2560 3950 2574 4009 ξ
2584 3932 2729 4009 quod
2752 3932 2885 4009 infra
2917 3938 3234 4009 provinciale
3254 3943 3577 4009 mandatum,

2019 4004 2210 4084 pagina
2233 3998 2515 4084 decretalis
2540 3998 2809 4084 di-citurjn
2840 3998 3095 4084 concione
3124 4008 3459 4084 _Bituricensi.
3487 3998 3580 4069 Le:-

2059 4075 2127 4127 ati
2171 4074 2313 4149 enim
2360 4074 2475 4149 Sine
2506 4074 2736 4149 civitatis
2775 4084 2868 4127 aut
2906 4077 3189 4149 provincia:
3225 4094 3254 4133 a
3283 4095 3383 4149 qua
3433 4085 3582 4139 missi

2048 4145 2239 4216 uerunt
2266 4143 2466 4216 decreti
2499 4144 2693 4216 tabulis
2737 4158 2844 4198 non
2875 4145 3245 4202 audiebantur.
3275 4143 3336 4204 IL.
3367 4166 3425 4216 ιι,
3457 4154 3579 4208 cod.

2022 4213 2257 4282 Tlteod.,
2284 4213 2351 4268 de
2380 4213 2585 4281 legatis.

2098 4283 2118 4321 ί
2154 4283 2427 4347 Euricum,
2458 4283 2549 4353 qui
2580 4283 2914 4361 Theoderico
2941 4286 3113 4361 fratri,
3140 4288 3205 4361 de
3233 4306 3338 4361 quo
3362 4292 3515 4361 epist.
3548 4294 3584 4348 2

1932 4382 1937 4385 -
2024 4355 2247 4419 dictum,
2289 4365 2623 4409 successerat
2661 4362 2784 4409 ante
2832 4356 3120 4413 biennium.
3150 4355 3367 4415 Gri-cus
3396 4355 3581 4418 'autem

2024 4426 2315 4496 imperator
2333 4440 2557 4494 quocum
2582 4439 2763 4496 pacem
2790 4426 2901 4481 fieri
2926 4428 3137 4481 nolebat
3156 4430 3459 4496 Arvandus,
3479 4450 3582 4488 non

2027 4506 2108 4569 est
2136 4495 2269 4569 Leo,
2289 4497 2378 4564 qui
2411 4499 2589 4569 procul
2619 4494 2871 4569 a'Gothis
2886 4498 2935 4550 iu
2958 4498 3174 4553 Oriente
3196 4494 3469 4569 regnabat,
3489 4506 3583 4560 sed

1945 4558 2000 4619 D
2025 4558 2363 4642 Anthemius,
2404 4558 2504 4642 ξιιιί
2535 4566 2757 4642 Romam
2780 4584 2811 4622 e
2837 4567 3045 4642 Graecia
3082 4558 3319 4642 venerat,
3360 4558 3584 4642 ideoque

2023 4638 2366 4711 ab_Arvando
2394 4636 2611 4711 Grmcus
2642 4638 2769 4704 imp.
2805 4652 2898 4711 per
2923 4639 3207 4694 ludibrium
3249 4636 3586 4711 vocatum-ut

2020 4706 2348 4831 ERieimere
2396 4706 2580 4763 Galata
2615 4718 2669 4762 et
2695 4709 2969 4763 Graculus
3005 4711 3142 4777 apud
3189 4706 3492 4768 Ennodiutn
3530 4717 3583 4771 in

2070 4793 2338 4831 DlDtatth.

2107 4793 2338 4831 ιυιιδιιιο.

2107 4795 2117 4830 Ι
2163 4794 2338 4831 1131110.

2070 4794 2116 4894 p5
2128 4794 2469 4923 pArmoricos.
2486 4846 2562 4901 Ne
2588 4848 2705 4923 quis
2726 4847 2791 4923 de
2814 4849 3085 4923 Britannia
3111 4849 3582 4923 insulacogitaret,

2020 4927 2200 4992 notam
2255 4918 2451 4983 adjecit
2498 4933 2611 4992 qua
2643 4919 2906 4992 _Bri_tones
2973 4920 3203 4977 Gallicos
3267 4918 3583 4992 designavit.

2021 4987 2246 5061 Horum,
2263 4987 2683 5061 cumscripserit
2707 4988 2977 5061 Sidonius,
3000 5006 3091 5046 rex
3122 4992 3217 5045 fuit
3246 4987 3546 5049 Riotliimus
3566 5038 3583 5061 ,

2024 5057 2071 5129 is
2096 5074 2251 5127 quem
2281 5059 2524 5121 Euricus,
2548 5065 2607 5111 ut
2630 5058 2924 5114 Jornandes
2944 5058 2999 5113 in
3022 5062 3219 5117 Geticis
3249 5073 3449 5129 narrat,
3471 5057 3586 5119 An;

2024 5128 2225 5210 thetnio
2248 5133 2384 5198 Aug.
2413 5129 2681 5197 suppetias
2711 5129 2971 5185 ferentem
3012 5130 3080 5185 ad
3122 5132 3380 5188 Bituricas
3409 5128 3591 5205 proﬂi-

2058 5214 2185 5251 ἱὶνιῐ.

2058 5214 2119 5250 {iV
2173 5238 2185 5251 .

2022 5213 2058 5349 ἶ
2096 5207 2927 5349 hnUtBritanuiinﬁrmoricis,
2965 5272 3065 5349 sic“
3089 5271 3495 5349 Burgundiones
3534 5279 3589 5335 in

2026 5338 2285 5410 Sequanis
2308 5346 2359 5391 et
2389 5337 2627 5392 ﬁnitimis
2664 5339 2851 5395 Galliae
2888 5342 3098 5410 populis
3138 5337 3295 5400 sedes
3338 5346 3587 5403 ﬁxerant.

2024 5408 2136 5463 Rex
2157 5419 2356 5487 autem
2376 5409 2583 5487 illorum
2606 5408 2982 5487 hoc_te_mpore_
3004 5411 3345 5481 Gttndeucus,
3378 5419 3587 5487 opinor,

2028 5492 2122 5556 seu
2149 5478 2495 5556 Gunduicius,
2522 5478 2861 5536 Gundobaldi
2884 5492 2938 5556 et
2962 5482 3182 5539 fratrum
3215 5478 3429 5554 parens:

2101 5549 2116 5585 ί
2153 5549 2496 5603 Prmfectorio
2518 5560 2668 5619 patre
2692 5562 2869 5605 natum
2894 5552 3125 5609 Arvandi
3154 5549 3333 5611 verbis
3349 5570 3470 5609 mox
3492 5556 3590 5611 do-

2023 5620 2182 5694 cebit.
2233 5620 2335 5694 Sed
2377 5622 2647 5694 Auxanius
2685 5623 2739 5676 in
2771 5621 2935 5677 Gallia
2972 5633 3167 5691 praeter
3196 5625 3334 5678 hunc
3360 5626 3591 5694 insignes

2023 5689 2157 5765 duos
2187 5690 2372 5765 eadﬁem
2406 5692 2757 5765 mtas_liabttit.
2797 5689 3318 5765 Unum—episcopum,
3350 5697 3437 5763 qui
3466 5689 3590 5750 cum

2021 5760 2220 5815 Fausto
2271 5760 2489 5817 Reiensi
2528 5763 2755 5818 Romam
2803 5764 2870 5819 de
2924 5760 3187 5819 Herinetit
3235 5760 3599 5827 Narbonensis

3087 5852 3169 5915 15
