4078 6348
351 302 455 358 859

1606 294 1847 354 διυοΜι
1892 295 2330 354 APOLUNARIS

3496 296 3601 354 ισθ

352 416 738 474 stantissirnum
780 415 951 470 virum
970 455 983 481 ,
1027 421 1283 469 tractatus
1314 411 1415 467 iste
1461 426 1568 466 non
1606 410 1781 478 latuit,
1832 412 1920 482 qui
1946 412 1999 474 Α
2031 418 2089 466 ut
2117 411 2283 466 moris
2309 418 2414 478 est,
2437 424 2465 465 e
2487 408 2703 479 regione
2726 407 3047 465 consistunt.
3070 406 3307 464 Oti‘ertur
3321 406 3601 479 praefecto-

352 506 585 563 Arvandi
636 506 927 570 amicitias,
961 514 1175 575 quoquo
1221 517 1415 575 genere
1463 503 1727 569 incursas,
1781 502 1921 558 inter

354 599 520 665 ipsius
551 598 769 652 adversa
801 596 989 661 vitare,
1026 596 1299 665 perfidum,
1336 596 1641 662 barbarum,
1667 596 1919 666 ignavum

356 691 812 761 computabamus.
839 687 1137 743 Deferimus
1178 678 1336 758 igitur
1366 688 1496 742 nib3l
1524 688 1627 743 tale
1655 689 1916 743 metuenti

358 793 385 822 α
415 794 577 838 tutam
609 781 1006 851 perimacliiam,
1032 794 1188 851 quam
1211 794 1420 835 summo
1438 777 1663 835 artificio
1694 794 1845 835 acres
1868 786 1923 835 et

356 876 584 930 ﬂammei
603 874 703 929 viri
721 875 967 929 occulere
989 874 1039 927 in
1064 882 1271 942 tempus
1288 871 1472 941 judicii
1497 871 1919 928 meditabantur:

356 970 563 1024 scilicet
604 958 659 1021 iit
687 966 1045 1023 adversarium
1078 966 1371 1032 incautum,
1406 976 1457 1020 et
1499 965 1739 1021 consiliis
1767 964 1925 1020 soda-

357 1060 483 1113 lium
515 1059 807 1128 repudiatis
830 1058 927 1113 sibi
958 1058 1053 1111 soli
1079 1066 1282 1112 temere
1306 1056 1560 1112 ﬁdentem
1594 1056 1926 1127 professione

357 1151 599 1220 responsi
634 1150 914 1217 praecipitis
956 1149 1311 1204 involverent.
1342 1149 1574 1203 Dicimus
1614 1163 1770 1218 ergo,
1804 1147 1928 1216 quid

356 1243 532 1308 nobis,
583 1242 706 1311 quid
748 1242 933 1295 amicis
980 1242 1357 1296 secretioribus
1417 1250 1583 1295 tutum
1634 1251 1926 1311 putaretur.

358 1335 653 1389 Siailemus
679 1334 749 1387 nil
778 1334 927 1401 quasi
950 1334 1067 1388 leve
1095 1333 1397 1401 fatendum,
1429 1333 1471 1386 si
1502 1333 1627 1403 quid
1656 1334 1721 1388 ab
1753 1333 1929 1387 inimi-

356 1429 433 1480 cis
458 1436 615 1479 etiam
646 1426 1028 1493 prolevissimo
1054 1425 1418 1494 ﬂagitaretur:
1450 1426 1617 1495 ipsam
1650 1425 1795 1480 illam
1818 1425 1927 1481 dis-

360 1518 752 1572 simulationem
782 1516 1246 1571 tribulosissimam
1282 1517 1414 1584 fore,
1447 1533 1550 1587 quo
1582 1518 1790 1572 facilius
1812 1534 1933 1587 per-

358 1610 623 1663 siiasion‘s
655 1610 996 1664 securitatem
1029 1609 1302 1664 inferrent.
1332 1607 1534 1675 Quibus
1565 1608 1774 1678 agnitis,
1809 1625 1933 1677 pro-

360 1705 483 1773 ripit
532 1718 689 1768 sese;
740 1711 899 1771 atque
945 1702 997 1755 iii
1047 1702 1284 1757 convicia
1329 1704 1502 1756 subita
1534 1716 1928 1773 prorumpens:

2031 503 2157 571 riis,
2188 511 2312 559 ante
2332 502 2711 573 propositionis
2758 502 3058 569 exordium,
3093 501 3180 571 jus
3207 502 3449 558 sedendi.
3501 504 3600 560 Ar-

2033 595 2366 667 vandus‘jam
2413 602 2536 650 tunc
2581 595 2780 652 infelici
2810 595 3134 666 impudentia
3175 597 3384 651 concito
3412 612 3599 666 gressu

2031 689 2223 744 mediis
2264 702 2427 759 prope
2466 687 2702 757 judicum
2734 689 2938 744 sinibus
2968 687 3243 759 ingeritur.
3279 688 3596 762 Ferreolus,

2030 779 2547 836 circumsistentibus
2573 779 2739 835 latera
2768 780 3010 850 collegis,
3058 781 3359 841 verecunde
3380 798 3440 838 ac
3470 783 3603 839 leni-

2031 881 2115 928 ter
2136 873 2187 928 in
2222 872 2330 926 imo
2368 871 2744 927 subselliorum
2786 872 2963 942 Capite
3003 870 3264 933 consedit,
3294 874 3365 927 ita
3409 881 3466 929 ut
3495 888 3598 930 non

1976 1020 1987 1030 ,
2032 967 2209 1021 minus
2233 965 2463 1035 legatum
2505 979 2566 1021 se
2592 980 2747 1034 quam
2779 976 3080 1021 senatorem
3122 970 3596 1025 reminisceretur:

2037 1059 2155 1128 plus
2175 1056 2243 1112 ob
2260 1059 2361 1112 lioc
2390 1066 2570 1127 postea
2596 1057 2841 1112 laudatus
2864 1057 3284 1128 honoratusque.
3314 1060 3447 1114 Dum
3464 1061 3596 1128 hinc,

2032 1159 2085 1206 et
2134 1150 2228 1221 qui
2269 1165 2547 1221 procerum
2586 1150 2884 1216 defuerant,
2924 1150 3227 1217 adfuerunt,
3274 1163 3600 1223 consurgunt

1994 1304 1997 1305 ν
2035 1250 2232 1310 partes,
2264 1239 2530 1309 legatique
2555 1248 2876 1309 praponunt.
2926 1240 3185 1308 Epistola,
3219 1251 3337 1311 post
3383 1243 3597 1313 provin-

2031 1330 2165 1385 ciale
2187 1329 2494 1384 mandatum
2514 1330 2667 1399 cujus
2689 1344 2847 1401 supra
2877 1329 3078 1385 mentio
3100 1329 3235 1386 facta
3263 1340 3367 1401 est,
3397 1332 3600 1403 profer-

2033 1431 2157 1481 tur:
2196 1432 2353 1493 atque
2401 1437 2521 1477 cum
2555 1424 2752 1477 sensim
2798 1424 3135 1491 recitaretur,
3168 1425 3447 1480 Arvandus
3477 1441 3599 1482 nec-

2034 1515 2157 1570 dum
2189 1514 2542 1585 interrogatus
2571 1528 2631 1569 se
2660 1514 2888 1569 dictasse
2915 1514 3225 1585 proclamat.
3256 1515 3598 1586 Respondere

2034 1606 2214 1676 legati,
2238 1621 2536 1676 quanquam
2564 1604 2718 1661 valde
2741 1606 2982 1677 nequiter
3016 1612 3287 1663 constaret
3318 1609 3457 1678 quod
3489 1611 3599 1678 ipse

2035 1699 2307 1756 dictasset.
2339 1703 2407 1755 At
2433 1701 2521 1755 ubi
2552 1715 2610 1755 se
2647 1700 2829 1755 furens
2858 1699 2965 1767 ille,
3003 1712 3363 1771 quantumque
3387 1701 3599 1758 caderet

359 1795 515 1849 Abite
546 1793 858 1863 degeneres,
889 1795 1079 1862 inquit,
1122 1803 1173 1849 et
1205 1794 1554 1863 prtefectoriis
1584 1795 1820 1863 patribus
1842 1796 1923 1848 in-
1954 1787 2004 1849 Β
2034 1792 2266 1860 ignarus,
2300 1792 2380 1847 bis
2424 1801 2610 1862 terque
2640 1792 2865 1862 repetita
2902 1790 3237 1848 confessione
3278 1794 3556 1848 transfodit
3583 1838 3596 1858 ,

358 1890 544 1958 digni,
578 1904 697 1943 cum
745 1891 844 1943 hac
896 1886 1276 1957 superforanea
1326 1889 1713 1959 trepidatione:
1755 1888 1927 1953 milii,

360 1982 483 2051 quia
510 1981 636 2035 nihil
683 1980 995 2049 iiitelligitis,
1038 1981 1173 2034 lianc
1206 1980 1403 2048 negotii
1427 1993 1631 2050 partem
1660 1981 1814 2035 sinite
1840 1997 1932 2035 cu-

358 2076 601 2131 raiidam.
634 2074 774 2128 Satis
817 2073 1069 2127 Arvando
1106 2058 1426 2127 conscientia
1450 2088 1543 2126 sna
1574 2074 1804 2128 sufficit:
1842 2074 1928 2127 vix

358 2166 489 2222 illud
519 2166 774 2233 dignabor
796 2162 1095 2225 admittere,
1121 2171 1179 2217 ut
1200 2163 1444 2218 advocati
1472 2162 1599 2218 mihi
1624 2164 1675 2217 in
1707 2164 1931 2218 act'oni-

359 2256 460 2311 bus
488 2256 899 2327 repetundarum
926 2254 1348 2324 patrocinentur.
1376 2255 1707 2310 Discediiiius
1728 2258 1927 2323 triStes,

358 2358 548 2405 etnon
591 2349 758 2417 magis
808 2347 999 2416 injuria
1040 2363 1197 2416 quam
1248 2362 1480 2402 maerore
1529 2347 1766 2402 confusi:
1814 2346 1934 2417 quis

359 2440 500 2495 enim
534 2440 861 2494 medicorum
885 2439 1006 2507 jure
1032 2446 1327 2505 moveatur,
1362 2438 1570 2507 quoties
1592 2439 1931 2508 desperatum

359 2531 508 2585 furor
543 2530 806 2598 arripiat?
835 2530 979 2583 inter
1007 2528 1123 2583 haec
1152 2544 1275 2582 retis
1306 2541 1489 2583 noster
1510 2544 1688 2593 aream
1721 2530 1934 2598 Capito-

358 2620 520 2674 linam
554 2634 871 2690 percurrere
910 2618 1157 2673 albatus:
1202 2619 1362 2673 modo
1392 2617 1631 2673 subdolis
1662 2617 1937 2673 salutatio-

358 2714 518 2768 nibus
563 2711 731 2783 pasci,
763 2711 924 2767 modo
965 2720 1248 2779 crepantes
1275 2711 1637 2765 adulationum
1677 2710 1845 2766 bullas
1876 2718 1935 2766 ut

357 2815 747 2874 recognoscens
776 2802 1010 2858 libenter
1052 2803 1257 2867 audire,
1299 2805 1403 2877 ιε
1447 2803 1604 2857 modo
1651 2804 1850 2868 serica,
1880 2812 1936 2858 et

358 2910 619 2968 gemmas,
647 2906 701 2951 et
725 2898 954 2965 pretiosa
984 2908 1208 2966 quaeque
1239 2897 1610 2964 trapezitarum
1661 2895 1933 2950 involucra

360 2987 563 3053 rimari,
597 2995 652 3042 et
672 2985 825 3056 quasi
849 2990 1180 3041 mercaturus
1222 2984 1508 3055 inspicere,
1537 2999 1814 3054 prensare,
1843 2983 1934 3039 de-

358 3081 611 3150 pretiare.
643 3076 950 3141 devolvere,
981 3084 1035 3132 et
1055 3077 1192 3130 inter
1213 3075 1475 3145 agendum
1514 3076 1732 3130 multum
1758 3073 1828 3131 de
1851 3075 1929 3132 le-

359 3171 532 3242 gibus,
563 3169 631 3224 de
661 3167 1017 3236 temporibus,
1049 3164 1115 3221 de
1144 3173 1357 3235 senatu,
1391 3165 1463 3225 de
1495 3164 1730 3235 principe
1759 3167 1930 3236 queri,
1960 3165 2005 3229 C

359 3261 503 3331 quod
536 3274 594 3315 se
634 3274 740 3313 non
772 3257 1079 3327 priusquam
1129 3256 1481 3322 discuterent,
1528 3256 1929 3312 ulciscerentur.

360 3350 520 3407 Pauci
543 3350 827 3405 mediidies
842 3367 856 3415 ;
874 3348 918 3403 it
939 3349 989 3403 in
1024 3349 1387 3403 tractatorium
1413 3349 1661 3419 frequens
1685 3360 1930 3417 senatus;

360 3443 441 3497 sic
464 3450 589 3512 post
617 3440 853 3512 comperi
881 3459 893 3492 :
941 3454 1063 3494 nam
1094 3440 1235 3496 inter
1276 3440 1374 3495 ista
1401 3439 1771 3496 discesseram.
1804 3442 1935 3498 Pro-

360 3534 504 3589 cedit
545 3540 727 3586 iioster
755 3530 819 3584 ad
851 3533 1051 3585 curiam
1080 3530 1238 3598 paulo
1273 3540 1396 3586 ante
1418 3530 1672 3586 detonsus
1692 3534 1931 3602 pumica-

362 3636 575 3695 tusque,
604 3640 725 3680 cum
745 3630 1083 3679 accusatores
1112 3621 1437 3692 semipullati
1461 3632 1617 3694 atque
1660 3626 1895 3680 concreti
1913 3668 1927 3690 ,

363 3716 679 3774 nuntiosba
707 3714 1025 3771 decemviris
1068 3713 1424 3784 operirentur,
1473 3724 1526 3770 et
1565 3716 1629 3770 ab
1675 3715 1934 3773 industria

362 3809 589 3880 squalidi
616 3808 1015 3878 pperipuissent
1037 3822 1129 3862 reo
1150 3806 1383 3863 debitam
1406 3808 1806 3864 miserationem
1836 3811 1937 3865 sub

362 3902 563 3960 invidia
592 3899 1006 3957 sordidatorum.
1039 3899 1198 3954 Citati
1237 3898 1698 3967 intromittuntur;
1732 3911 1932 3971 partes,

363 4054 523 4095 causa
554 4039 757 4108 legatus
788 4034 953 4108 llilari
973 4047 1131 4108 papa:
1154 4033 1359 4108 synodo
1390 4032 1648 4108 interfuit,
1677 4044 1739 4108 ut
1764 4033 1929 4108 Hilari

363 4104 907 4181 epistolte'testantur.
924 4105 1163 4158 Alterum
1180 4104 1447 4181 abbatem,
1469 4104 1742 4181 Sidoniani
1770 4106 1930 4181 Abra.

361 4174 446 4236 hie
468 4180 603 4249 apud
630 4182 898 4249 Arvernos
915 4187 1308 4228 successorem:
1333 4175 1398 4229 de
1418 4188 1523 4242 quo
1543 4174 1633 4227 lib.
1660 4189 1751 4239 vii,
1769 4174 1924 4240 epist.

364 4252 430 4306 l7
461 4253 523 4303 ad
557 4248 917 4301 Volnsianum.

346 4354 351 4367 η
437 4329 461 4355 ι
484 4320 675 4371 Totum
707 4320 971 4379 suscepta:
1017 4313 1373 4367 accusationis
1413 4312 1653 4365 ordinem
1685 4322 1738 4366 et
1767 4326 1930 4379 appa-

363 4398 558 4444 ratum.
588 4386 768 4453 Legati
798 4384 961 4445 enim,
995 4396 1115 4435 cum
1163 4382 1357 4453 duplici
1388 4383 1599 4453 actione
1623 4382 1929 4437 Arvandum

2040 1885 2142 1955 19
2171 1883 2493 1938 acclamatur
2535 1883 2601 1939 ab
2635 1884 3051 1947 accusatoribus,
3077 1883 3440 1939 conclamatur
3462 1899 3489 1939 a
3513 1884 3600 1955 ju-

2035 1975 2269 2042 dicibus,
2314 1991 2466 2030 reum
2497 1975 2637 2031 besse.
2683 1976 2978 2045 majestatis
3021 1977 3361 2031 conﬁtentem
3409 1978 3600 2031 teneri.

2035 2066 2114 2123 Ad
2141 2068 2261 2133 hoc,
2296 2079 2349 2123 et
2368 2068 2609 2123 millibus
2639 2067 2983 2123 formularum
3022 2068 3156 2139 juris
3192 2069 3243 2123 id
3275 2069 3602 2125 sancientum

2029 2160 2388 2231 jugulabatur.
2403 2160 2537 2214 Tum
2554 2157 2766 2214 demum
2793 2159 3090 2215 laboriosus
3108 2158 3253 2215 tarda
3273 2160 3508 2231 pmnitud
3518 2161 3601 2216 ine

2036 2252 2370 2322 loquacitatis
2397 2250 2725 2321 impalluisse
2760 2249 3090 2319 perhibetur,
3125 2261 3245 2309 Sero
3274 2266 3601 2322 cognoscetis

2014 2359 2193 2413 .posse
2214 2359 2363 2398 reum
2396 2342 2690 2414 majestatis
2713 2345 3041 2414 pronuntiari
3065 2346 3226 2400 etiam
3251 2358 3372 2400 eum
3394 2344 3483 2413 qui
3501 2360 3602 2400 non

2036 2435 2338 2490 affectasset
2384 2435 2618 2489 habitum
2669 2445 3097 2504 purpuratorum.
3137 2436 3425 2491 Confestim
3454 2438 3602 2505 priviv

2037 2524 2188 2595 legiis
2218 2526 2447 2595 geminae
2468 2525 2829 2594 praelectum,
2863 2540 3019 2596 quam
3051 2538 3145 2595 per
3184 2528 3603 2597 quinquennium

2035 2617 2275 2688 repetitis
2318 2616 2548 2673 fascibus
2592 2627 2844 2686 rexerat,
2890 2627 3266 2687 exauguratus,
3296 2625 3349 2673 et
3387 2617 3603 2689 plebeiae

2036 2710 2250 2765 familiae
2272 2724 2375 2765 non
2405 2718 2463 2765 ut
2502 2709 2736 2777 additus,
2761 2709 2853 2765 sed
2883 2718 2941 2764 ut
2969 2708 3230 2777 redditus,
3263 2710 3469 2779 publico
3490 2720 3602 2764 car-

2035 2801 2144 2857 ceri
2193 2800 2528 2870 adjudicatus
2569 2812 2671 2855 est.
2715 2800 2851 2855 lllud
2900 2815 3030 2856 sane
3058 2800 3601 2865 aerumnosissimum,

2035 2893 2174 2949 sicut
2197 2908 2484 2949 narravere
2506 2892 2595 2961 qui
2613 2891 2884 2959 viderant,
2908 2893 3049 2963 quod
3066 2893 3188 2963 quia
3217 2909 3275 2949 se
3295 2892 3393 2949 sub
3419 2893 3604 2947 atratis

2037 2994 2437 3051 accusatoribus
2476 3000 2794 3049 exornatum
2845 2993 2954 3063 ille,
2989 2994 3313 3063 politumque
3338 2993 3603 3062 judicibus

2038 3096 2312 3161 intulerat,
2342 3092 2501 3167 paulo
2529 3103 2649 3164 post
2675 3109 2793 3149 cum
2822 3093 3107 3150 duceretur
3129 3091 3391 3161 addictus,
3415 3093 3596 3161 miser,

2037 3215 2137 3256 nec
2160 3198 2480 3255 miserabilis
2501 3207 2639 3253 erat.
2655 3197 2784 3262 Quis
2800 3196 2942 3252 enim
2965 3211 3124 3265 super
3144 3205 3284 3252 statu
3305 3197 3420 3267 ejus
3445 3197 3602 3253 nimis

2038 3300 2420 3362 inﬂecteretur,
2450 3311 2607 3367 quem
2638 3294 2843 3353 videret
2870 3305 3175 3351 accuratum
3207 3296 3603 3366 delibutumque

2037 3399 2270 3455 latomiis
2295 3406 2387 3452 aut
2413 3396 2682 3467 ergastulo
2710 3395 2933 3452 inferri?
2961 3397 3067 3453 Sed
3096 3406 3151 3453 et
3171 3398 3374 3467 judicio
3405 3399 3489 3454 vix
3509 3414 3602 3469 per

2037 3497 2423 3555 bebdomadem
2454 3494 2718 3566 duplicem
2748 3495 3243 3566 comperendinato,
3266 3498 3439 3568 capite
3466 3497 3602 3553 mul-

2036 3608 2199 3665 tatus,
2223 3600 2277 3655 in
2304 3600 2577 3669 cyinsnlam
2601 3598 2874 3667 conjectus
2895 3606 2978 3654 est
3002 3598 3268 3668 serpentis
3293 3597 3560 3673 Epidaurii
3585 3617 3600 3655 :

2041 3701 2129 3756 ubi
2161 3714 2330 3769 usque
2355 3699 2419 3754 ad
2453 3699 2786 3753 inimicorum
2808 3697 3048 3753 dolorem
3076 3698 3477 3767 devenustatus,
3500 3711 3554 3757 et
3573 3715 3601 3757 a

2040 3804 2201 3860 rebus
2228 3803 2474 3859 humanis
2502 3802 2665 3859 veluti
2693 3803 2896 3860 vomitu
2921 3801 3147 3857 fortuna:
3178 3803 3482 3857 nauseantis
3509 3819 3601 3858 ex-
3680 3874 3683 3879 η

2044 3914 2249 3974 sputus,
2283 3921 2424 3961 nunc
2444 3900 2471 3941 ἀ
2499 3919 2564 3959 ex
2592 3913 2773 3958 vetere
2822 3902 3281 3958 senatusconsulto
3321 3902 3601 3960 Tiberiano

2038 4035 2172 4090 dens
2217 4036 2572 4106 Hieronymus
2615 4035 2876 4106 adversus
2903 4032 3245 4105 Vigilantium
3272 4075 3285 4098 ,
3320 4033 3601 4106 Senatoria:

2036 4106 2265 4159 videlicet
2293 4104 2554 4177 dignitatis
2581 4116 2717 4169 sunt,
2748 4104 3018 4177 inquiunt
3035 4121 3136 4157 non
3166 4106 3296 4157 inter
3323 4104 3599 4177 homicidas

2038 4179 2290 4229 teterrima
2320 4174 2538 4239 carcere,
2566 4177 2653 4231 sed
2681 4178 2734 4229 in
2763 4175 2921 4229 libera
2941 4175 3243 4242 honestaquc
3272 4174 3518 4237 custodia,
3547 4177 3595 4228 in

2038 4243 2447 4301 Fortunatorum
2467 4246 2667 4311 insutis,
2685 4255 2732 4299 et
2753 4245 2807 4299 in
2823 4245 3028 4313 Campis
3053 4244 3237 4313 Elysiis
3253 4245 3595 4298 recludantur.

2036 4315 2163 4386 Post
2190 4317 2303 4371 haec
2341 4326 2617 4381 comperto
2649 4316 2758 4386 jam
2788 4316 3007 4386 crimine
3038 4315 3478 4386 publicocarceri
3503 4315 3590 4367 ad-

2037 4384 2248 4440 dicitur.
2288 4387 2575 4441 Venuleius
2600 4383 2663 4440 d.'
2686 4387 2830 4451 cod.,
2870 4389 2904 4439 Ι.
2936 4385 3006 4437 5:
3041 4385 3101 4438 Si
3148 4383 3406 4453 confessus
3444 4385 3595 4453 fuerit

363 4457 576 4527 aggredi
602 4448 815 4527 lic'eret,
836 4453 1128 4527 majestatis
1155 4452 1225 4503 ob
1242 4448 1456 4527 litteras
1473 4453 1540 4527 ad
1565 4452 1812 4527 Eurictim
1837 4453 1931 4505 da-
1957 4448 2010 4508 D
2034 4472 2167 4527 reus,
2194 4457 2352 4509 donec
2382 4458 2443 4509 de
2464 4474 2523 4509 eo
2555 4448 2906 4527 pronuntietur
2934 4458 2988 4509 in
3016 4453 3217 4507 vincula
3246 4448 3593 4527 'pultiica'con-

364 4521 464 4591 tas,
489 4535 545 4579 et
563 4526 973 4592 repetundarum
996 4521 1067 4574 ob
1087 4530 1241 4574 notas
1264 4521 1572 4592 posterioris
1605 4521 1930 4588 praefecturae

363 4590 731 4668 νονυιθιίσηβε
756 4593 966 4668 ἷέ⁰¹ἓ¹ῐη
992 4592 1128 4668 ξιξηο
1158 4606 1266 4660 pra:
1293 4605 1355 4668 se
1374 4590 1929 4668 ferebant,_de_m_aji3-

363 4662 501 4723 state
549 4666 723 4718 studio
768 4663 1195 4726 dissimulabant,
1243 4671 1301 4716 ut
1343 4662 1613 4716 incautum
1648 4662 1701 4715 in
1730 4663 1928 4731 judicio

362 4741 785 4805 imparatumque
810 4735 1195 4805 opprimerent.

431 4802 459 4845 Β
482 4804 703 4873 Quidam
728 4806 1007 4871 legendum
1029 4802 1319 4873 conjiciunt
1337 4818 1368 4855 a
1385 4804 1607 4873 quinque
1630 4803 1750 4855 viris
1766 4818 1786 4857 :
1801 4804 1923 4871 quia

361 4871 569 4933 scilicet
597 4876 663 4930 de
686 4884 858 4943 capite
883 4871 1146 4927 senatoris
1176 4888 1296 4927 cum
1326 4871 1577 4941 praefecto
1598 4872 1758 4928 Urbis
1784 4873 1925 4941 judi-

362 4951 554 5003 cabant
576 4948 806 5015 quinque
830 4953 1105 5015 senatores
1136 4953 1282 5015 sorte
1307 4944 1470 5009 ducti,
1496 4959 1560 5015 ex
1590 4944 1707 5014 lege
1738 4945 1921 4999 ultima

361 5020 482 5072 cod.
515 5012 719 5070 Tlieod.
754 5017 850 5085 17
887 5014 954 5068 de
982 5012 1389 5079 Jurisdictinne,
1435 5014 1549 5069 eti.
1593 5012 1687 5068 χιιι
1733 5015 1800 5069 de
1843 5029 1923 5070 ac-

359 5087 736 5141 cusationibus.
760 5084 919 5150 Quod
942 5098 1071 5139 sane
1104 5092 1225 5152 pnst
1253 5084 1457 5138 Sidonii
1497 5084 1656 5140 etiam
1682 5094 1921 5152 tempora

360 5158 719 5220 observatum,
773 5154 947 5223 prodit
994 5154 1253 5223 judicium
1301 5154 1479 5208 Basilii
1525 5164 1579 5209 et
1620 5155 1922 5211 Prmtextati

359 5226 502 5295 apud
551 5226 924 5280 Gassiodorum
953 5225 988 5278 4
1018 5225 1313 5278 Variarum.
1342 5226 1447 5280 Sed
1499 5224 1554 5279 in
1599 5225 1924 5282 decemviris

348 5296 461 5361 ,boc
489 5297 604 5351 loco
626 5296 740 5348 libri
763 5310 949 5351 omnes
970 5296 1328 5349 consentiunt.

435 5378 457 5406 ο
483 5365 794 5432 Esculapii.
817 5367 1036 5432 Triplex
1058 5368 1236 5435 itaque
1262 5367 1315 5420 in
1342 5365 1444 5421 hoc
1464 5365 1667 5435 judicio
1692 5367 1924 5423 Arvandi

347 5438 620 5494 icustodia.
663 5436 893 5490 Primum
915 5437 1059 5492 enim
1090 5437 1270 5491 libera
1299 5438 1557 5491 custodire
1578 5438 1801 5491 traditur
1828 5439 1924 5492 lio-

348 5492 718 5585 fspitiAsello:
747 5507 886 5575 quod
910 5507 1139 5585 hominis
1164 5508 1411 5585 dignitati
1448 5506 1816 5585 ιι-ίὺιιιιιηῃει
1832 5508 1921 5577 ju-

348 5577 499 5645 fdicio
522 5580 753 5633 nondum
786 5580 1095 5641 constituto,
1132 5592 1197 5632 ex
1223 5577 1260 5631 Ι.
1288 5577 1312 5629 1
1336 5577 1391 5632 d.
1429 5578 1495 5632 de
1518 5580 1758 5632 custodia
1802 5595 1921 5633 reo-

347 5652 499 5703 jrum.
527 5652 667 5705 Reos
692 5650 834 5704 enim
871 5649 1126 5717 dignitate
1151 5647 1489 5717 conspicuos,
1521 5656 1578 5701 ut
1604 5661 1880 5703 senatores
1899 5689 1916 5716 ,

2026 4522 2284 4596 jt‘ci'endus
2310 4536 2404 4580 est.
2434 4522 2583 4583 Nunc
2608 4527 2837 4594 denique
2865 4527 3100 4595 judicum
3129 4523 3407 4596 sententiis
3447 4523 3596 4596 damf

2035 4592 2191 4650 natus
2241 4598 2293 4649 in
2342 4597 2566 4650 insulam
2609 4592 2913 4651 Tiberinain
2968 4597 3270 4664 conjicitur,
3312 4592 3484 4647 donec
3530 4595 3593 4646 ad

2036 4667 2328 4734 principem
2362 4667 2643 4722 referatur.

2103 4734 2131 4772 ἀ
2158 4737 2309 4803 Quod
2331 4736 2527 4791 Tiberii
2553 4737 2773 4807 Augusti
2808 4738 2960 4801 jussu
2990 4737 3184 4791 factum
3213 4742 3316 4798 est,
3338 4741 3404 4807 ⁸ιιι
3429 4747 3597 4807 poena:

2031 4805 2399 4861 damnatarum
2423 4824 2451 4861 a
2484 4803 2743 4862 senatuin
2784 4807 3047 4861 decimum
3084 4819 3296 4872 semper
3321 4803 3462 4858 diem
3497 4803 3597 4856 dif-

2030 4874 2330 4941 ferrentur;
2364 4887 2421 4931 ut
2444 4888 2661 4933 narrant
2705 4877 2922 4932 Tacitus
2961 4892 3015 4931 iii
3047 4876 3264 4939 Annal.,
3292 4883 3344 4927 et
3379 4873 3474 4927 Dio
3500 4874 3593 4926 lib.

2031 4962 2157 5002 Lvn.
2187 4948 2384 5002 Verum
2424 4948 2672 5003 Arvando
2703 4962 2861 5017 poena
2896 4962 3001 5000 non
3032 4944 3354 5017 to,s_ed_50
3392 4944 3596 4997 dierum

2030 5019 2202 5087 spatio
2232 5018 2413 5072 dilata.
2439 5020 2613 5086 Quare
2633 5014 2814 5073 Justus
2844 5016 3055 5084 Lipsius
3096 5014 3378 5087 Sido_nium
3405 5028 3597 5087 metuo-

2029 5083 2107 5158 ria
2133 5089 2337 5157 lapsum
2361 5083 2588 5155 censuit,
2604 5088 2695 5158 qui
2715 5083 3181 5158 senatuscgnsiilto
3205 5083 3488 5158 Tiberiano
3508 5084 3599 5158 t_ri-

2029 5157 2155 5230 blla!
2184 5152 2325 5230 quod
2356 5152 2634 5228 proprium
2661 5165 2777 5214 erat
2815 5157 2947 5230 legis
2977 5153 3364 5230 T_lieodosian:n
3403 5152 3463 5207 Si
3494 5153 3600 5230 vin:

2012 5223 2215 5304 ἱςίίσιιινίς
2245 5223 2373 5304 cod;
2402 5223 2469 5284 de
2498 5232 2691 5304 pinnis,
2723 5241 2840 5304 quae
2872 5223 2989 5304 dies
3010 5223 3081 5277 '50
3115 5237 3324 5304 pinnam
3347 5223 3600 5304 suspendi

2014 5289 2211 5367 ‘jussit;
2255 5300 2358 5355 Sed
2413 5289 2514 5353 nos
2542 5289 2865 5369 politissima
2906 5295 3025 5348 viro
3054 5289 3313 5369 assentiri
3351 5289 3457 5348 res’
3488 5293 3600 5360 ipsa

2028 5363 2192 5424 vetat.
2221 5369 2427 5424 Etenim
2456 5363 2555 5422 lex"
2582 5366 2889 5431 Theodosii,
2919 5374 2981 5421 ut
3009 5364 3171 5419 verba
3199 5363 3491 5427 declarant,
3516 5378 3602 5417 so-

2032 5440 2133 5493 litis
2163 5441 2412 5508 principis
2441 5438 3029 5508 sententiascoercuit,
3070 5434 3601 5508 senatusconsultum

2030 5510 2141 5563 sola
2164 5502 2387 5562 senatus
2413 5507 2629 5576 judicia,
2660 5516 2717 5561 ut
2739 5506 2837 5561 Dio
2855 5502 3025 5562 notat.
3053 5504 3289 5560 Arvandi
3311 5518 3437 5558 vero
3465 5502 3601 5576 judio

2027 5580 2168 5633 cium
2200 5573 2520 5631 senatorium
2548 5579 2666 5641 fuit,
2693 5593 2755 5632 ac
2783 5577 3092 5647 proindeex
3111 5573 3603 5647 senatusconsulto,

2027 5663 2134 5703 non
2164 5663 2226 5703 ex
2258 5651 2371 5717 lege
2399 5644 2804 5707 moderandum.
2831 5648 2984 5717 Quod
3012 5646 3176 5718 igitur
3190 5646 3274 5718 _'50
3298 5644 3415 5718 dies
3439 5657 3603 5718 sena—-

348 5728 483 5779 .aute
502 5722 841 5781 probationes
882 5712 1090 5775 carceri
1135 5734 1241 5774 non
1271 5712 1604 5776 addicebant.
1636 5721 1752 5779 Quo
1778 5712 1916 5774 altu;
2025 5712 2354 5775 tusconsulto
2376 5719 2616 5780 ascribit.
2636 5712 2959 5779 argumento
2980 5712 3061 5772 es't
3083 5716 3151 5771 ad
3172 5716 3291 5768 dies
3316 5714 3385 5767 to
3404 5712 3610 5768 rem

1872 5812 2039 5834 πένῃ-Ἰ
2076 5836 2081 5840 .
2121 5837 2123 5839 .
