2039 3174
182 135 233 166 461

829 137 1068 168 ωδτοιηυυ
1088 139 1152 167 LIB.
1172 151 1193 168 ι.

1757 139 1812 170 401

183 195 293 230 triginta
308 193 411 222 dierum
427 194 509 222 vitam
525 199 586 229 post
599 196 758 223 sententiam
770 197 862 231 trahit,
874 204 970 225 uncum
984 199 1012 229 Α
1025 201 1080 231 tur,
1104 196 1212 224 student
1225 196 1284 231 pilae
1298 203 1390 230 senes,
1404 197 1455 232 αι
1469 196 1535 225 alea
1554 196 1683 231 juvenes,
1703 201 1714 215 ο
1728 197 1811 227 armis

184 248 210 272 et
220 242 372 278 gemonias,
388 247 416 269 et
431 242 553 276 laqueum
570 250 616 278 per
629 243 710 271 horas
725 244 869 272 turbulenti
883 246 974 273 carni-

184 288 241 316 ficis
251 288 424 315 horrescens.
439 288 491 315 Nos
502 288 623 323 quidem,
637 293 716 323 prout
731 290 860 324 valemus,
876 291 973 318 absen-

185 340 225 363 tes
240 340 439 370 praesentesque
455 340 515 363 vota
531 335 653 368 facimus,
681 344 775 371 preces
800 337 974 373 supplicatio-

184 390 285 418 nesque
309 382 489 417 geminamus,
511 386 540 409 ut
563 389 696 417 suspenso
719 383 773 411 ictu
797 385 852 418 jatn
865 384 974 418 jamque

183 429 320 458 mucronis
334 429 445 461 exserti,
462 428 549 463 pietas
570 429 687 464 Augusta
703 432 876 464 seminecem,
891 438 973 465 quan-

183 483 262 511 quam
275 475 329 510 20
341 474 482 509 publicatis
503 474 592 506 bonis,
608 474 650 502 vel
666 479 679 493 ι
693 475 789 503 exsilio
808 480 973 503 muneretur.

183 522 231 550 Ilio
247 527 346 554 tamen,
371 528 419 549 seu
433 524 571 555 exspectat
591 525 709 549 extrema
723 529 850 557 quisque,
864 529 912 550 seu
926 530 973 550 suo

183 568 284 602 stiuet,
299 567 434 595 infelicius
454 567 520 594 nihil
531 572 590 601 est,
605 567 628 594 si
649 571 710 602 post
724 572 761 595 tot
782 573 859 596 notas
872 568 974 597 inustas

183 613 424 648 contumeliasque,
438 613 539 648 aliquid
563 620 635 641 nunc
653 614 769 649 amplius
790 621 869 650 quam
883 614 974 643 vivere

183 658 270 687 timet.
293 659 367 686 Vale.

452 704 618 732 EPISTOLA
640 705 707 733 VIII.

319 750 446 780 Sidonius
456 749 470 770 δ
485 749 647 778 Candidiano
662 759 708 778 suo
722 751 840 785 salutem.

218 796 316 828 Morari
338 805 381 824 me
394 797 485 824 Romae
511 797 727 833 congratularis:
750 798 775 825 id
792 803 881 825 tamen
896 798 972 833 quasi

184 844 286 876 facete.
309 849 337 872 et
357 844 540 879 fatigationum
557 844 656 872 salibus
681 844 814 872 admixtis.
840 845 886 872 Ais
899 845 971 872 enim

1025 242 1149 275 eunuchi,
1168 242 1263 270 litteris
1279 243 1410 270 fmderati.
1422 243 1461 270 Tu
1480 242 1540 270 vide
1551 242 1638 277 qualis
1657 243 1692 270 sit
1703 243 1808 277 civitas,

1026 289 1070 317 ubi
1092 289 1140 317 tibi
1156 289 1196 317 lar
1210 289 1347 317 familiaris
1361 290 1495 323 incolitur,
1511 297 1571 324 quae
1588 288 1597 308 τ
1614 289 1717 317 facilius
1731 291 1808 318 terri-

1025 336 1123 363 torium
1143 336 1229 370 potuit
1252 336 1351 363 habere
1374 344 1452 370 quam
1477 340 1587 363 terram.
1603 336 1732 370 Quocirca
1753 345 1811 364 me-

1025 387 1116 409 mento
1129 382 1243 409 innoxiis
1258 382 1440 416 Transalpinis
1450 383 1694 417 esseparcendum,
1714 383 1810 418 quibus

1024 429 1084 456 cmli
1105 428 1147 456 sui
1157 429 1220 456 dote
1233 429 1377 462 contentis,
1394 436 1446 456 non
1457 429 1566 463 grandis
1580 429 1664 464 gloria
1677 429 1766 463 datur,
1786 429 1808 457 si

1024 474 1186 502 deteriorum
1197 474 1342 502 collatione
1352 474 1509 502 clarescant.
1523 474 1595 502 Vale.

1297 541 1463 570 EPISTOLA
1482 540 1528 568 IX.

1176 600 1301 628 Sidonius
1317 604 1329 623 8
1345 599 1459 626 Heronio
1478 607 1525 626 suo
1538 598 1655 626 salutem.

1058 657 1121 684 Post
1132 657 1238 692 nuptias
1249 656 1353 691 patricii
1367 656 1517 689 Ricimeris,
1528 656 1555 683 id
1567 661 1619 688 est,
1631 660 1691 691 post
1701 656 1805 691 imperii

1023 705 1161 739 utriusque
1184 711 1250 738 opes
1274 703 1441 735 eventilatas,
1464 703 1571 730 tandem
1595 702 1710 729 reditum
1727 703 1808 730 estin

1023 749 1156 784 publicam
1172 749 1323 776 serietatem
1336 771 1343 783 ,
1367 755 1427 783 qua:
1440 748 1519 775 rebus
1540 747 1681 775 actitandis
1699 747 1807 782 janusm

1022 803 1198 831 campumque
1214 795 1347 830 patefecit.
1359 794 1462 822 Interea
1483 801 1531 821 nos
1545 792 1560 812 ιι
1579 793 1653 821 Pauli
1668 793 1810 828 praefecto-

1022 841 1054 869 rii
1069 846 1122 869 tam
1143 841 1264 868 doctrina
1287 848 1366 875 quam
1391 840 1533 867 sanctitate
1559 839 1718 867 venerandis
1746 839 1810 866 lari-

183 890 301 926 gaudere
314 894 352 924 te,
368 890 438 925 quod
454 890 596 926 aliquando
611 892 778 919 necessarius
789 896 850 918 inus
865 891 969 919 videam
985 884 1009 914 Β
1023 887 1072 914 bus
1098 887 1201 921 excepti
1214 908 1222 921 ,
1241 886 1355 914 comiter
1376 885 1481 913 blandae
1508 884 1695 919 hospitalitatis
1716 884 1811 912 officiis

183 938 279 972 solem,
287 945 366 971 quem
378 937 469 972 utique
480 944 541 964 raro
551 937 652 964 bibitor
664 938 785 965 Ataricus
798 937 969 973 inspexerim.

181 982 298 1010 Nebulas
312 982 384 1010 enim
399 982 465 1009 mihi
487 990 607 1010 meorum
633 983 848 1018 Lugdunensium
872 991 972 1018 expro-

182 1029 254 1062 bras,
276 1034 302 1057 et
311 1029 383 1056 diem
407 1029 529 1063 quereris
549 1029 625 1056 nobis
646 1030 775 1056 matutina
797 1030 911 1065 caligine
923 1030 971 1057 ob-

181 1080 313 1104 structum
327 1076 372 1103 vix
389 1075 536 1103 meridiano
554 1076 657 1103 fervore
670 1076 793 1103 reserari.
811 1076 843 1103 Et
857 1080 883 1103 tu
905 1076 970 1103 mihi

183 1122 242 1149 hac
264 1123 315 1149 ista
329 1121 475 1149 Casenatis
496 1121 566 1148 furni
581 1121 668 1156 potius
686 1129 765 1156 quam
784 1122 874 1157 oppidi
888 1129 969 1149 verna

183 1164 335 1192 debiateras
345 1165 357 1191 ‘i
368 1165 406 1192 De
418 1165 494 1199 cujus
506 1165 600 1192 natalis
612 1165 659 1192 tibi
675 1165 735 1197 soli,
755 1165 796 1192 vel
807 1165 970 1200 jocundit'ite

183 1210 226 1238 vel
239 1210 399 1243 commodo;
416 1210 477 1245 quid
489 1210 568 1238 etiam
579 1211 767 1246 ipseseutircs,
789 1211 851 1238 dum
860 1213 967 1246 migras,

180 1256 318 1284 indicasti:
335 1257 371 1284 ita
392 1260 481 1284 tamen
501 1258 570 1292 quod
593 1261 619 1285 te
633 1256 766 1285 Ravenna:
781 1258 885 1286 felicius
895 1266 971 1286 exsu-

180 1301 290 1333 Iantem,
317 1302 426 1329 auribus
450 1301 557 1329 Padano
577 1302 661 1330 culice
674 1303 812 1337 perfossis,
824 1304 970 1338 municipa-

180 1347 244 1375 lium
256 1355 382 1375 ranarum
394 1347 490 1383 loquax
500 1348 577 1375 turba
589 1347 754 1375 circumsilit.
769 1348 795 1375 In
811 1357 863 1384 qua
874 1349 969 1384 palude

181 1393 364 1422 indesinenter
379 1401 467 1421 rerum
483 1394 602 1421 omnium
618 1394 676 1429 lege
695 1402 830 1428 perversa,
845 1395 913 1422 muri
927 1403 970 1422 ca-

181 1440 259 1473 dunt,
275 1448 351 1476 aqua:
363 1446 446 1474 stant,
466 1444 554 1468 turres
566 1440 650 1468 fluunt
660 1460 668 1473 ,
685 1448 766 1468 naves
780 1442 874 1469 sedent
888 1443 969 1477 ,aegri

179 1485 361 1518 deambulant,
376 1485 469 1513 medici
483 1486 584 1520 jaceat,
600 1485 690 1520 algent
707 1486 814 1519 balnea,
831 1486 968 1514 domicilia

179 1530 355 1566 conﬂagrant,
377 1531 471 1558 sitiunt
484 1531 548 1564 vivi,
565 1535 657 1558 natant
676 1531 784 1566 sepulti,
801 1532 912 1567 vigilant
926 1532 968 1560 fu-

179 1584 233 1611 res,
250 1576 386 1604 dormiunt
408 1581 565 1612 potestates,
582 1582 593 1596 ο
611 1577 766 1605 fenerantur
778 1578 887 1613 clerici,
907 1579 968 1614 Syri
980 1570 1004 1603 α

180 1622 312 1657 psallunt,
327 1622 341 1641 ἀ
355 1624 537 1658 negotialem
557 1623 671 1651 militant
682 1644 690 1657 ,
707 1624 805 1652 milites
830 1626 968 1660 negotian-

181 1704 405 1732 senatusconsulti
414 1704 560 1732 accessisse
570 1708 661 1738 postea
674 1704 739 1740 (quo
749 1708 800 1731 tem
805 1712 869 1739 pore
880 1705 968 1733 incer-

179 1740 246 1774 tum)
261 1740 318 1767 dies
332 1740 399 1767 alios
410 1740 456 1772 20,
473 1744 501 1768 et
522 1743 610 1767 tamen
633 1740 720 1768 eidem
736 1741 969 1768 senatusconsulto

180 1775 293 1802 tributos
307 1775 400 1808 fuisse,
412 1782 464 1811 quo
473 1782 548 1802 more
559 1775 662 1811 legibus
674 1774 760 1807 Juliis,
778 1776 891 1810 aliisque
902 1776 969 1803 mul-

181 1815 206 1838 ta
223 1818 281 1845 qum
293 1811 345 1837 illis
359 1816 450 1845 postea
461 1811 564 1844 adjecta
575 1810 692 1843 fuerunt,
709 1810 789 1838 tribui
802 1811 890 1839 solere
900 1812 968 1846 juris

180 1845 341 1880 interpretes
351 1847 539 1873 observarunt.

215 1885 229 1899 ι
245 1882 301 1908 Hoc
314 1881 416 1908 Sidonii
433 1881 557 1916 precibus
570 1881 736 1909 concessisse
746 1881 852 1909 videtur
864 1882 967 1910 Anthe-

180 1916 259 1944 mius.
274 1916 338 1943 Nam
351 1916 537 1949 Cassiodorus,
550 1916 647 1944 Paulus
658 1916 787 1944 diaconus
801 1922 828 1944 et
843 1917 898 1951 alii,
919 1918 969 1944 Ar-

180 1952 295 1979 vandum
309 1952 384 1986 jusui
399 1952 533 1980 Anthemii
544 1959 596 1979 non
611 1957 707 1987 morte,
724 1953 770 1980 sed
786 1953 881 1980 exsilio
897 1953 968 1980 mtil~

181 1991 262 2014 latum
278 1987 408 2014 scribunt.

214 2022 229 2042 δ
242 2023 302 2050 Fuit
314 2024 335 2049 is
349 2024 472 2050 Caesenas
485 2023 580 2057 patria,
596 2023 643 2051 sed
658 2022 739 2050 domo
750 2023 901 2051 Ravennas.
916 2024 969 2050 Ra-

181 2065 294 2085 vennam
310 2059 380 2085 enim
405 2059 540 2092 migrarat.
556 2058 623 2086 Huic
651 2066 714 2086 vero
740 2059 916 2092 cognominis,
942 2063 968 2086 et

181 2094 225 2127 qui
242 2101 288 2127 per
303 2098 407 2120 aetatem
427 2101 492 2121 avus
516 2101 575 2121 esse
591 2095 686 2128 potuit,
698 2093 877 2121 (Iandidianus
890 2095 966 2129 alter,

180 2130 224 2190 Fui
237 2133 329 2156 contra
349 2129 478 2156 Joannem
504 2135 645 2165 tyrannum
660 2130 691 2155 ad
712 2130 864 2156 Ravennam
886 2131 968 2157 multa

190 2168 282 2190 orttter
306 2165 400 2190 cessit:
417 2165 450 2190 de
465 2172 516 2190 auo
541 2166 609 2190 inter
634 2165 700 2190 alios
718 2165 926 2190 Olvmniodorns
943 2167 968 2190 in

190 2165 450 2201 Ortiterrges‘sitrde
465 2172 516 2199 quo
541 2166 609 2192 inter
634 2165 700 2192 alios
718 2165 926 2201 Olympiodorus
942 2167 968 2193 in

181 2200 313 2233 excerptis
327 2199 423 2226 Photii.

219 2235 270 2270 18
286 2240 296 2253 ε
315 2234 410 2271 Procul
432 2240 508 2262 erant
528 2243 542 2262 a
559 2235 657 2263 fenoris
676 2239 778 2271 quaestu
790 2235 890 2269 clerici,
902 2244 968 2271 quos

181 2276 287 2310 quoquo
298 2270 378 2297 modo
392 2270 546 2310 fenerentur
556 2270 776 2310 ordine~niover3
791 2270 969 2310 καθαιρεῖξτθαι

181 2309 222 2344 fovi
237 2307 460 2344 xlﬁpauﬂcanones
474 2306 579 2340 jubent.
593 2307 773 2344 AtSyrorum
794 2315 837 2335 ars
861 2306 968 2342 propria

181 2339 307 2368 fenerar'i.
324 2341 411 2373 Quare
426 2339 554 2376 Syrorum
568 2339 674 2369 nomine
689 2339 869 2370 feneratorum
886 2339 969 2377 genus

180 2381 258 2402 omne
269 2378 424 2410 complexus
435 2381 485 2409 est,
499 2381 527 2403 ut
535 2377 673 2404 Salvianus
685 2377 731 2405 lib.
744 2385 769 2404 tv
778 2378 811 2405 de
821 2379 967 2406 Providen-

181 2410 215 2437 tia
229 2419 249 2449 εἱ
262 2411 457 2449 Consideremus
471 2412 540 2439 solas
564 2413 750 2449 negotiatorum
772 2418 794 2440 et
815 2414 966 2449 Syricarum

180 2447 294 2473 omnium
306 2447 403 2479 turbas,
416 2455 474 2482 qua:
488 2447 612 2482 majorem
625 2447 703 2482 ferme
717 2447 849 2476 civitatum
864 2450 965 2477 univer-

180 2488 309 2518 ttersarum
322 2488 418 2516 partem
432 2487 597 2518 occuparunt.

215 2515 231 2554 ἦ
243 2516 301 2543 Non
314 2518 399 2554 solum
410 2515 525 2554 armata,
539 2518 586 2546 sed
597 2519 669 2546 omni
681 2525 790 2554 prorsus
809 2519 901 2547 militia
917 2527 964 2548 ne-

179 2552 323 2589 gotiatores
339 2553 474 2587 prohibiti.
491 2554 575 2582 Cod.:
591 2552 776 2589 Negoti‘atores
788 2562 822 2582 ne
838 2555 962 2583 militent.

179 2587 305 2615 Militibus
320 2596 425 2616 rursum
441 2596 494 2616 non
507 2590 563 2617 sola
586 2587 746 2624 mercatura,
770 2590 816 2617 sed
831 2591 881 2618 alia
898 2598 964 2624 quo-

179 2629 231 2659 que
244 2623 338 2659 privati
353 2631 418 2651 usus
430 2625 535 2659 negotia
555 2625 704 2653 interdicta.
718 2625 878 2653 Ambrosius
893 2623 938 2653 lib.
958 2634 967 2654 ι

179 2658 216 2696 de
223 2658 342 2696 Officiis:
357 2659 457 2687 Etenim
468 2658 494 2687 isi
506 2662 526 2688 is
537 2661 578 2695 qui
590 2662 736 2696 imperatori
750 2661 841 2688 militat
853 2670 868 2689 a
882 2669 969 2689 susce-

179 2694 310 2732 ptionibus
320 2695 413 2728 litium,
426 2700 485 2723 actu
498 2694 654 2732 negotiorum
665 2698 816 2732 forensium,
827 2697 968 2725 venditione

179 2731 304 2769 mercium
327 2732 478 2769 prohibetur
495 2731 619 2769 humanis
641 2731 756 2769 legibus;
777 2738 870 2767 quanto
885 2733 968 2769 magis

179 2765 223 2805 qui
243 2765 304 2805 fidei
315 2772 410 2805 exercet
423 2768 542 2795 militiam
550 2767 580 2794 ab
592 2765 723 2796 omnivusu
730 2765 909 2804 negotiationis
923 2765 968 2795 ab-

179 2801 272 2827 atincre
283 2801 365 2828 debet.

180 2858 202 2877 ._
216 2840 236 2877 ε.
244 2836 360 2877 Militare
374 2838 587 2877 eunuchos‘jure
597 2847 650 2866 non
665 2840 782 2877 potuisse
797 2841 881 2875 arguit
896 2840 940 2877 lex
953 2840 971 2866 4

179 2867 211 2904 δ.
219 2871 255 2900 de
267 2879 298 2901 re
306 2873 417 2902 militari
430 2882 439 2902 ;
453 2879 481 2903 et
493 2867 657 2903 Claudianus
665 2867 696 2902 in
711 2867 877 2910 Eutrropiti'm,
889 2876 969 2902 Arma

1023 933 1223 961 excolebamur.
1254 932 1338 960 Porro
1361 938 1414 959 non
1443 931 1493 958 isto
1516 931 1656 965 quisquam
1683 929 1744 957 viro
1769 933 1810 957 est

1022 981 1049 1008 in
1078 980 1150 1007 omni
1179 980 1276 1007 artium
1303 985 1404 1014 genere
1426 977 1603 1012 praestantior.
1626 977 1697 1004 Deus
1722 977 1807 1011 bone,

1021 1035 1081 1063 quin
1095 1027 1140 1054 ille
1155 1025 1382 1061 propositionibus
1396 1024 1536 1058 aenigmata
1548 1043 1555 1055 ,
1577 1022 1715 1050 sententiis
1734 1022 1810 1049 selte-

1021 1077 1112 1104 mata,
1148 1071 1266 1099 versibus
1299 1074 1452 1102 commata,
1484 1068 1574 1104 digitis
1608 1068 1810 1097 mechanemata

1022 1119 1102 1147 facit?
1121 1119 1186 1146 Illud
1201 1123 1290 1146 tamen
1306 1118 1332 1145 in
1351 1117 1446 1145 eodem
1460 1116 1607 1144 studiorum
1621 1115 1740 1143 omnium
1754 1115 1810 1142 cul-

1021 1174 1081 1194 men
1104 1165 1259 1199 antevenit,
1282 1164 1352 1200 quod
1376 1163 1457 1191 habet
1477 1163 1539 1190 huic
1552 1162 1678 1190 eminenti
1693 1161 1810 1189 scientia:

1019 1212 1210 1240 conscientiam
1234 1210 1411 1246 superiorem.
1434 1209 1516 1244 Igitur
1532 1215 1578 1243 per
1593 1208 1664 1235 hunc
1683 1208 1808 1242 primum,

1020 1258 1042 1284 si
1058 1259 1117 1292 quis
1131 1264 1237 1292 quoquo
1252 1256 1330 1284 modo
1350 1256 1437 1283 aulam
1452 1254 1543 1290 gratia
1560 1254 1663 1287 aditus,
1679 1254 1788 1289 expiem
1801 1261 1809 1280 :

1020 1310 1079 1330 cum
1096 1303 1147 1329 hoc
1159 1302 1277 1335 confero,
1293 1302 1400 1336 quinam
1415 1300 1583 1335 potissimum
1599 1307 1738 1334 procerum
1751 1306 1811 1334 spe-

1021 1349 1069 1375 bus
1085 1348 1184 1376 valeret
1197 1348 1297 1376 nostris
1312 1348 1447 1383 opitulari.
1462 1347 1515 1375 Nec
1530 1355 1595 1374 sane
1607 1347 1688 1374 multa
1703 1351 1811 1374 cuncta-

1020 1394 1066 1427 tio,
1084 1394 1145 1429 quia
1161 1394 1247 1429 pauci,
1264 1394 1297 1421 de
1311 1401 1424 1429 quorum
1440 1392 1562 1427 eligendo
1574 1392 1720 1427 patrocinio
1732 1392 1810 1420 dubi-

1020 1444 1131 1466 taretur.
1159 1439 1243 1467 Erant
1266 1439 1375 1474 quidem
1406 1439 1433 1465 in
1456 1443 1549 1466 senatu
1574 1438 1695 1473 plerique
1716 1438 1810 1473 opibus

1020 1485 1102 1519 culti,
1117 1492 1215 1520 genere
1233 1486 1285 1520 22
1306 1484 1451 1517 sublimes,
1473 1489 1551 1512 astate
1574 1490 1684 1519 graves,
1699 1483 1811 1512 consilio

1020 1532 1116 1565 utiles,
1138 1531 1266 1567 dignitate
1288 1531 1370 1565 elati,
1391 1531 1546 1566 dignatione
1569 1538 1747 1559 communes:
1763 1530 1810 1559 sed

1020 1584 1123 1609 servata
1140 1587 1205 1615 pace
1218 1579 1397 1614 reliquorum,
1412 1579 1466 1606 duo
1484 1578 1675 1614 fastigatissimi
1688 1577 1812 1606 consula-

1020 1632 1075 1659 res,
1094 1625 1102 1644 ί
1121 1624 1273 1654 Gennadius
1286 1624 1421 1659 Avienus,
1438 1624 1486 1653 et!
1505 1623 1611 1652 Caecina
1626 1623 1739 1652 Basilius
1756 1631 1811 1660 pra:

1021 1706 1136 1741 relinque
1151 1705 1222 1733 viris.
1239 1704 1484 1739 Fmderatiautem,
1499 1711 1567 1740 quos
1581 1704 1678 1733 iterum
1693 1705 1812 1735 nominat

1020 1741 1067 1768 lib.
1082 1748 1111 1773 II.
1127 1741 1236 1775 epistola
1260 1749 1321 1774 xui,
1339 1741 1452 1768 militum
1472 1747 1557 1775 genus
1578 1746 1679 1768 eraute
1692 1741 1812 1769 barbaris

1019 1776 1154 1811 gentibus,
1177 1784 1236 1810 qute
1253 1784 1300 1810 pro
1324 1776 1449 1811 Romanis
1465 1775 1629 1810 principibus
1650 1776 1810 1804 militabant.

1019 1810 1047 1839 In
1060 1812 1155 1847 quibus
1180 1811 1255 1838 lacile
1276 1812 1409 1847 principes
1425 1810 1580 1847 GothiLqui
1600 1818 1615 1838 a
1635 1811 1812 1839 Constantino

1020 1847 1133 1882 primum
1158 1847 1283 1874 conducti
1308 1846 1498 1874 fmderatorum
1525 1846 1588 1882 inde
1607 1854 1704 1882 nomen
1726 1847 1812 1875 sortiti

1019 1884 1188 1920 ξιιηιεΓοςθοί
1200 1882 1344 1920 φοιδοράῖρνι
1359 1883 1384 1909 in
1401 1883 1516 1920 epitome
1525 1881 1755 1920 NovellaeAGraecae
1768 1883 1810 1910 ii.

1019 1918 1071 1945 Sed
1088 1916 1233 1945 foederatos
1245 1916 1276 1944 eri
1294 1917 1353 1944 aliis
1375 1918 1455 1944 etiam
1477 1916 1601 1951 gentibus
1622 1917 1709 1944 dictos
1734 1917 1812 1946 docet

1019 1953 1226 1989 Olympiodorus
1240 1953 1265 1979 iu
1278 1953 1411 1989 excerptis
1419 1952 1517 1982 Photii,
1527 1956 1553 1978 et
1565 1952 1668 1979 novella
1679 1952 1711 1979 51
1724 1952 1812 1989 Theo-

1019 1988 1098 2022 dosii,
1113 1996 1171 2022 quae
1187 1990 1348 2014 Sarracenos
1365 1988 1510 2015 fmderatos
1525 1991 1728 2014 commemorat.
1745 1988 1810 2016 Item

1020 2024 1168 2058 Procopius
1182 2031 1189 2050 ι
1206 2023 1267 2050 belli
1281 2023 1392 2050 Persici.

1058 2058 1067 2078 ί
1085 2057 1197 2093 Propter
1217 2058 1392 2086 circumfusas
1404 2057 1523 2092 paludes,
1533 2065 1603 2093 iquae
1616 2061 1695 2085 terra:
1708 2062 1809 2092 partem

1021 2092 1161 2130 occupant,
1178 2094 1289 2128 ejusque
1305 2102 1380 2120 nsum
1398 2097 1508 2130 negant,
1532 2092 1580 2130 Est
1604 2093 1676 2120 enim
1704 2095 1811 2130 proprie

1021 2128 1095 2157 terra
1103 2138 1162 2164 qua:
1177 2134 1267 2156 aratur
1282 2134 1309 2157 et
1319 2129 1429 2155 colitur:
1445 2128 1611 2156 territorium
1625 2135 1732 2164 quoquo
1745 2129 1810 2156 civi-

1021 2166 1083 2193 tatis
1100 2165 1164 2193 fines
1179 2170 1206 2192 et
1217 2165 1277 2199 jura
1291 2164 1445 2192 tenduntur.

1058 2206 1071 2225 8
1084 2202 1123 2228 Ad
1132 2208 1210 2236 quem
1219 2198 1329 2234 scripsit
1340 2200 1481 2234 epistolam
1496 2199 1524 2232 5,
1534 2198 1609 2233 cujus
1624 2198 1810 2236 haecquodam

1023 2236 1102 2265 modo
1117 2234 1275 2264 succidanea
1299 2240 1359 2267 est,
1380 2235 1483 2269 reliqua
1498 2242 1662 2269 persequens
1685 2234 1812 2263 Romana:

1022 2272 1198 2305 narrationis,
1228 2278 1288 2298 cum
1311 2270 1497 2306 praefecturam
1523 2269 1596 2297 urbis
1624 2269 1737 2305 adeptus
1755 2269 1811 2305 jam

1022 2313 1103 2337 esset.

1058 2344 1072 2362 ⁸³
1085 2343 1122 2371 De
1132 2343 1183 2371 hoc
1194 2342 1296 2371 Sidonii
1309 2342 1412 2376 hospite
1422 2340 1505 2368 Paulo
1516 2347 1596 2376 quem
1607 2343 1747 2376 tantopere
1758 2341 1813 2369 lau~

1021 2379 1077 2412 dat,
1092 2379 1157 2406 nihil
1174 2382 1351 2412 compertum.

1059 2414 1067 2433 ί
1082 2415 1189 2449 Collega
1201 2412 1379 2449 Valentiniani
1391 2412 1457 2449 Aug.
1467 2412 1583 2449 septim‘o
1593 2412 1651 2446 ejus
1661 2412 1810 2449 consulatu,

1020 2458 1091 2478 anno
1110 2446 1209 2477 Christi
1222 2448 1285 2477 I50.
1307 2447 1388 2475 Vetus
1403 2446 1541 2480 inscriptio
1555 2446 1648 2475 Romae
1663 2448 1689 2474 in
1703 2447 1812 2475 basilica

1020 2486 1054 2515 Ι).
1069 2486 1144 2513 Pauli
1162 2495 1168 2511 :
1740 2516 1784 2546 ΗΔ

1058 2589 1065 2615 l
1087 2589 1185 2623 Quinto
1199 2586 1332 2623 antehac
1344 2593 1414 2613 anno
1426 2586 1519 2623 consul
1534 2593 1594 2613 cum
1608 2585 1727 2623 Viviano.
1744 2586 1813 2614 Fue-

1019 2628 1063 2652 rat
1074 2622 1144 2652 idem
1159 2628 1186 2651 et
1200 2622 1341 2658 praefectus
1356 2626 1431 2656 prmt.
1447 2622 1591 2658 italizeper
1605 2622 1705 2653 aliquot
1714 2629 1811 2658 annos,

1021 2665 1049 2688 et
1063 2659 1198 2695 patricius,
1214 2663 1243 2685 ut
1253 2662 1384 2695 testantur
1395 2658 1505 2695 novellae
1518 2657 1655 2695 .‘iIajoriani
1673 2662 1699 2695 et
1710 2657 1813 2695 Severi.

1020 2692 1086 2723 Post
1101 2695 1171 2722 hunc
1184 2698 1272 2721 autem
1284 2693 1419 2725 Basilinm,
1435 2693 1487 2719 duo
1500 2693 1543 2719 alii
1555 2692 1613 2726 ejus
1623 2693 1738 2720 nominis
1750 2698 1813 2718 oon-

1021 2731 1094 2758 sules
1108 2730 1181 2757 fuere
1197 2738 1203 2755 :
1216 2736 1283 2756 unus
1296 2729 1390 2755 ultimo
1399 2736 1469 2755 anno
1481 2728 1619 2760 Odoacris,
1632 2728 1677 2762 qui
1690 2726 1723 2754 ad
1735 2726 1813 2760 hujus

1022 2766 1107 2794 nostri
1121 2765 1265 2802 discrimen
1280 2764 1393 2791 Basilius
1404 2765 1493 2802 junior
1506 2764 1602 2802 dicitur
1611 2771 1626 2791 a
1640 2761 1817 2802 cassiodoro,

1024 2803 1069 2837 qui
1080 2807 1107 2829 et
1120 2801 1177 2835 ipse
1187 2799 1332 2837 praefectus
1341 2795 1463 2837 praetorio
1475 2799 1555 2837 Italiae
1566 2806 1596 2837 ac
1609 2797 1732 2832 patricius
1742 2795 1792 2837 fuit
1805 2805 1812 2823 :

1024 2832 1093 2865 a'lter
1114 2832 1196 2864 a'nuo‘
1209 2836 1243 2863 15
1266 2834 1427 2867 Justiuiani,
1457 2834 1652 2862 ordinariorum
1675 2832 1818 2860 consulum

1024 2877 1185 2908 postremus.
1196 2885 1233 2892 —
1251 2870 1315 2899 Haec
1328 2875 1390 2898 uota
1404 2870 1436 2897 ad
1451 2877 1512 2905 pag.
1526 2869 1579 2905 ιθ
1595 2867 1726 2902 pertinax.
1735 2867 1827 2907 Ian-
