4078 6348
427 312 531 375 465

1697 300 1936 371 διυρΝιι
1975 301 2426 360 APOLLINABIS

3584 292 3691 356 684

425 426 637 484 caeteris
688 419 1170 494 conspiciebantur.
1215 417 1278 471 Hi
1320 417 1374 472 in
1420 417 1746 486 annilissbno
1792 419 2001 483 ordine,
2031 423 2087 480 Α
2113 417 2235 484 cili,
2269 429 2457 472 neuter
2495 421 2807 484 sumptuoso
2838 433 2851 470 :
2880 413 2974 470 sed
3004 415 3046 469 si
3091 422 3376 482 utrumque
3407 412 3692 483 coluisses,

425 519 658 590 seposita
701 528 725 554 ³
766 512 1111 587 praerogativa
1170 511 1333 579 partis
1383 519 1638 574 armatae,
1683 508 1838 564 facile
1888 519 2008 580 post

425 618 776 684 purpuratum
799 605 1091 677 principem
1120 602 1383 671 principes
1414 610 1584 655 erant.
1615 601 1720 656 Sed
1743 602 1882 656 inter
1907 603 2005 657 bos

426 716 658 772 quoque,
685 710 988 767 quanquam
1019 692 1301 761 stupendi,
1333 700 1508 745 tamen
1543 690 1677 744 varii
1708 705 1885 746 mores
1905 733 1920 758 ,
1953 701 2006 746 et

427 794 567 866 genii
599 792 772 862 potius
801 803 959 858 quam
988 785 1184 855 ingenii
1216 784 1526 842 similitudo.
1567 784 1743 838 Faber
1781 799 2006 854 namque

427 903 589 957 super
618 885 699 940 bis
725 883 897 952 aliqua
925 877 1264 934 succinctius.
1310 876 1550 931 Avienus
1579 873 1643 928 ad
1670 874 2003 930 consulatum

425 979 677 1036 felicitate
701 1019 715 1042 ,
753 973 979 1028 Basilius
1007 971 1207 1024 virtute
1240 975 1577 1037 pervenerat.
1622 965 1803 1034 Itaque
1834 965 2005 1035 digni-

426 1083 594 1128 tatum
640 1071 692 1125 in
728 1067 930 1122 Avieno
966 1061 1194 1130 jocunda
1232 1059 1514 1123 velocitas,
1565 1059 1618 1111 in
1660 1057 1853 1112 Basilio
1888 1072 2007 1111 sera

426 1161 781 1217 numerositas
804 1152 1214 1226 pne-dicabatur.
1238 1151 1534 1219 Utrumque
1562 1147 1795 1218 quidem,
1824 1142 1885 1201 si'
1897 1147 2007 1202 fors

427 1252 628 1308 laribus
656 1246 1084 1319 egrediebantur,
1113 1241 1353 1296 aretabat
1379 1240 1648 1294 clientium
1677 1239 1892 1308 praevia,
1917 1254 2007 1307 pe-

427 1345 699 1412 dissequa,
725 1336 1046 1394 circumfusa
1079 1333 1404 1404 populositas
1431 1349 1443 1385 :
1475 1330 1570 1385 sed
1602 1330 1757 1398 longe
1783 1329 1834 1382 in
1869 1329 2008 1397 pari-

427 1438 530 1494 bus
559 1436 804 1505 dispares
831 1428 1088 1484 sodalium
1112 1440 1234 1494 spes
1261 1431 1316 1478 et
1343 1422 1560 1490 spiritus
1581 1427 1752 1474 erant.
1777 1419 2010 1474 Avienus

429 1533 477 1585 si
508 1527 632 1599 quid
664 1533 909 1597 poterat,
959 1524 1010 1575 in
1061 1519 1181 1573 ﬁliis
1207 1562 1220 1587 ,
1253 1517 1461 1587 generis
1487 1556 1502 1580 ,
1543 1513 1794 1568 fratribus
1827 1529 2012 1582 prove-

429 1621 622 1676 bendis
650 1615 1004 1678 moliebatur;
1043 1625 1268 1679 cumque
1308 1621 1519 1675 semper
1549 1605 1853 1660 domesticis
1881 1619 2010 1659 can-

431 1714 628 1771 didatis
653 1710 1073 1778 destringeretur
1098 1745 1111 1768 ,
1160 1719 1285 1771 erga
1325 1699 1688 1770 expediendas
1719 1698 2010 1752 forinsecus

2111 507 2320 562 facilius
2359 508 2424 562 ab
2467 506 2668 560 Avieno
2711 505 3150 570 familiaritatem,
3187 520 3216 559 a
3253 504 3450 560 Basilio
3482 503 3690 561 beneﬁ-

2110 599 2250 654 cium
2281 597 2694 668 consequebare.
2733 598 2935 666 Quibus
2963 597 3054 653 diu
3104 597 3352 668 utrinque
3381 597 3605 665 libratis,
3638 599 3691 655 id

2112 700 2364 745 tractatus
2405 698 2623 745 mutuus
2663 691 3017 760 temperavit,
3060 700 3118 747 ut
3156 701 3426 748 reservata
3463 690 3693 748 senioris

2108 781 2409 835 consularis
2439 782 2542 851 23
2573 782 2894 846 reverentia,
2920 782 2971 836 in
2995 782 3208 836 domum
3229 782 3379 852 cujus
3404 797 3504 838 nec
3529 782 3688 838 nimis

2107 886 2230 926 raro
2252 872 2664 936 ventitabamus,
2695 871 2975 927 Basilianis
3002 873 3176 943 potius
3205 874 3691 944 frequentatoribus

2108 963 2513 1031 applicaremur.
2552 963 2694 1017 llieet
2734 962 2860 1017 dum
2894 978 2988 1032 per
3028 964 3168 1018 hunc
3195 965 3586 1035 amplissimum
3613 967 3692 1020 vi-

2108 1070 2224 1109 rum
2256 1055 2454 1124 aliquid
2485 1055 2551 1109 de
2596 1055 2874 1124 legationis
2920 1057 3177 1111 Arverna:
3208 1042 3553 1127 petitionibus
3582 1057 3691 1112 ela-

2108 1147 2394 1214 boramus,
2443 1163 2568 1203 ecce
2613 1147 2847 1203 calenda:
2892 1148 3192 1216 Januaritn,
3221 1167 3342 1220 quae
3391 1150 3419 1188 ι)
3468 1150 3689 1221 Augusti

2109 1241 2346 1294 consulis
2374 1256 2494 1294 mox
2527 1239 2685 1294 futuri
2729 1241 3079 1310 repetendum
3116 1233 3266 1297 fastis
3301 1257 3499 1297 nomen
3529 1257 3690 1312 oppe-
3761 1303 3764 1307 ,

2109 1331 2404 1386 ricbantur.
2438 1331 2589 1404 Tunc
2619 1338 2896 1399 patronus,
2930 1343 2952 1370 υ
2984 1332 3097 1396 Eia,
3131 1334 3322 1400 inquit,
3352 1333 3487 1389 Solli
3518 1347 3690 1398 meus,

2111 1436 2409 1492 quanquam
2456 1422 2690 1490 suscepti
2735 1420 2892 1476 ofﬁcii
2923 1437 3085 1476 onere
3125 1423 3382 1492 pressaris
3407 1463 3421 1488 ,
3472 1437 3693 1479 exseras

2110 1513 2232 1566 Volo
2260 1513 2310 1566 in
2339 1511 2649 1580 obsequium
2673 1512 2794 1565 novi
2821 1513 3054 1567 consulis
3081 1521 3316 1567 veterem
3346 1527 3572 1578 musam,
3603 1527 3692 1568 vo-

2113 1604 2276 1659 tivum
2317 1605 2582 1674 quippiam
2636 1605 2720 1659 vel
2761 1605 3115 1660 tumultuariis
3159 1606 3350 1660 fidibus
3392 1605 3693 1661 earminan-

2117 1705 2244 1752 tem.
2316 1696 2572 1751 Praebebo
2632 1695 2962 1752 admittendo
3015 1698 3255 1762 aditum.
3305 1699 3696 1770 recitaturoque

431 1803 774 1861 ambientium
801 1797 1146 1854 necessitates
1172 1795 1346 1847 minus
1371 1791 1612 1845 valenter
1643 1789 1830 1846 efﬁcax
1860 1799 2010 1842 erat:
2047 1797 2092 1855 Β
2120 1788 2365 1843 solatium
2394 1829 2409 1852 ,
2452 1789 2804 1860 recitantique
2846 1790 3174 1861 suffragium.
3208 1792 3263 1846 Si
3305 1793 3431 1862 quid
3473 1802 3698 1862 experto

432 1908 486 1956 et
513 1899 567 1952 in
600 1897 699 1949 boe
728 1891 1079 1963 Corvinorum
1112 1885 1326 1940 familia:
1360 1881 2012 1951 Deciana‘prmfcrebatur,

432 1988 575 2060 quod
606 1984 783 2056 qualia
821 1980 1140 2050 impetrabat
1183 1979 1390 2030 cinctus
1430 1976 1665 2030 Avienus
1709 1974 1856 2040 suis,
1893 1973 2015 2027 talia

431 2079 738 2138 conferebat
769 2075 995 2129 Basilius
1023 2071 1311 2125 discinctus
1342 2068 1548 2122 alienis.
1592 2066 1778 2120 Avieni
1807 2065 2016 2119 animus

431 2173 594 2236 totis,
627 2176 680 2223 et
707 2167 844 2232 cito,
891 2162 985 2217 sed
1030 2158 1440 2222 infructuosius;
1489 2156 1669 2211 Basilii
1711 2157 1924 2225 paucis,
1966 2166 2020 2210 et

431 2279 578 2331 sero,
603 2254 697 2317 sed
725 2255 1057 2315 commodius
1087 2251 1443 2322 aperiebatur.
1476 2249 1675 2304 Neuter
1700 2248 1847 2302 aditu
1875 2249 2017 2303 difﬁ-

643 2419 749 2475 FL.
773 2405 1158 2469 CELERINUS
1193 2407 1255 2459 v.
1285 2406 1346 2458 ι).
1379 2401 1809 2475 δεῖιιιΝιΑιιιυβ

647 2473 778 2542 tua.
808 2479 1151 2538 PATRlCl/E
1179 2476 1370 2531 SEDlS
1401 2476 1550 2528 nee.
1583 2475 1664 2526 ID.
1698 2473 1813 2526 ao-

642 2556 852 2612 VEMB.
899 2553 964 2607 D.
1014 2551 1078 2603 N.
1135 2548 1239 2603 FL.
1302 2543 1811 2599 VALENTINIANO

647 2625 810 2682 AUG.
843 2623 953 2678 Vll.
1005 2622 1092 2675 ET
1131 2616 1386 2674 AVIENO
1431 2615 1492 2668 V.
1525 2614 1585 2668 C.
1621 2613 1806 2668 COSS.

433 2723 605 2785 Idem,
645 2716 862 2772 biennio
909 2729 938 2766 a
986 2706 1788 2785 consulaIULbonoriﬁca-cum
1843 2703 2021 2785 Leone

433 2774 622 2862 Stagna
665 2789 730 2843 ad
765 2785 983 2862 Attilam
1016 2774 1333 2862 regemnl'a
1366 2776 1650 2857 legatione}
1677 2776 2016 2862 functuslest,

433 2845 584 2920 ἰῐιὲκ
613 2859 858 2926 Prosperi
888 2845 1154 2908 Chronico
1180 2845 1335 2926 didici
1365 2867 1374 2898 :
1406 2845 1742 2926 cujusuverba
1763 2848 1872 2926 _boc
1903 2845 2018 2898 loco
2098 2889 2100 2893 ,

432 2915 716 3003 propterea
747 2915 1022 3003 subjiciam
1042 2964 1055 2989 ,
1099 2921 1236 3002 quod
1281 2917 1644 3003 ineluctabilis
1675 2925 1730 3003 et
1763 2915 2019 3003 hactenus

432 2987 685 3062 inauditae
713 2997 789 3053 rei
816 2987 1059 3050 n'otitiatn
1091 2987 1388 3054 continent,
1411 3003 1531 3062 cum
1560 2990 1611 3040 in
1635 2987 1860 3062 vulgatis
1884 2987 2015 3062 Pro-

433 3057 581 3145 speri
625 3069 972 3145 editionibus
999 3063 1331 3119 desideretur
1359 3076 1372 3111 :
1403 3061 1480 3113 sic
1518 3067 1695 3112 autem
1737 3057 1934 3111 habent
1964 3058 2018 3110 in

433 3136 651 3215 antiquo
677 3136 976 3208 exeniplari
1017 3153 1028 3184 :

773 3243 1084 3286 “ERCULANO
1130 3243 1194 3280 ET
1242 3238 1494 3278 SPOBATIO
1543 3237 1683 3278 COSS.

511 3330 669 3383 Attila
714 3323 1067 3391 redintegratis
1105 3318 1292 3391 viribus
1323 3334 1446 3391 quas
1477 3316 1536 3391 in
1558 3315 2017 3391 Gallid_amiset‘af,

432 3400 646 3457 Italiam
674 3394 866 3464 ingredi
899 3386 988 3465 per
1021 3386 1588 3465 Pannoniasintendit,
1623 3387 1750 3465 nihil
1763 3386 1902 3465 _duce
1931 3401 2022 3465 no-

431 3483 541 3526 stro
563 3470 704 3532 Aetio
729 3458 1005 3519 Secundum
1027 3461 1213 3532 prioris
1239 3458 1353 3532 belli
1378 3473 1526 3532 opera
1553 3458 1921 3532 prospiciente;
1951 3459 2021 3508 ita

430 3553 564 3596 utne
582 3530 798 3592 clusuris
810 3535 1010 3602 quidem
1025 3527 1227 3601 Alpium
1240 3529 1416 3602 quibus
1435 3528 1598 3580 hostes
1615 3527 1869 3602 prohiberi
1883 3538 2020 3594 pote-

433 3622 548 3666 rant
578 3599 941 3664 uterelurfhoc
965 3599 1130 3656 solum
1159 3603 1264 3670 spei
1294 3599 1396 3652 suis
1421 3613 1680 3670 superesse
1692 3599 2017 3670 existimans,

431 3688 476 3738 si
498 3683 556 3735 ab
582 3681 719 3736 omni
734 3677 755 3730 l
765 3677 888 3730 talia
905 3690 1019 3728 cum
1040 3667 1341 3739 imperatore
1363 3669 1656 3723 discederet.
1679 3667 1782 3723 Sed
1795 3684 1909 3720 cum
1927 3668 2018 3720 hoc

432 3757 637 3825 plenum
666 3747 923 3803 dedecoris
961 3756 1006 3798 et
1036 3744 1246 3825 periculi
1277 3741 1557 3820 videretur,
1586 3740 1863 3825 continuit
1883 3755 2020 3820 rere-

361 3866 364 3870 .
431 3809 620 3878 cundia
647 3831 835 3874 metum
859 3860 872 3881 ,
903 3825 948 3869 et
977 3809 1048 3868 tot
1087 3814 1335 3867 nobilium
1372 3811 1742 3881 provinciarum
1772 3809 2018 3862 latissima

430 3895 685 3949 eversione
708 3880 899 3944 credita
921 3896 991 3940 est
1013 3885 1207 3938 sa’vitia
1227 3894 1273 3937 et
1300 3882 1554 3952 cupiditas
1577 3880 1776 3933 hostilis
1794 3881 2012 3949 expleta.

431 3965 680 4034 Nihilque
711 3965 842 4015 inter
867 3959 1036 4034 ontnia
1070 3955 1280 4034 consilia
1324 3952 1568 4019 principis
1598 3967 1658 4002 ac
1687 3960 1888 4034 senatus
1927 3970 2017 4019 po-

427 4023 640 4107 puliqtie
659 4029 879 4107 [ἐφίππιῃὶ
896 4028 1152 4107 salubrius
1175 4026 1333 4107 tisum
1355 4035 1448 4107 est,
1469 4039 1619 4107 quannt
1642 4030 1692 4072 ut
1717 4023 2016 4107 per'legatos

430 4092 537 4175 'pax
557 4092 974 4175 'truculentissimi
1005 4097 1136 4175 regis
1166 4104 1499 4175 expeteretur.
1546 4093 1779 4175 Suscepit
1807 4092 2018 4175 hocmne-

428 4163 622 4244 'gotium
637 4172 864 4225 cumviro
879 4168 1356 4244 consularitdrieno,
1378 4174 1428 4244 et.
1440 4165 1548 4244 virg
1572 4164 1887 4244 prtefectorio
1904 4163 2018 4214 Tri-

429 4231 560 4314 getio
606 4242 923 4295 beatissimus
951 4254 1097 4314 papa
1129 4235 1228 4314 Leo
1271 4231 1599 4314 atta‘ilio‘Qei
1644 4233 1838 4314 fretus,
1871 4249 2013 4314 quem

429 4302 578 4366 sciret
613 4325 875 4379 nunquam
911 4302 1104 4373 piorum
1153 4304 1409 4379 laboribus
1451 4302 1691 4379 defuisse.
1731 4303 1841 4379 N_ec
1869 4303 2014 4379 aliud

429 4391 656 4436 secutum
685 4371 834 4449 quam
865 4371 1251 4449 prwsuntpserat
1279 4373 1426 4449 ﬁdes.
1461 4371 1601 4449 Nam
1633 4382 1737 4422 tota
1766 4373 2014 4449 legatione

429 4441 707 4522 dignanter
729 4441 1068 4522 acceptahita
1087 4441 1292 4522 :summi
1319 4441 1594 4521 sacerdotis
1630 4441 1899 4522 pra'seintia
1917 4457 2015 4522 rea:

429 4510 630 4592 gavvisus
657 4529 755 4585 est,
799 4510 856 4592 ut
886 4516 1015 4569 bello
1051 4512 1292 4592 abstineri
1318 4514 1637 4581 praciperet,
1671 4522 1713 4564 et
1743 4512 1877 4563 ultra
1905 4510 2014 4562 Da-

429 4584 637 4646 nubium
669 4584 918 4658 premissa
943 4602 1066 4656 pace
1093 4584 1384 4658 discederet.

502 4673 529 4699 ιι
568 4650 696 4717 Pars
717 4669 917 4713 armata
945 4650 1064 4720 'est,
1091 4655 1176 4709 cui
1207 4653 1491 4722 opponitur
1519 4651 1708 4706 civilis.
1743 4650 1799 4705 in
1837 4651 2004 4706 Pane-

427 4734 609 4804 gyrico
654 4729 969 4800 Majoriani,
1016 4725 1084 4781 de
1136 4726 1292 4780 Petro
1350 4724 1604 4793 magistro
1660 4722 2003 4794 epistolarum

428 4807 542 4874 ejus
586 4823 598 4858 :

552 4896 642 4955 Qui
669 4907 777 4944 cum
795 4891 946 4942 civilis
967 4890 1218 4950 dispenset
1250 4887 1409 4948 partis_
1434 4885 1664 4944 habenas,

550 4959 770 5008 Sustinet
791 4955 960 5004 armati
984 4963 1138 5000 curas.

426 5064 678 5133 Vegetius
708 5064 832 5117 item
867 5061 1100 5133 Renatus
1125 5057 1260 5133 lib.i_
1292 5072 1308 5111 :
1339 5056 1528 5133 Plures
1555 5056 1788 5133 militiam
1820 5073 1997 5133 seque-

425 5128 609 5187 baiitur
631 5142 878 5186 armatam
902 5147 920 5185 :
948 5131 1159 5183 necdum
1183 5129 1315 5180 enim
1341 5145 1458 5198 pars
1484 5128 1640 5181 civilis
1659 5129 1997 5197 ﬂorentiorem

424 5205 707 5257 abduxerat
725 5205 1057 5272 juventutem.
1090 5199 1144 5251 In
1176 5199 1260 5251 illa
1292 5206 1576 5272 censentur
1605 5199 1695 5272 qui
1717 5213 1862 5272 arma
1890 5209 1999 5272 tta;

425 5284 608 5337 ctaut;
657 5267 836 5326 in'bac
865 5271 956 5338 qui
983 5271 1128 5338 leges
1151 5307 1165 5332 ,
1212 5277 1266 5323 et
1290 5269 1488 5336 reliqua
1516 5267 1688 5322 stulia
1719 5269 1880 5336 pacis.
1934 5268 2003 5323 Ut

423 5361 553 5412 ergo
575 5345 837 5412 duplicem
856 5340 971 5412 hoc
1004 5340 1121 5412 loco
1158 5349 1398 5412 senatum
1428 5339 1700 5412 distinguit
1724 5339 1996 5412 Sidonius,

423 5408 511 5469 sic"
531 5408 792 5483 duplicem
823 5411 1031 5483 Maximi
1064 5414 1192 5478 imp.
1224 5408 1397 5462 aulam
1429 5408 1679 5464 Paulinus
1724 5409 1815 5464 lib.
1848 5425 1903 5464 ιιι
1931 5409 1997 5463 de

420 5487 538 5540 Vita
564 5482 622 5542 S.
648 5482 856 5539 Martini
891 5499 905 5537 :

543 5576 795 5625 Adduntur
820 5573 933 5622 lecti
956 5584 1203 5635 proceres,
1225 5583 1346 5634 quos
1361 5573 1500 5633 regia
1520 5570 1658 5632 juxta

546 5637 760 5686 Culmina
780 5636 920 5685 vicini
939 5633 1166 5694 splendor
1189 5633 1433 5683 connectit
1461 5635 1671 5695 honoris,

545 5699 772 5758 lnsignes
795 5697 996 5754 trabeis,
1023 5695 1184 5758 legum
1206 5707 1544 5758 armorumque
1563 5701 1792 5758 tenentes

543 5755 825 5817 Arbitrium.
853 5759 1058 5818 veijura
1079 5757 1188 5818 fori,
1214 5757 1294 5811 vel
1311 5755 1508 5809 classica
1522 5757 1661 5808 belli.

2038 4593 2088 4654 D

2117 1881 2329 1943 creds,
2380 1882 2542 1935 multa
2590 1882 2680 1936 tibi
2730 1883 2868 1936 seria
2911 1884 3011 1937 hoc
3058 1883 3181 1937 ludo
3220 1885 3696 1954 promovebnntur.

2118 1975 2274 2030 Parui
2305 1972 2330 2011 ά
2362 1990 2490 2044 ergo
2524 1975 2800 2044 praeceptis
2834 1993 2846 2028 :
2880 1974 3116 2031 favorem
3165 1976 3252 2031 ille
3297 1992 3404 2030 non
3443 1977 3699 2032 subtraxit

2121 2066 2416 2135 injunctis:
2460 2075 2512 2118 et
2554 2067 2818 2135 imposita:
2857 2066 3155 2122 devotionis
3201 2068 3514 2136 astipulator
3561 2068 3700 2122 invi-

2120 2167 2237 2212 ctus
2259 2199 2272 2222 ,
2303 2159 2412 2228 egit
2441 2173 2558 2212 cum
2590 2159 2810 2214 consule
2840 2174 2958 2214 meo
2980 2201 2994 2224 ,
3025 2167 3084 2214 ut
3113 2175 3198 2214 me
3233 2170 3256 2197 ε
3285 2160 3591 2230 prtefectum
3623 2159 3712 2215 fa-.

2123 2259 2272 2305 ceret
2300 2250 2506 2307 senatui
2534 2264 2650 2305 suo.
2684 2252 2790 2306 Sed
2821 2261 2897 2317 tu,
2930 2251 2982 2306 ni
3015 2249 3191 2317 fallor,
3219 2251 3457 2321 epistola:
3483 2266 3700 2322 perosus

2198 2404 2304 2474 20
2350 2403 2376 2441 ι)
2424 2403 2735 2467 Anthemii,
2776 2404 2864 2473 qui
2899 2403 3006 2472 jam
3049 2411 3204 2458 antea
3231 2404 3419 2460 consul
3456 2405 3624 2461 fuerat
3650 2404 3700 2461 in

2128 2475 2363 2545 Oriente,
2398 2475 2491 2528 sed
2521 2477 2778 2542 privatus.
2809 2489 2947 2528 nunc
2975 2474 3165 2528 iterum
3197 2486 3445 2539 suscepto
3481 2476 3700 2545 imperio

2128 2544 2354 2609 futurus,
2380 2555 2437 2599 ut
2459 2547 2608 2599 novis
2633 2545 2954 2614 principibus
2981 2560 3094 2599 mos
3125 2553 3258 2598 erat.
3283 2545 3537 2602 Solebant
3559 2544 3700 2603 enim

2129 2617 2251 2669 novi
2279 2616 2629 2684 imperatores
2665 2615 2922 2684 proximis
2963 2624 3078 2683 post
3109 2615 3316 2684 imperii
3347 2617 3577 2684 auspicia
3606 2633 3700 2670 ra-

2128 2686 2299 2739 lendis
2327 2687 2560 2740 Januarii
2612 2687 2941 2740 consulatum
2971 2686 3131 2740 edere
3155 2727 3168 2750 ,
3201 2688 3337 2756 quod
3369 2688 3485 2742 fasti
3515 2702 3699 2743 omnes

2128 2756 2431 2825 ostendunt,
2461 2767 2514 2810 et
2546 2756 2798 2812 Sidonius
2826 2755 2891 2811 de
2917 2757 3072 2810 Avito
3111 2757 3345 2813 carmine
3374 2759 3406 2814 8
3439 2775 3452 2811 :

2247 2910 2486 2971 Principis
2504 2910 2744 2970 anterior,
2766 2921 2894 2958 nunc
2932 2908 3142 2971 consulis
3180 2909 3274 2958 iste
3301 2914 3521 2958 coruscat

2245 2970 2430 3032 Aunus,
2449 2979 2508 3021 et
2525 2974 2700 3020 merita
2723 2971 2905 3019 trabeis
2927 2970 3200 3018 diademata
3223 2978 3463 3020 crescunt.

2121 3121 2323 3178 Plinius
2351 3134 2562 3190 quoque
2589 3119 2766 3188 junior
2808 3118 3018 3188 Trajani
3049 3118 3466 3190 moderationem
3490 3117 3696 3190 laudat,

2123 3193 2264 3262 quod
2296 3188 2434 3246 hunc
2462 3207 2658 3244 annum
2690 3193 2787 3262 qui
2801 3190 2917 3258 ejus
2949 3190 3179 3262 fascibus
3209 3189 3273 3262 de
3297 3203 3446 3243 more
3471 3188 3698 3262 debeba-

2127 3258 2210 3317 t'ur
2233 3309 2246 3331 ,
2299 3263 2518 3330 privatis
2567 3261 2876 3314 consulibus
2903 3259 3124 3331 credere
3163 3258 3407 3313 maluerit
3439 3278 3450 3312 :
3477 3275 3596 3331 cum
3630 3259 3698 3313 ab

2120 3330 2240 3387 aliis
2267 3332 2591 3401 principibus
2639 3340 2781 3384 tanta
2830 3330 3079 3401 aviditate
3107 3331 3397 3384 ambiretur
3421 3374 3435 3399 ,
3469 3338 3526 3383 ut
3553 3330 3696 3383 illum

2121 3400 2361 3472 plerique
2383 3403 2662 3457 destinatis
2681 3400 2986 3456 consulibus
3006 3410 3327 3472 prasreptum
3360 3403 3412 3472 iu
3439 3415 3496 3455 se
3526 3407 3698 3454 trans-

2119 3471 2342 3531 ferrent.
2373 3474 2507 3527 llinc
2530 3483 2610 3527 est
2641 3478 2781 3541 quod
2815 3483 2931 3540 post
2960 3481 3194 3540 tempora
3226 3471 3504 3525 Justiniani
3529 3514 3541 3532 ,
3573 3485 3692 3524 cum

2120 3545 2341 3599 sublatis
2366 3544 2671 3597 consulibus
2700 3541 3002 3604 ordinariis,
3032 3541 3082 3595 in
3111 3541 3335 3610 pub'icis
3360 3542 3698 3596 monimentis

2121 3617 2328 3682 imperii
2370 3615 2525 3668 simul
2554 3623 2606 3667 et
2647 3613 2956 3668 consulatus
2998 3612 3290 3682 principum
3337 3621 3474 3666 nota:
3504 3611 3697 3680 junge-

2120 3698 2326 3750 rentur,
2357 3700 2498 3738 anno
2529 3700 2636 3738 uno
2662 3684 2926 3754 posterior
2964 3693 3079 3754 erat
3106 3697 3210 3754 tera
3237 3683 3564 3745 consulatus,
3597 3684 3696 3734 hoc

2119 3757 2278 3811 modo
2308 3776 2319 3808 :
2352 3755 2488 3808 Data
2527 3752 2753 3808 kalendis
2785 3754 2911 3807 Maii
2950 3752 3008 3807 C.
3045 3753 3112 3808 P.
3155 3753 3434 3824 imperante
3474 3753 3696 3824 Augusto

2120 3824 2208 3880 Fl.
2246 3826 2486 3880 Heraclio
2511 3869 2525 3890 ,
2564 3843 2700 3879 anno
2741 3841 2793 3879 ix
2821 3866 2836 3888 ,
2883 3834 2929 3878 et
2969 3835 3076 3890 post
3115 3823 3434 3877 consulatum
3473 3823 3695 3893 ejusdem

2117 3914 2251 3951 anno
2298 3914 2428 3962 vui;
2473 3897 2595 3966 quia
2638 3897 2916 3965 imperium
2962 3894 3234 3966 lleraclius
3280 3895 3464 3966 Martio
3512 3908 3696 3966 mense

2117 3969 2329 4035 inierat,
2359 3964 2602 4037 sequenti
2634 3964 2827 4021 deinde
2853 3964 3104 4037 Januario
3139 3965 3499 4037 consulatum1
3516 3967 3609 4037 bAt
3641 3964 3694 4017 in

2118 4034 2324 4108 synodo
2343 4055 2415 4101 vr,
2437 4034 2656 4092 actione
2685 4040 2737 4098 l,
2761 4036 3092 4108 Constantini
3123 4037 3250 4103 imp.
3276 4050 3448 4089 annus
3476 4034 3543 4088 27
3573 4049 3693 4088 cum

2118 4106 2256 4163 anno
2303 4120 2423 4178 post
2452 4109 2567 4175 ejus
2605 4106 2940 4178 consulatum
2985 4106 3050 4159 12
3085 4117 3458 4178 comparatur,
3503 4119 3695 4178 magno

2117 4176 2327 4234 numeri
2355 4181 2626 4246 utriusque
2658 4177 2954 4236 intervallo,
2986 4187 3259 4244 propterea
3291 4176 3430 4245 quod
3460 4178 3509 4229 in
3541 4177 3695 4228 annis

2118 4251 2327 4320 imperii
2373 4264 2559 4304 omnes
2591 4249 2623 4302 ii
2653 4255 3030 4317 computantur
3059 4247 3247 4313 quibus
3275 4261 3394 4301 cum
3426 4255 3574 4317 patre
3604 4261 3694 4299 su-

2117 4322 2337 4390 perstite
2365 4329 2484 4373 ante
2513 4323 2867 4390 consulatum;
2890 4333 3040 4390 suum
3071 4327 3339 4390 regnarat.

2192 4401 2214 4428 ο
2260 4392 2333 4444 De
2379 4391 2700 4458 pauegyrico
2747 4388 3012 4442 Anthemii
3058 4403 3214 4456 quem
3256 4386 3431 4442 Basilii
3482 4386 3692 4441 hortatu

2117 4460 2312 4512 dictum
2346 4460 2457 4524 ait,
2490 4460 2695 4514 dicetur
2723 4473 2821 4513 suo
2855 4460 2973 4512 loco
3004 4474 3016 4510 :
3046 4459 3112 4510 de
3142 4473 3287 4512 more
3315 4466 3489 4512 autem
3521 4471 3692 4510 novos

2116 4531 2360 4585 consules
2383 4545 2477 4597 per
2502 4530 2850 4598 panegyriCos
2875 4528 3157 4592 salutandi,
3189 4527 3280 4582 lib.
3309 4544 3421 4595 vni,
3451 4529 3605 4596 epist.
3634 4528 3689 4581 6.

2188 4599 2213 4636 ι¹
2259 4600 2312 4653 1η
2341 4601 2604 4667 aliquibus
2627 4599 2801 4670 libris,
2835 4615 2945 4670 ego.

2186 4681 2207 4707 ο
2253 4671 2382 4724 Hinc
2413 4672 2578 4739 liquet
2603 4667 2877 4724 Sidoaiuni
2911 4667 3409 4739 prmfecturaUrbis
3439 4667 3690 4723 donatum

2109 4742 2176 4794 ab
2197 4738 2482 4796 Anthemio
2509 4757 2542 4794 ιι
2567 4742 2804 4808 consule,
2830 4741 2933 4794 hoc
2952 4751 3034 4795 est
3062 4756 3198 4793 anno
3225 4738 3347 4792 468.
3378 4739 3688 4793 Praitectum

2109 4811 2267 4867 Urbis
2290 4812 2589 4880 praefectum
2616 4823 2831 4865 senatus
2853 4822 3025 4875 vocat,
3050 4811 3169 4878 quia
3198 4817 3413 4880 senatus
3439 4809 3688 4878 princeps

2108 4892 2246 4952 erat,
2278 4879 2454 4952 patres
2475 4882 2806 4946 consulebat,
2834 4882 2899 4935 de
2930 4883 3033 4935 illis
3058 4879 3348 4949 judicabat,
3374 4879 3692 4952 illorumque

2101 4949 2514 5024 jura'tuebatur.
2539 4954 2763 5008 Senator
2787 4952 2838 5006 in
2867 4952 3114 5024 formula,
3140 4949 3492 5024 Symmachus
3516 4949 3607 5004 lib.
3631 4965 3686 5002 x.

2107 5019 2284 5095 Epist.‘
2324 5023 2668 5080 Numalianus
2699 5039 2761 5078 ex
2793 5039 2883 5092 pm
2903 5022 3042 5076 fectu
3067 5019 3190 5074 Urbi
3222 5036 3236 5072 :

2231 5182 2282 5231 Si
2305 5193 2401 5230 non
2418 5180 2665 5243 displicui,
2683 5191 2913 5243 regerem
2936 5191 3042 5243 cum
3061 5178 3166 5239 jura
3192 5176 3397 5240 Quirini,

2294 5243 2345 5292 Si
2367 5239 2712 5292 colui'sanctos
2732 5239 3046 5302 consuluique
3073 5248 3251 5302 patres.

2107 5387 2175 5441 Et
2201 5385 2451 5441 Sidonius
2482 5387 2594 5454 ipse
2624 5400 2773 5440 suam
2803 5383 2940 5439 banc
2966 5382 3336 5454 praefecturam
3377 5381 3428 5437 in
3471 5379 3687 5451 sapphi-

2105 5473 2170 5513 co
2198 5457 2275 5511 sic
2302 5457 2554 5512 describit
2587 5475 2600 5510 :

2718 5630 2925 5694 Capiens
2958 5631 3219 5694 honorem,

2227 5697 2315 5754 Qui
2341 5700 2528 5759 patrum
2554 5709 2608 5745 ac
2627 5693 2947 5759 plebissimul
2970 5706 3097 5743 unus
3111 5693 3246 5756 olim,

2472 5758 2587 5807 iura
2616 5758 2877 5819 gubernat.
3256 5775 3258 5777 >
