4078 6348
397 432 502 489 465

1668 423 2146 484 EPISTOLARUM
2186 426 2311 483 LIB.
2350 428 2394 482 l.

3563 429 3665 487 468

393 546 777 622 prolixitatem,
806 542 1178 611 voluptuosius
1208 556 1347 595 nunc
1376 549 1400 577 δ
1432 540 1672 609 opusculi
1704 540 1867 610 ipsius
1895 557 1983 595 re-
2012 543 2061 600 A
2089 544 2321 611 quinque
2349 539 2646 596 Brundusio
2676 543 2941 611 profectas
2969 544 3074 614 25
3100 556 3221 597 cum
3251 542 3532 611 speciebus
3563 547 3665 600 tri-

394 638 638 711 legendis
678 637 921 692 versibus
966 634 1357 697 immorabere,
1393 632 1544 697 scio;
1596 642 1751 702 atque
1781 632 1849 687 ob
1882 633 1982 687 hoc

395 748 615 791 carmen
653 731 823 800 ipsum
857 728 1050 798 loquax
1096 726 1150 780 in
1188 725 1638 795 consequentibus
1668 724 1852 779 charta
1884 724 1980 779 de-

394 837 611 903 portat,
656 842 774 898 quae
805 840 902 895 pro
931 838 1017 878 me
1056 822 1270 877 interim
1301 821 1426 875 dum
1466 822 1623 875 venio
1663 819 1852 874 diebus
1884 820 1981 875 tibi

395 923 635 995 pauculis
675 917 1083 973 sermocinetur.
1135 914 1231 968 Cui
1262 915 1303 967 si
1334 915 1596 968 examinis
1645 913 1719 967 tui
1771 927 1983 982 quoque

396 1025 591 1089 puncta
621 1013 918 1068 tribuantur
943 1051 957 1077 ,
996 1024 1147 1079 atque
1184 1017 1392 1078 gratum
1443 1006 1569 1061 mihi
1593 1047 1608 1074 ,
1659 1021 1719 1060 ac
1745 1007 1788 1061 si
1819 1022 1905 1061 me
1930 1006 1985 1060 in

396 1108 614 1164 comitio
672 1104 754 1159 vel
801 1102 940 1156 inter
984 1107 1153 1154 rostra
1215 1100 1604 1165 concionante,
1668 1096 1733 1150 ad
1785 1097 1985 1165 sophos

397 1214 578 1257 meum
604 1238 619 1264 ,
668 1211 772 1250 non
806 1193 964 1248 modo
994 1191 1084 1245 lati
1113 1189 1248 1244 clavi
1275 1230 1290 1254 ,
1336 1188 1429 1243 sed
1463 1188 1735 1242 tribulium
1770 1200 1984 1256 quoque

400 1294 577 1362 fragor
602 1288 983 1344 concitaretur.
1023 1282 1163 1338 Sane
1205 1296 1420 1348 moneo,
1453 1295 1670 1350 praeque
1702 1278 1982 1355 denuntio,

400 1379 709 1456 quisquilias
742 1379 884 1447 ipsas
912 1375 1059 1429 Clius
1088 1383 1190 1427 tuae
1222 1372 1546 1426 hexametris
1584 1372 1803 1427 minime
1846 1387 1988 1427 exte-

401 1492 553 1547 ques.
602 1474 790 1528 Merito
820 1470 961 1525 enim
986 1468 1178 1523 collata
1205 1468 1395 1521 vestris
1426 1480 1542 1520 mea
1572 1466 1810 1520 carmina
1832 1506 1845 1531 ,
1880 1480 1985 1521 non

401 1567 741 1622 heroicorum
766 1562 1020 1631 phaleris,
1050 1558 1142 1613 sed
1165 1556 1607 1627 epitaphiStarum
1632 1557 1821 1611 naeniis
1842 1570 1987 1610 com-

403 1657 747 1729 parabuntur.
781 1654 849 1707 At
887 1663 1062 1705 tamen
1096 1648 1295 1719 gaude,
1328 1648 1434 1719 24.
1461 1649 1602 1717 quod
1632 1647 1719 1702 ltic
1752 1650 1865 1717 ipse
1894 1662 1987 1717 pa-

404 1752 709 1822 negyricus,
752 1756 806 1802 et
844 1746 885 1799 si
919 1760 1024 1799 non
1067 1744 1345 1812 judicium,
1385 1752 1529 1798 certe
1569 1749 1818 1797 eventum
1862 1741 1987 1795 boni

402 1844 579 1914 operis
630 1840 850 1909 accepit.
902 1836 1276 1905 Quapropter,
1328 1835 1372 1889 si
1419 1842 1595 1889 tamen
1644 1833 1830 1889 tetrica
1862 1841 1987 1888 sunt

2088 633 2174 688 tici
2208 648 2268 688 ac
2293 633 2485 699 mellis,
2515 634 2649 688 ostia
2678 635 2924 689 Tiberina
2959 635 3214 703 tetigisse.
3246 634 3478 699 Quarum
3501 650 3666 691 onera

2086 725 2467 792 exspectationi
2513 725 2681 792 plebis
2706 766 2718 789 ,
2756 726 2799 779 si
2829 726 2952 794 quid
2998 734 3212 781 strenue
3259 726 3432 795 gerit,
3471 727 3665 795 raptim

2089 815 2245 869 faciet
2278 814 2456 869 offerri
2482 856 2496 879 ,
2528 816 2994 871 commendaturus
3029 832 3088 872 se
3130 817 3257 871 mihi
3286 858 3301 885 ,
3330 834 3416 873 me
3446 819 3660 889 populo,

2087 917 2369 977 utrumque
2400 908 2512 962 tibi.
2545 904 2694 962 Vale.

2652 1002 2980 1060 EPISTOLA
3018 1007 3107 1060 XI.

2425 1094 2665 1150 Sidonius
2702 1094 2719 1132 τ
2756 1096 2951 1151 Montio
2982 1115 3072 1152 suo
3099 1100 3326 1155 salutem.

2159 1186 2301 1243 Petis
2332 1186 2455 1252 tibi,
2489 1188 2573 1241 vir
2601 1187 2977 1257 disertissime,
3009 1190 3283 1260 Sequanos
3314 1202 3431 1247 tuos
3460 1194 3665 1263 expeti-

2090 1286 2208 1332 turo
2235 1287 2465 1349 satyram
2496 1280 2677 1333 nescio
2707 1294 2863 1347 quam
2887 1324 2901 1347 ,
2936 1282 2981 1335 si
3010 1282 3078 1335 sit
3107 1296 3133 1334 a
3165 1282 3319 1337 nobis
3350 1286 3664 1353 perscripta,

2091 1368 2371 1423 transmitti
2397 1386 2410 1422 :
2435 1370 2573 1439 quod
2599 1372 2842 1440 equidem
2871 1381 2921 1426 te
2948 1374 3245 1441 postulasse
3268 1377 3521 1431 demiror.
3552 1377 3665 1434 Non

2088 1462 2229 1517 enim
2256 1472 2495 1517 sanctum
2520 1474 2621 1531 est,
2644 1474 2701 1518 ut
2720 1465 2787 1520 de
2815 1466 3050 1521 moribus
3072 1468 3228 1523 amici
3250 1470 3355 1523 cito
3382 1485 3666 1539 perperam

2088 1558 2307 1611 sentias.
2358 1557 2486 1613 Huic
2513 1573 2658 1613 eram
2712 1560 2930 1614 themati
2960 1562 3160 1616 scilicet
3204 1562 3548 1616 incubaturus
3570 1603 3583 1626 ,
3613 1562 3666 1617 id

2086 1648 2192 1716 jam
2219 1665 2379 1718 agens
2407 1653 2523 1717 otii,
2556 1653 2715 1721 idque
2746 1653 2945 1709 habens
2974 1657 3092 1721 aevi,
3124 1656 3265 1725 quod
3287 1657 3536 1724 juvenem
3567 1657 3667 1710 mi«

2090 1742 2436 1813 litantemque
2473 1745 2704 1801 dictasse
2746 1749 3205 1817 prmsumptiosum
3239 1749 3452 1814 fuisset,
3486 1748 3664 1817 publi-

2089 1848 2241 1889 casse
2262 1845 2439 1889 autem
2472 1836 2849 1904 periculosum.
2882 1838 2977 1893 Cui
3007 1854 3233 1910 namque
3260 1842 3667 1908 grammaticum

402 1932 718 1990 ammnanda
737 1930 1087 1998 iocularibus,
1110 1926 1231 1980 volo
1257 1926 1497 1995 paginam
1522 1926 1777 1994 glorioso,
1805 1924 1854 1979 id
1878 1934 1980 1991 est,
2013 1919 2061 1978 B
2087 1926 2169 1981 vel
2200 1926 2447 1980 salutanti
2484 1927 2711 1982 Calaber
2740 1928 2831 1983 ille
2861 1944 2965 1984 non
2996 1930 3127 1984 dixit
3156 1949 3166 1982 :

404 2026 552 2097 quasi
581 2021 954 2079 Thrasoniano
993 2021 1095 2074 fine
1138 2018 1490 2085 concludere,
1523 2018 1752 2072 Plautini
1786 2018 1984 2088 Pyrgo-

404 2118 665 2191 polynicis
696 2116 947 2170 imitator.
999 2113 1161 2182 Igitur
1187 2127 1307 2166 cum
1344 2112 1410 2165 ad
1454 2111 1820 2180 pratfecturatn
1841 2152 1855 2176 ,
1885 2111 1984 2165 sub

404 2227 506 2282 ope
530 2210 751 2275 Christi,
784 2207 906 2277 styli
935 2206 1213 2259 occasione
1245 2203 1598 2273 pervenerim,
1628 2202 1815 2272 jubeas
1844 2202 1987 2256 ilicet

408 2303 436 2343 ι’
465 2319 559 2374 pro
589 2308 855 2373 potestate
900 2298 1157 2363 cinctuti,
1207 2296 1439 2366 undique
1486 2295 1721 2350 omnium
1770 2294 1984 2348 laudum

408 2392 707 2450 convasatis
735 2388 1227 2453 acclamationibus,
1263 2388 1326 2441 ad
1355 2394 1497 2440 astra
1534 2396 1767 2455 portare,
1796 2386 1841 2440 si
1869 2385 1985 2454 pla-

408 2500 526 2552 ceo,
557 2482 916 2552 eloquentiam
946 2497 960 2543 ;
1010 2480 1054 2535 si
1084 2479 1340 2548 displiceo
1363 2518 1377 2542 ,
1416 2477 1743 2533 felicitatem.
1794 2478 1988 2533 Videre

409 2574 539 2629 mihi
569 2572 756 2628 videor
786 2579 843 2625 ut
883 2569 1056 2626 rideas
1081 2609 1095 2634 ,
1139 2570 1262 2639 quia
1301 2570 1561 2639 perspicis
1600 2575 1838 2623 nostram
1868 2584 1987 2623 cum

309 2733 316 2739 η
407 2666 572 2722 tnilite
593 2662 810 2721 Comico
840 2662 1171 2719 ferocissimo
1193 2661 1521 2731 iactantiam.
1552 2661 1703 2715 Vale.

985 2798 1315 2855 EPISTOLA
1356 2799 1424 2853 X.

669 2912 912 2968 Sidonius
947 2922 967 2950 ο
1002 2910 1349 2982 Campaniano
1377 2928 1468 2966 suo
1497 2911 1732 2968 salutem.

479 3025 674 3097 Accepi
704 3024 730 3063 ιι
762 3041 857 3097 per
885 3026 1191 3093 praefectum
1220 3039 1443 3083 annonae
1472 3027 1677 3081 litteras
1709 3036 1845 3095 tuas,
1871 3028 1990 3096 qui-

411 3120 507 3175 bus
534 3135 653 3174 cum
684 3119 777 3174 tibi
822 3119 1061 3174 sodalem
1096 3126 1332 3173 veterem
1378 3119 1509 3172 mihi
1556 3119 1794 3175 insinuas
1827 3120 1993 3189 judici

412 3225 571 3266 novo.
620 3210 828 3265 Gratias
870 3223 969 3279 ago
998 3224 1218 3280 magnas
1245 3210 1360 3277 illi,
1395 3211 1653 3266 maximas
1684 3212 1819 3280 tibi,
1853 3212 1992 3283 quod

2208 2039 2261 2106 Si
2278 2040 2396 2106 mala
2430 2042 2698 2106 condiderit
2720 2044 2766 2090 in
2803 2057 2944 2105 quem
2970 2047 3078 2106 quis
3102 2047 3328 2105 carmina,
3348 2047 3425 2106 jus
3449 2052 3540 2105 est,

2211 2102 2590 2163 Judiciumque?

2160 2203 2261 2258 Sed
2290 2219 2357 2259 ne
2384 2206 2509 2273 quid
2551 2205 2687 2260 ultra
2721 2216 2774 2260 tu
2805 2208 2871 2262 de
2899 2208 3065 2263 sodali
3095 2210 3265 2263 simile
3295 2210 3504 2277 credas,
3537 2209 3664 2278 quid

2088 2292 2245 2347 fuerit
2272 2295 2397 2349 illud
2421 2337 2434 2362 ,
2476 2297 2615 2365 quod
2646 2312 2731 2352 me
2766 2298 2997 2353 sinistra:
3026 2315 3209 2354 rumor
3239 2316 3301 2355 ac
3340 2300 3513 2354 fumus
3552 2299 3666 2367 opi-

2088 2386 2262 2442 nionis
2284 2388 2499 2453 afflavit,
2524 2388 2728 2458 longius
2752 2391 2929 2456 paulo,
2953 2391 3046 2445 sed
3068 2392 3134 2446 ab
3155 2391 3359 2459 origine
3380 2405 3666 2459 exponam.

2089 2478 2441 2549 Temporibus
2486 2480 2710 2550 Augusti
2759 2480 3030 2549 Majoriani
3060 2525 3073 2547 ,
3125 2482 3272 2536 venit
3327 2483 3380 2535 in
3435 2481 3668 2535 medium

2089 2572 2270 2626 charta
2298 2576 2606 2630 comitatum
2630 2616 2641 2640 ,
2674 2576 2766 2630 sed
2795 2591 2981 2630 carens
3009 2575 3206 2641 indice,
3237 2590 3487 2629 versuum
3516 2574 3671 2642 plena

2091 2664 2443 2735 Satyricorum
2474 2669 2829 2721 mordacium:
2852 2683 2981 2723 sane
3011 2668 3099 2737 qui
3122 2668 3251 2722 satis
3284 2668 3671 2724 invectivaliter

2092 2758 2240 2812 abusi
2272 2759 2545 2813 nominum
2590 2759 2850 2823 nuditate,
2883 2759 3172 2826 carpebant
3203 2759 3491 2826 plurimum
3522 2759 3671 2821 vitia,

2094 2852 2209 2919 plus
2249 2851 2507 2903 homines.
2558 2849 2700 2902 Inter
2734 2850 2846 2902 haec
2893 2850 3117 2902 fremere
3155 2850 3495 2902 Arelatenses
3521 2890 3533 2911 ,
3567 2862 3675 2915 quo

2092 2940 2193 2996 loci
2218 2956 2305 2996 res
2335 2941 2610 3010 agebatur,
2643 2948 2695 2993 et
2717 2954 2956 3010 quatrere
2981 2954 3138 3009 quem
3171 2948 3444 3008 poetarum
3473 2941 3673 3009 publici

2094 3032 2289 3090 furoris
2334 3036 2524 3089 merito
2565 3033 2770 3101 pondus
2810 3043 3057 3103 urgeret,
3097 3034 3203 3103 26
3230 3034 3294 3088 iis
3322 3035 3551 3089 maxime
3581 3049 3675 3089 au-

2094 3126 2329 3180 ctoribus
2354 3139 2487 3195 quos
2512 3125 2652 3179 notis
2694 3124 2856 3178 certis
2892 3132 3075 3177 auctor
3117 3124 3351 3178 incertus
3380 3125 3675 3179 exacerba-

2096 3224 2265 3271 verat.
2311 3215 2514 3271 Accidit
2543 3230 2669 3269 casu
2696 3256 2708 3279 ,
2738 3223 2796 3268 ut
2826 3214 3175 3269 8.Catullinus
3204 3215 3425 3269 illustris
3456 3224 3580 3269 tunc
3606 3215 3675 3271 ab

414 3301 668 3358 statuistis
700 3303 767 3357 de
810 3302 1041 3357 amicitia
1073 3316 1225 3369 mea,
1257 3302 1343 3356 vel
1375 3316 1699 3372 prtesumere
1734 3312 1873 3370 tuta,
1906 3308 1991 3360 vel
2018 3282 2064 3345 (ἶ
2098 3308 2351 3363 Arvernis
2377 3307 2468 3361 illo
2488 3309 2845 3369 veniret,cum
2868 3321 3080 3375 semper
3106 3307 3255 3375 mihi,
3276 3317 3384 3361 tum
3409 3309 3679 3376 praecipue

414 3397 582 3452 illresa
602 3396 842 3453 credere.
869 3395 982 3465 Ego
1003 3410 1131 3451 vero
1156 3394 1397 3450 notitiam
1426 3396 1525 3450 viri
1552 3396 1992 3451 familiaritatem-

413 3505 517 3559 que
565 3504 669 3545 non
714 3488 888 3543 solum
929 3487 1114 3542 volens
1139 3529 1154 3554 ,
1196 3488 1290 3543 sed
1332 3497 1384 3543 et
1421 3489 1608 3544 avidus
1649 3490 1991 3556 amplector:

414 3582 609 3651 quippe
628 3580 718 3651 qui
746 3579 991 3635 noverim
1018 3586 1255 3634 nostram
1283 3593 1494 3649 quoque
1519 3580 1744 3648 gratiam
1773 3580 1875 3635 hoc
1901 3580 1997 3636 ob-

415 3674 601 3742 sequia
643 3686 763 3727 meo
806 3672 918 3726 fore
947 3671 1353 3741 copulatiorem.
1395 3670 1502 3726 Sed
1530 3680 1584 3725 et
1622 3678 1681 3725 tu.
1710 3672 1995 3741 vigilantiae

417 3780 525 3821 suae
552 3780 636 3820 me
655 3806 669 3831 ,
703 3765 753 3819 id
781 3775 882 3831 est,
917 3763 1072 3818 famae
1100 3777 1236 3819 meae
1267 3771 1462 3819 statum
1493 3778 1813 3834 causamque
1842 3781 1992 3820 com-

421 3856 633 3914 menda.
688 3856 892 3912 Vereor
934 3866 1112 3910 autem
1168 3871 1234 3911 ne
1271 3864 1294 3893 °
1328 3856 1521 3912 famem
1561 3857 1737 3926 pepuli
1769 3858 1995 3911 Romani

421 3947 697 4005 theatralis
724 3962 902 4004 cavete
945 3948 1123 4017 fragor
1163 3948 1417 4013 insonet,
1460 3956 1516 4002 et
1555 3947 1847 4003 infortunio
1873 3964 1997 4004 meo

420 4040 629 4110 publica
654 4038 935 4108 deputetur
961 4039 1187 4093 esuries.
1239 4037 1379 4093 Sane
1408 4037 1550 4093 hunc
1577 4038 1750 4107 ipsum
1779 4054 1809 4093 e
1838 4040 1998 4094 vesti-

422 4134 507 4205 gio
553 4133 618 4188 ad
669 4141 877 4203 portum
924 4132 1133 4187 mittere
1183 4146 1311 4202 paro
1338 4176 1353 4201 ,
1399 4132 1523 4202 quia
1564 4132 1799 4203 comperi
1840 4146 2000 4188 naves

493 4279 520 4308 ι
566 4266 876 4338 Panegyrici
916 4265 1290 4332 Anthemiani,
1322 4279 1479 4335 quem
1521 4280 1643 4319 cum
1691 4264 1772 4319 his
1811 4264 2001 4320 litteris

424 4342 680 4397 mittebat.

492 4410 519 4450 ιν
562 4412 674 4465 Mea
699 4409 947 4465 nimirum
991 4408 1340 4477 prtcfectoria.
1368 4410 1470 4478 21
1501 4407 1750 4478 Cinctuti,
1778 4407 1880 4462 hoc
1919 4414 2000 4461 est

426 4482 581 4537 cincti
608 4490 760 4535 erant
808 4479 1068 4548 praefecti,
1101 4490 1155 4533 et
1181 4479 1271 4532 alii
1303 4477 1488 4531 omnes
1520 4477 1857 4547 magistratus
1887 4479 2001 4546 qni-

426 4554 521 4624 bus
550 4552 709 4621 gladii
723 4552 813 4620 jus
833 4559 1207 4624 erat,quorur_n
1226 4550 1430 4617 insigne
1458 4550 1724 4624 cingulum
1756 4551 2001 4624 oihc'c‘ozﬁv

427 4618 639 4693 ἅρχοῖσι
667 4618 795 4692 μεῖτὰ
814 4625 983 4693 ξίφους
1004 4618 1089 4675 irai
1114 4622 1431 4693 τελαμών-ομ
1454 4628 1511 4672 ut
1542 4621 1772 4689 loquitur
1788 4618 2005 4693 [ᾔθεο-

428 4683 536 4748 mia
562 4683 926 4747 Nazianzenus
958 4691 1179 4760 epistola
1212 4683 1276 4760 a'd
1322 4683 1627 4744 Africanum
1668 4706 1679 4741 :
1714 4689 1800 4757 qui
1839 4683 2009 4743 honor

428 4763 617 4833 cinguli
642 4765 694 4815 in
708 4763 828 4831 jure
856 4759 1068 4831 passim.
1087 4761 1220 4815 Hinc
1240 4759 1333 4833 _i_l_la
1365 4760 1627 4833 superius,
1653 4761 1842 4833 cinctus
1865 4761 2012 4813 Avie-

428 4828 539 4897 nus:
567 4828 791 4887 Basilius
820 4828 1125 4897 discinctus;
1156 4837 1211 4883 et
1240 4828 1333 4883 lib.
1363 4845 1417 4893 v,
1449 4844 1535 4894 ep.
1571 4830 1623 4897 7,
1652 4830 1828 4883 cinctis
1865 4833 2008 4900 jura,

430 4904 686 4975 discinctis
711 4904 994 4975 privilegia.

501 4985 523 5013 ε
565 4974 655 5030 Sic
705 4970 911 5028 veteres
952 4971 1109 5037 libri,
1150 4986 1256 5024 non
1296 4970 1579 5036 Campania
1610 4987 1627 5023 :
1658 4970 1924 5038 quomodo
1966 4979 2018 5024 et

429 5044 596 5099 Julius
612 5045 778 5098 Ferox
790 5043 1176 5111 Campanianus
1191 5042 1253 5095 V.
1276 5042 1333 5096 C.
1361 5041 1640 5109 praefectus
1660 5041 1785 5095 Urbi
1817 5051 2019 5111 tempo-

430 5116 576 5170 ribus
589 5114 894 5169 Dioclctiani
914 5110 1207 5182 i’nantiqua:
1236 5111 1379 5167 basis
1410 5111 1754 5179 inscriptione
1769 5128 1781 5163 :
1799 5123 1849 5182 et
1867 5110 2018 5182 Carn-

430 5187 691 5256 panianus
721 5181 1193 5239 virdiscrtissimus
1222 5185 1360 5252 apud
1385 5182 1670 5248 Cassiod,l.
1704 5197 1777 5245 nr,
1810 5181 1934 5233 Var.
1962 5181 2017 5233 4.

501 5253 528 5293 ἀ
580 5256 708 5310 Erat
753 5256 799 5309 is
847 5255 945 5309 sub
993 5254 1232 5317 przefecti
1290 5252 1447 5309 Urbis
1502 5260 1787 5317 potestate.
1842 5252 2017 5317 Quare

626 5266 708 5310 rat
753 5266 799 5309 is
847 5266 945 5309 suo
993 5266 1232 5322 prtetectt
1292 5266 1447 5309 UrDlS
1502 5266 1788 5322 potestate.
1842 5266 1984 5317 uuar

432 5322 597 5381 Paulo
626 5330 747 5395 post
784 5325 849 5379 ad
879 5321 1090 5393 portum
1121 5325 1422 5379 Ostiensem
1443 5322 1682 5395 mittitur
1710 5336 1740 5395 a
1769 5321 2014 5387 Sidonio,

376 5444 381 5459 ι
434 5408 489 5449 ιιι
535 5392 856 5450 frumentum
882 5392 1029 5463 quod
1076 5408 1235 5449 naves
1280 5392 1627 5448 Brundusium
1662 5393 2014 5459 advexerant,

375 5464 383 5534 j
435 5482 529 5534 per
557 5467 888 5521 eaudicarios
938 5466 993 5519 in
1025 5464 1217 5520 Urbem
1250 5464 1648 5521 subvehendum
1680 5472 1849 5517 curet.
1903 5463 2016 5534 Etsi

435 5532 577 5591 enim
608 5551 809 5607 augere,
831 5535 990 5592 Urbis
1018 5536 1201 5607 copias
1237 5537 1451 5607 propria
1478 5544 1594 5590 erat
1622 5550 1746 5590 cura
1778 5532 2017 5607 praefecti

436 5603 703 5673 annonae,
718 5606 907 5661 eadem
936 5615 1121 5659 tamen:
1139 5605 1207 5659 ad
1238 5603 1566 5674 praefectum
1622 5620 1833 5675 quoque
1868 5603 2021 5675 Urbis

439 5692 687 5733 .‘anauam
716 5678 782 5730 ad
803 5677 1135 5746 superiorem
1161 5686 1475 5746 potestatem
1514 5676 1844 5746 pertinebat,
1888 5674 1934 5746 l.
1969 5675 2021 5737 1,

437 5747 536 5802 end
587 5746 658 5803 de
684 5744 1136 5815 officio'Przefeeti
1171 5744 1318 5800 Urbi.
1352 5746 1531 5815 Itaque
1560 5756 1614 5801 et
1643 5744 1892 5801 Sidonius
1923 5744 2024 5796 hoc

442 5816 586 5880 loco,
613 5823 669 5870 et
684 5818 1035 5890 Symmachus
1066 5813 1157 5868 lib.
1183 5830 1239 5878 x,
1269 5831 1354 5883 cp.
1385 5813 1475 5890 48:,
1500 5817 1813 5884 prrefeetura
1843 5816 2023 5869 urbica

446 5885 742 5962 fungentes
769 5900 1107 5946 communem
1150 5898 1271 5943 cum
1329 5885 1579 5955 praefecto
1618 5901 1842 5942 annona:
1881 5900 2027 5941 com-

2097 3399 2408 3455 commilitio
2438 3399 2636 3453 recenti
2662 3399 2951 3453 familiaris.
2984 3397 3139 3468 Saepe
3166 3399 3307 3453 enim
3338 3400 3484 3454 cives
3510 3403 3680 3470 magis

2098 3493 2299 3547 amicos
2330 3490 2689 3559 peregrinatio
2723 3489 2870 3543 facit.
2922 3490 3083 3559 Igitur
3115 3490 3334 3545 insidias
3384 3492 3669 3555 nescienti,

2101 3594 2205 3640 tam
2235 3585 2501 3648 Paconius,
2531 3598 2689 3653 quam
2720 3583 2939 3653 Bigerus
2961 3583 3057 3637 has
3087 3584 3447 3649 tetenderunt,
3478 3590 3538 3637 ut
3562 3585 3679 3652 plu-

2099 3678 2248 3732 rimis
2276 3690 2456 3731 coram
2498 3683 2746 3744 tanquam
2786 3675 2853 3727 ab
2883 3675 3097 3728 incauto
3126 3676 3543 3737 sciscitarentur,
3578 3676 3683 3731 hoc

2101 3785 2297 3825 novum
2328 3782 2540 3822 carmen
2569 3782 2634 3821 an
2662 3774 3092 3835 recognosceret.
3118 3768 3183 3820 Et
3210 3768 3299 3820 ille
3330 3786 3343 3820 :
3374 3768 3449 3829 Si,
3486 3768 3677 3833 inquit,

2102 3861 2365 3916 dixeritis.
2397 3859 2637 3927 Cumque
2672 3858 2866 3912 frustra
2896 3858 3106 3912 diversa
3130 3898 3145 3923 ,
3190 3858 3342 3926 quasi
3377 3873 3470 3926 per
3499 3859 3682 3925 jocum

2104 3951 2472 4015 effunderent,
2500 3948 2721 4003 solvitur
2746 3948 3033 4002 Catullinus
3056 3952 3105 4001 in
3130 3948 3317 4012 risum,
3349 3948 3685 4017 intempesti-

2106 4057 2278 4112 voque
2300 4040 2551 4109 suffragio
2579 4039 2813 4093 clamare
2837 4038 3019 4107 erepit,
3051 4038 3269 4106 dignum
3302 4051 3510 4105 poema,
3539 4037 3684 4106 quod

2104 4133 2339 4203 apicibus
2370 4130 2767 4201 perennandum
2810 4131 3007 4185 auratis
3032 4129 3172 4199 juste
3208 4127 3232 4164 δ
3266 4129 3444 4183 tabula
3483 4138 3688 4184 rostra-

2106 4272 2316 4319 meatus
2347 4277 2527 4318 curam
2556 4269 2768 4332 gerunt.

2181 4345 2204 4372 θ
2243 4334 2482 4401 Querelaa
2510 4331 2679 4401 panis,
2711 4347 2803 4396 per
2828 4345 2959 4401 quas
2989 4331 3215 4399 populus
3244 4332 3523 4398 ingruente
3549 4332 3688 4387 fame

2110 4400 2546 4467 tumultuabatur,
2582 4402 2812 4467 praefecti
2870 4400 3025 4455 Urbis
3070 4402 3228 4469 capiti
3274 4416 3417 4467 saepe
3448 4402 3692 4456 immine-

2109 4479 2265 4543 bant,
2300 4489 2355 4528 ut
2391 4475 2616 4529 Tertulli
2644 4472 2945 4538 exemplum
2976 4472 3128 4543 docet
3159 4471 3297 4539 apud
3330 4472 3692 4543 Marcellinum

2112 4549 2204 4602 lib.
2238 4562 2351 4601 xxx.
2387 4546 2480 4599 Hae
2508 4557 2680 4599 atttcm
2718 4545 2767 4597 in
2803 4542 3025 4596 theatris
3055 4556 3289 4595 maXtme
3318 4542 3579 4609 circisque
3601 4558 3694 4595 au-

2031 4586 2086 4648 D
2112 4586 2414 4684 dilabentium
2436 4586 2611 4671 ubi‘et
2640 4615 2867 4682 populus
2894 4612 3167 4684 frequens,
3182 4621 3239 4684 et
3268 4612 3437 4680 major
3459 4586 3694 4667 li'cenlia.

2114 4690 2329 4743 Tacitus
2355 4682 2611 4740 v'Annal.
2641 4687 2689 4737 in
2724 4682 2935 4736 Domitii
2965 4691 3017 4735 et
3058 4682 3329 4736 Scribonis
3364 4683 3643 4736 consulatu
3679 4703 3690 4736 :

2118 4759 2308 4812 Iisdem
2350 4755 2638 4809 consulibus
2674 4756 2919 4824 gravitate
2956 4769 3173 4824 annona:
3203 4755 3359 4824 juatta
3404 4753 3699 4806 seditionem

2119 4840 2316 4883 ventum
2342 4844 2360 4880 .'
2382 4828 2637 4895 multaque
2659 4822 2701 4878 et
2726 4823 2894 4895 plures
2917 4840 3005 4891 per
3033 4823 3136 4875 dies
3164 4824 3215 4875 in
3247 4822 3438 4895 tlteatro
3469 4824 3701 4895 licentius

2121 4899 2417 4969 eﬂlagitala.
2455 4890 2921 4969 Deﬂ'circetisi‘ali‘o
2947 4894 3175 4946 tumultu
3203 4890 3700 4969 qui_Constattt_ino-

2123 4962 2467 5040 poli'accidit,
2506 4967 2773 5040 Eunapius
2797 4966 2848 5017 in
2880 4964 3108 5040 Sopatro
3142 4980 3154 5014 :
3187 4962 3253 5040 de
3286 4962 3526 5040 Romano
3554 4962 3704 5017 Zosi-

2125 5031 2243 5093 inus
2275 5039 2369 5091 lib.
2402 5054 2461 5101 v,
2484 5031 2694 5105 quando
2728 5034 3038 5105 llcracliano
3077 5033 3273 5105 comite
3308 5031 3503 5105 Africae
3539 5047 3703 5105 occu-

2124 5119 2274 5179 patos
2300 5118 2481 5176 portus
2502 5102 2729 5179 tenente
2761 5104 2938 5158 feralis
2969 5104 3051 5157 illa
3082 5118 3183 5155 vox
3215 5102 3269 5155 in
3299 5102 3446 5156 circo
3477 5103 3657 5157 audita
3688 5121 3704 5157 :

2123 5179 2267 5234 Pone
2298 5182 2512 5248 pretium
2539 5179 2681 5231 carni
2706 5178 2957 5248 humanm.
3119 5243 3131 5248 _
3208 5244 3218 5248 Α
3279 5244 3314 5248 __
3502 5244 3529 5248 _
3599 5244 3609 5248 _
3661 5204 3671 5215 .

2202 5250 2219 5288 ί
2263 5243 2529 5318 Sequano,
2554 5257 2611 5300 ut
2630 5248 2796 5315 prima
2821 5246 2999 5318 statim
3023 5243 3184 5318 verba
3206 5244 3463 5318 indicant.
3496 5244 3706 5311 Scripta

2123 5331 2205 5376 est
2230 5315 2450 5389 epistola
2480 5318 2807 5386 temporibus
2836 5315 3139 5389 Anthemii;
3172 5316 3265 5369 sed
3297 5329 3357 5369 ea
3389 5324 3569 5389 narrat
3589 5328 3708 5389 qua;

2124 5382 2416 5460 Majoriano
2448 5382 2706 5460 regnante
2748 5386 3086 5460 acciderant,
3137 5400 3313 5450 anno,
3365 5393 3422 5437 ut
3465 5382 3709 5437 Severini

2124 5459 2434 5517 consulatus
2458 5459 2709 5523 ostendit,
2732 5459 2858 5513 461.

2201 5541 2223 5578 8
2270 5532 2325 5585 In
2376 5530 2666 5600 epigraphe
2712 5529 2965 5583 carminis
3010 5528 3078 5581 1‘2.
3129 5542 3234 5600 non
3281 5524 3512 5600 amplius
3552 5537 3710 5600 quam

2129 5594 2816 5670 clarissimus'appellatur.
2867 5600 3079 5670 Honore
3123 5599 3278 5670 igitur
3306 5594 3715 5670 aut__privil_egio

2132 5674 2380 5742 quopiam
2418 5665 2638 5725 ornatus
2666 5679 2848 5739 postea
2879 5669 3050 5724 fuerat
3080 5682 3184 5742 quo
3212 5668 3361 5742 fieret
3395 5665 3642 5742 illustris.

2205 5735 2254 5778 Μ’
2277 5744 2469 5809 Digna,
2502 5735 2701 5809 inquit,
2734 5752 2909 5808 satyra
2933 5780 2947 5801 ,
2980 5753 3097 5806 qua!
3126 5739 3177 5789 itt
3209 5750 3281 5789 aes
3308 5735 3471 5809 incisa
3511 5754 3605 5805 pro
3634 5751 3719 5791 ro-

2135 5813 2260 5868 stris
2284 5807 2369 5866 vel
2403 5813 2453 5865 in
2479 5807 2739 5880 Capitolio
2770 5807 2907 5863 inter
2934 5812 3107 5875 legum
3140 5820 3201 5861 ac
3241 5807 3575 5877 publicorum
3609 5822 3719 5862 mo-

2138 5893 2509 5941 numentorum
2544 5882 2746 5938 tabulas
2775 5881 3089 5936 collocetur.
