4078 6348
427 402 535 459 467

1715 388 1961 447 διυαΝιι
2000 387 2448 445 APOLUNAR-IS

3604 383 3709 445 ‘68

430 516 497 571 lis
528 514 824 581 acciperet,
854 518 945 562 aut
975 506 1138 561 etiam
1162 503 1482 573 Capitolina.
1516 501 1766 557 Paeonius
1796 503 2018 571 exarsit,
2045 511 2101 571 Α
2128 512 2252 558 tunc
2278 502 2536 572 incipiunt
2563 502 2872 569 dignitates.
2906 501 3071 572 Igitur
3090 501 3193 559 iste
3206 501 3283 556 sic
3312 501 3703 571 prafectorius,

430 609 513 664 cui
544 604 810 676 satyricus
850 600 939 654 ille
987 611 1222 652 morsum
1267 596 1442 651 dentis
1486 595 1634 665 igniti
1665 594 1871 650 avidius
1904 595 2007 648 im-

433 705 705 771 presserat
744 713 757 749 :
806 703 966 763 atque
994 692 1061 747 ad
1104 699 1342 745 astantes
1386 690 1770 754 circulatores,
1804 688 2015 758 lnjuriaa

431 788 750 855 communis,
775 784 967 855 inquit,
992 784 1103 853 jam
1129 797 1279 837 reum
1303 780 1498 836 inveni.
1534 780 1733 835 Videtis
1760 777 2015 835 utCatul-

434 884 572 937 linus
602 879 808 949 deperit
841 876 991 932 risu?
1047 878 1281 945 Apparet
1306 875 1353 929 ei
1385 882 1513 929 nota
1539 874 1850 929 memorari.
1882 872 2016 927 Nam

434 970 551 1045 qum
578 987 737 1028 causa
757 968 1014 1039 compulit
1036 966 1283 1023 festinam
1312 967 1644 1037 pmcipitare
1672 966 2013 1030 sententiam,

432 1067 533 1122 nisi
558 1065 698 1137 quod
724 1065 835 1135 jam
865 1070 1015 1120 tenet
1046 1070 1248 1127 totum,
1282 1059 1371 1130 qui
1399 1060 1468 1115 de
1497 1068 1644 1129 parte
1670 1060 1747 1113 sic
1769 1059 2017 1128 judicat?

434 1161 614 1232 Itaque
637 1158 890 1216 Sidonius
915 1155 1133 1212 nuncin
1164 1153 1406 1209 Arverno
1426 1162 1511 1209 est
1540 1169 1555 1206 :
1589 1151 1729 1206 unde
1753 1150 2017 1221 colligitur

433 1262 657 1311 auctore
676 1251 787 1319 illo,
815 1251 918 1306 isto
945 1249 1211 1316 auditore,
1235 1263 1349 1304 rem
1371 1255 1589 1303 textam.
1617 1246 1723 1302 itur
1753 1246 1809 1301 in
1830 1245 2014 1312 furias,

433 1348 597 1416 inque
635 1344 875 1401 convicia
919 1343 1196 1409 absentis,
1244 1341 1569 1406 nescientis,
1611 1339 2018 1410 innocentisque

430 1438 803 1502 conscientiae;
837 1434 961 1490 ﬁdei
989 1435 1270 1504 quaestioni
1294 1433 1367 1489 nil
1398 1442 1723 1489 reservatur.
1754 1432 1846 1489 Sic
1875 1431 2016 1487 levis

432 1531 602 1594 turbae
633 1528 962 1594 facilitatem,
996 1542 1101 1598 qua
1130 1527 1318 1594 voluit,
1342 1526 1611 1583 contraxit
1648 1539 1877 1594 persona
1923 1539 2017 1594 po-

431 1620 651 1691 pularis.
706 1619 835 1675 Erat
880 1620 1025 1675 enim
1052 1620 1169 1690 ipse
1196 1619 1443 1691 Paeonius
1492 1618 1677 1688 populi
1730 1625 1897 1687 totus,
1926 1621 2016 1687 qui

431 1711 722 1769 tribunitiis
748 1711 962 1767 ﬂatibus
992 1712 1189 1767 crebro
1217 1710 1544 1767 seditionum
1570 1710 1790 1780 pelagus
1822 1709 2012 1780 impel-

432 1806 585 1873 leret.
616 1805 881 1861 Caeterum
910 1806 957 1860 si
997 1804 1336 1874 requisisses,
1379 1803 1470 1873 qui
1518 1817 1707 1871 genus,
1741 1801 1881 1856 unde
1909 1801 2007 1855 do-

2129 593 2207 649 sic
2235 601 2450 648 senator
2493 592 2669 665 (cujus
2715 593 2957 650 moribus
3005 586 3146 663 quo'd
3180 594 3446 663 praeconia
3488 610 3709 665 compe-

2122 686 2283 741 tentia
2311 701 2416 741 non
2443 700 2507 741 ex
2539 701 2662 743 asse
2694 687 2963 758 persolvo,
2994 688 3175 756 generi
3230 688 3311 742 sui
3342 690 3586 744 moribus
3614 692 3708 746 de-

2118 776 2267 850 beo),
2294 779 2587 835 multorum
2620 781 2738 849 plus
2763 794 2921 849 quam
2954 778 3218 835 honorum
3259 782 3383 834 odia
3417 784 3711 840 commovit

2120 872 2295 928 adhuc
2322 873 2589 943 ignoranti
2615 872 2769 937 mihi,
2800 872 2972 927 adhuc
3002 873 3195 940 amico,
3230 883 3480 943 tanquam
3506 878 3709 933 saeculo

2121 980 2242 1021 meo
2262 980 2453 1021 canere
2490 966 2635 1021 solus
2684 980 2842 1021 versu
2884 966 3136 1021 valerem.
3199 966 3364 1022 Venio
3409 968 3704 1038 Arelatem,
3758 996 3763 1038 ;

2121 1056 2253 1110 nihil
2282 1056 2455 1110 adhuc
2485 1056 2761 1126 suspicans
2792 1074 2803 1108 :
2836 1056 2977 1112 unde
3008 1056 3190 1111 enim?
3213 1072 3516 1128 quanquam
3549 1033 3706 1128 puta;
3757 1033 3764 1065 ἦ

2121 1162 2208 1203 rer
2234 1147 2301 1203 ah
2336 1147 2566 1202 inimicis
2596 1161 2701 1202 non
2730 1145 3040 1212 adfuturus;
3072 1162 3134 1201 ac
3162 1148 3398 1218 principe
3428 1151 3709 1220 postdiem

2120 1242 2257 1308 visit,
2298 1243 2351 1295 in
2383 1240 2555 1294 forum
2582 1256 2647 1295 ex
2674 1256 2824 1295 more
2849 1239 3156 1305 descendo;
3206 1241 3349 1311 quod
3396 1242 3488 1297 ubi
3531 1242 3707 1298 visum

2120 1343 2203 1391 εει
2254 1332 2395 1388 illico
2442 1333 2683 1403 expavit,
2715 1342 2773 1387 ut
2831 1333 2904 1387 ait
2952 1332 3065 1401 ille,
3098 1334 3207 1404 28
3245 1334 3319 1388 nil
3346 1333 3557 1389 fortiter
3578 1350 3707 1391 ausa

2120 1428 2333 1486 seditio.
2403 1427 2507 1483 Alii
2563 1438 2740 1483 tamen
2804 1426 2937 1481 mihi
2982 1426 3101 1496 plus
3156 1442 3315 1494 quam
3380 1426 3597 1481 deceret
3641 1427 3709 1482 ad

2119 1535 2291 1591 genua
2324 1520 2564 1590 provolvi
2589 1536 2606 1583 ;
2630 1519 2717 1574 alii
2746 1535 2812 1573 ne
2835 1518 3152 1583 salutarent,
3180 1515 3206 1553 ἀ
3232 1518 3417 1588 fugere
3450 1527 3571 1587 post
3599 1527 3709 1574 sta-

2123 1623 2259 1677 tuas,
2293 1610 2465 1667 occuli
2506 1621 2628 1681 post
2668 1612 2975 1677 columnas;
3004 1611 3092 1666 alii
3137 1609 3337 1679 tristes,
3373 1610 3710 1681 vultuosique

2117 1711 2315 1780 junctis
2342 1710 2475 1766 mihi
2520 1710 2774 1767 lateribus
2815 1711 3083 1766 incedere.
3127 1711 3225 1767 ilic
3269 1727 3389 1783 ego,
3439 1714 3569 1783 quid
3604 1713 3709 1769 sibi

2127 1804 2243 1859 hch
2275 1804 2435 1861 vellet
2457 1805 2510 1859 in
2533 1804 2637 1859 illis
2688 1805 2955 1873 superbiae
3002 1805 3200 1872 nimia),
3245 1806 3298 1860 in
3346 1806 3462 1862 istis
3491 1809 3707 1864 humili-

434 1914 560 1963 mo;
612 1912 718 1951 non
761 1895 1081 1951 eminentius
1110 1910 1267 1964 quam
1299 1903 1326 1930 α
1376 1893 1771 1961 municipaliter
1814 1898 2004 1947 natus:
2042 1883 2089 1942 Β
2118 1898 2240 1953 tatis
2270 1899 2437 1952 forma
2458 1940 2474 1967 ,
2500 1898 2705 1963 mirari,
2738 1912 2837 1952 nec
2867 1898 3006 1953 ultro
3029 1906 3206 1953 tamen
3252 1912 3443 1954 causas
3478 1900 3710 1956 interro-

435 2005 759 2061 quemquem
790 1991 929 2043 inter
958 1988 1106 2041 initia
1135 1988 1235 2058 27
1268 1987 1543 2055 cognosci,
1591 1985 1805 2039 claritas
1836 1983 2011 2039 vitrici

434 2088 602 2154 magis
632 2098 790 2153 quam
823 2081 1218 2151 patris‘lecerit.
1255 2078 1548 2133 identidem
1600 2084 1777 2131 tamen
1807 2092 1901 2146 per
1932 2077 2012 2130 fas

433 2178 690 2248 nefasque
714 2190 958 2232 crescere
983 2175 1275 2239 affectans;
1306 2172 1657 2243 pecuniaeque
1699 2186 1793 2240 per
1841 2169 2013 2225 avari-

434 2270 563 2326 tiam
596 2283 809 2338 parcus,
840 2284 936 2337 per
963 2267 1221 2322 ambitum
1248 2266 1528 2335 prodigus.
1556 2264 1795 2333 Namque
1839 2273 1896 2318 ut
1938 2263 2014 2317 fa-

436 2368 598 2431 miliae
623 2365 887 2434 superiori
938 2378 1033 2432 per
1073 2363 1235 2416 filiam
1284 2362 1465 2415 saltim
1513 2374 1818 2429 quanquam
1846 2359 2013 2415 bone-

433 2460 724 2515 stissimam
752 2458 1086 2527 jungeretur,
1122 2464 1309 2509 contra
1348 2454 1581 2522 rigorem
1624 2452 1780 2507 civici
1810 2452 2010 2515 moris,

433 2551 791 2623 splendidam,
822 2560 881 2605 ut
908 2550 1104 2613 ferunt,
1139 2548 1320 2602 dotem
1345 2543 1605 2600 Chremes
1651 2554 1831 2598 noster
1862 2544 2016 2597 Pam-

433 2644 580 2716 philo
605 2659 704 2699 suo
730 2644 957 2699 dixerat.
1013 2640 1254 2709 Cumque
1282 2639 1349 2693 de
1378 2637 1711 2706 capessendo
1739 2635 2013 2689 diadema-

436 2746 488 2794 te
517 2738 541 2777 δ
570 2736 869 2807 conjuratio
897 2733 1237 2789 Marcelliaua
1264 2740 1611 2801 coqueretur,
1644 2727 1907 2783 nobilium
1930 2726 2016 2796 ju-

432 2830 633 2885 ventuti
665 2826 977 2897 signiferum
1000 2839 1123 2879 sese
1150 2825 1203 2877 in
1240 2822 1467 2877 factione
1490 2820 1822 2889 praebuerat:
1855 2818 2017 2871 homo

432 2922 610 2979 adhuc
637 2936 805 2976 novus
836 2922 888 2974 in
913 2926 1209 2976 senectute.
1248 2915 1423 2971 donec
1470 2913 1757 2983 aliquando
1798 2921 2017 2983 propter

432 3014 801 3084 experimenta
829 3010 1002 3066 felicis
1031 3010 1288 3073 audaciae,
1323 3007 1581 3062 natalium
1612 3007 1732 3076 ejus
1775 3005 2019 3061 obscuri-

435 3106 529 3161 tati
571 3104 717 3160 dedit
772 3102 968 3157 hiantis
1017 3098 1309 3168 interregni
1364 3099 1495 3154 rima
1547 3097 1829 3167 fulgorem.
1882 3097 2014 3152 Nam

439 3205 661 3252 vacante
689 3195 832 3259 aula,
867 3193 1185 3261 turbataque
1224 3190 1525 3259 republica,
1576 3190 1724 3244 solus
1772 3191 2017 3245 inventus

2114 2008 2262 2062 gare,
2290 1976 2413 2048 cum
2453 1992 2775 2048 subornatus
2820 2009 2959 2047 unus
2993 2009 3023 2047 e
3052 1992 3205 2048 turba
3236 1991 3584 2048 factiosorum
3615 1976 3711 2048 da‘

2115 2100 2236 2141 sese
2266 2086 2397 2139 mibi
2426 2085 2888 2140 consalutandum.
2915 2085 3063 2140 Tunc
3087 2085 3411 2155 procedente
3437 2102 3707 2155 sermone,

2114 2178 2305 2233 Cernis
2336 2177 2474 2233 hoc?
2498 2179 2688 2248 inquit.
2714 2178 2781 2232 Et
2806 2193 2925 2247 rgo,
2951 2178 3139 2245 Video,
3167 2180 3709 2248 inquam,gestusque

2117 2286 2303 2325 eorum
2332 2271 2500 2325 miror
2530 2270 2801 2340 equidem,
2844 2286 2941 2327 nec
2967 2271 3222 2325 admiror.
3272 2270 3354 2327 Ad
3385 2271 3499 2326 haec
3526 2280 3706 2327 noster

2118 2364 2420 2433 interpres:
2458 2364 2524 2419 Ut
2570 2364 3012 2435 satyrographum
3050 2374 3123 2430 te,
3168 2364 3364 2434 inquit,
3416 2376 3509 2419 aut
3550 2380 3704 2420 exse-

2117 2465 2356 2524 erantur,
2388 2466 2478 2510 aut
2508 2455 2881 2511 reformidant.
2915 2457 3068 2513 Unde
3088 2458 3109 2511 ?
3133 2458 3388 2527 quando?
3410 2458 3696 2527 respondi:

2118 2549 2235 2619 quis
2278 2550 2481 2604 crimen
2536 2551 2799 2619 agnovit?
2834 2552 2952 2619 quis
2992 2550 3213 2605 detulit?
3257 2552 3380 2621 quis
3418 2553 3705 2624 probavit?

2120 2640 2344 2710 Moxque
2372 2640 2695 2696 subridens:
2726 2641 2912 2713 Perge,
2959 2643 3198 2712 inquam,
3223 2644 3417 2711 amice,
3455 2645 3555 2699 nisi
3587 2662 3703 2700 mo-

2121 2731 2311 2785 lestum
2343 2740 2445 2799 est,
2478 2742 2531 2785 et
2559 2743 2925 2793 tumescentes
2976 2738 3194 2791 nomine
3240 2752 3360 2791 meo
3417 2738 3702 2795 consulere

2118 2824 2358 2893 dignare,
2387 2836 2690 2880 utrumnam
2711 2827 2800 2881 ille
2814 2828 3023 2882 delator
3044 2838 3134 2882 aut
3157 2830 3334 2895 index,
3360 2833 3447 2899 qui
3472 2844 3703 2902 satyram

2120 2930 2207 2972 me
2234 2918 2514 2986 scripsisse
2539 2918 2819 2986 conﬁnxit,
2849 2929 2903 2975 et
2934 2921 3312 2991 perscripsisse
3351 2922 3700 2977 confinxerit:

2121 3007 2260 3062 unde
2304 3006 2441 3063 forte
2484 3010 2552 3064 sit
2602 3010 2765 3064 tutius
2808 3015 2850 3065 si
2894 3014 3277 3080 retractabunt,
3323 3023 3381 3068 ut
3428 3015 3704 3084 superbire

2120 3099 2398 3155 desistant.
2428 3100 2580 3165 Quod
2613 3102 2701 3157 ubi
2734 3104 2952 3159 nuntius
2982 3106 3187 3171 retulit,
3231 3107 3475 3174 protinus
3523 3106 3706 3161 cuncti

2123 3206 2229 3248 non
2258 3192 2520 3259 modeste,
2546 3208 2724 3262 neque
2746 3194 2961 3265 singuli,
2993 3199 3085 3251 sed
3118 3211 3343 3266 propere
3380 3208 3431 3251 et
3459 3207 3704 3253 caterva-

438 3297 539 3355 est,
571 3288 659 3356 qui
689 3286 755 3339 ad
813 3284 1014 3340 Gallias
1052 3260 1533 3345 administrandas,
1584 3280 1814 3336 fascibus
1872 3282 2020 3349 prius
2045 3260 2095 3326 Ο
2125 3285 2220 3338 tim
2251 3285 2431 3339 oscula
2462 3300 2527 3341 ac
2552 3260 2804 3342 dexteras
2836 3260 2976 3341 inihi
3023 3260 3306 3343 dederunt.
3359 3290 3516 3345 Solus
3544 3289 3705 3346 Curio

437 3392 598 3447 quam
626 3377 891 3432 codicillis
919 3388 1083 3430 ausus
1114 3374 1339 3443 accingi,
1380 3372 1654 3428 mensibus
1700 3371 1879 3427 multis
1926 3373 2019 3427 tri-

436 3473 601 3528 bunal
649 3463 937 3527 illustrium
1002 3477 1324 3539 potestatum
1376 3465 1682 3535 spectabilis
1735 3464 2019 3535 praefectus

436 3567 750 3624 ascenderet
776 3584 789 3620 :
818 3581 959 3619 anno
982 3573 1195 3633 peracto
1224 3561 1429 3616 militize
1453 3570 1707 3616 extremae
1730 3558 2018 3615 terminum

437 3660 581 3715 circa
608 3660 694 3714 vix
726 3660 1038 3723 honoratus,
1070 3663 1095 3694 ο
1126 3654 1559 3707 numerariorum
1588 3667 1759 3714 more,
1800 3666 1894 3707 seu
1921 3664 2018 3720 po-

436 3745 541 3808 tius
578 3751 982 3816 advocatorum,
1032 3761 1261 3819 quorum
1298 3760 1420 3801 cum
1461 3744 1718 3800 liniuntur
1752 3745 2013 3813 actiones,

505 3967 533 3998 ι
558 3956 724 4027 Cujus
749 3958 999 4012 nimirum
1029 3957 1261 4024 majores
1302 3954 1565 4026 publicam
1594 3954 1790 4008 nullam
1839 3954 2012 4027 digni-

433 4036 595 4087 hwm
623 4025 926 4110 attigerant,
952 4028 1046 4083 sed
1071 4029 1205 4082 intra
1237 4025 1643 4110 municipiorum
1672 4040 1888 4110 suorum
1914 4025 2010 4110 ho:

435 4116 597 4157 nores
624 4115 688 4154 ac
723 4096 847 4167 jura
898 4107 1307 4152 consenuerant.
1358 4096 1639 4164 Quomodo
1685 4107 1738 4151 et
1786 4097 2009 4164 Augusti

433 4186 590 4226 avum
632 4170 1043 4234 municipalibus
1079 4171 1183 4237 22
1230 4170 1548 4234 magisteriis
1591 4174 1901 4237 contentum
1926 4167 2011 4237 vi-

434 4240 583 4293 xisse
612 4247 792 4291 narrat
821 4234 1255 4303 Suetoniiisdap.
1277 4237 1331 4288 ‘2.
1363 4237 1550 4289 Cicero
1579 4250 1674 4302 pro
1702 4235 1844 4305 Sylla
1875 4253 1887 4288 :
1915 4234 2006 4289 Est

434 4309 567 4364 enim
596 4308 704 4376 ipse
735 4324 768 4360 a
794 4321 1021 4369 materno
1076 4304 1646 4376 generemunicipalis.
1702 4304 2008 4374 Eodemque

434 4374 623 4442 sensu,
648 4377 770 4445 quia
824 4378 877 4430 in
923 4374 1225 4442 municipiis
1270 4374 1553 4445 humiliora
1600 4384 1655 4427 ct
1699 4375 2007 4430 obscuriora

436 4457 562 4504 sunt
586 4442 787 4509 omnia,
828 4446 1192 4512 municipalem
1220 4442 1445 4498 scholam
1485 4444 1752 4497 Ausonius
1782 4445 1846 4496 ad
1870 4446 2005 4499 Gra-

438 4519 664 4582 tianum,
693 4528 746 4571 et
776 4517 1027 4572 Sidonius
1059 4516 1149 4570 lib.
1180 4531 1252 4580 tv,
1288 4516 1341 4576 5,
1383 4515 1719 4577 municipales
1760 4524 2007 4584 oratores,

435 4588 753 4661 incarmine
780 4588 847 4641 ad
876 4587 1112 4643 Felicem
1139 4585 1473 4655 municipales
1500 4594 1671 4661 poetas
1699 4584 1831 4639 dixit
1855 4586 2008 4655 ignoo

434 4657 569 4715 biles
596 4666 652 4714 et
670 4658 945 4713 obscuros.

506 4727 538 4768 ῖο
564 4728 887 4784 Marcelliani
925 4727 1157 4798 patricii,
1182 4726 1319 4782 Aetii
1364 4726 1633 4798 quondam
1682 4726 2003 4796 familiaris;

432 4814 593 4870 quem
623 4809 810 4853 auctor
836 4796 1301 4870 est'Procopiusi
1322 4796 1632 4870 jvandalici,
1664 4811 1806 4870 caeso
1850 4801 2005 4855 Aetio

432 4868 593 4926 rebus
620 4870 835 4925 novisin
870 4869 1130 4941 Dalmatia
1157 4868 1443 4941 studuisse,
1477 4868 1874 4941 potentiamque
1903 4871 2005 4925 sibi

433 4953 776 5009 camparasse
832 4941 1046 5009 utrique
1109 4940 1334 5007 imperio
1387 4938 1799 4994 formidabilem.
1851 4940 2003 5005 Quod

432 5008 603 5065 Prisci
650 5011 810 5065 etiam
853 5008 1083 5065 rhetoris
1129 5019 1376 5078 excerpta
1403 5011 1740 5065 confirmant.
1776 5009 2005 5067 interre-

469 5094 595 5134 num
622 5096 770 5145 vero,
803 5081 955 5149 cujus
981 5082 1316 5135 occasionem
1360 5089 1548 5135 nactus
1576 5080 1821 5134 Paeonius
1863 5098 2000 5150 pra:-

456 5151 694 5205 ecturam
726 5151 1053 5205 Gallicanam
1079 5153 1323 5219 arripuit,
1351 5166 1455 5205 non
1494 5159 1611 5218 post
1646 5151 1860 5205 Maximi
1900 5167 2001 5207 ca:-

434 5220 558 5276 dem
606 5222 690 5274 cui
740 5220 927 5276 Avitus
967 5236 1090 5276 mox
1143 5222 1417 5287 successit,
1451 5220 1546 5275 sed
1568 5231 1694 5275 ante
1721 5221 2000 5291 Majoriani

434 5292 693 5358 auspicia,
725 5301 844 5359 post
863 5303 1103 5360 ereptum
1132 5292 1289 5346 Avito
1319 5294 1621 5359 imperium.
1656 5291 1786 5345 Nam
1816 5293 2001 5349 decem

434 5362 666 5431 amplius
691 5362 955 5416 mensium
1003 5362 1100 5417 fuit
1134 5363 1494 5431 intervallum,
1525 5372 1579 5417 et
1618 5363 1826 5418 turbata
1868 5364 2003 5419 Rici-

436 5434 600 5487 meris
630 5432 943 5486 factionibus
970 5434 1288 5499 reSpnblica.

508 5515 530 5543 ε
564 5506 991 5558 Numerariorum
1018 5517 1207 5558 munus
1235 5504 1464 5569 dignitas
1492 5518 1599 5559 non
1626 5514 1729 5571 est,
1780 5506 1875 5561 sed
1925 5506 2005 5561 of-

438 5574 613 5647 ficium
648 5574 939 5647 dignitatis.
965 5574 1249 5647 Principes
1268 5585 1441 5628 lntlien
1475 5577 1792 5631 numerariis
1832 5578 1920 5647 qui
1950 5578 2001 5631 in

435 5645 610 5697 officio
642 5646 873 5712 praefecti
907 5654 1057 5713 priet.
1098 5644 1341 5699 militiam
1386 5647 1729 5712 deponerent,
1782 5644 1999 5703 honoris

438 5720 840 5786 praerogativam
865 5716 1235 5770 decreverunt.
1270 5720 1345 5770 Ac
1379 5716 1578 5771 Sidonii
1609 5719 1820 5786 quidem
1844 5729 1999 5773 tetate

439 5784 635 5855 tribuni
667 5788 972 5853 praetoriani
1028 5786 1248 5843 ﬁebant:
1294 5796 1473 5855 postea
1523 5784 1648 5842 vero
1688 5790 1999 5843 Anastasius

436 5854 571 5919 Aug.
600 5869 691 5919 eos
721 5857 921 5913 honore
947 5859 1209 5915 comitivzn
1237 5854 1510 5926 dignitatis
1544 5858 1773 5921 ornavit,
1810 5859 1846 5913 ι.
1874 5860 1999 5913 ulti-

2034 4776 2083 4834 D

2125 3390 2298 3443 meus,
2323 3378 2377 3432 in
2405 3379 2799 3448 transfugarum
2829 3379 3108 3449 perfidiam
3139 3381 3397 3447 invectus,
3444 3396 3565 3435 cum
3604 3382 3703 3437 ad-

2124 3480 2546 3538 vesperasceret,
2580 3485 2674 3541 per
2698 3471 3064 3527 cathedrarios
3089 3485 3276 3527 servos
3326 3473 3705 3542 vespillonihus

2126 3562 2374 3616 tetriores
2400 3562 2618 3616 domum
2645 3572 2829 3633 raptus
2857 3578 2922 3618 ac
2941 3571 3242 3632 reportatus
3286 3572 3389 3619 est.
3432 3563 3704 3620 Postridie

2122 3648 2282 3722 jussit
2308 3638 2576 3724 Augustus
2603 3663 2659 3708 ut
2688 3655 2849 3722 epulo
2870 3669 2970 3709 suo
2998 3654 3329 3710 circensibus
3373 3655 3515 3710 ludis
3536 3656 3703 3710 inter-

2127 3759 2390 3801 essemus.
2434 3755 2458 3784 ο
2514 3746 2726 3802 Primus
2770 3746 2983 3816 jacebat
3024 3760 3190 3801 cornu
3246 3746 3467 3802 sinistro
3517 3746 3702 3802 consul

2116 3967 2202 4007 ma
2232 3955 2354 4008 cod.
2381 3954 2448 4009 de
2481 3954 2830 4010 Numerariis.
2862 3956 3009 4011 idem
3048 3955 3302 4025 judicium
3330 3954 3396 4009 de
3424 3954 3701 4011 advocatis

2119 4025 2451 4093 praefecturae
2474 4028 2771 4095 utriusque,
2802 4029 2889 4096 qui
2920 4035 3041 4096 post
3068 4026 3302 4081 officium
3322 4026 3589 4095 expletirm
3621 4028 3703 4081 dl~

2118 4097 2468 4151 mittebantur
2498 4113 2619 4151 cum
2650 4097 2897 4153 comitiva
2921 4097 3329 4161 consistoriana,
3363 4097 3398 4150 l.
3434 4098 3467 4152 8
3496 4096 3561 4150 dc
3594 4098 3702 4157 Ad-

2120 4167 2323 4221 vocatis
2354 4168 2554 4222 divers.
2596 4168 2857 4236 judicum.
2915 4168 3046 4223 Cum
3110 4168 3190 4221 his
3241 4183 3368 4237 ergo
3422 4168 3699 4221 Pmonium

2119 4245 2413 4305 comparat,
2444 4239 2533 4306 qni
2564 4238 2895 4307 praefecwraa
2923 4254 3083 4307 quam
3129 4246 3427 4303 usurparet,
3480 4238 3699 4292 codicil-

2118 4306 2209 4378 los_
2230 4309 2369 4378 circa
2404 4306 2571 4362 finem
2597 4319 2801 4362 tantum
2827 4306 3301 4363 administrationis
3323 4318 3622 4378 acceperat.

2186 4374 2214 4413 ά
2242 4376 2445 4443 Quibus
2477 4380 2720 4434 videlicet
2742 4380 3001 4434 refertum
3033 4390 3147 4434 erat
3194 4379 3364 4433 forum
3417 4374 3699 4435 Arelaten-

2114 4461 2196 4513 se,
2222 4458 2276 4500 ut
2327 4448 2553 4503 aliarum
2595 4448 2709 4504 fere
2754 4450 3046 4505 civitatum.
3104 4450 3336 4505 Joannes
3397 4450 3697 4507 Maxentius

2115 4517 2481 4591 inApologia:
2516 4519 2579 4574 In
2609 4522 2867 4591 publicum
2908 4538 3063 4589 usque
3084 4521 3490 4591 prodiere,circa
3520 4538 3699 4591 regum

2115 4590 2265 4641 etiam
2288 4597 2482 4642 statuas
2515 4590 2865 4647 inclamautes.
2914 4591 2994 4647 Ad
3027 4590 3167 4646 hunc
3199 4607 3325 4645 vero
3359 4590 3586 4646 morem
3612 4606 3699 4647 oc-

2114 4659 2352 4713 cultandi
2379 4676 2437 4714 se
2466 4670 2586 4729 post
2606 4664 2883 4717 columnas
2911 4663 3102 4716 alludit
3135 4662 3363 4717 Basilius
3390 4662 3456 4716 de
3488 4663 3697 4717 fenera-

2118 4730 2322 4802 toribus
2344 4745 2528 4800 agens,
2548 4747 2771 4802 quorum
2796 4748 3075 4788 occursum
3098 4733 3369 4789 declinant
3390 4732 3693 4792 debitores:

2109 4800 2293 4878 Qddsi;
2354 4800 2577 4878 artiums;
2606 4804 2748 4878 ﬁmi
2793 4809 2889 4865 τὰς·
2940 4806 3137 4878 πληγὰς
3180 4810 3271 4858 τοῦ
3315 4806 3694 4878 ἀνταγωνιστοῡ

2110 4873 2400 4951 ύπρφεύγει,
2428 4874 2532 4934 ὡςὸ
2554 4871 2895 4951 δάνειζόμενος
2910 4883 2999 4930 τοῦ
3030 4871 3263 4951 ᾑρήστου
3287 4876 3382 4934 τὰς
3406 4871 3698 4951 caerulis;

2108 4944 2235 5017 πρὸς
2277 4948 2444 5017 κὶρνας
2488 4950 2566 4999 καὶ
2598 4944 2817 5017 γτοὲχοήυς
2858 4944 3189 5017 ὑποσκιᾶζῳν
3224 4944 3603 5017 gignendis.
3628 4946 3695 4999 Et

2107 5014 2421 5069 Ambrosius
2450 5016 2627 5075 Basilii
2672 5016 2970 5070 imitatione
3011 5017 3103 5071 lib.
3128 5016 3194 5069 de
3221 5014 3434 5078 Tobia,’
3464 5030 3583 5083 cap.
3620 5017 3651 5069 ἵ
3678 5032 3692 5069 :

2106 5084 2207 5139 Ille
2253 5102 2451 5150 gressus
2505 5087 2745 5139 delatoris
2792 5087 3020 5155 singulos
3068 5094 3302 5139 numerat
3332 5125 3347 5149 ,
3406 5094 3696 5150 aucupatur

2105 5157 2333 5225 deflexus
2355 5171 2373 5210 .'
2414 5158 2507 5209 istc
2533 5158 2773 5210 continuo
2802 5164 2913 5225 post
2934 5157 3199 5210 columnas
3226 5164 3377 5225 caput
3403 5156 3691 5213 obumbrat.

2187 5236 2210 5266 ι
2251 5228 2441 5294 Operae
2474 5227 2703 5295 pretium
2735 5237 2815 5279 est
2839 5241 2944 5293 quo
2973 5228 3196 5295 quisque
3226 5227 3342 5281 loco
3382 5226 3559 5295 jaceat
3598 5230 3696 5283 ob-

2112 5311 2348 5367 servare,
2383 5305 2439 5367 ut
2467 5301 2565 5367 hoc
2595 5296 2840 5361 exemplo
2867 5296 3178 5363 doceamur,
3202 5298 3292 5367 qui
3321 5297 3448 5351 olim
3477 5311 3696 5351 accum-

2112 5366 2272 5421 bendi
2303 5366 2434 5419 ordo
2464 5366 2620 5419 fuerit
2645 5370 2698 5419 in
2724 5366 2971 5435 sigmate,
3010 5369 3111 5423 hoc
3135 5366 3298 5423 estin
3339 5367 3567 5421 stibadio
3595 5383 3693 5424 seu

2114 5436 2253 5491 lecto
2279 5436 2667 5490 semirotundo.
2697 5437 2753 5490 In
2781 5438 3007 5503 sigmate
3037 5440 3179 5492 enim
3213 5438 3311 5492 luit
3333 5439 3549 5505 epulum
3580 5439 3694 5492 Ma-

2107 5506 2318 5573 joriani.
2350 5507 2601 5573 Sigtnatis
2633 5522 2794 5575 porro
2822 5509 2927 5562 duo
2955 5519 3111 5564 erant
3132 5518 3371 5564 extrema
3398 5510 3545 5563 velut
3564 5524 3693 5563 cor-

2109 5593 2234 5631 nua.
2263 5578 2391 5629 Cum
2428 5576 2586 5645 igitur
2639 5580 2690 5631 in
2740 5578 2929 5633 dextro
2974 5580 3189 5634 stibadii
3239 5594 3408 5633 cornu
3465 5579 3693 5636 collucet

2110 5648 2477 5712 Majoriannm,
2510 5649 2560 5701 in
2583 5648 2799 5703 sinistro
2810 5651 3085 5704 consulem
3102 5650 3449 5711 Severinum;
3473 5650 3691 5704 dubium

2108 5719 2212 5790 23
2269 5733 2372 5771 non
2431 5728 2515 5773 est
2554 5720 2681 5789 quin
2742 5721 2956 5787 primus]
3000 5721 3093 5775 ille
3152 5722 3298 5775 locus
3355 5720 3568 5774 habitus
3620 5724 3693 5777 sit

2106 5806 2261 5859 quem
2310 5799 2533 5858 occupat
2590 5792 2901 5859 imperator,
2954 5793 3227 5859 proximus
3277 5806 3434 5858 quem
3480 5794 3690 5845 consul.

2105 5863 2288 5928 Neque
2322 5862 2375 5917 in
2405 5861 2487 5917 his
2517 5863 2710 5927 opinor
2738 5863 2984 5925 estquod
3010 5862 3287 5917 miremur.
3324 5859 3389 5915 lii
3407 5860 3512 5916 duo
3529 5860 3689 5915 etiam
