4078 6348
492 415 593 474 469

1756 408 2240 469 EPISTOLARUM
2269 411 2406 467 ἰι-Β.
2445 413 2487 469 I.

3584 374 3593 413 ³
3644 421 3750 479 470

489 526 791 584 ordinarius
813 523 1125 595 Severinus,
1168 525 1248 579 vir
1284 524 1423 580 inter
1468 524 1712 595 ingentes
1756 524 2059 596 principum
2089 530 2139 589 Α
2171 528 2305 597 piter
2336 526 2587 582 Paeonius
2612 542 2751 598 (egre
2796 529 3023 597 tulisset,
3048 531 3188 598 quod
3211 530 3311 586 fuit
3341 534 3565 602 turpius,
3595 530 3745 592 cum.

488 631 664 679 motus
689 629 849 693 atque
888 616 1208 690 inaequalem
1260 616 1570 687 reipublicae
1616 623 1811 671 statum
1880 618 2065 689 gratiae

488 727 701 783 semper
749 710 988 780 aequalis.
1039 708 1199 765 Juxta
1242 724 1364 763 eum
1406 707 1645 777 Magnus,
1682 708 1809 763 olim
1838 725 1898 765 ex
1930 725 2069 781 prae-

489 807 649 874 fecto,
682 804 787 877 29
818 817 985 874 nuper
1012 817 1079 859 ex
1107 800 1348 869 consule,
1372 815 1466 873 par
1494 799 1787 857 honoribus
1834 817 2066 873 persona

488 896 804 970 geminatis:
835 892 1184 949 recumbente
1212 901 1334 962 post
1362 907 1421 946 se
1442 890 1668 945 Camillo
1713 891 1819 946 filio
1858 891 2062 963 fratris,

488 989 575 1061 qui
592 987 797 1043 duabus
816 983 1161 1056 dignitatibus
1189 992 1243 1039 et
1270 985 1381 1053 ipse
1406 982 1665 1045 decursis,
1694 984 1891 1053 pariter
1910 1000 2068 1042 orna-

488 1090 639 1139 verat
666 1078 1097 1151 proconsulatum
1121 1077 1307 1146 patris,
1334 1074 1505 1146 patrui
1532 1076 1888 1133 consulatum.
1916 1077 2067 1133 Paeo-

489 1174 607 1231 nius
629 1172 753 1227 hinc
782 1182 1022 1241 propter,
1051 1179 1211 1240 atque
1235 1169 1359 1225 hinc
1390 1168 1673 1237 Athenius,
1704 1169 1864 1225 homo
1893 1171 2064 1227 litium

488 1273 895 1333 temporumque
917 1259 1268 1316 varietatibus
1309 1260 1654 1316 exercitatus.
1685 1258 1838 1318 Iluuc
1873 1276 2061 1333 seque-

487 1352 643 1412 batur
664 1352 1033 1411 Gratianensis
1065 1350 1211 1407 omni
1239 1352 1307 1407 ab
1339 1351 1555 1408 infamia
1594 1352 1675 1407 vir
1722 1363 2065 1424 sequestran-

488 1449 605 1517 dus,
635 1450 721 1521 qui
746 1446 1062 1504 Severinum
1087 1446 1225 1502 sicut
1253 1447 1455 1503 honore
1481 1454 1601 1518 post
1620 1444 1750 1517 ibat,
1783 1446 1855 1509 ita
1882 1447 2062 1504 favore

487 1547 858 1612 praecesserat.
911 1534 1144 1594 Ultimus
1173 1553 1275 1610 ego
1314 1536 1582 1608 iacebam,
1624 1552 1727 1608 qua
1781 1540 2060 1608 purpurati

487 1631 677 1690 lterum
732 1631 871 1687 latus
903 1629 958 1685 in
998 1629 1184 1686 dextro
1213 1630 1458 1700 margine
1502 1628 1889 1701 porrigebatur.
1920 1629 2061 1685 Edu-

486 1724 617 1782 lium
643 1724 810 1779 multa
840 1732 990 1794 parte
1012 1721 1184 1787 finita,
1207 1721 1433 1777 Caesaris
1466 1721 1532 1776 ad
1570 1722 1843 1777 consulem
1883 1737 2059 1788 sermo

486 1818 749 1890 dirigitur,
782 1817 931 1887 isque
969 1816 1306 1871 succinctus:
1352 1816 1474 1870 inde
1517 1814 1815 1869 devolvitur
1841 1814 1907 1869 ad
1932 1830 2060 1869 cou-

2172 618 2366 688 pellato
2410 625 2617 673 tacente
2647 620 2941 687 reSpondit.
2974 620 3204 677 Subrisit
3234 624 3522 692 Augustus,
3552 636 3610 680 ut
3631 637 3749 685 erat

2168 708 2486 764 auctoritate
2498 719 2726 773 servata,
2751 725 2869 763 cum
2895 726 2954 765 se
2974 712 3339 767 communioni
3366 714 3621 784 dedisset,
3636 717 3747 788 ioci

2170 800 2358 871 plenus
2412 819 2424 853 :
2468 816 2562 871 per
2590 804 2766 868 quem
2815 802 3129 857 cachinnum
3185 820 3291 859 non
3341 806 3514 861 minus
3557 808 3747 879 obtigit

2171 890 2401 946 Athenio
2424 891 2690 956 vindictae,
2722 908 2876 961 quam
2900 895 3209 964 contigisset
3250 895 3477 965 injuriae.
3531 898 3747 971 Colligit

2168 986 2343 1055 itaque
2366 1001 2485 1041 sese
2514 994 2540 1023 α
2571 986 2970 1041 trebacissimus
3000 1003 3187 1053 senex,
3218 999 3271 1043 et
3302 999 3356 1044 ut
3397 1006 3614 1062 semper
3662 995 3744 1047 in-

2169 1076 2429 1131 trinsecus
2458 1085 2591 1131 testu
2625 1076 2839 1145 pudoris
2866 1079 3283 1148 excoquebatur,
3329 1095 3424 1136 cur
3466 1083 3565 1138 sibi
3595 1086 3744 1139 Ρωο-

2166 1166 2286 1221 nius
2322 1166 2703 1231 anteferretur,
2726 1167 2842 1221 Non
2889 1168 3076 1235 miror,
3117 1170 3309 1241 inquit,
3340 1176 3596 1245 Auguste,
3635 1179 3742 1248 30

2166 1258 2210 1313 si
2239 1257 2369 1314 mihi
2397 1258 2570 1312 standi
2598 1258 2771 1313 locum
2800 1260 3090 1328 praeripere
3118 1274 3361 1329 conetur,
3390 1268 3477 1335 qui
3514 1268 3610 1322 tibi
3662 1270 3743 1325 in-

2166 1352 2359 1408 vadere
2384 1367 2491 1408 non
2521 1352 2793 1407 erubescit
2820 1352 3095 1422 loquendi.
3131 1355 3193 1408 Et
3229 1356 3312 1410 vir
3361 1358 3580 1416 illustris
3608 1361 3741 1417 Gra-

2166 1445 2441 1509 tianensis,
2472 1445 2684 1511 Multus,
2716 1445 2907 1516 inquit,
2934 1448 3179 1518 satyricis
3205 1450 3303 1504 hoc
3326 1450 3502 1522 iurgio
3521 1470 3739 1525 campus

2164 1537 2419 1607 aperitur.
2446 1535 2541 1595 llic
2571 1536 2883 1607 imperator,
2915 1538 2980 1592 ad
3026 1554 3112 1594 me
3152 1538 3178 1578 δ
3210 1542 3419 1597 cervice
3459 1560 3735 1614 conversa,

2163 1627 2355 1696 Audio,
2385 1630 2478 1694 ait,
2513 1640 2534 1667 ο
2567 1644 2746 1684 comes
2770 1628 2977 1697 Sidoni,
3002 1632 3143 1702 quod
3166 1644 3398 1707 satyram
3416 1636 3639 1693 scribas.
3674 1641 3741 1693 Et

2162 1721 2547 1794 ego,inquam,
2578 1721 2679 1775 hoc
2706 1722 2888 1790 audio,
2915 1722 3131 1779 domine
3161 1724 3425 1795 princeps.
3451 1727 3598 1783 Tunc
3624 1730 3735 1798 ille,

2163 1803 2191 1845 ἀ
2220 1809 2315 1864 sed
2346 1809 2545 1873 ridens,
2580 1827 2739 1881 parce
2760 1812 2844 1868 vel
2871 1814 3046 1870 nobis.
3077 1816 3294 1886 At.ego,
3335 1818 3571 1887 inquam,
3600 1823 3738 1890 quod

485 1914 741 1976 sularem,
769 1923 891 1963 cum
927 1921 1034 1978 quo
1074 1922 1217 1977 saepe
1266 1905 1545 1977 repetitus,
1584 1907 1706 1977 quia
1756 1906 1824 1962 de
1866 1904 2055 1960 litteris
2088 1905 2134 1966 B
2160 1900 2225 1955 ab
2259 1901 2454 1955 illicitis
2484 1911 2742 1972 tempero,
2776 1905 2906 1959 tuihi
2952 1921 3131 1975 parco.
3163 1908 3288 1964 Post
3331 1925 3450 1979 qua:
3498 1911 3587 1966 ille
3627 1930 3640 1964 :
3675 1914 3739 1969 Et

487 2002 673 2068 factus,
706 2002 773 2057 ad
802 2002 971 2058 virum
1018 2002 1281 2057 illustrem
1331 2000 1614 2055 Camillum
1660 2014 1727 2056 ex
1775 2000 2057 2057 occasione

488 2094 819 2161 transfertur,
887 2094 940 2149 in
990 2100 1193 2149 tantum
1253 2102 1309 2148 ut
1344 2092 1550 2147 diceret
1596 2092 1867 2162 princeps,
1923 2091 2059 2147 Vere

485 2182 648 2240 habes
671 2192 938 2254 patruum,
967 2183 1132 2239 frater
1160 2184 1400 2253 Camille,
1432 2191 1651 2253 pmpter
1671 2199 1827 2255 quem
1859 2198 1942 2238 me
1982 2184 2059 2237 fa-

485 2279 642 2334 milia:
658 2286 760 2334 tute
780 2278 1117 2333 consulatum
1137 2294 1299 2333 unum
1325 2277 1561 2349 gratuler
1574 2278 1881 2333 contulisse.
1908 2277 2059 2331 Tunc

484 2374 595 2438 ille,
624 2372 711 2444 qui
734 2372 909 2426 simile
938 2371 1137 2440 aliquid
1157 2380 1388 2441 optaret,
1415 2379 1655 2441 tempore
1679 2372 1913 2434 invento,
1940 2368 2057 2423 Non

484 2478 664 2529 unum,
700 2462 891 2533 inquit,
915 2462 1139 2518 Domine
1168 2462 1430 2531 Auguste,
1467 2461 1565 2516 sed
1606 2462 1852 2530 primum.
1896 2458 2055 2515 Sirm-

485 2570 571 2615 mo
602 2553 832 2625 fragore,
876 2561 935 2608 ut
982 2566 1081 2608 nec
1132 2552 1356 2623 Augusti
1406 2551 1703 2607 reverentia
1743 2550 2049 2614 obsisteret,

481 2657 698 2718 excepta
728 2647 991 2704 sententia
1020 2655 1121 2702 est.
1147 2645 1274 2701 Inde
1304 2646 1487 2700 nescio
1511 2644 1635 2714 quid
1663 2643 1949 2700 Athenium
1972 2644 2053 2697 iu-

483 2751 756 2811 terrogans
778 2739 1139 2811 superiectum
1165 2738 1434 2794 Paeonium
1450 2735 1791 2807 compellatio
1814 2736 2052 2805 Augusta

485 2832 760 2903 praeteriit,
788 2847 913 2888 casu
939 2847 1007 2886 an
1034 2830 1318 2897 industria,
1346 2830 1551 2901 ignoro.
1583 2829 1733 2897 Quod
1786 2842 1907 2884 cum
1942 2835 2052 2882 tur-

486 2965 621 3035 apud
653 2980 747 3021 nos
772 2965 928 3031 primi
958 2973 1014 3021 et
1039 2964 1221 3020 eximii
1256 2962 1550 3019 accubitus.
1590 2962 1809 3018 Summa
1854 2974 2053 3017 cornua

483 3036 718 3093 Juvenco
746 3036 834 3091 lib.
866 3052 922 3091 ut
946 3053 961 3090 :

598 3130 650 3190 Si
670 3142 751 3179 vos
767 3128 974 3190 quisque
997 3135 1134 3177 vocat
1155 3139 1307 3177 ciente
1331 3128 1546 3176 convivia
1571 3139 1775 3189 ponens,

597 3189 831 3240 Cornibus
852 3193 898 3238 in
916 3192 1113 3239 summis
1138 3190 1286 3239 evitat
1310 3201 1496 3251 ponere
1518 3190 1737 3238 membra

602 3254 821 3314 Quisque
844 3254 981 3314 sapit.

482 3330 534 3388 Id
562 3348 752 3405 novum
781 3336 955 3403 potius
982 3334 1150 3390 videri
1183 3342 1364 3405 queat,
1404 3343 1457 3389 et
1502 3336 1570 3390 ab
1608 3348 1704 3390 usu
1742 3341 1928 3388 nostro
1966 3348 2047 3387 re.

479 3404 694 3475 motius,
725 3406 865 3472 quod
891 3407 1101 3469 tertius,
1132 3404 1352 3475 quartus
1380 3419 1442 3460 ac
1469 3406 1655 3474 reliqui
1692 3405 1944 3474 deinceps
1990 3405 2047 3459 il-

477 3474 579 3530 lum
612 3476 797 3532 ordine
834 3474 1226 3545 subsequantur
1267 3477 1358 3544 qui
1405 3478 1611 3544 primus
1654 3485 1736 3531 est
1784 3477 1836 3529 in
1880 3491 2047 3530 cornu

476 3546 713 3601 sinistro.
756 3545 886 3601 Nam
947 3556 1066 3616 post
1113 3548 1429 3601 Severinum
1475 3550 1748 3602 consulem
1805 3548 2047 3616 sequitur

478 3616 697 3685 Magnus
720 3631 784 3671 ex
816 3618 1056 3681 consule,
1090 3626 1199 3671 tum
1239 3617 1525 3681 Camillus,
1569 3617 1833 3678 Paeonius.
1880 3616 2047 3671 Athe-

474 3689 615 3752 nius,
640 3687 1026 3754 Gratianensis,
1068 3689 1388 3757 ultimusque
1426 3688 1675 3742 Sidonius
1702 3688 1769 3743 ad
1799 3688 2045 3741 dextrum

475 3771 638 3813 cornu
670 3773 912 3828 vergens,
945 3761 997 3813 in
1028 3774 1133 3827 quo
1158 3760 1369 3828 iacebat
1398 3758 1742 3825 Maiorianus.
1771 3759 1953 3827 Itaque
1989 3759 2044 3812 iu

475 3827 631 3895 pleno
656 3827 883 3884 stibadio
912 3830 1127 3893 ultimus
1153 3827 1324 3899 primo
1350 3832 1621 3897 proximus
1646 3838 1780 3893 erat,
1812 3846 1840 3899 a
1876 3831 2045 3896 primo

473 3900 659 3954 eodem
684 3901 929 3955 remotiss
952 3914 1070 3954 mus
1110 3898 1177 3955 ex
1205 3902 1430 3954 adverso
1460 3901 1745 3954 secundus.
1774 3898 1882 3953 Nec
1908 3900 2044 3953 alius

474 3969 608 4024 ordo
637 3970 735 4025 fuit
764 3972 816 4025 iu
845 3970 1058 4024 Maximi
1106 3971 1350 4025 convivio
1371 3971 1457 4023 cui
1490 3970 1728 4023 interfuit
1770 3971 1829 4025 S.
1864 3969 2045 4023 Marti-

475 4055 593 4105 nus,
642 4042 779 4108 apud
824 4042 1117 4111 Sulpicium
1166 4041 1424 4096 Severum
1455 4048 1507 4095 et
1549 4042 1705 4094 alios.
1755 4040 1811 4093 In
1854 4041 2045 4094 dextro

476 4112 615 4181 enim
642 4126 808 4166 cornu
821 4111 1078 4167 Maximus
1106 4113 1241 4181 Aug.
1276 4112 1327 4164 in
1354 4112 1571 4166 sinistro
1590 4112 1773 4165 consul
1793 4111 2041 4176 Evodius,

476 4180 594 4251 dein
624 4183 846 4236 comites
868 4181 1078 4235 Maximi
1116 4180 1279 4236 frater
1305 4197 1366 4235 ac
1394 4192 1633 4251 patruus,
1656 4192 1708 4235 et
1733 4181 1923 4248 reliqui
1944 4195 2044 4251 ior-

477 4250 597 4305 dine
624 4265 871 4320 proceres
898 4251 1295 4319 describuntur,
1328 4261 1486 4316 atque
1523 4252 1661 4307 inter
1701 4251 1797 4306 hos
1835 4250 2043 4305 medius

538 4323 753 4392 esbyter
795 4322 1054 4377 Martini:
1101 4332 1247 4377 extra
1295 4323 1581 4378 stibadium
1633 4337 1762 4378 vero
1812 4322 1864 4375 in
1910 4322 2042 4375 sella

525 4400 726 4447 artmus
751 4393 815 4447 ad
835 4395 1071 4448 dextram
1098 4395 1330 4447 Maximi.
1358 4394 1609 4448 Paulinus
1638 4392 1728 4448 lib.
1753 4408 1810 4448 ttt
1832 4392 1901 4448 de
1924 4392 2042 4448 Vita

472 4459 702 4527 Martini,
732 4478 852 4517 cum
877 4479 1123 4533 proceres
1154 4470 1655 4531 commemorasset,

590 4552 689 4617 gos
714 4555 838 4617 inter
875 4553 1079 4617 medius,
1102 4566 1196 4617 qua
1216 4555 1371 4617 sigma,
1392 4554 1603 4605 ﬂectitur
1626 4554 1766 4613 orbe,

590 4613 1132 4679 Ijresbiteraccubuiti
1165 4613 1339 4664 dextra
1363 4616 1582 4679 laevaque
1606 4621 1861 4679 potentum

593 4631 856 4679 rresnyter
875 4631 1130 4665 accunurt:
1165 4631 1339 4664 uexu'a
1364 4631 1582 4677 tzevaque
1640 4631 1861 4665 utentum

591 4672 715 4737 Qrdo
732 4677 925 4733 ducum,
964 4678 1195 4725 memhrts
1213 4689 1361 4737 super
1384 4690 1529 4726 aurea
1554 4631 1701 4725 fuicra
1723 4676 1891 4727 locatis

590 4735 775 4800 Pressit
800 4740 1070 4800 subjectum
1091 4735 1291 4800 pretiosi
1314 4737 1516 4787 velleris
1539 4746 1725 4787 ostrum

587 4797 663 4861 Ad
684 4797 909 4847 dextram
934 4800 1067 4861 regis
1087 4797 1253 4847 sancto
1275 4800 1573 4849 venerabilis
1593 4812 1683 4848 ore

590 4859 818 4909 Consedit
851 4859 1030 4909 senior.

469 4941 585 5008 Quo
612 4943 850 5008 profecto
880 4944 945 4997 ad
967 4944 1207 4999 dextram
1236 4942 1447 4997 Maximi
1471 4944 1656 4999 sedere
1678 4961 1781 4998 non
1810 4952 2037 5013 poterat,

469 5012 567 5066 nisi
598 5014 854 5068 Maximus
885 5015 937 5067 iu
969 5016 1159 5067 dextro
1190 5028 1355 5067 cornu
1396 5014 1754 5069 accumberet.
1792 5012 2037 5071 Honora-

469 5083 700 5136 tissimus
731 5099 858 5150 ergo
888 5086 1103 5138 stibadii
1126 5084 1273 5138 locus
1304 5099 1471 5136 cornu
1500 5084 1766 5147 dextrum,
1803 5094 1857 5138 ut
1902 5087 2037 5139 dixi.

468 5168 602 5224 tuus,
647 5156 921 5222 proximus
967 5156 1265 5209 sinistrum.
1317 5156 1493 5222 Quare
1535 5157 1671 5222 apud
1720 5154 2031 5224 Gregorium

464 5223 660 5277 Turon.
691 5225 727 5278 l.
757 5224 939 5280 Mirac.
966 5241 1127 5293 Lxxx,
1164 5227 1389 5279 Arianns
1415 5226 1505 5279 ille
1529 5228 1611 5291 qui
1643 5223 1845 5279 dextras
1868 5228 2033 5295 partis

463 5306 627 5348 cornu
657 5302 902 5363 occupat,
942 5307 995 5350 ct
1020 5297 1339 5351 catholicum
1383 5298 1711 5349 sacerdotem
1770 5295 2033 5366 hospitem

464 5376 615 5418 suum
644 5367 694 5419 in
718 5366 935 5421 sinistro
956 5370 1159 5431 statuit,
1192 5367 1419 5422 ludibrio
1460 5366 1606 5420 illum
1642 5366 1738 5419 hac
1780 5368 1939 5420 etiam
1982 5369 2035 5423 in

463 5448 522 5487 re
546 5435 673 5489 utin
695 5437 905 5492 caeteris
934 5437 1110 5492 habet.
1142 5439 1246 5493 Sed
1261 5438 1509 5491 admouet
1531 5451 1627 5490 nns
1650 5437 1860 5491 stibadii
1887 5453 2034 5492 men-

378 5554 383 5558 .
463 5504 536 5577 t_io
581 5515 635 5561 et
682 5507 815 5561 ordo
863 5510 1312 5575 accumbentium,
1366 5517 1426 5562 ut
1468 5509 1534 5561 de
1574 5507 1770 5561 Christi
1826 5524 2037 5577 quoque

463 5573 672 5648 Domini
703 5593 950 5647 suprema
975 5594 1124 5633 creua
1152 5573 1506 5648 disquiramus
1532 5583 1571 5642 ',
1602 5593 1757 5647 quam
1791 5573 2037 5634 in'stiba-

462 5644 551 5699 dio
584 5644 786 5701 itidem—
810 5659 977 5703 strato
1025 5644 1342 5703 celebratam
1392 5657 1600 5704 constat
1619 5644 1719 5703 ’ἐπὶ
1761 5648 2034 5718 στιϐάδος,

522 5737 542 5760 ⁹
576 5739 700 5803 Sunt
721 5746 771 5790 et
794 5741 902 5789 dum
927 5743 974 5789 in
1000 5741 1217 5789 eamdem
1244 5755 1349 5791 rem
1374 5741 1589 5803 epistolae
1634 5743 1876 5792 Sirmondi
1894 5744 2038 5795 Jose-

460 5798 559 5862 pho
582 5800 744 5849 Marize
769 5804 995 5850 Suaresio
1022 5804 1264 5863 inscriptze
1288 5818 1299 5851 :
1334 5798 1523 5853 exstant
1560 5816 1621 5853 ue
1647 5810 1773 5854 inter
1795 5819 1905 5867 opp.
1932 5810 2035 5858 Sir-

460 5862 715 5913 mondiana
754 5872 870 5914 tom.
914 5863 995 5916 IV.
1024 5878 1131 5916 patr.
1171 5866 1264 5915 665
1300 5877 1457 5916 seqq.
1505 5818 1586 5916 diu
1628 5880 1824 5916 uuoaue
1869 5869 2031 5916 Cannas

460 5862 715 5913 mundiana
754 5872 870 5914 tom.
914 5863 995 5923 IV,
1024 5878 1131 5924 pag.
1170 5862 1264 5915 665
1300 5877 1457 5927 seqq,
1505 5862 1586 5917 ubi
1628 5862 1839 5929 quoque
1859 5862 2031 5922 'Caznae

2162 1995 2284 2065 quiti
2319 1995 2573 2052 faciemus
2606 1996 2944 2069 his,‘inquit,
2977 2000 3068 2069 qui
3090 2009 3140 2055 te
3170 2001 3472 2057 lacessunt?
3500 2005 3568 2059 Et
3606 2020 3736 2075 ego:

2162 2085 2412 2157 Quisquis
2441 2096 2526 2142 est
2551 2088 2674 2154 iste,
2704 2088 2921 2145 domine
2966 2090 3258 2160 imperator
3281 2135 3293 2159 ,
3335 2096 3541 2163 publice
3582 2111 3738 2150 accu-

2162 2187 2264 2233 set.
2297 2179 2351 2233 Si
2377 2180 2767 2249 redarguimur,
2795 2181 2975 2236 debita
3004 2183 3213 2237 luamus
3254 2186 3511 2254 supplicia
3550 2189 3736 2242 convi-

2162 2272 2230 2325 cti
2260 2290 2273 2324 :
2306 2282 2560 2325 creterum
2593 2272 2802 2341 objecta
2837 2274 2879 2327 si
2908 2288 3013 2328 non
3041 2275 3468 2344 improbabiliter
3492 2293 3735 2333 cassave-

2163 2363 2351 2429 rimus,
2380 2378 2483 2418 oro
2512 2372 2573 2417 ut
2600 2364 2805 2419 indultu
2852 2365 3149 2421 clementiae
3192 2376 3314 2431 tute,
3366 2378 3555 2437 praeter
3600 2370 3734 2438 juris

2161 2457 2434 2527 iniuriam,
2469 2458 2519 2513 in
2548 2468 2912 2514 accusatorem
2955 2475 3129 2514 meum
3176 2475 3293 2529 quae
3318 2461 3438 2514 volo
3483 2461 3732 2516 scribam.

2162 2550 2241 2604 Ad
2271 2550 2370 2604 hoc
2397 2551 2511 2619 ipse
2542 2551 2812 2606 Paeonium
2832 2553 3192 2621 conspicatus,
3218 2565 3346 2609 nutu
3358 2556 3519 2621 erepit
3546 2570 3735 2610 consu-

2159 2642 2272 2695 lere
2302 2651 2602 2708 nutantem,
2659 2644 2889 2712 placeret
2924 2660 2989 2699 ne
3046 2646 3302 2701 conditio.
3360 2647 3463 2704 Sed
3496 2662 3615 2701 cum
3646 2649 3734 2702 ille

2157 2733 2410 2787 confusus
2453 2734 2773 2798 reticuisset,
2808 2736 3161 2806 princepsque
3201 2738 3503 2793 consuleret
3542 2739 3733 2792 erube-

2159 2827 2352 2895 scenti,
2384 2827 2475 2892 ait,
2506 2828 2698 2883 Annuo
2726 2830 3023 2897 postulatis,
3055 2831 3099 2884 si
3126 2830 3227 2884 hoc
3259 2831 3428 2900 ipsum
3455 2846 3485 2886 e
3506 2832 3729 2899 vestigio

2164 2968 2224 3015 ut
2250 2960 2489 3030 loquitur
2517 2960 2936 3031 Chrysostomus
2960 2965 3181 3017 humilia
3212 2962 3280 3017 ‘27
3306 2966 3358 3018 in
3390 2964 3411 3018 Ι
3444 2964 3510 3019 ad
3541 2965 3725 3018 Corin-

2162 3031 2341 3095 thios;
2372 3033 2485 3085 sive
2513 3032 2565 3085 in
2612 3033 2840 3100 lectulo,
2871 3044 2926 3087 ut
2982 3034 3341 3088 Tertullianus
3384 3036 3451 3090 de
3497 3038 3725 3090 Corona.

2160 3103 2203 3156 Α
2241 3118 2463 3156 noscam.
2496 3103 2681 3171 inquit,
2706 3120 2903 3157 necesse
2923 3116 2995 3159 est
3020 3115 3067 3157 et
3086 3108 3448 3159 recumbentem
3474 3108 3525 3159 in
3551 3108 3729 3160 lectulo

2160 3120 2435 3225 Ciristum.
2464 3172 2790 3225 Recultuissc
2817 3185 2990 3225 autem
3020 3174 3071 3225 in
3104 3191 3164 3225 ea
3195 3174 3488 3225 Christum.
3521 3194 3625 3225 nnu
3678 3180 3727 3225 in

2160 3171 2435 3226 Christum.
2464 3172 2790 3227 Recuhuissc
2817 3185 2990 3227 autem
3020 3174 3071 3228 in
3104 3191 3164 3230 ea
3195 3174 3488 3239 Christum,
3521 3194 3625 3231 non
3678 3180 3728 3231 in

2159 3240 2338 3297 medio
2367 3244 2680 3312 stipantibus
2725 3243 2886 3297 latera
2930 3244 3050 3299 hinc
3080 3244 3203 3300 inde
3226 3248 3503 3312 apostrlis,
3547 3258 3601 3299 ut
3639 3264 3729 3301 no-

2158 3314 2428 3385 strivulgo
2454 3316 2687 3380 pictores
2713 3326 3120 3379 repraesentant,
3135 3320 3228 3370 sed
3254 3320 3443 3371 dextro
3464 3320 3515 3371 in
3540 3333 3727 3385 cornu,

2074 3373 2122 3436 C
2151 3399 2257 3453 quo
2276 3373 2395 3438 loco
2418 3373 2727 3456 niaximum,
2751 3373 3202 3456 ilajorianumque
3219 3388 3457 3456 iacentes
3477 3373 3727 3452 vidimus:

2153 3464 2265 3509 tum
2324 3456 2425 3528 alia
2469 3456 2521 3509 in
2574 3455 2722 3510 libris
2773 3457 3073 3528 tabulisque
3116 3455 3354 3528 antiquis
3398 3463 3721 3513 monimenta

2151 3526 2457 3599 ostendunt,
2496 3536 2603 3599 tum
2647 3524 2909 3599 musivum
2948 3524 3140 3587 cannae
3177 3524 3329 3593 opus,
3381 3527 3488 3599 24
3527 3544 3555 3582 a
3587 3530 3728 3583 desi-

2149 3596 2301 3650 derio
2325 3598 2599 3651 Casinensi
2625 3597 2833 3659 abbate,
2866 3600 2953 3665 qui
2980 3599 3159 3652 Vict0r
3189 3599 3229 3651 ll
3266 3596 3609 3665 poera'fuit.
3638 3601 3724 3654 de-

2149 3667 2769 3737 dicatum.Qutequidem
2792 3669 2834 3719 si
2864 3668 2931 3720 ad
2954 3674 3132 3722 veram
3161 3670 3441 3734 imaginem
3472 3685 3725 3737 expressa

2148 3748 2271 3810 sunt
2300 3736 2423 3810 (nec
2453 3748 2603 3810 certe
2622 3747 2841 3810 apparet
2869 3752 2966 3791 cur
2996 3740 3159 3793 videri
3193 3756 3297 3794 nou
3324 3736 3565 3810 debeat),
3586 3741 3725 3793 haud

2149 3808 2364 3860 difficile
2394 3806 2551 3879 fuerit
2592 3808 2891 3879 intelligere
2921 3824 3015 3860 cur
3065 3818 3156 3861 aut
3199 3810 3453 3874 Joanne,
3497 3806 3585 3876 qui
3632 3826 3726 3879 per

2148 3885 2361 3930 aetatem
2396 3876 2620 3931 fortasse
2668 3877 2889 3930 ultimus
2932 3890 3067 3941 erat,
3104 3879 3319 3932 Christo
3357 3876 3644 3947 proximus
3668 3885 3723 3934 iu

2147 3947 2263 4015 ejus
2292 3948 2409 4000 sinu
2459 3946 2783 4011 accubuerit,
2835 3956 2925 4001 aut
2962 3948 3171 4014 Petrus,
3226 3948 3315 4016 qui
3360 3951 3613 4003 remotior
3643 3951 3724 4002 in-

2148 4018 2324 4070 nuisse
2353 4016 2541 4071 Joanni
2573 4016 2782 4071 dicatur
2814 4026 2870 4071 ut
2906 4017 3174 4071 Christum
3212 4020 3279 4073 de
3323 4020 3597 4088 proditore
3641 4020 3722 4074 in-

2149 4094 2460 4153 terrogaret.
3146 4144 3149 4147 λ
3326 4119 3332 4125 ·

2219 4166 2243 4193 α
2275 4157 2783 4212 Exercitatissimus.
2816 4157 2987 4226 Supra
3037 4156 3105 4211 de
3131 4157 3339 4223 eodem,
3374 4159 3524 4211 homo
3552 4159 3720 4212 litium

2148 4235 2524 4297 temporumque
2544 4229 2868 4281 varietatibus
2893 4229 3211 4282 exercitatus.
3242 4228 3350 4282 Vox
3379 4230 3580 4283 Graecae
3606 4230 3719 4283 ori-

2145 4297 2290 4372 ginis
2311 4298 2453 4372 abeo
2474 4298 2613 4372 quod
2633 4308 2715 4351 est
2742 4301 2951 4372 τρίϐαξε
2976 4314 3076 4367 qua
3099 4300 3305 4353 ratione
3330 4300 3716 4372 Demosthenes

2146 4368 2455 4445 {Eschinem
2487 4368 2796 4440 περίτριμμὰ
2836 4379 2926 4445 τῆς
2955 4372 3146 4445 ἀγορᾶς
3174 4370 3494 4445 _appel|avit,
3534 4372 3625 4445 qui
3665 4371 3720 4424 in

2146 4438 2261 4492 foro
2280 4449 2532 4499 versatus
2554 4438 2762 4508 usuque
2794 4439 2945 4493 tritus
2977 4438 3138 4495 esset.
3163 4438 3281 4507 Quo
3308 4455 3470 4495 sensu
3497 4438 3717 4496 et’Mar-

2149 4510 2292 4574 iisiis,
2309 4510 2403 4565 lib.
2440 4525 2514 4564 vn
2543 4509 2610 4565 de
2630 4511 2886 4578 Pompeio
2911 4510 3066 4566 Avito
3090 4528 3102 4562 :

2266 4620 2383 4672 Jure
2409 4620 2624 4682 madens,
2652 4623 2884 4686 varioque
2905 4626 3035 4686 togas
3056 4621 3251 4674 limatus
3271 4625 3321 4673 in
3344 4637 3452 4675 usu.

2068 4750 2121 4810 Ι)
2146 4742 2330 4817 Neque
2355 4746 2455 4799 alia
2483 4754 2565 4800 est
2592 4746 2739 4800 notio
2767 4754 2855 4802 τοῦ
2890 4746 3171 4817 trebaciter
3200 4746 3293 4804 lib.
3336 4763 3410 4814 tx,
3435 4749 3594 4816 epist.
3625 4749 3713 4817 Η,

2145 4814 2303 4889 malui
2333 4820 2538 4889 factum
2594 4817 2822 4889 confiteri
2868 4815 3202 4889 simpliciter,
3245 4835 3397 4889 quam
3452 4814 3715 4874 trebaciter

2145 4885 2365 4957 di/ﬁteri,
2399 4887 2505 4957 hoc
2523 4894 2604 4939 est
2643 4887 2832 4941 callide
2863 4895 2917 4941 et
2955 4898 3146 4942 astute.
3188 4885 3401 4956 Ut'ergo
3429 4890 3602 4957 legula
3625 4905 3716 4943 διι-

2145 4955 2324 5027 peritis
2365 4970 2459 5024 pro
2498 4956 2677 5027 ligula,
2713 4957 2789 5010 sic
2816 4957 3211 5012 trebacissimus
3258 4955 3397 5012 nunc
3450 4955 3571 5013 item
3619 4976 3716 5027 pro

2144 5024 2569 5105 tribacissimus';
2620 5025 2790 5081 facilis
2834 5028 2974 5081 enim
3024 5028 3206 5081 harum
3245 5029 3544 5083 litterarum
3594 5024 3718 5097 per-

2141 5104 2382 5148 mutatio.

2214 5163 2243 5201 ι)
2273 5165 2510 5220 Reflexa.
2558 5166 2871 5221 Ambrosius
2898 5168 2949 5221 in
2974 5167 3171 5222 Lucam
3222 5183 3339 5224 can.
3374 5185 3496 5224 xvr:
3531 5170 3717 5224 Nonne

2140 5234 2227 5287 tibi
2248 5236 2444 5310 videtur
2461 5236 2713 5310 Christum
2732 5239 2965 5310 cecidisse
2980 5240 3032 5291 in
3056 5239 3240 5291 collum
3258 5234 3491 5305 Ioannis,
3512 5243 3717 5310 quando

2142 5314 2248 5358 erat
2277 5304 2502 5379 {omines
2530 5308 2582 5359 in
2612 5313 2728 5361 sinu
2757 5307 2785 5359 J
2795 5326 2883 5361 esu
2912 5310 3098 5361 cervice
3134 5312 3423 5364 recumbens
3451 5304 3637 5379 reﬂexa
3661 5312 3685 5362 ?

2219 5385 2241 5413 ο
2277 5375 2355 5430 Ex
2380 5392 2445 5431 eo
2470 5392 2676 5449 genere,
2697 5379 2974 5442 comitum,
3000 5389 3053 5433 ut
3083 5380 3294 5447 opinor,
3327 5384 3413 5449 qui
3446 5375 3716 5433 honorat-ii

2145 5453 2348 5521 tantum
2377 5458 2431 5501 et
2476 5449 2591 5521 sine
2614 5446 3073 5521 administratione
3111 5446 3355 5521 fuerunt,
3381 5448 3716 5521 Constantini

2143 5515 2279 5641 iligg.
2316 5528 2493 5573 vetere
2523 5519 2790 5589 instituto,
2814 5530 2869 5574 ut
2896 5522 3053 5576 docet
3079 5515 3341 5577 Eusebius
3368 5521 3420 5573 in
3452 5519 3569 5571 Vita
3599 5520 3715 5587 eius

2165 5601 2176 5638 ι
2223 5626 2236 5639 .
2270 5603 2339 5639 tv.

2165 5601 2236 5639 ID.
2270 5603 2339 5639 IV.

2215 5656 2241 5693 ά
2273 5657 2330 5712 In
2362 5674 2490 5728 ms.,
2511 5658 2792 5716 subriden}.

2145 5750 2350 5814 Domini,
2380 5769 2471 5823 nec
2493 5769 2589 5806 non
2610 5755 2812 5823 convivii
2840 5751 2965 5823 apud
2990 5749 3590 5823 Simegnemﬂharisaeum
3616 5753 3715 5823 typi

2140 5810 2437 5925 gomparent,
2481 5831 2605 5882 quos
2626 5819 2673 5867 in
2715 5810 2884 5877 ipsius'
2910 5810 3149 5865 Sirmondi
3192 5811 3384 5862 scriniis
3422 5814 3608 5875 reperit
3637 5810 3713 5865 'cl.

2183 5888 2366 5927 aunius.
