4078 6348
403 320 503 400 ui

1651 328 1891 386 SlDONll
1932 330 2382 388 APOLLINARIS

2984 244 3189 283 AN'WAL?
3201 249 3223 283 θ’
3238 252 3241 253 ⁷

3551 331 3659 391 472

406 454 652 513 versibus
680 459 850 523 petas.
881 449 1019 515 Fiat,
1043 449 1256 517 inquam
1282 462 1295 499 :
1324 454 1721 518 retrorsumque
1742 464 1973 505 conver-
2002 457 2051 517 Α
2081 452 2212 507 iram
2245 451 2453 508 tristitia
2484 459 2854 518 successerat;
2886 464 2986 509 nec
3004 452 3135 509 satis
3162 451 3328 509 defuit
3357 455 3483 524 quin
3511 456 3658 525 gela.

408 565 520 616 sus,
552 559 802 618 tanquam
830 558 1020 614 aquam
1048 556 1327 611 poscerem
1364 541 1636 606 manibus,
1670 551 1979 613 tantumque

407 651 706 699 remoratus
736 645 989 709 quantum
1020 635 1233 690 stibadii
1263 636 1521 689 circulum
1559 636 1847 690 celerantia
1885 637 1983 690 mi-

408 734 631 791 nisteria
660 736 997 802 percurrunt,
1038 727 1273 782 cubitum
1303 736 1419 781 toro
1449 726 1676 781 reddidi.
1704 727 1768 780 Et
1809 726 1980 794 impe-

412 834 561 881 rator
596 841 611 880 :
642 821 1016 891 Sp0ponderas
1068 828 1117 874 te
1156 819 1423 874 licentiam
1464 819 1761 874 scribendae
1790 830 1981 889 satyrac

409 914 653 971 versibus
684 911 871 967 subitis
898 911 1308 981 postulaturum.
1334 910 1400 964 Et
1425 926 1558 980 ego:

530 1031 759 1097 Scribere
778 1041 860 1078 me
882 1034 1040 1097 satyra
1064 1028 1144 1088 qui
1170 1027 1349 1097 culpat,
1368 1027 1849 1097 maximeprinc‘eps,

596 1092 732 1141 Hanc
755 1103 876 1153 rogo
897 1088 1151 1149 decernas,
1179 1088 1261 1137 aut
1279 1088 1453 1150 probet
1475 1093 1557 1137 aut
1578 1088 1769 1136 timeat.

479 1194 704 1250 Secutus
734 1200 816 1246 est
842 1190 1041 1259 fragor,
1088 1188 1189 1243 nisi
1236 1188 1377 1256 quod
1424 1188 1542 1243 dico
1586 1187 1839 1256 jactantia
1878 1191 1980 1253 est,

406 1303 504 1359 par
524 1285 848 1340 Camillano:
878 1297 1034 1351 quem
1057 1280 1269 1349 quidem
1285 1294 1390 1333 non
1414 1289 1518 1332 tam
1540 1278 1788 1334 carminis
1808 1278 1983 1346 digni-

408 1389 514 1445 tas,
545 1391 703 1447 quam
736 1373 994 1442 temporis
1046 1371 1285 1426 brevitas
1335 1371 1547 1425 meruit.
1608 1371 1673 1422 Et
1717 1371 1979 1439 princeps,

408 1470 577 1525 Deum
607 1476 773 1523 testor
795 1473 850 1519 et
880 1473 1077 1518 statum
1108 1462 1398 1531 publicum,
1426 1476 1510 1515 me
1538 1460 1606 1515 de
1646 1462 1749 1532 31
1789 1468 1984 1514 caetero

408 1572 685 1626 nunquam
710 1554 1102 1625 prohibiturum
1127 1552 1254 1621 quin
1277 1568 1394 1621 qua:
1424 1551 1552 1605 velis
1584 1552 1809 1614 scribas,
1835 1550 1986 1619 quip-

407 1667 479 1723 pe
507 1665 628 1705 cum
656 1649 750 1703 tibi
807 1648 1009 1702 crimen
1064 1647 1351 1715 impactum
1403 1643 1616 1713 probari
1655 1643 1800 1697 nullo
1828 1642 1984 1695 modo

409 1744 614 1814 possit;
646 1740 802 1795 simul
831 1748 885 1793 et
936 1736 1291 1807 periujurium
1321 1744 1404 1790 est
1422 1737 1742 1789 sententiam
1789 1748 1985 1802 purpu-

2084 553 2222 609 rent,
2254 551 2499 613 tanquam
2530 544 2595 599 ad
2626 552 2891 600 exsertum
2934 544 3173 613 praebere
3218 547 3455 601 cervices
3503 547 3659 617 jussa

2084 649 2416 689 mucronem.
2446 635 2542 690 Vix
2570 629 2689 705 post
2732 636 2847 690 haec
2896 635 3000 689 alia
3054 650 3242 705 pauca,
3299 640 3654 696 surreximus.

2085 726 2359 780 Paululum
2390 726 2457 781 ab
2485 737 2703 795 aspectu
2730 727 3064 796 imperatoris
3095 742 3547 796 processeramus,
3575 741 3657 788 at-

2084 833 2187 889 que
2216 819 2505 872 etiamnum
2550 817 2921 888 chlamydibus
2966 819 3341 886 induebamur,
3372 835 3494 876 cum
3526 824 3655 879 mihi

2085 910 2270 964 consul
2300 908 2363 962 ad
2395 916 2600 979 pectus,
2624 907 2946 979 praefectorii
2978 909 3044 964 ad
3082 925 3271 965 manus
3298 910 3511 979 cadere,
3545 914 3660 984 ipse

2086 1000 2176 1055 ille
2204 1015 2352 1056 meus
2382 1001 2585 1055 amicus
2610 1000 2798 1055 crebro
2824 1008 2878 1054 et
2904 1001 3109 1070 abjecte
3128 1002 3503 1058 miserantibus
3529 1022 3660 1060 cun-

2087 1093 2185 1147 ctis
2211 1091 2476 1145 humiliari
2506 1108 2518 1143 :
2550 1093 2621 1145 ita
2644 1099 2701 1144 ut
2728 1091 2970 1147 timerem
3004 1107 3071 1146 ne
3094 1092 3228 1148 mihi
3250 1093 3503 1149 invidiam
3534 1111 3660 1166 sup-

2085 1184 2334 1255 plicando
2360 1192 2619 1250 moveret,
2647 1198 2805 1253 quam
2844 1184 3177 1239 criminando
3216 1201 3322 1240 non
3357 1188 3660 1243 concitave-

2088 1286 2187 1331 rat.
2220 1276 2336 1330 Dixi
2358 1275 2423 1329 ad
2448 1285 2769 1339 extremum,
2804 1289 3022 1344 pressus
3044 1284 3195 1330 oratu
3221 1292 3504 1346 procerum
3530 1293 3659 1335 con-

2086 1368 2443 1439 globatorum,
2468 1369 2630 1423 sciret
2655 1362 2931 1423 conatibus
2953 1369 3065 1424 suis
3085 1384 3248 1425 versu
3279 1371 3353 1425 nil
3398 1387 3662 1441 reponen-

2087 1459 2245 1524 dum;
2264 1459 2521 1529 derogare
2566 1458 2773 1514 actibus
2828 1460 2962 1514 meis
2991 1463 3036 1515 si
3088 1463 3348 1517 tamenin
3390 1474 3661 1532 posterum

2091 1550 2444 1620 pepercisset;
2495 1550 2690 1606 etenim
2734 1550 2982 1607 sufficere
3030 1552 3257 1619 debere,
3290 1554 3431 1625 quod
3469 1566 3664 1625 satyrus

2088 1643 2316 1711 objectio
2348 1642 2540 1696 famam
2563 1642 2693 1697 mihi
2717 1652 2974 1711 parasset,
3001 1644 3102 1698 sibi
3124 1644 3414 1700 infamiam.
3438 1647 3494 1700 In
3519 1662 3664 1702 sum-

2064 1748 2173 1789 -tna
2205 1732 2398 1803 pertuli
2424 1733 2661 1803 quidem,
2691 1733 2904 1790 domine
2944 1736 3135 1804 major,
3194 1752 3298 1792 non
3340 1747 3663 1795 assertorem

408 1833 516 1889 rati
542 1832 773 1886 tribuere
795 1829 1018 1899 privatis
1042 1828 1142 1883 hoc
1167 1826 1543 1889 simultatibus,
1563 1835 1617 1879 ut
1646 1826 1900 1879 innocens
1924 1838 1987 1879 ac
2017 1833 2065 1892 B
2091 1829 2371 1883 calumniae
2392 1836 2618 1893 tantum,
2642 1838 2894 1898 quantum
2924 1839 3387 1885 murmuratorem.
3411 1832 3519 1887 Sed
3541 1847 3663 1889 cum

411 1939 598 1980 secura
623 1921 872 1977 nobilitas
909 1929 1125 1988 pr0pter
1154 1917 1275 1972 odia
1317 1927 1459 1971 certa
1517 1916 1740 1970 crimine
1784 1917 1987 1969 incerto

411 2016 757 2087 periclitetur.
791 2012 871 2067 Ad
897 2012 1034 2066 hanc
1067 2012 1181 2080 ipse
1231 2012 1553 2066 sententiam
1584 2025 1702 2064 cum
1730 2024 1990 2064 verecun-

411 2110 500 2174 de,
526 2110 700 2179 capite
749 2105 1009 2171 demisso,
1060 2104 1255 2173 gratias
1304 2117 1552 2172 agerem,
1594 2103 1990 2157 concionatoris

412 2200 516 2259 mei
560 2207 840 2268 casperunt
880 2213 974 2252 ora
1026 2196 1250 2267 pallere,
1284 2197 1337 2249 in
1364 2211 1481 2264 qua:
1528 2196 1687 2263 paulo
1713 2202 1839 2249 ante
1878 2201 1995 2262 post

2096 1921 2223 1975 mihi
2253 1921 2329 1974 sic
2354 1919 2682 1974 satisfactum
2736 1928 2839 1984 est,
2868 1929 2927 1974 ut
2968 1920 3169 1990 pectori
3200 1936 3341 1984 meo,
3377 1937 3471 1990 pro
3518 1931 3665 1980 reatu

2097 2012 2234 2080 ejus,
2269 2020 2345 2065 tot
2373 2020 2697 2079 potestatum
2738 2011 3156 2082 dignitatumque
3184 2013 3416 2067 culmina
3447 2023 3500 2068 et
3542 2014 3664 2083 jura
3734 2026 3739 2029 ‘

2094 2103 2534 2156 submitterentur
2561 2142 2579 2166 ,
2622 2102 2798 2159 fateor
2850 2102 3126 2157 exordium
3164 2104 3498 2160 contumelia:
3549 2106 3667 2161 talis

2097 2191 2227 2247 tanti
2257 2192 2437 2258 fuisse,
2474 2192 2558 2246 cui
2589 2174 2706 2247 finis
2733 2194 2902 2262 gloria
2935 2193 3052 2248 fuit.
3087 2194 3234 2251 Vale.

494 2312 3628 2336 ————————————-—————-———~—-—-——————-——————-——

1352 2394 1815 2500 LIBER
1895 2391 2069 2497 SE
2086 2393 2380 2499 CUN
2388 2393 2719 2500 DUS.

831 2564 936 2633 32
976 2557 1307 2616 EPISTOLA
1344 2554 1576 2611 PRIMA.

750 2696 993 2752 Sidonius
1024 2704 1050 2732 α
1080 2693 1263 2749 Edicio
1290 2707 1385 2746 suo
1412 2690 1645 2745 salutem.

488 2832 601 2887 Duo
652 2846 792 2887 nunc
855 2831 1053 2902 pariter
1098 2830 1237 2883 mala
1293 2826 1561 2883 sustinent
1604 2825 1829 2881 Arverni
1887 2826 1984 2880 tui.

413 2927 704 2995 Quaenam?
750 2925 924 2994 inquis
950 2942 962 2976 :
997 2922 1335 2993 praesentiam
1364 2919 1392 2958 ι’
1420 2918 1686 2985 Seronati,
1717 2927 1769 2972 et
1800 2918 1995 2973 absen-

414 3018 541 3073 tiam
582 3026 747 3071 tuam.
793 3014 1063 3079 Seronati,
1118 3014 1353 3081 inquam,
1396 3009 1464 3065 de
1491 3009 1643 3078 cujus
1674 3016 1730 3062 ut
1761 3007 1988 3077 primum

414 3109 574 3163 etiam
604 3092 819 3163 nomine
844 3107 1053 3174 loquar,
1085 3103 1164 3157 sic
1193 3101 1323 3156 mihi
1353 3101 1563 3155 videtur
1592 3098 1741 3167 quasi
1767 3100 1989 3168 prtescia

412 3202 715 3256 futurorum
743 3200 935 3253 lusisse
965 3197 1196 3261 fortuna,
1229 3194 1385 3249 sicuti
1412 3208 1479 3247 ex
1506 3192 1731 3247 adverso
1761 3192 1989 3260 majores

415 3294 585 3349 noetri
614 3294 801 3361 praelia
827 3291 1019 3360 quibus
1045 3289 1173 3343 nihil
1196 3294 1277 3342 est
1306 3285 1521 3353 Radius,
1548 3286 1684 3340 bella
1714 3286 1988 3339 dixerunt:

415 3383 615 3453 quique
660 3382 819 3436 etiam
865 3381 979 3450 pari
1028 3379 1423 3443 contrarietate,
1479 3378 1604 3441 fata,
1648 3386 1670 3413 ο
1720 3391 1837 3445 qua:
1884 3391 1988 3429 non

415 3482 721 3545 parcerent,
776 3473 972 3527 Parcas
1015 3471 1336 3525 vocitavere.
1387 3468 1563 3524 Rediit
1607 3470 1720 3537 ipse
1762 3468 1987 3522 Catilina
2017 3440 2062 3502 Ο

415 3566 523 3637 33
549 3565 729 3620 saeculi
758 3564 948 3631 nostri,
982 3577 1149 3632 nuper
1174 3559 1203 3598 ἀ
1229 3561 1533 3625 Aturribus,
1577 3569 1635 3615 ut
1676 3559 1988 3629 sanguinem

416 3660 764 3727 fortunasque
802 3656 1151 3719 miserorum,
1193 3669 1325 3723 quas
1363 3654 1452 3707 ille
1485 3651 1558 3706 ibi
1589 3668 1657 3707 ex
1690 3661 1839 3721 parte
1870 3667 1990 3721 pro-

414 3751 711 3821 pinaverat,
762 3750 848 3803 hic
895 3763 961 3802 ex
1002 3762 1121 3802 asse
1160 3748 1427 3802 misceret.
1473 3744 1676 3800 Scitote
1715 3745 1765 3798 in
1796 3759 1861 3799 eo
1897 3760 1991 3813 per

418 3843 537 3899 dies
566 3842 811 3913 spiritum
838 3840 929 3895 diu
958 3840 1277 3895 dissimulati
1306 3838 1503 3893 furoris
1537 3821 1732 3906 aperiri
1766 3855 1779 3890 :
1808 3845 1992 3905 aperte

415 3933 639 4000 invidet,
668 3933 875 4002 abjecte
904 3931 1073 4001 fingit,
1107 3929 1377 3985 serviliter
1404 3927 1644 3997 superbit
1677 3944 1691 3980 :
1720 3928 1905 3982 indicit
1936 3937 1993 3982 ut

426 4102 429 4103 ν
485 4077 513 4105 α
541 4068 758 4123 Sororio
799 4080 895 4120 suo
926 4080 941 4116 ε
978 4063 1053 4118 sic
1098 4063 1240 4117 enim
1272 4060 1504 4132 appellat
1532 4061 1771 4115 carmine
1801 4060 1871 4116 20
1898 4061 1997 4115 Pa-

414 4139 649 4208 pianillae
690 4138 893 4208 scilicet
940 4130 1402 4208 ttxoris_fratretn,
1430 4130 1571 4184 Aviti
1618 4134 1751 4208 Aug.
1788 4132 1991 4208 filium:

417 4201 505 4277 qui
529 4210 755 4277 primum
781 4206 885 4277 sub»
903 4204 1186 4277 Anthemio
1203 4216 1391 4277 comes
1415 4210 1468 4252 ct
1493 4201 1744 4267 magister
1764 4202 1993 4277 militum

415 4270 604 4334 fuit-in
638 4276 824 4337 Gallia,
859 4273 1050 4326 deinde
1082 4272 1335 4340 patricius
1365 4280 1577 4340 creatus
1596 4280 1676 4340 est
1712 4286 1740 4323 a
1772 4270 1993 4337 Nepote.

413 4348 613 4400 Verum
642 4346 757 4410 ejus
790 4358 981 4395 nomen
1009 4338 1249 4393 Ecdicius
1278 4358 1290 4391 ε
1323 4354 1429 4405 quo
1461 4338 1618 4391 modo
1648 4339 1702 4391 iu
1729 4341 1913 4410 codice
1944 4352 1995 4394 et

415 4418 472 4470 in
504 4409 742 4484 epistolis
767 4412 983 4484 Juliaui,
1012 4410 1234 4484 Ἑκδικίῳ
1262 4411 1485 4484 ἔεᾴρχῳ
1515 4410 1789 4484 tityon-Eoo.
1825 4409 1913 4463 Sic
1942 4419 1996 4463 et

415 4477 655 4540 Alcimus
695 4482 940 4535 Ecdicius
978 4477 1256 4547 episcopus
1294 4477 1633 4530 Viennensis.
1680 4478 1817 4543 Quin
1848 4488 1995 4533 recte

416 4567 629 4623 quoque
653 4551 897 4606 Ecdicius
924 4550 1007 4603 hic
1038 4551 1155 4623 ipse
1167 4548 1555 4623 _appellatur_e_t
1576 4547 1829 4601 scribitur
1855 4549 1994 4617 apud

417 4617 728 4692 Gregorium
753 4617 1116 4692 Ttironensein
1144 4617 1234 4673 lib.
1258 4634 1314 4681 ιι,
1338 4631 1457 4685 cap.
1481 4617 1569 4683 24,
1597 4625 1837 4671 truncata
1864 4633 1995 4673 voce

419 4695 612 4750 Decius
641 4693 778 4761 apud
800 4691 1145 4746 Jornandem.

491 4764 518 4801 δ
553 4758 719 4832 Hujus
756 4763 938 4830 patria:
980 4763 1140 4829 pestis
1181 4758 1590 4832 solusﬂomninm
1632 4758 1872 4832 meminit
1904 4759 1991 4813 Si-

418 4830 651 4890 donius;
679 4848 743 4889 ex
769 4847 874 4902 quo
903 4844 1078 4885 tamen
1110 4846 1217 4884 non
1230 4830 1389 4902 facile
1417 4830 1783 4902 deprehendas
1810 4845 1995 4898 queui-

372 4897 381 4904 ’
419 4919 541 4959 nam
566 4897 1199 4974 gesserit'magistratum.
1228 4900 1461 4974 Publicis
1486 4897 1693 4974 tributis
1721 4897 1997 4974 prait‘uisse

421 4970 655 5040 constat,
696 4976 866 5042 iisque
907 4970 1200 5027 indicendis
1239 4970 1322 5025 vel
1364 4970 1640 5042 exigendis
1682 4971 1733 5024 in
1775 4971 1994 5039 provin-

420 5046 634 5099 cialium
662 5044 862 5098 viscera
886 5044 1122 5097 szevisse.
1155 5042 1269 5107 Quo
1298 5041 1509 5094 nomine
1541 5042 1760 5109 aliisque
1790 5042 1996 5095 delatus

420 5115 490 5168 ab
510 5115 783 5179 Arvernis,
820 5115 1001 5168 Roma:
1033 5112 1242 5166 tandem
1274 5112 1461 5179 capitis
1493 5110 1774 5164 damnatus
1803 5121 1903 5170 est.
1939 5122 1996 5165 ut

421 5184 608 5237 scribit
630 5184 718 5237 lib.
748 5200 838 5252 vn,
868 5186 1023 5253 epist.
1058 5183 1111 5234 7.
1140 5180 1478 5253 Contrarium
1511 5182 1769 5235 Seronato
1801 5188 1990 5235 nomen

421 5264 507 5309 εει
535 5250 975 5321 Citouatusapud
1006 5253 1319 5320 Gregorium
1350 5250 1612 5319 Magnum.

500 5334 522 5363 ε
560 5327 611 5377 lu
643 5323 906 5391 aliquibus
938 5324 1103 5386 libris,
1134 5322 1272 5389 quia.

499 5394 525 5431 ἀ
558 5394 661 5464 25
705 5394 867 5447 Recte
907 5407 973 5446 ex
1016 5390 1392 5464 mauus_criptis
1425 5391 1557 5464 hanc
1588 5390 1876 5464 lectionem
1908 5406 1993 5444 as-

427 5460 855 5522 seruiTjoannes
877 5464 1075 5516 Savaro
1098 5462 1155 5513 V.
1182 5461 1267 5523 C.;
1297 5475 1391 5514 nos
1418 5460 1557 5513 enim
1582 5460 1786 5528 fugerat
1810 5477 1991 5515 emen-

428 5538 593 5592 datio.
635 5537 771 5589 Sunt
805 5543 1012 5596 autem,
1049 5543 1107 5585 ut
1142 5532 1279 5584 idem
1313 5532 1515 5595 docuit,
1548 5532 1764 5584 Aturres
1808 5532 1859 5584 in
1889 5532 1993 5584 No-

428 5607 759 5675 vetupopulis
799 5604 865 5658 ad
894 5608 1140 5675 Aturrum
1185 5601 1400 5675 fluvium
1441 5601 1763 5675 quiAdurcs
1790 5612 1991 5675 postea

428 5669 842 5744 dici'cdaperunt
873 5692 885 5727 :
919 5688 1023 5744 quo
1066 5674 1224 5744 etiam
1272 5669 1654 5744 modoAduris
1701 5672 1988 5744 legiturnin

429 5747 606 5811 verbis
636 5741 824 5802 Auiani
863 5741 983 5815 post
1012 5742 1381 5802 auctoritatem
1412 5741 1631 5809 Alarici,
1665 5756 1781 5811 qua:
1821 5741 1990 5796 codici

2095 2554 2359 2619 dominus,
2396 2554 2559 2622 exigit
2597 2563 2652 2607 ut
2682 2563 2959 2624 tyrannus,
2993 2556 3189 2611 addicit
3219 2568 3277 2612 ut
3307 2558 3491 2627 judex,
3525 2560 3667 2617 caluo

2103 2646 2336 2699 mniatur
2376 2653 2434 2697 ut
2477 2646 2754 2712 barbarus,
2785 2655 2893 2701 toto
2940 2647 3025 2702 die
3060 2664 3089 2702 a
3130 2658 3271 2702 metu
3312 2661 3569 2718 armatus,
3602 2652 3668 2710 ab

2097 2735 2320 2788 avaritia
2364 2735 2596 2804 jejunus,
2648 2753 2675 2788 a
2727 2737 3015 2807 cupiditate
3067 2740 3339 2809 terribilis,
3379 2757 3408 2795 a
3439 2743 3668 2799 vanitate

2095 2826 2356 2891 crudelis;
2389 2841 2494 2881 non
2530 2839 2704 2882 cessat
2750 2830 2909 2882 simul
2941 2830 3079 2884 furta
3112 2831 3193 2886 vel
3226 2834 3436 2901 punire,
3466 2834 3548 2889 vel
3591 2834 3671 2891 fa-

2096 2932 2256 2983 cere;
2309 2917 2482 2986 palam
2529 2928 2583 2973 et
2625 2920 2920 2975 ridentibus
2969 2925 3273 2978 convocatis
3318 2932 3489 2979 ructat
3532 2926 3669 2982 inter

2096 3011 2238 3064 cives
2280 3026 2501 3081 pugnas,
2537 3012 2672 3065 inter
2704 3012 2960 3069 barbaros
2996 3014 3199 3069 litteras
3231 3032 3247 3071 :
3279 3017 3553 3087 epistolas,
3600 3034 3669 3075 ne

2098 3103 2283 3172 primis
2312 3103 2528 3172 quidem
2558 3102 2797 3172 apicibus
2824 3104 3150 3161 sufficienter
3178 3107 3436 3175 initiatus,
3463 3109 3670 3178 publice

2098 3208 2126 3246 a
2164 3194 2415 3263 jactantia
2460 3194 2642 3260 dictat,
2687 3196 2754 3249 ab
2799 3196 3123 3265 impudentia
3171 3201 3452 3265 emendat;
3497 3211 3665 3255 totum

2097 3286 2236 3355 quod
2285 3276 2613 3356 concupiscit
2662 3288 2812 3357 quasi
2873 3298 3172 3359 comparat,
3225 3290 3455 3345 nec‘dat
3498 3293 3669 3360 pretia

2099 3388 2470 3443 contemnens,
2504 3394 2602 3434 nec
2638 3380 2829 3449 accipit
2868 3382 3218 3437 instrumenta
3246 3385 3565 3452 desperans;
3614 3386 3668 3441 in

2096 3472 2319 3525 consilio
2347 3480 2513 3538 tacet,
2548 3472 2600 3526 in
2631 3475 2856 3529 concilio
2881 3475 3066 3544 jubet,
3097 3477 3150 3531 in
3185 3478 3409 3532 ecclesia
3435 3478 3665 3547 jocatur,

2097 3564 2150 3618 in
2182 3564 2428 3618 convivio
2460 3564 2738 3633 praedicat,
2781 3565 2833 3619 in
2872 3566 3116 3621 cubiculo
3156 3569 3399 3635 damnat,
3441 3568 3493 3623 in
3525 3585 3670 3638 qna:-

2098 3655 2270 3711 stione
2300 3655 2588 3720 dormitat;
2635 3654 2819 3725 implet
2859 3657 3096 3726 quotidie
3134 3658 3293 3712 silvas
3326 3658 3665 3728 fugientibus,

2098 3745 2251 3800 villas
2312 3746 2646 3813 hospitibus,
2711 3746 2900 3800 altaria
2948 3748 3087 3813 reis,
3137 3741 3380 3803 carceres
3425 3748 3666 3812 clericis;

2101 3837 2377 3892 exsultans
2413 3836 2631 3903 Gothis,
2675 3837 2931 3893 insultans
2962 3838 3235 3905 Romanis,
3267 3840 3493 3894 illudens
3533 3855 3670 3910 prce-

2101 3930 2272 3996 fectis,
2303 3929 2685 3999 colludensque
2728 3930 3078 3997 numerariis;
3115 3940 3137 3968 θ
3169 3931 3311 4001 leges
3341 3930 3669 3986 Theodosia-

2054 4062 2474 4118 .Theodosiano
2530 4062 2742 4129 praefixa
2796 4071 2895 4116 est.
2961 4061 3222 4117 Caeterum
3278 4070 3519 4132 Aturres,
3575 4079 3669 4120 seu

2101 4134 2341 4197 Adnres,
2396 4148 2589 4188 nomen
2636 4134 2861 4200 primum
2915 4133 3011 4186 fttit
3062 4134 3260 4202 populi,
3311 4150 3416 4188 non
3467 4135 3667 4203 oppidi.

2100 4204 2285 4270 Oppidi
2318 4204 2458 4257 enim
2490 4203 2856 4273 Aturrcusium
2889 4218 3081 4257 nomen
3113 4204 3267 4259 Vicus
3296 4204 3486 4269 Julius,
3517 4204 3667 4273 cujus

2101 4276 2301 4327 tnentio
2347 4274 2483 4338 apud
2513 4272 2827 4341 Gregorium
2854 4273 3219 4328 Tttronensem
3269 4274 3361 4328 lib.
3388 4289 3459 4337 ix,
3488 4272 3603 4342 cap.
3637 4276 3669 4328 7

2100 4355 2151 4396 et
2178 4344 2268 4406 20,
2298 4352 2348 4413 et
2376 4343 2440 4395 de
2470 4341 2646 4395 Gloria
2677 4344 3043 4397 confessorum
3090 4358 3205 4413 cap.
3231 4343 3319 4397 52.
3362 4344 3537 4410 Quare
3555 4341 3669 4397 ’Ru-

2099 4415 2263 4465 sticus
2292 4412 2662 4479 Vicojulieusis
2707 4413 3007 4480 cpiscopus,
3040 4416 3129 4481 qui
3158 4412 3392 4468 concilio
3425 4414 3669 4468 Matisco-

2100 4483 2253 4552 ueusi
2292 4496 2343 4552 1t
2370 4481 2678 4552 subscribit.
2713 4483 2992 4552 episcOpus
3021 4492 3103 4537 est
3128 4484 3416 4540 Adureusis
3453 4502 3463 4537 :
3504 4484 3666 4537 idem‘

2100 4566 2203 4620 que
2237 4551 2493 4618 judicium
2518 4554 2592 4604 \in
2631 4551 2748 4604 Vita
2778 4551 2835 4603 S.
2861 4551 3155 4616 Philiberti,
3184 4569 3303 4608 cum
3346 4569 3375 4608 a
3406 4553 3518 4608 Vici
3544 4553 3670 4608 Julii

2098 4622 2301 4674 civibus
2330 4622 2595 4691 expetitus
2624 4621 2838 4676 dicitur.
2870 4622 2977 4677 Sed
3006 4631 3063 4677 ut
3088 4624 3139 4676 in
3165 4627 3349 4678 eadem
3373 4624 3672 4691 Novempo-

2100 4692 2331 4759 putania,
2382 4706 2500 4761 quae
2537 4690 2723 4745 Cossio
2777 4692 3055 4746 Vassatum
3100 4693 3226 4748 olim
3276 4704 3410 4758 erat,
3450 4690 3672 4748 Vasates

2101 4772 2282 4829 postea
2323 4763 2389 4816 de
2419 4762 2589 4829 gentis
2634 4762 2847 4816 nomine
2893 4772 3189 4830 nuncupata
3237 4774 3318 4818 est
3356 4781 3367 4816 :
3408 4763 3485 4817 sic
3512 4763 3672 4816 Vicus

2026 4874 2079 4935 1)
2101 4832 3001 4935 i‘f‘i‘”.3!“I.';‘fi:..E{f‘.'3§.if":
3029 4835 3401 4935 causam
3434 4842 3673 4935 ίρλξηξοξε

2103 4917 2222 4956 cum
2267 4912 2373 4955 tota
2421 4913 2601 4957 vetere
2628 4904 2908 4970 Aquitania
2950 4905 3004 4957 in
3050 4912 3312 4972 potestate
3350 4912 3404 4959 et
3452 4904 3673 4972 imperio

2108 4972 2423 5027 Gothorum.
2455 4972 2634 5041 Itaque
2663 4989 2692 5025 a
2722 4973 2909 5027 Gothis
2941 4972 3144 5027 redibat
3172 4973 3483 5028 Seronatus.

2175 5053 2196 5079 ο
2237 5043 2617 5098 'l‘heodosiatue
2677 5042 2819 5109 leges
2866 5053 2990 5098 sunt
3036 5043 3289 5098 Romanae
3338 5043 3564 5098 redactae
3621 5043 3674 5097 iu

2100 5114 2336 5167 codicem
2365 5113 2814 5176 'l‘heodosianum,
2847 5116 2933 5180 qui
2964 5123 3073 5167 tum
3105 5115 3316 5182 vigebat
3344 5132 3355 5166 :
3383 5113 3675 5167 Theodori-

2098 5186 2266 5237 cianzn
2307 5183 2576 5247 Gothicae,
2635 5202 2662 5236 a
2704 5183 3051 5236 Theodoricis
3096 5185 3307 5252 regibus
3356 5183 3671 5239 Gothorum.

2097 5255 2407 5322 Quanquam
2460 5253 2601 5307 enim
2647 5253 2920 5306 Anthemii
2980 5255 3335 5320 temporibus,
3387 5268 3507 5308 cum
3562 5253 3676 5307 haec

2097 5326 2357 5377 scriberet
2384 5323 2655 5387 Sidonius,
2684 5322 2873 5375 Gothis
2915 5324 2964 5374 iu
2994 5323 3162 5375 Gallia
3204 5325 3415 5391 praefuit
3447 5324 3674 5377 Euricus

2095 5394 2410 5447 'l‘heodorici
2458 5391 2634 5446 fratris
2670 5405 2966 5457 successor,
3005 5392 3458 5448 Thendoricianas
3498 5402 3675 5448 tamen

2096 5463 2277 5516 dicere
2318 5462 2501 5515 maluit
2536 5462 2603 5515 ob
2642 5463 3069 5529 paronomasiani
3106 5468 3231 5517 cum
3260 5463 3673 5519 Theodosianis.

2097 5534 2172 5586 Ex
2206 5532 2286 5585 his
2316 5545 2475 5597 porro
2505 5531 2814 5599 conjectura
2850 5543 2952 5597 est,
2999 5547 3118 5586 cum
3148 5534 3373 5588 Euricus
3402 5534 3455 5587 iu
3484 5533 3675 5588 lsidori

2097 5603 2359 5656 Chronico
2404 5601 2579 5672 legum
2633 5600 2873 5672 instituta
2915 5603 3101 5657 Gothis
3148 5603 3350 5672 primus
3392 5604 3677 5658 tradidisse

2099 5672 2313 5734 dicitur,
2358 5685 2462 5723 non
2504 5671 2581 5741 sic
2609 5685 2727 5725 esse
2767 5671 3158 5739 accipiendum,
3188 5676 3338 5741 quasi
3371 5682 3494 5727 ante
3523 5673 3679 5727 Euri-

2097 5757 2217 5799 cum
2256 5743 2402 5811 leges
2428 5740 2669 5797 Gothicae
2708 5741 2867 5800 nullm
2903 5742 3101 5797 fuerint
3143 5760 3155 5795 :
3199 5740 3291 5798 Sed
3324 5743 3467 5811 quod
3491 5756 3678 5819 carum
