4078 6348
214 456 237 471 ,ί
311 392 423 451 ns

1578 388 2055 450 EPISTOLABUM
2097 391 2222 447 LIB.
2262 392 2327 448 ll.

3471 383 3582 447 471»

315 520 415 562 nas
460 501 706 568 calcans,
738 498 1293 568 Theudoricianasque
1336 509 1638 567 proponens
1685 507 1897 555 veteres
1924 514 1974 574 Α
2003 503 2245 557 uxorium
2280 501 2451 571 patrio
2496 503 2623 558 mihi
2671 502 2901 559 dulcius.
2948 501 3073 557 Hice
3104 490 3379 557 mihicum
3420 502 3579 572 meis,

317 597 525 667 culpas,
556 607 693 648 nova
730 591 923 646 tributa
964 589 1247 660 perquirit.
1299 587 1528 662 Prpinde
1564 602 1743 643 moras
1782 598 1901 645 luas

318 690 459 744 citus
488 684 720 754 explica,
749 690 803 737 et
836 679 1091 752 quidquid
1121 679 1252 733 illud
1280 688 1361 733 est
1386 679 1526 747 quod
1566 688 1616 734 te
1653 688 1902 745 retentat,

320 780 517 836 incide.
569 777 646 832 Te
686 782 962 844 exspectat
1007 770 1376 842 palpitantium
1425 771 1617 825 civium
1667 782 1904 826 extrema

322 873 563 927 libertas.
603 866 869 935 Quidquid
915 863 1262 934 sperandum,
1313 862 1568 933 quidquid
1614 862 1904 931 desperan-

323 968 451 1019 dum
483 972 585 1027 est,
621 961 733 1016 ﬁeri
769 969 819 1015 te
848 958 1045 1022 medio,
1076 964 1128 1012 te
1154 954 1407 1025 praesule,
1438 955 1628 1025 placet.
1658 955 1712 1010 Si
1744 954 1905 1007 nullae

322 1074 354 1114 a
384 1055 656 1127 republica
687 1052 860 1119 vires,
900 1049 1041 1104 nulla
1085 1046 1354 1117 praesidia,
1389 1046 1431 1100 si
1464 1046 1622 1100 nullae
1650 1054 1905 1116 quantum

325 1162 511 1204 rumor
563 1154 667 1199 est.
732 1141 1004 1197 Anthemii
1059 1138 1318 1209 principis
1366 1152 1495 1206 opes
1549 1155 1561 1191 :
1615 1138 1799 1191 statuit
1855 1146 1907 1192 te

326 1248 547 1295 auctore
592 1236 856 1303 nobilitas,
891 1243 915 1271 ³
941 1248 1037 1289 seu
1082 1231 1308 1302 patriam
1352 1229 1649 1293 dimittere,
1694 1245 1788 1285 seu
1819 1243 1907 1284 ca-

330 1332 505 1404 pillos.

828 1437 935 1509 34
972 1434 1307 1491 EPISTOI.A
1348 1435 1408 1489 ιι.

656 1552 904 1608 Sidonius
928 1548 956 1588 δ
986 1549 1212 1603 Domitio
1238 1564 1329 1602 suo
1352 1548 1588 1603 salutem.

408 1693 536 1748 Ruri
586 1703 672 1744 me
717 1702 837 1743 esse
881 1687 1142 1753 causaris,
1192 1701 1311 1740 cum
1356 1686 1486 1739 mihi
1543 1684 1714 1754 potius
1761 1680 1912 1753 queri

334 1791 580 1855 suppetat
629 1789 680 1834 te
730 1792 869 1833 nunc
916 1779 1046 1830 urbe
1096 1777 1338 1830 retineri.
1391 1775 1507 1830 Jam
1566 1790 1660 1831 ver
1704 1774 1911 1829 decedit
1972 1772 1975 1775 λ

2007 593 2235 663 przesulc
2266 593 2395 659 Deo,
2433 594 2533 647 nisi
2565 595 2690 664 quid
2729 604 2784 650 tu
2816 593 3075 649 fascinum
3115 606 3317 656 verere,
3351 607 3576 648 concor-
3618 634 3627 647 .

2006 687 2111 740 dia.
2140 686 2243 756 35
2271 685 2417 739 Mons
2448 688 2514 740 ab
2542 700 2733 741 occasu
2757 700 3056 756 quanquam
3085 692 3347 749 terrenus,
3382 684 3580 741 arduus

2009 788 2186 833 tamen
2220 777 2501 832 inferiores
2534 778 2633 834 sibi
2670 778 2833 833 colles
2869 786 3117 848 tanquam
3148 777 3360 847 gemino
3396 777 3579 834 fomite

2008 869 2261 937 effundit,
2306 879 2531 941 quatuor
2574 885 2603 924 a
2645 884 2701 925 se
2750 870 2961 925 circiter
3002 869 3245 939 iugerum
3297 869 3579 924 latitudine

2007 962 2283 1016 abductos.
2316 960 2421 1015 Sed
2465 962 2635 1016 donec
2674 960 2942 1015 domicilio
2980 968 3293 1028 competens
3334 960 3579 1017 vestibuli

2008 1069 2224 1123 campus
2267 1056 2541 1123 aperitur,
2595 1054 2827 1110 mediam
2872 1054 3063 1108 vallem
3115 1054 3275 1110 rectis
3323 1054 3580 1110 tractibus

2008 1154 2399 1216 prosequuntur
2440 1146 2604 1199 latera
2645 1146 2924 1211 clivorum,
2968 1160 3133 1214 usque
3177 1146 3229 1200 in
3279 1147 3569 1217 marginem

2008 1236 2173 1304 villae,
2200 1253 2315 1306 quae
2343 1238 2393 1291 in
2412 1238 2629 1291 Boream
2648 1239 3001 1308 Austrumque
3026 1237 3298 1292 conversis
3314 1238 3574 1294 frontibus

2011 1328 2265 1385 tenditur.
2326 1330 2579 1384 Balneum
2627 1329 2694 1383 ab
2740 1328 2919 1383 Africo
2972 1328 3236 1383 radicibus
3289 1344 3580 1385 nemorosa)

2010 1422 2157 1490 rupis
2187 1421 2532 1485 adhaerescit;
2566 1430 2620 1475 et
2640 1421 2691 1487 ,εἰ
2722 1420 2901 1475 caedua
2933 1434 3026 1490 per
3052 1419 3233 1489 jugum
3264 1421 3396 1475 silva
3435 1432 3579 1479 trun.

2011 1520 2180 1580 cetur,
2206 1512 2259 1566 in
2286 1527 2377 1566 ora
2406 1512 2632 1567 fornacis
2662 1514 2809 1581 lapsu
2837 1512 2984 1567 velut
3007 1522 3323 1581 spontaneo,
3346 1514 3584 1573 deciduis

2012 1606 2248 1660 struibus
2295 1606 2623 1675 impingitur.
2658 1606 2792 1660 lline
2830 1621 3085 1676 aquarum
3128 1608 3293 1675 surgit
3323 1608 3453 1663 cella
3495 1624 3586 1665 co-

2014 1698 2247 1762 ctilium;
2280 1713 2397 1765 qua:
2425 1698 2769 1767 consequenti
2811 1700 3173 1767 unguentariae
3216 1702 3368 1769 spatii
3400 1701 3585 1771 parili-

2016 1802 2121 1847 tate
2160 1792 2503 1863 conquadrat,
2552 1801 2774 1861 exccpto
2812 1792 2929 1846 solii
2972 1793 3183 1861 capacis
3232 1792 3583 1864 hemicyclio:

334 1877 525 1940 335m“!
558 1883 611 1929 εί
645 1882 667 1911 °
701 1888 795 1941 per
824 1872 988 1925 “neas
1014 1870 1090 1924 ⁵⁰¹
1119 1869 1313 1923 almus
1356 1877 1645 1929 exuemast
1676 1868 1726 1921 i“
1758 1881 1910 1921 axem
1946 1884 1987 1944 Β
2017 1885 2105 1940 ubi
2141 1892 2196 1940 et
2225 1885 2303 1940 vis
2344 1884 2595 1939 ferventis
2626 1884 2778 1937 untlze
2811 1900 2902 1952 per
2929 1885 3183 1953 parietem
3215 1885 3585 1941 foraminatum

296 2028 299 2031 _
332 1969 639 2041 Scythicum
690 1965 842 2019 radio
882 1963 1255 2033 peregrinante
1298 1962 1600 2031 porrigitur.
1651 1961 1746 2016 llic
1787 1960 1911 2028 quid

332 2063 401 2119 de
454 2058 689 2130 regionis
741 2066 937 2112 nostra:
1000 2055 1213 2111 climate
1260 2055 1485 2124 loquar?
1540 2054 1690 2123 cujus
1745 2054 1911 2123 spatia

334 2155 569 2211 divinum
617 2150 691 2205 sic
742 2147 968 2203 tetendit
1008 2147 1297 2216 cpiticium,
1330 2156 1387 2201 ut
1425 2147 1589 2215 magis
1627 2146 1911 2215 vaporibus

337 2247 482 2303 orbis
517 2242 723 2300 occidui
756 2241 1160 2310 subjiceremur.
1184 2240 1320 2307 Quid
1352 2239 1400 2309 pl
1444 2238 1534 2292 ra?
1565 2238 1787 2292 Mundus
1826 2239 1910 2291 in-

338 2340 570 2405 canduit,
602 2338 798 2407 glacies
828 2336 1017 2406 Alpina
1058 2335 1289 2401 deletur,
1336 2342 1392 2388 et
1422 2332 1615 2387 hiulcis
1646 2333 1909 2385 arentium

340 2433 593 2487 rimarum
636 2430 859 2485 ﬂexibus
907 2436 1049 2483 terra
1097 2425 1466 2496 perscribitur,
1504 2425 1710 2495 squalet
1735 2427 1913 2493 glarea

339 2525 391 2579 in
418 2522 587 2586 vadis,
616 2522 775 2576 limus
814 2521 866 2574 in
899 2520 1051 2589 ripis,
1090 2518 1263 2588 pulvis
1294 2519 1343 2571 in
1376 2517 1599 2586 campis,
1629 2532 1761 2585 aqua
1801 2516 1913 2584 ipsa

338 2630 666 2688 quascunque
712 2622 970 2684 perpetuo
1018 2611 1223 2678 labens,
1258 2618 1426 2665 tractu
1470 2617 1758 2670 cunctante
1801 2609 1915 2663 lan-

337 2710 561 2782 guescit.
603 2709 718 2764 Jam
751 2723 855 2762 non
883 2706 1052 2762 solum
1080 2706 1219 2760 calet
1251 2706 1410 2769 unda,
1438 2703 1531 2757 sed
1559 2703 1830 2772 coquitur;
1859 2711 1913 2757 et

338 2818 482 2857 nunc
509 2801 634 2855 dum
666 2801 717 2855 in
744 2798 967 2854 carbaso
996 2797 1149 2853 sudat
1180 2810 1345 2860 unus,
1375 2795 1510 2849 alter
1542 2796 1593 2848 in
1629 2795 1907 2865 bombyce,

341 2903 399 2949 tu
428 2892 822 2948 endromidatus
852 2891 1107 2951 exterius.
1136 2887 1361 2942 interius
1384 2886 1664 2949 fasciatus;
1696 2885 1914 2955 insuper

341 2996 395 3044 et
425 3000 657 3041 concava
693 2984 719 3021 ά
748 2984 1019 3053 municipii
1058 2981 1324 3037 Camerini
1373 2979 1502 3035 sede
1550 2993 1909 3048 compressus,

340 3077 614 3147 discipulis
643 3091 745 3130 non
777 3083 910 3129 a-stu
954 3077 1128 3129 minus
1157 3087 1314 3142 quam
1348 3072 1537 3125 timore
1568 3070 1912 3139 pallentibus,

340 3184 610 3239 exponere
662 3166 1040 3223 oscitabundus
1089 3166 1305 3230 ordiris,
1356 3165 1537 3218 Samia
1582 3164 1707 3216 milii
1754 3172 1915 3217 mater

2012 1977 2206 2031 ﬂexilis
2250 1977 2455 2047 plumbi
2505 1976 2763 2030 meatibus
2816 1976 3067 2044 implicita
3120 1977 3391 2047 singultat.
3447 1977 3584 2036 Intra

2010 2069 2268 2123 conclave
2297 2083 2611 2123 succensum
2640 2068 2839 2122 solidus
2869 2068 3002 2135 dies,
3036 2076 3089 2121 et
3119 2067 3232 2122 hinc
3268 2068 3584 2125 abundantia

2011 2160 2144 2216 lucis
2183 2160 2420 2227 inclusae,
2456 2168 2514 2213 nt
2548 2159 2876 2214 verecundos
2905 2174 3145 2229 quosque
3171 2162 3455 2230 compellat
3486 2162 3587 2215 ali-

2010 2253 2135 2323 quid
2177 2267 2235 2307 se
2281 2252 2399 2321 plus
2448 2261 2631 2321 putare
2680 2266 2836 2321 quam
2885 2250 3073 2305 nudos.
3140 2252 3270 2305 llinc
3316 2252 3585 2321 frigidaria

2010 2346 2280 2425 dilatatur,
2314 2360 2430 2414 qua:
2465 2344 2693 2413 piscinas
2734 2343 2958 2413 publicis
2999 2344 3250 2413 operibus
3287 2353 3585 2399 exstructas

2013 2454 2117 2494 non
2162 2438 2496 2507 impudenter
2521 2437 2883 2492 aemularetur.
2928 2437 3162 2490 Primum
3201 2437 3322 2491 tecti
3353 2439 3502 2505 apice
3532 2436 3586 2491 in

2012 2547 2206 2586 conum
2253 2530 2623 2593 cacuminato,
2673 2543 2793 2583 cum
2842 2528 2907 2583 ab
2958 2528 3166 2597 angulis
3212 2527 3588 2597 quadrifariam

2012 2623 2382 2678 concurrentia
2405 2621 2563 2675 dorsa
2589 2621 2873 2675 cristarum
2925 2620 3115 2689 tegulis
3154 2619 3590 2687 interiacentibus

2014 2715 2453 2780 imbricarentur;
2504 2713 2616 2781 ipsa
2656 2726 2785 2764 vero
2836 2711 3279 2766 convenientibus
3329 2711 3591 2767 mensuris

2015 2805 2355 2861 exactissima
2404 2803 2738 2873 spatiositate
2782 2803 3072 2871 quadratur
3105 2821 3117 2855 :
3151 2802 3219 2856 ita
3258 2812 3313 2856 ut
3355 2803 3592 2858 ministe-

2016 2898 2215 2952 riorum
2264 2912 2383 2951 sese
2423 2912 2531 2950 non
2579 2894 2903 2963 impediente
2963 2893 3250 2957 famulatu,
3303 2901 3378 2946 tot
3426 2894 3592 2960 possit

2016 2991 2253 3059 recipere
2276 2989 2456 3053 sellas,
2481 2985 2498 3023 τ
2526 2994 2651 3055 quot
2678 2985 2795 3038 solii
2819 2986 2985 3053 sigma
3011 2999 3284 3053 personas.
3310 2983 3592 3039 Fcnestras

2016 3099 2046 3139 e
2087 3084 2302 3153 regione
2331 3080 2574 3136 conditor
2604 3079 2755 3133 binas
2793 3078 3023 3133 confinio
3053 3090 3277 3131 camerae
3310 3075 3593 3144 pendentis

2018 3176 2275 3241 admovit,
2308 3184 2365 3228 ut
2403 3173 2784 3240 suspicientum
2820 3172 2954 3224 visui
2998 3169 3341 3224 fabrefactum
3381 3168 3595 3222 lacunar

343 3261 459 3331 fuit.
486 3259 621 3326 Quin
652 3268 707 3314 tu
737 3274 908 3329 mage,
937 3261 980 3313 si
1007 3256 1132 3327 quid
1159 3256 1375 3311 salubre
1405 3256 1497 3309 tibi
1524 3256 1694 3322 cordi,
1726 3256 1915 3324 raptim

2021 3267 2271 3337 aperiret.
2320 3265 2540 3319 Interior
2585 3262 2845 3331 parietum
2885 3260 3044 3313 facies
3081 3259 3189 3328 36
3219 3258 3334 3311 solo
3373 3255 3598 3325 lcevigati

342 3352 655 3410 subduceris
690 3351 1068 3408 anhelantibus
1111 3348 1370 3421 angustiis
1410 3350 1669 3417 civitatis,
1701 3359 1753 3403 et
1792 3363 1919 3403 con-

342 3447 616 3503 turbernio
655 3454 839 3501 nostro
864 3454 1097 3499 aventer
1141 3444 1401 3510 insertus,
1444 3442 1581 3496 fallis
1620 3442 1922 3497 clementis-

341 3540 479 3595 simo
527 3554 741 3595 recessu
799 3538 1191 3594 inclementiam
1246 3537 1643 3591 canicularem?
1691 3537 1831 3591 Sane
1876 3537 1921 3591 si

342 3634 551 3703 placet,
585 3633 705 3702 quis
742 3632 813 3687 sit
841 3631 954 3701 agri
996 3632 1046 3685 in
1076 3644 1233 3700 quem
1281 3631 1508 3693 vocaris,
1542 3629 1676 3682 situs
1718 3629 1921 3699 accipe.

345 3737 369 3765 ο
400 3727 605 3783 Avitaci
657 3740 881 3791 sumus;
930 3739 1122 3779 nomen
1174 3722 1275 3777 hoc
1320 3722 1566 3793 prccdiojz
1603 3723 1741 3792 quod
1800 3722 1923 3791 quia

341 3876 535 3933 corpus
560 3868 616 3915 et
651 3859 889 3933 codicem
931 3860 1134 3933 primus
1170 3856 1444 3933 collegerit
1471 3854 1696 3933 Euricus
1723 3872 1743 3933 _:
1779 3854 1918 3933 quod

341 3925 621 4058 pqr-Ismene
664 3930 860 3987 docent
905 3925 1067 3984 verba
1114 3925 1592 3997 lsidori'ejusdem
1621 3926 1671 3978 in
1721 3925 1917 3978 Leuvi-

341 4019 391 4058 αι
454 4020 506 4058 ο.

379 4020 506 4058 1100.

379 4019 506 4058 udo.

341 4019 373 4075 Β
415 4084 442 4111 ⁸
462 4075 565 4130 Aut
592 4081 943 4142 spontaneum
972 4069 1216 4126 exsilium
1246 4067 1564 4142 subire,_aut
1589 4066 1919 4142 clericatum.

344 4145 459 4199 lloc
499 4134 731 4199 malebat
768 4143 1017 4198 videlicet
1047 4142 1285 4194 Arverna
1325 4139 1592 4198 nobilitas,
1627 4152 1785 4205 quam
1815 4134 1921 4190 Go-

345 4216 557 4271 thorum
600 4214 859 4285 partibus,
893 4214 937 4285 si
976 4213 1027 4266 in
1072 4213 1283 4285 illorum
1321 4217 1669 4285 potestatenL
1690 4207 1915 4285 veniret,

342 4276 827 4341 militare-Clerici
859 4284 999 4338 enim
1030 4297 1058 4335 a
1090 4282 1272 4335 militia
1321 4281 1603 4333 immunes.
1637 4277 1803 4331 Porro
1833 4276 1922 4344 qui

342 4357 523 4412 clerici
554 4356 771 4419 liebant,
804 4354 1178 4417 tendebantur,
1212 4361 1267 4404 nt
1294 4363 1475 4403 notum
1505 4360 1625 4404 est:
1656 4347 1922 4419 interdum

344 4443 475 4481 vero
512 4416 783 4481 dimittere
834 4424 1055 4493 capillos
1098 4416 1346 4476 dieebant
1394 4437 1499 4474 non
1548 4418 1788 4493 tondere,
1829 4416 1925 4471 sed

344 4499 628 4553 demittere
673 4508 725 4551 et
774 4489 1012 4564 prolixos
1054 4494 1279 4564 nutrire,
1311 4502 1367 4564 ut
1398 4489 1918 4564 Greg_or_ius_Turo_n.

2024 3360 2268 3415 caementi
2310 3357 2542 3413 candore
2583 3363 2833 3409 cnntenta
2863 3362 2964 3406 est.
3014 3352 3129 3406 Non
3163 3351 3249 3405 hic
3282 3366 3375 3419 per
3406 3350 3600 3406 nudant

2026 3452 2284 3519 pictorum
2316 3462 2598 3517 corporum
2629 3444 3071 3514 pulchritudinem
3096 3442 3262 3511 turpis
3289 3449 3492 3511 prostat
3522 3439 3602 3493 hi-

2026 3545 2221 3609 storia;
2271 3558 2389 3611 qua:
2437 3540 2574 3594 sicut
2615 3547 2769 3593 ornat
2796 3546 2984 3602 artem,
3020 3537 3100 3590 sic
3130 3536 3445 3590 devenustat
3481 3533 3604 3587 arti-

2033 3635 2206 3687 ficem.
2245 3631 2449 3685 Absunt
2489 3627 2697 3683 ridiculi
2733 3626 2929 3680 vestitu
2958 3632 3011 3678 et
3040 3623 3267 3676 vultibus
3301 3621 3604 3686 histriones,

2031 3722 2314 3793 pigmentis
2346 3719 2772 3775 multicoloribus
2804 3727 2828 3763 ε
2863 3713 3187 3769 Philistionis
3223 3711 3605 3782 supellectilem

2030 3854 2263 3907 Lucano.
2318 3851 2619 3917 Eodemque
2650 3848 2807 3901 modo
2844 3860 2909 3901 ex
2952 3854 3182 3914 antiquis
3216 3846 3608 3913 exemplaribus

2030 3923 2357 3979 restituimus
2388 3921 2629 3975 carmine
2661 3920 2745 3972 18.

2151 4025 2201 4072 Si
2224 4024 2329 4084 quis
2349 4022 2599 4071 Avitacum
2624 4019 2838 4080 dignaris
2862 4018 3021 4066 visere
3046 4022 3266 4063 nostram.

2032 4130 2197 4197 llujus
2241 4135 2416 4181 autem
2462 4124 2668 4197 praedii,
2698 4121 2834 4197 quod
2876 4118 3271 4197 e_legaitti_ssimc
3302 4116 3608 4197 copiosissi-

2032 4188 2222 4269 meque
2290 4196 2607 4252 describitur
2655 4188 2684 4245 a
2717 4188 2984 4269 :Sindonio,
3036 4188 3274 4269 reliquiae
3322 4188 3607 4269 aliquando

2030 4258 2246 4327 cred-tte
2276 4276 2402 4323 sunt
2431 4274 2641 4321 exstare
2670 4264 2734 4318 ad
2767 4263 3062 4317 Serlievam
3098 4261 3289 4320 lacum,
3322 4258 3409 4321 qui
3436 4273 3464 4309 a
3496 4272 3609 4310 mu-

2032 4343 2227 4409 nicipio
2255 4341 2615 4395 Arvernorum
2644 4334 2851 4409 modico
2880 4332 3051 4409 spatio
3086 4330 3289 4409 aberat.
3333 4328 3529 4409 Verum
3559 4328 3605 4379 is

2028 4397 2226 4484 paucos
2269 4420 2392 4484 ante
2444 4422 2613 4484 annos
2677 4397 2926 4483 derivatis
2958 4416 3091 4483 quae
3122 4400 3243 4484 _illic
3294 4397 3611 4479 stagnabant

2029 4469 2179 4553 aquis
2209 4483 2423 4551 penitus
2471 4472 3093 4553 exhaustus,_opin_ionis
3122 4469 3288 4553 huius
3320 4469 3608 4553 vapitatem

1035 4536 1924 4634 s'iloqui'placeaigidoniutn,
1953 4572 2005 4634 Β
2032 4536 2281 4634 ostendit.
2318 4550 2572 4632 Suntqui
2595 4536 2911 4634 .lijapian‘illa:
2943 4543 3128 4634 lacn";
3152 4539 3219 4634 dJe
3251 4536 3608 4634 Cambonensi

344 4654 561 4721 quoque
604 4628 926 4694 deditionem
958 4628 1234 4691 Gothicam
1279 4628 1571 4702 intelliget,
1603 4632 1723 4699 quia
1764 4628 1925 4684 Gothi

344 4719 549 4765 criniti.

416 4778 443 4817 ιτ
467 4778 826 4835 Grammatice
850 4776 1057 4833 doctori
1084 4794 1097 4829 :
1122 4777 1188 4831 de
1217 4774 1368 4843 cujus
1393 4773 1631 4827 doctrina
1661 4780 1714 4827 et
1736 4785 1923 4827 censo-

342 4850 428 4906 ria
458 4850 744 4907 severitate
788 4852 841 4903 in
873 4847 1113 4903 carmine
1142 4844 1514 4914 Pr0pcmptico
1549 4862 1563 4896 :

468 4929 539 4979 Ac
561 4931 770 4990 primum
796 4926 1158 4990 Dominilarem
1182 4926 1345 4990 severi

473 4987 698 5049 luti-abis,
722 4989 1079 5052 trepidantibus
1104 4987 1359 5037 Camoenis.

423 5074 444 5100 =
476 5063 609 5116 Cum
655 5063 825 5131 vergit
866 5060 931 5131 ad
978 5059 1237 5131 tropicunt
1268 5054 1508 5131 _sol_stit_ii
1549 5052 1717 5131 aestivi
1766 5071 1777 5104 :
1827 5066 1931 5122 quo

343 5142 589 5201 spectant
612 5123 776 5187 etiam
796 5131 884 5184 illa
908 5123 1198 5183 Plutarchii
1218 5127 1293 5201 ad,
1308 5126 1599 5201 principem
1622 5123 1889 5201 indoctum
1914 5138 1929 5175 :

342 5194 509 5265 Ἥλιος
526 5201 646 5259 ὅταν
659 5202 991 5275 ὕψωμαλὰϐῃ
1004 5199 1497 5275 μέῃστονλξξᾳρθιὶς
1509 5194 1557 5250 ἓν
1570 5204 1679 5275 soi;
1694 5196 1927 5275 βορεςῖοξςι

419 5222 509 5265 ιιος
526 5225 646 5259 οταν
659 5222 852 5273 υψωμα
863 5222 991 5275 “(by
1004 5223 1065 5272 με
1104 5222 1259 5266 ιστον,
1278 5222 1361 5262 εςα
1398 5222 1497 5255 υιις
1509 5222 1557 5250 εν
1570 5222 1679 5254 τοις
1694 5222 1927 5269 ρορειοις.

419 5275 527 5346 26
562 5275 589 5311 ά
628 5274 793 5346 Abest
822 5222 1153 5346 agnonnuilis
1183 5222 1455 5346 codicibus
1484 5282 1597 5346 vox.
1622 5265 1883 5346 {Inmeripi
1912 5279 1931 5344 :-

343 5333 780 5427 in_qitibusdam
828 5342 947 5427 aliis
996 5342 1509 5427 expungitu'runut‘
1535 5335 1711 5427 addita
1758 5333 1926 5427 videri

422 5404 539 5480 ssit,
570 5425 819 5484 tanquam
848 5404 1110 5482 glossema
1149 5404 1443 5484 municipii.
1476 5408 1613 5464 Sunt
1642 5407 1691 5484 i_n
1734 5404 1927 5476 quibus

422 5431 539 5480 SS“,
570 5431 819 5484 tanquam
848 5431 1110 5482 glossema
1149 5431 1443 5480 muntcrpn.
1476 5431 1613 5464 auus
1642 5431 1691 5459 Ill
1734 5431 1926 5476 quwua

342 5431 553 5557 ﬁgatur
580 5485 823 5557 Amerini,
853 5492 919 5557 ιιι
949 5484 1059 5552 jam
1089 5482 1345 5557 suspicari
1376 5481 1537 5557 liceat.
1566 5478 1926 5557 anglossogra-

343 5549 459 5639 plip
492 5557 749 5639 scriptum
794 5549 964 5635 fuisse
988 5549 1277 5639 .mnnicipii
1304 5551 1549 5607 Arverni.
1584 5549 1658 5603 De
1684 5552 1926 5604 Arverno

342 5642 554 5753 quipft:
572 5625 1208 5765 ggrilgiinigainiiggiulibri
1235 5692 1349 5765 fere
1376 5706 1583 5765 omnes.
1627 5689 1829 5743 Nomen
1858 5687 1925 5740 ab

345 5769 508 5825 Avito
542 5768 759 5824 ductum
782 5807 796 5831 ,
826 5763 1127 5835 Papianilla:
1159 5764 1345 5835 praedii
1384 5763 1611 5817 dominae
1642 5770 1817 5835 patre;
1869 5766 1927 5812 ut

346 5839 490 5919 apud
520 5838 813 5897 Ausonium
845 5831 1120 5901 Pauliacus
1149 5831 1203 5890 et
1252 5834 1579 5889 Lucaniacus
1611 5846 1639 5885 a
1675 5831 1838 5885 Paulo
1870 5838 1923 5883 et

2034 4608 2299 4693 accipiant
2332 4640 2343 4675 :
2376 4608 2714 4693 verisimilius
2755 4616 3055 4693 aliquanto.
3094 4610 3203 4693 Sed
3237 4626 3301 4690 nc
3344 4609 3464 4693 huic
3493 4608 3609 4688 qui-

2034 4679 2176 4761 dem,
2206 4709 2320 4749 mea
2351 4691 2634 4756 sententia,
2669 4687 2797 4740 satis
2824 4679 3068 4752 congruit
3094 4680 3378 4736 Sidoniana
3410 4679 3613 4733 descri-

2072 4769 2164 4821 tio.

2035 4784 2241 4898 puiLIta
2290 4847 2509 4901 prorsus
2568 4828 2879 4901 legendum,
2929 4838 3032 4901 non
3081 4832 3203 4901 qu_o_t
3250 4820 3396 4901 s_ol_e_t.
3446 4826 3504 4871 ut
3562 4818 3613 4872 in

2037 4891 2265 4975 vulgatis
2294 4891 2569 4975 hactenus.
2615 4891 2907 4975 Cyprianus
2946 4895 3100 4975 epist.
3129 4891 3284 4975 Ἠξρᾴ
3318 4891 3560 4975 illagnuut
3597 4907 3609 4971 ξ

2042 4959 2285 5033 Εἷοέὸὶὶο
2331 4983 2377 5027 ct
2426 4972 2621 5043 piscina
2652 4959 2778 5043 opus
2818 4968 2901 5032 sit,
2930 4959 3109 5043 quibus
3135 4962 3271 5015 ablui
3301 4968 3346 5043 et
3378 4959 3614 5039 mandari

2040 5028 2395 5119 corpusculum
2421 5028 2596 5119 possit.
2647 5028 2838 5119 Sermo
2874 5028 3011 5119 enim
3040 5042 3141 5119 est,
3170 5046 3274 5114 rion
3301 5028 3613 5119 dcam-mante

2034 5098 2523 5177 seurstibadiofsed
2550 5113 2615 5165 de
2646 5109 2779 5163 solio
2810 5107 2958 5161 cellae
2988 5098 3257 5177 caldariae,
3285 5098 3423 5169 quod
3452 5100 3613 5177 paulo

2034 5170 2305 5243 anieisolii
2334 5170 2701 5252 hemicyclium
2732 5179 2887 5252 digit,
2914 5189 3054 5229 nunc
3082 5173 3269 5252 eodem
3298 5170 3607 5252 sensusolii

2034 5240 2210 5329 sigma
2229 5240 2265 5311 Δ
2292 5240 2850 5329 figurasimiirotunda
2873 5240 2886 5301 ξ
2906 5262 2934 5298 a
2960 5260 3061 5329 qua
3083 5252 3132 5298 et
3161 5243 3259 5297 tori
3285 5240 3613 5329 accubitalcs

2034 5311 2393 5386 sein—“stibadia
2434 5326 2654 5393 sigmata
2696 5311 3071 5393 nuncupantur
3107 5330 3126 5393 _:
3159 5311 3607 5393 quemadmodum

2036 5382 2267 5468 porticus
2308 5382 2893 5468 Constantinopolitana
2924 5385 3121 5468 Juliani
3166 5382 3304 5465 apud
3341 5382 3607 5468 Zposimurn

2035 5450 2433 5539 iiii-.‘ii'ljsigma
2464 5450 2691 5539 quoque
2730 5460 2870 5515 dicta
2900 5465 3040 5539 est__a
3068 5450 3389 5539 semicirculi
3421 5450 3606 5539 figura.

2033 5523 2343 5596 lnilial'neis’
2390 5523 2787 5606 qui'lav'abant,
2840 5545 2871 5606 a
2916 5523 3606 5606 cellacaldariadeiusque

2031 5589 2504 5667 solio—transibant
2525 5589 2606 5659 ad
2636 5589 2980 5674 frigidariant,
3015 5597 3193 5674 ibique
3224 5595 3275 5646 in
3302 5589 3606 5674 sellis‘con-

2030 5664 2298 5738 sidebant.
2326 5679 2429 5733 Tot
2458 5664 2996 5747 igiturinvfrigidaria
3040 5667 3196 5747 sellas
3222 5673 3355 5743 esse
3383 5664 3591 5725 oportca

2032 5733 2307 5821 bat-(quot
2338 5733 2581 5819 persiinis
2622 5746 2771 5821 locus
2797 5733 2916 5821 erat
2956 5740 3009 5792 in
3039 5733 3355 5821 caldﬁrjiflA-u"
3413 5798 3524 5821 :“n
3555 5796 3569 5821 ε

2105 5800 2741 5892 ἐῬᾘέιέετιῇιῖιισειεριιι,
2771 5810 3125 5886 γιλωτοποιοῦ,
3149 5800 3380 5869 ridiculi,
3413 5800 3528 5871 ipso
3554 5800 3609 5855 in
