4078 6348
532 421 640 481 ιτδ

1794 418 2039 476 SlDONIl
2076 416 2523 478 APOLLlNARlS

3696 423 3815 515 trs

535 540 876 598 mentientes.
924 535 1135 593 Abeunt
1161 532 1375 602 lubrici,
1419 533 1748 606 tortuosique
1778 535 2032 605 pugillatu
2060 545 2115 591 et
2141 543 2192 601 Α
2219 547 2433 593 arcuata
2482 538 2758 594 intervalla
2790 548 3059 595 reseratur
3086 559 3099 597 :
3130 556 3229 599 nec
3258 541 3379 613 pilae
3428 552 3553 598 sunt
3585 530 3817 617 mentae,

538 632 761 688 nexibus
788 628 1091 699 palaestritae
1122 641 1138 681 :
1166 641 1393 696 quorum
1430 625 1590 682 etiam
1629 627 1896 681 viventum
1928 626 2116 693 luctas,

540 725 584 779 sl
626 722 959 778 involvantur
999 719 1302 785 obscenius,
1335 726 1479 773 casta
1522 718 1801 774 confestim
1833 728 1860 758 ι
1897 735 2121 789 gymna-

540 815 870 873 siarchorum
917 813 1063 881 virga
1106 810 1375 867 dissolvit.
1423 810 1559 879 Quid
1604 811 1793 879 plura?
1838 812 1966 866 nihil
2014 812 2121 867 illis

542 908 745 983 paginis
777 908 1097 978 impressum
1132 905 1456 976 reperietur,
1486 908 1629 976 quod
1662 921 1768 961 non
1807 907 2008 963 vidisse
2051 908 2121 963 sit

541 1001 796 1059 sanctius.
830 997 859 1038 ι’
888 1000 1050 1057 Pauci
1090 1010 1265 1055 tamen
1300 999 1547 1056 versiculi
1589 1001 1843 1056 lectorem
1882 1001 2122 1057 adventi-

545 1095 673 1159 tium
702 1093 1131 1161 remorabuntur,
1158 1092 1374 1147 minime
1400 1094 1643 1164 improbo
1666 1102 2119 1163 temperamento;

544 1187 665 1261 quia
697 1202 790 1244 eos
823 1201 921 1243 nec
958 1186 1217 1256 relegisse
1256 1186 1525 1242 desiderio
1564 1196 1667 1255 est,
1707 1202 1806 1243 nec
1836 1189 2124 1262 perlegisse

462 1295 467 1305 ‘
550 1280 779 1336 fastidio.
822 1279 937 1335 .lam
968 1278 1011 1333 si
1038 1293 1305 1334 marmora
1338 1279 1596 1349 inquiras,
1628 1295 1734 1335 non
1767 1280 1877 1335 illic
1912 1282 2122 1351 quidem

550 1370 745 1439 Paros,
776 1368 1049 1441 Carystos,
1087 1378 1107 1407 ο
1140 1367 1511 1435 Proconissos,
1564 1368 1832 1442 Phryges,
1863 1372 2123 1440 Numidae,

551 1460 851 1529 Spartiatae,
893 1460 1104 1530 rupium
1142 1460 1462 1515 variatarum
1495 1475 1724 1531 posuere
1762 1470 1996 1529 crustas;
2031 1480 2124 1519 ne-

552 1533 653 1624 qite
694 1568 789 1622 per
824 1552 1070 1622 scopulos
1099 1551 1453 1622 Ethiopicos,
1496 1562 1551 1608 et
1592 1554 1817 1625 abrupta
1858 1571 2125 1627 purpurea

553 1643 783 1712 genuino
813 1642 985 1698 fucata
1013 1641 1319 1714 conchylio,
1363 1657 1605 1713 sparsum
1638 1645 1770 1699 mihi
1802 1660 1928 1699 saxa
1962 1646 2128 1702 furfu-

553 1751 666 1791 rem
706 1734 1053 1790 mentiuntur.
1095 1734 1201 1789 Sed
1256 1734 1355 1790 etsi
1390 1735 1535 1791 nullo
1574 1736 1970 1806 peregrinarum
2002 1753 2126 1794 cau-

554 1829 683 1883 tium
716 1829 891 1898 rigore
919 1827 1170 1893 ditamur,
1202 1821 1399 1881 habent
1443 1836 1618 1882 tamen
1652 1830 1856 1897 tuguria
1888 1844 1983 1885 seu
2012 1846 2126 1887 ma-

2221 623 2316 681 sed
2337 624 2618 689 columncc,
2644 640 2773 695 quas
2796 626 3071 681 architecti
3096 629 3379 696 peritiores
3405 626 3433 665 ιι
3456 628 3812 688 aediﬁciorum

2224 731 2482 787 purpuras
2532 719 2635 790 37
2680 734 3071 788 nuncupavere.
3114 719 3170 774 ln
3203 720 3338 774 hanc
3383 736 3509 791 ergo
3542 722 3811 791 piscinam

2226 819 2248 847 ο
2267 810 2518 865 fluentum
2538 812 2603 867 de
2626 814 2911 883 snpercilio
2930 814 3125 868 montis
3141 813 3398 880 eLcitum,
3423 815 3813 886 canalibusque

2222 902 2556 959 circumactis
2604 919 2695 972 per
2721 904 2984 959 exteriora
3018 906 3295 959 natatoriae
3344 902 3364 942 ί
3404 904 3572 961 latera
3610 923 3809 962 curva-

2224 1002 2356 1061 tum,
2386 1011 2474 1051 sex
2508 997 2695 1051 fistulae
2734 997 3097 1066 prominentes
3124 996 3338 1051 leonum
3368 997 3634 1052 simulatis
3659 1002 3839 1068 capi-'

2226 1086 2365 1141 tibus
2394 1086 2673 1143 effundunt
2696 1105 2710 1154 ;
2731 1104 2849 1157 qua:
2876 1098 3074 1143 temere
3104 1087 3361 1157 ingressis
3388 1104 3541 1144 veras
3566 1090 3811 1146 dentium

2224 1188 2430 1245 crates,
2475 1196 2655 1236 meros
2709 1181 2985 1235 oculorum
3037 1179 3282 1246 furores,
3322 1192 3497 1236 certas
3536 1184 3810 1237 cervicum

2222 1270 2382 1341 jubas
2417 1272 2866 1342 imaginabuntur.
2888 1273 2983 1327 llic
3003 1273 3044 1327 si
3066 1272 3341 1327 dominum
3366 1289 3459 1328 seu
3487 1275 3809 1340 domes:ica,

2228 1379 2322 1420 seu
2366 1364 2645 1433 hospitalis
2683 1365 2837 1419 turba
2881 1364 3189 1419 circhmstet
3216 1410 3230 1432 ,
3261 1365 3384 1434 quia
3426 1382 3534 1433 prae
3577 1370 3812 1435 strepitu

2230 1458 2416 1517 caduci
2448 1456 2683 1513 ﬂuminis
2706 1498 2719 1523 ,
2767 1466 2962 1511 mutuae
2998 1472 3187 1511 vocum
3218 1458 3364 1513 vices
3394 1459 3566 1513 minus
3616 1460 3814 1514 intelli-

2228 1554 2465 1623 guntur',
2506 1551 2558 1605 in
2580 1564 2767 1605 aurem
2794 1550 2894 1604 sibi
2929 1551 3151 1619 populus
3171 1549 3574 1605 confabulatur:
3619 1554 3688 1606 ita
3722 1569 3814 1607 so-

2232 1648 2347 1704 nitu
2371 1660 2585 1718 pressus
2611 1647 2787 1701 alieno
2817 1645 3101 1700 ridiculum
3129 1647 3343 1701 allectat
3372 1646 3613 1715 publicus
3630 1662 3812 1701 sermo

2231 1749 2519 1794 secretum.
2550 1738 2685 1794 Ilinc
2714 1738 2945 1808 egressis
2972 1738 3118 1792 frons
3147 1738 3366 1794 triclinii
3391 1741 3705 1795 matronalis
3727 1740 3811 1793 of-

2232 1830 2440 1897 fertur;
2485 1831 2568 1887 cui
2599 1832 2938 1887 continuatur
2972 1831 3240 1885 vicinante
3286 1832 3515 1885 textrino
3543 1833 3679 1887 cella
3720 1848 3811 1900 pe-

555 1920 690 1990 palia
721 1928 900 1973 nostra
929 1918 1154 1973 civicum
1186 1916 1371 1988 frigus.
1403 1917 1537 1983 Quin
1572 1918 1747 1988 potius
1773 1919 1899 1991 quid
1929 1918 2121 1977 babea-
2161 1929 2207 1990 Β
2233 1924 2417 1978 nuaria
2443 1964 2457 1987 ,
2509 1922 2872 1978 discriminata
2904 1931 3107 1977 tantum
3151 1922 3351 1990 pariete
3399 1922 3683 1981 castrensi.
3727 1924 3811 1977 Ab

554 2026 671 2066 mus
700 2025 860 2080 quam
888 2008 1013 2080 quid
1052 2023 1156 2063 non
1189 2008 1478 2063 habeamus
1530 2009 1789 2064 ausculta.
1842 2011 1978 2066 lluic
2036 2013 2129 2066 ba-

552 2099 717 2157 silicae
759 2098 1023 2169 appendix
1064 2098 1266 2168 piscina
1309 2097 1629 2166 forinsecus,
1680 2116 1773 2156 seu
1819 2102 1864 2157 si
1905 2105 2127 2173 grmcari

554 2192 753 2258 mavis,
803 2189 1171 2259 baptisterium
1213 2189 1278 2244 ab
1315 2189 1531 2246 Oriente
1574 2192 1936 2261 connectitur,
1986 2195 2129 2263 quod

551 2282 735 2353 viginti
773 2280 986 2337 circiter
1015 2279 1310 2335 modiorum
1355 2280 1518 2337 millia
1558 2282 1716 2352 capit.
1767 2284 1881 2340 Huc
1910 2286 2065 2341 elutis
2100 2302 2130 2342 e

552 2376 729 2433 calore
764 2373 1098 2432 venientibus
1139 2374 1331 2443 triplex
1376 2374 1533 2430 medii
1565 2377 1786 2445 parietis
1832 2379 2005 2435 aditus
2036 2396 2129 2450 per

554 2556 665 2612 risu
695 2553 910 2620 mortui,
942 2564 1003 2609 ut
1036 2551 1202 2608 refert
1227 2552 1437 2607 Suidas.
1472 2553 1729 2607 Eusebius
1774 2555 1825 2608 in
1859 2554 2123 2611 Chronico

557 2626 658 2682 sub
685 2625 922 2697 Tiberio,
965 2623 1216 2697 Philistio
1251 2623 1637 2697 ntimograpltus
1677 2625 1883 2697 notione
1913 2625 2129 2697 Magne-

557 2698 753 2761 siauus,
781 2695 957 2750 Roma:
984 2694 1153 2749 clarus
1196 2692 1423 2749 habetur.
1467 2694 1745 2751 Mimorum
1791 2692 2127 2752 inventorem

558 2764 1042 2823 facitCassiodnrus
1066 2765 1157 2834 lib.
1177 2780 1260 2834 xiv
1280 2763 1555 2819 Variarum
1580 2765 1781 2834 ultima,
1806 2766 2129 2834 Epiphanius

557 2838 625 2891 de
652 2836 953 2909 Manichteis
981 2852 994 2889 :
1018 2836 1092 2890 Τὰ
1114 2833 1171 2909 δέ
1196 2832 1320 2890 ἄλλα
1350 2837 1509 2909 εἰπεῖν
1534 2841 1611 2896 τίς
1640 2838 1725 2889 οὐκ
1758 2832 1816 2890 ἂν
1841 2832 2123 2909 ἦνεῖἀσειενς

559 2911 625 2968 ὡς
653 2910 801 2979 τάχα
830 2908 904 2982 τὰ.
929 2914 1020 2982 τοῦ
1057 2907 1376 2982 Otium-imo;
1414 2901 1535 2982 ιῖνᾳι
1564 2901 1950 2982 ἀναγκαίοτὲρα,
1994 2908 2025 2968 ἧ

558 2976 1095 3051 τούτοόμυοολᾳγὶας,
1118 2976 1310 3051 Ctetera
1333 2976 1452 3051 sine
1462 2978 1569 3051 risu
1584 2976 1707 3051 quis
1741 2976 2130 3051 commemoret?

560 3065 673 3102 cum
698 3048 1049 3102 verisimiliora
1079 3048 1299 3113 Quodam
1334 3048 1485 3101 modo
1508 3048 1791 3115 uideantur,
1817 3064 1929 3117 qua:
1956 3048 2128 3103 Phili-

559 3122 710 3185 stion,
733 3135 885 3188 quam
916 3134 1026 3187 quae
1061 3119 1142 3171 hic
1176 3117 1364 3186 fabulis
1388 3119 1497 3171 suis
1524 3128 1831 3173 commentus
1856 3128 1948 3173 est.

630 3198 657 3226 ι
697 3192 871 3271 ,Βάτων
915 3193 1308 3271 γυμνεισίαθχος
1356 3188 1409 3241 in
1431 3191 2128 3271 “marmore-'Anconitano.

561 3259 634 3330 De
660 3259 808 3328 virga
833 3257 1013 3313 autem
1042 3257 1259 3330 Servius
1289 3259 1341 3312 in
1368 3273 1386 3311 1
1409 3257 1665 3313 Eneidos
1696 3259 2001 3330 :Hodieque
2028 3269 2132 3314 tam

561 3329 893 3401 athletarum)
929 3345 1109 3401 quam_
1122 3328 1467 3401 gladiatorum
1510 3328 1959 3401 certaminarvirg‘a
2000 3331 2129 3385 diri-

563 3408 787 3453 muntur.
852 3398 957 3469 Sed
1008 3398 1318 3469 lanistarum
1375 3399 1554 3467 virga,
1598 3414 1700 3468 qua
1752 3398 2134 3469 gladiatoribus

564 3468 779 3524 modum
817 3468 1161 3534 adhibebant,
1193 3468 1339 3523 rudis
1380 3470 1594 3537 proprie
1623 3468 1785 3525 dicta.
1813 3469 2017 3525 Glossm
2046 3488 2136 3526 ve-

565 3545 716 3614 teres,
732 3539 944 3614 ε-Βεάίσ
971 3538 1176 3614 ῥάξδος.
1199 3542 1229 3598 ἡ
1256 3546 1353 3594 τῶν
1372 3541 1660 3614 ἐπιᾳτᾳτῶν
1683 3548 1783 3614 τῶν
1800 3545 2133 3613 μονομάχων.

633 3608 659 3648 ι’
688 3610 791 3681 27
835 3608 1189 3666 Tetrasticum
1235 3624 1429 3681 nempe
1459 3610 1616 3679 hujus
1660 3608 1879 3679 piscinae
1924 3608 2135 3667 'for'i'bus

563 3680 897 3806 inspositum,
929 3680 1072 3751 quod
1113 3681 1253 3735 inter
1280 3680 1485 3735 Sidonii
1521 3681 1755 3736 carmina
1791 3690 1985 3739 exstat.
2029 3683 2133 3738 Tit.

678 3851 869 4011 gnate
890 3851 1114 3925 algentes
1136 3856 1243 3913 post
1264 3851 1439 3901 balnea
1458 3851 1638 3902 torrida
1660 3847 1856 3917 ﬂuctus,
1884 3858 1979 3904 etc.

729 3972 787 4011 es
815 3958 978 4011 exigit
1004 3968 1059 4011 ut
1080 3958 1453 4011 Proconnesos
1474 3960 1755 4011 scribatur.
1780 3964 1979 4011 Ποοκὸνς.

729 3972 787 4013 es
815 3958 978 4037 exigit
989 3968 1059 4037 _t_tt
1080 3958 1453 4037 Proconnesos
1474 3960 1755 4037 scribatur.
1780 3964 2129 4037 ῃρρκὸννησρς,

563 4027 737 4083 insula
770 4029 936 4084 maris
965 4028 1157 4098 Egaei,
1202 4029 1410 4084 candidi
1453 4032 1733 4086 marmoris
1773 4027 1949 4088 fo'dina
1997 4027 2137 4090 cele-

563 4098 697 4165 bris,
732 4109 788 4155 ut
813 4110 999 4156 auctor
1029 4110 1111 4157 est
1139 4100 1332 4155 Strabo
1363 4100 1454 4154 lib.
1486 4116 1601 4158 xm.

628 4167 656 4206 ἀ
686 4170 1031 4225 Ornamenta.
1060 4173 1207 4225 Sicut
1230 4172 1370 4226 enim
1401 4170 1534 4225 vesti
1563 4171 1720 4227 affert
1745 4174 1923 4230 lumen
1951 4176 2134 4230 clavus

562 4252 832 4309 purpurae,
864 4251 920 4295 ut
950 4241 1097 4297 Fabii
1126 4241 1304 4295 verbis
1334 4249 1469 4305 utar,
1503 4241 1583 4295 sic
1612 4243 1813 4298 aedibus
1843 4246 2124 4299 columnae.

563 4309 815 4376 Purpura:
864 4325 1058 4364 nomen
1107 4310 1396 4378 scriptorcs
1442 4310 1508 4363 ad
1552 4313 1732 4366 omnia
1780 4315 2131 4380 transferunt,

562 4392 680 4446 quae
710 4391 953 4433 ornatum
979 4380 1333 4447 decoremque
1364 4379 1682 4446 signiﬁcant.
1714 4382 1967 4437 Sidonius
1998 4379 2131 4439 infra

562 4449 723 4522 epist.
748 4447 1045 4522 10:0mnes
1075 4448 1320 4502 nobilium
1344 4464 1630 4522 sermonum
1653 4467 1913 4522 purpurae.
1946 4452 2134 4509 Cicero

562 4515 613 4569 in
646 4517 867 4594 Oratore
900 4538 914 4594 :_
946 4521 1083 4584 Quos
1117 4533 1347 4594 numeros
1386 4515 1977 4594 cumquibustanquam
2006 4540 2133 4594 pur-

562 4603 691 4710 ﬁura
718 4588 915 4643 misceri
940 4596 1184 4661 oporteat.
1206 4588 1473 4644 Lucianus
1502 4591 1553 4643 in
1577 4589 1765 4659 Hippia
1785 4588 1851 4647 de
1878 4588 2131 4652 membris

600 4657 735 4710 aluei
770 4673 784 4710 ε
825 4670 878 4710 Ὁ
909 4660 962 4710 δὲ
996 4659 1129 4710 ἔνδον
1165 4656 1290 4710 οἶκος
1330 4661 1609 4710 κάλλιστος-
1654 4662 1812 4710 man-(3c-
1854 4685 1907 4710 τε
1946 4666 2128 4710 ποηιῦ

600 4657 735 4746 aluei
770 4673 784 4710 ε
825 4670 878 4713 Ὁ
909 4656 1129 4749 δὲ’ὶένξον
1165 4656 1309 4748 οἶκος⁹
1330 4661 1611 4749 κάλξιστες,
1644 4656 1907 4749 ⁷φώς-τε
1946 4666 2128 4749 nolim}

562 4727 860 4806 δενάμεστος,
910 4734 992 4786 καὶ
1038 4735 1105 4791 ὡς
1148 4727 1777 4806 πορώραῃδιηνθξσμένος.
1831 4733 1885 4806 in
1922 4736 2130 4806 onyche

562 4751 860 4797 αναμιστος,
910 4753 992 4786 και
1038 4752 1105 4791 ως
1148 4753 1213 4785 πο
1251 4752 1383 4806 pupa
1426 4751 1777 4805 οιηνυισμενος.
1832 4751 1885 4787 In
1922 4751 2128 4805 onycue

562 4797 777 4881 domum
805 4814 1013 4881 gemma
1028 4816 1183 4869 quam
1212 4751 1427 4881 Earonii
1445 4801 1732 4881 cardinalis
1755 4805 2128 4881 optimihane-

564 4866 788 4924 licentiae
812 4866 1092 4935 debemus,
1125 4872 1341 4927 artificis
1370 4888 1532 4929 manu
1551 4875 1766 4942 sculpta
1793 4866 1907 4931 haec
1943 4877 2131 4944 legun-

565 4949 671 5012 tur,
699 4951 971 5012 EITTXEI,
999 4950 1305 5012 MAKEAON,
1331 4955 1366 4998 u
1396 4954 1655 5001 ΠΟΡΦΥΡΛ
1679 4956 1801 5001 ΤΩΝ
1833 4957 2127 5012 ΔΔΕΛΦΩΝ.

564 5009 664 5149 ἱδί
680 5010 825 5080 felix,
851 5010 1085 5080 Macedo,
1112 5009 1362 5084 purpura,
1388 5015 1490 5071 hoc
1517 5024 1598 5071 est
1621 5017 1785 5073 decus
1816 5029 1867 5074 et
1896 5009 2125 5089 gemma,

588 5097 610 5130 r
667 5098 798 5135 rum.
1815 5104 1827 5118 '

588 5096 776 5135 rutrum
786 5123 798 5135 .
1815 5104 1827 5118 ‘

620 5161 661 5222 ἐξ
693 5153 749 5206 In
778 5152 1043 5222 aliquibus
1071 5153 1221 5209 libris
1248 5155 1481 5222 ﬂuvium.

642 5219 661 5304 ξ
689 5222 746 5304 in
762 5219 1211 5304 aliquibuslibris
1234 5219 1433 5304 iittora.
1648 5291 1654 5300 .

635 5290 914 5371 S‘Qollyria
935 5293 1059 5371 quid
1092 5295 1196 5371 sint
1232 5294 1333 5371 hoc
1363 5296 1481 5371 loco
1509 5291 1818 5371 nong'capio.
1860 5299 2130 5371 Scriptum

563 5361 881 5441 crediderim
904 5379 938 5441 a_
954 5361 1182 5441 Sidonio
1210 5361 1876 5441 coluriis._intelligit'enim
1901 5361 2035 5440 pilas
2066 5388 2131 5427 ex

563 5432 807 5514 pluribus
828 5435 971 5488 saxis
998 5434 1057 5514 in_
1072 5436 1262 5514 orbem
1292 5438 1481 5514 accisis
1501 5432 1798 5514 exstructas
1824 5459 1836 5496 :
1861 5432 1990 5511 quas
2013 5443 2133 5497 ideo

564 5503 824 5580 columnis
862 5504 1120 5580 opponit,
1159 5514 1215 5561 ut
1254 5509 1410 5580 paulo
1446 5512 1688 5579 superius
1732 5528 1822 5565 nec
1865 5503 1983 5580 pila:
2011 5522 2128 5567 sunt

565 5573 765 5647 mediae,
805 5574 893 5629 sed
922 5573 1207 5643 Columnae;
1247 5573 1369 5647 quia
1406 5573 1667 5636 columnae
1704 5596 1769 5636 ex
1801 5573 1957 5639 unico
1996 5585 2129 5639 fiunt

564 5642 772 5713 lapide,
812 5647 935 5716 pilae
965 5662 997 5703 e
1042 5642 1410 5704 multis—Saxa
1450 5660 1625 5706 autem
1671 5652 1724 5707 in
1770 5654 1954 5709 orbem
1990 5668 2126 5710 caesa

564 5728 672 5795 non
692 5726 949 5843 ggterant
976 5720 1152 5793 aptius
1178 5719 1433 5787 appellari
1476 5736 1634 5793 quam
1669 5724 1949 5779 rotundata
1980 5725 2128 5780 colu-

564 5799 663 5839 rta.
772 5791 884 5843 iura
932 5789 1074 5843 enim
1125 5790 1371 5843 dicuntur
1401 5805 1520 5843 una:
1570 5801 1806 5843 extrema
1842 5798 1920 5843 sui
1980 5805 2128 5843 narte

564 5789 663 5863 ria.
692 5789 884 5846 Coiura
932 5789 1074 5846 enim
1125 5790 1371 5845 dicuntur
1401 5789 1520 5862 quae
1570 5801 1806 5849 extrema
1842 5798 1921 5850 sui
1980 5805 2128 5863 parte

516 5930 519 5931 ν
555 5862 899 5931 truncantur,
923 5867 977 5919 et
995 5864 1288 5932 κολουραίαν
1317 5863 1509 5933 πέτραν
1537 5863 1912 5934 interpretatur
1940 5862 2130 5923 Sitidas

2159 3272 2205 3335 ε

2156 4639 2210 4700 D

2232 2024 2352 2070 ortu
2376 2016 2548 2070 lacum
2572 2015 2810 2085 porticus
2836 2015 3095 2079 intuetur,
3121 2015 3287 2083 magis
3311 2023 3335 2059 8
3360 2014 3659 2069 rotundatis
3683 2014 3811 2069 lu'ta

2233 2104 2258 2144 ιι
2284 2107 2552 2179 collyriis,
2598 2122 2754 2175 quam
2792 2107 2806 2143 ί
2842 2106 3104 2161 columnis
3137 2104 3394 2161 invidiosa
3427 2107 3809 2161 monubilibus.

2232 2199 2277 2253 A
2324 2206 2473 2269 parte
2516 2199 2763 2255 vestibuli
2806 2197 3078 2267 longitudo
3124 2201 3137 2249 l
3179 2206 3321 2269 tecta
3367 2199 3592 2255 interius
3631 2208 3810 2268 patet,

2234 2291 2422 2349 mediis
2453 2308 2558 2347 non
2601 2292 2934 2361 interpellata
2977 2292 3269 2361 parietibus
3294 2280 3326 2345 ἐ
3359 2308 3479 2363 quae
3523 2293 3647 2362 quia
3679 2292 3811 2348 nihil

2232 2368 2349 2456 ipsa
2380 2392 2706 2455 prospectat,
2734 2392 2789 2443 et
2814 2383 2838 2421 ιε
2874 2385 2919 2439 si
2942 2398 3049 2440 non
3073 2384 3462 2457 hypodromus,
3487 2385 3662 2441 saltim
3691 2400 3810 2456 ρης

2230 2574 2259 2635 9
2288 2558 2613 2635 Callimacho
2639 2560 2806 2635 troilus
2840 2561 3152 2635 κεκαμμένην
3183 2558 3213 2635 ᾖ
3251 2561 3565 2635 στρᾳγγύλην
3597 2577 3609 2611 :
3644 2569 3697 2635 et
3722 2583 3809 2617 κο-

2233 2631 2436 2708 λουρίαν
2487 2630 3145 2713 Ηθεγοηὶυειάποτομίαν..
3178 2631 3287 2713 Par
3320 2630 3557 2713 pilarum
3581 2631 3810 2713 colum-

2230 2700 2559 2827 irarumque,
2598 2700 2701 2757 ’sed
2737 2700 2999 2756 cobversa’
3038 2700 3319 2756 antithesis
3365 2702 3536 2757 Natali
3574 2702 3641 2758 10
3669 2703 3807 2759 Pau-

2254 2788 2371 2827 tm:
3160 2822 3161 2825 η

2352 2862 2473 2912 Nam
2496 2868 2733 2913 steterant
2752 2870 2885 2913 vasto
2903 2844 3199 2911 deformibus
3220 2864 3415 2972 algmine
3437 2862 3564 2927 pnis,

2356 2924 2492 2973 Nunc
2510 2924 2716 2973 meliore
2734 2925 2861 2974 datis
2879 2928 3053 2973 eadem
3071 2926 3180 2973 vice
3197 2925 3243 2974 fu
3268 2934 3311 2974 ta
3327 2924 3562 2974 columnis

2356 2924 2492 2973 Nunc
2510 2924 2716 2973 meliore
2734 2925 2861 2974 datis
2879 2928 3053 2973 eadem
3071 2926 3180 2973 vice
3197 2924 3311 2974 fulta
3327 2924 3562 2975 columnis

2354 2986 2414 3038 Et
2436 2989 2577 3049 spatii
2597 2999 2779 3049 cepere
2805 2992 2855 3036 et
2878 2986 3073 3037 luminis
3099 2988 3468 3037 incrementum.

2306 3112 2330 3151 ιι
2365 3113 2607 3170 Coluriis.

2315 3184 2330 3223 ί
2359 3186 2658 3257 insignibus
2690 3202 2705 3257 ξ
2737 3188 2917 3257 quales
2949 3185 3190 3257 adhiberi
3219 3185 3396 3257 solent
3423 3186 3477 3240 in
3506 3190 3805 3247 monimen-

2236 3259 2323 3313 tis.
2354 3256 2651 3329 Cyptjanus
2680 3256 2936 3311 diaconus
2963 3257 3017 3311 in
3042 3256 3156 3311 Vita
3190 3257 3246 3313 S.
3278 3256 3491 3329 Caesarii
3516 3259 3604 3313 lib.
3634 3277 3673 3327 ι,
3707 3263 3807 3318 sub

2238 3327 2433 3384 linem:
2473 3327 2539 3380 Et
2570 3337 2624 3380 ut
2652 3331 2901 3398 conferret
2928 3330 3087 3382 sacris
3123 3328 3396 3398 virginibus
3423 3346 3550 3399 quas
3596 3348 3809 3401 congre-

2236 3408 2436 3470 gaverat
2459 3414 2632 3470 curam
2662 3401 2994 3454 necessariam
3023 3401 3317 3469 sepultura',
3342 3401 3623 3456 monubiles
3661 3421 3806 3459 arcas

2237 3468 2528 3593 corpjribus
2558 3468 2829 3523 humandis
2864 3472 2928 3523 de
2971 3468 3108 3524 saxis
3149 3469 3429 3541 ingentibus
3458 3474 3648 3528 noriler
3688 3474 3806 3546 fecit

2237 3556 2341 3593 exc:
2385 3557 2419 3592 ι.

2236 3556 2419 3594 επειαι.

2311 3614 2326 3662 i
2366 3611 2419 3663 In
2449 3610 2759 3679 quibusdam
2786 3611 2954 3676 libris,
2988 3611 3310 3665 intrinsecus.

2311 3680 2335 3718 ¹ί
2365 3681 2524 3735 Certa
2554 3681 2875 3744 emendatio,
2899 3697 3056 3751 quam
3089 3682 3207 3735 libri
3236 3697 3422 3737 omnes
3454 3683 3634 3751 scripti
3662 3698 3805 3739 asse-

2237 3762 2378 3814 runt,
2396 3768 2488 3824 pro
2500 3767 2605 3821 quo
2624 3753 2875 3824 mendose
2889 3753 3081 3821 vulgati
3104 3753 3356 3807 exhibent
3374 3753 3800 3824 hippodromum,

2238 3824 2289 3878 id
2317 3832 2397 3878 est
2422 3823 2645 3877 circum.
2683 3822 2799 3876 Non
2838 3827 2982 3878 enim
3011 3825 3208 3877 circum
3240 3825 3501 3894 intelligit,
3531 3827 3620 3891 qui
3647 3822 3805 3893 quur-

2236 3909 2355 3948 sum
2387 3896 2439 3948 in
2468 3893 2659 3947 zedium
2682 3894 2962 3957 vestibulo,
2992 3903 3082 3948 aut
3111 3894 3237 3964 quid
3266 3893 3565 3950 habetcum
3595 3906 3807 3965 crypto-

2238 3966 2439 4034 porticu
2470 3966 2786 4019 Cnmmune?
2816 3965 2908 4018 sed
2940 3973 3129 4018 tectam
3157 3975 3214 4018 ut
3243 3965 3369 4020 dicit
3400 3966 3802 4031 longitudinem,

2236 4044 2291 4091 et
2321 4037 2555 4091 clauSttm
2602 4036 2953 4105 undequaque
2982 4035 3418 4091 deambulacrum
3442 4054 3453 4088 :
3478 4037 3651 4104 qualia
3682 4046 3807 4091 sunt

2237 4106 2289 4160 in
2316 4105 2595 4162 vestibulis
2621 4115 2945 4175 magnatum,
2975 4115 3064 4159 aut
3093 4107 3265 4171 qualia
3298 4124 3419 4173 quae
3438 4107 3607 4161 stadia
3638 4122 3804 4174 opaca

2236 4188 2387 4231 vocat
2418 4176 2779 4231 Tertullianus
2818 4178 2926 4247 28
2968 4178 3045 4248 in“
3070 4177 3247 4230 libello
3276 4178 3340 4231 ad
3378 4189 3655 4248 martyres.
3700 4178 3805 4248 [ly-

2238 4248 2526 4310 podromus
2568 4256 2742 4300 autem
2776 4261 2838 4299 ex
2889 4263 2952 4300 eo
2998 4247 3202 4311 dictus,
3235 4250 3369 4314 quod
3401 4247 3612 4302 subeo
3660 4247 3806 4301 ince-

2235 4318 2410 4391 datur,
2439 4318 2576 4391 sicut
2602 4317 2917 4391 peridromis
2948 4317 2998 4391 in
3033 4328 3186 4387 xysto
3217 4317 3490 4391 hypaethra
3507 4318 3816 4391 ambulatio

2235 4402 2264 4440 a
2293 4388 2611 4449 circumitu,
2649 4396 2701 4440 et
2734 4386 3024 4441 diadromis
3053 4402 3083 4441 a
3128 4386 3348 4441 transitu
3381 4407 3391 4439 :
3436 4388 3608 4440 balnei
3639 4404 3805 4441 mem-

2236 4458 2386 4510 brum
2425 4458 2475 4510 in
2504 4457 2690 4524 Hippia
2728 4456 2963 4527 Luciani.
3010 4456 3125 4511 Non
3159 4458 3306 4511 latuit
3326 4473 3388 4512 ea
3413 4473 3512 4511 vox
3543 4459 3802 4527 Angelum

2238 4527 2639 4598 Decembrium,
2667 4526 2753 4594 qui
2794 4526 2884 4581 lib.
2928 4542 2959 4580 v
2984 4526 3392 4598 ,liypodromum
3433 4526 3707 4595 distinguit
3738 4530 3804 4584 ab

2237 4597 2587 4667 hippodromo
2606 4613 2617 4648 ε
2636 4611 2733 4652 nec
2751 4598 2931 4667 saeculi
2950 4602 3027 4652 sui
3049 4597 3463 4653 eruditissimum
3483 4597 3803 4663 Aldelmum,

2238 4666 2375 4740 apud
2408 4683 2571 4740 quem
2617 4668 2669 4740 in
2717 4666 2855 4721 libro
2889 4668 2955 4723 de
2986 4667 3317 4740 Virginitate
3341 4669 3567 4740 Babylas
3604 4678 3805 4740 martyr

2235 4739 2303 4797 ad
2330 4738 2587 4807 palatinas
2614 4739 2817 4792 ducitur
2836 4748 2993 4804 setas,
3018 4747 3064 4792 et
3086 4738 3361 4809 imperialis
3384 4738 3617 4809 uestibuli
3644 4738 3807 4809 hypo-

2236 4810 2487 4879 dromum.
2528 4810 2582 4862 in
2615 4810 2804 4879 quibus
2848 4808 3028 4865 verbis
3069 4808 3354 4878 imaginem
3387 4808 3534 4862 vides
3572 4808 3805 4879 porticus

2236 4878 2572 4935 Sidoniautez
2611 4890 2664 4934 et
2692 4878 2737 4933 si
2764 4896 2909 4934 suam
2944 4879 3224 4945 Sidonius,
3267 4880 3389 4947 quia
3425 4879 3552 4932 nihil
3582 4878 3807 4948 prospe—

2235 4952 2429 5015 ctabat,
2468 4953 2920 5022 cryptoporticum
2945 4951 3412 5022 appellaremalit.
3445 4949 3645 5003 Plinius
3678 4966 3805 5003 vero

2232 5022 2431 5090 junior,
2459 5037 2487 5075 a
2519 5020 2624 5091 quo
2648 5037 2829 5074 vocem
2864 5022 2999 5074 hanc
3036 5021 3173 5074 haud
3204 5020 3669 5091 dubiemutuatus
3698 5030 3804 5087 est,

2236 5089 2290 5146 in
2329 5089 2684 5160 descriptione
2711 5091 3017 5145 Tuscanicae
3045 5092 3183 5144 villa:
3214 5104 3321 5144 sua:
3354 5089 3445 5145 lib.
3476 5106 3526 5155 v,
3561 5096 3718 5157 epist.
3748 5091 3802 5155 6,

2237 5162 2626 5234 ltypodromum
2644 5171 2797 5234 vocat
2825 5160 3053 5234 nativam
3079 5161 3641 5234 porticum,consertis
3668 5160 3808 5213 inter

2234 5230 2293 5288 se
2312 5249 2373 5287 ac
2395 5233 2607 5288 reﬂexis
2629 5233 2877 5286 arborum
2902 5230 3252 5293 fruticumque
3275 5230 3439 5285 ramis
3464 5239 3765 5284 contextam
3786 5246 3801 5293 ;

2234 5305 2415 5372 quales
2459 5318 2576 5371 qua:
2606 5304 2657 5355 in
2692 5302 2854 5355 hortis
2888 5310 3076 5355 natura
3104 5301 3188 5355 vel
3223 5312 3337 5354 arte
3369 5301 3481 5355 fieri
3520 5301 3717 5372 solent,
3751 5309 3807 5354 et

2233 5370 2442 5442 qualem
2470 5370 2521 5426 in
2542 5372 2817 5438 Voroango
2846 5372 3197 5442 Appollinaris
3219 5372 3301 5425 sui
3337 5372 3533 5440 praedio
3562 5370 3809 5442 depingit

2234 5440 2486 5499 Sidonius
2514 5444 2563 5496 in
2598 5442 2989 5511 Propemptico.
3013 5440 3158 5496 Talis
3188 5451 3242 5496 et
3267 5442 3408 5496 vitea
3435 5441 3670 5509 porticus
3693 5441 3806 5510 Cy-

2236 5514 2418 5583 priano
2449 5515 2499 5567 in
2530 5512 2807 5581 epistolam
2838 5511 2901 5584 ad
2933 5512 3212 5584 Donatum.
3249 5512 3406 5578 Dant,
3438 5512 3630 5584 inquit,
3647 5528 3811 5584 seces-

2233 5582 2347 5638 eum
2367 5585 2533 5636 vicina
2561 5592 2751 5636 secreta
2778 5598 2795 5635 :
2819 5583 2903 5635 ubi
2933 5582 3053 5637 dum
3098 5584 3299 5637 erratici
3331 5582 3602 5652 palmitum
3637 5582 3811 5651 lapsus

2235 5656 2445 5709 nexibus
2468 5653 2703 5725 pendulis
2734 5669 2823 5723 per
2852 5656 3129 5708 arundines
3158 5654 3359 5725 bajulas
3390 5664 3595 5724 repunt,
3626 5654 3810 5706 niteant

2234 5726 2483 5797 porticum
2512 5724 2726 5797 frondea
2750 5732 2881 5779 tecta
2906 5730 3153 5794 fecerunt.
3178 5724 3335 5781 Plinii.
3359 5726 3519 5782 verba
3541 5725 3810 5797 interpre-

2237 5795 2434 5853 tatione
2460 5795 2564 5853 nan
2593 5804 2747 5860 egent
2780 5814 2792 5848 :
2827 5796 3089 5852 ascribam
3119 5806 3318 5860 tamen,
3354 5804 3412 5850 ut
3441 5812 3506 5851 ex
3537 5796 3603 5850 iis
3627 5795 3808 5849 statim

2238 5868 2455 5935 liqueat,
2465 5869 2587 5934 jure
2608 5866 2681 5924 illi
2708 5883 2805 5931 per
2824 5867 3104 5925 Sidonium
3128 5866 3456 5923 reddendam
3480 5881 3602 5924 esse
3623 5879 3811 5922 vocem
