4078 6348
376 452 476 510 47⁸1

1630 398 2101 497 EPlSTOLARUM
2138 434 2267 497 us.
2305 435 2380 525 πη

3524 426 3631 490 Πι

378 568 711 646 ptoporticus
752 574 872 618 meo
909 559 1041 616 mihi
1076 558 1197 630 jure
1246 555 1583 640 vocitabitur.
1626 555 1752 610 “me
1782 564 1957 612 tamen
1985 558 2032 616 A
2061 555 2390 610 blaterantes
2415 593 2429 620 ,
2479 566 2679 624 cycnos
2722 559 2883 624 atque
2918 564 3138 607 anseres
3171 548 3429 609 concubia
3475 557 3634 608 nocte

379 630 577 731 aliquid
609 657 782 728 spatio
821 668 919 709 suo
946 652 998 707 in
1028 652 1227 706 extimo
1255 630 1617 705 deambulacri
1658 648 1831 714 capite
1858 646 1955 700 de-

382 730 622 819 frudans,
655 747 819 805 efﬁcit
844 744 1144 801 membrum
1172 742 1307 797 bene
1328 738 1603 809 frigidum,
1634 738 1721 791 ubi
1747 730 1958 805 publico

388 846 719 907 lectisternio
745 850 1022 899 exstructo
1050 879 1066 905 ,
1095 839 1410 893 clientarum
1439 834 1551 889 sive
1581 831 1845 887 nutricum
1876 830 1957 885 lo-

382 940 736 1015 quacissimus
783 935 983 989 chorus
1013 928 1249 998 receptui
1278 916 1446 992 canit,
1476 940 1596 979 cum
1626 938 1723 991 ego
1749 921 1959 989 meique

381 1009 753 1092 dormitorium
780 1026 1086 1083 cubiculum
1117 1009 1452 1093 petierimus?
1492 1018 1533 1072 A
1560 1013 1959 1086 cryptoporticu

383 1131 437 1187 in
468 1126 699 1184 hiemale
729 1122 1020 1178 triclinium
1053 1117 1283 1180 venitur,
1307 1112 1447 1184 quod
1476 1107 1720 1165 arcuatili
1748 1107 1959 1161 camino

384 1236 526 1293 saepe
551 1218 690 1289 ignis
720 1215 985 1268 animatus
1013 1208 1153 1281 pulla
1195 1205 1419 1275 fuligine
1458 1202 1663 1258 infecit.
1697 1198 1803 1255 Sed
1833 1197 1959 1267 quid

385 1288 501 1368 haec
527 1288 644 1377 tibi,
674 1321 830 1378 quem
868 1316 1009 1357 nunc
1041 1300 1106 1353 ad
1138 1298 1315 1352 focum
1341 1295 1559 1349 minime
1592 1289 1796 1345 invito?
1833 1288 1959 1359 quin

384 1403 560 1475 potius
585 1399 653 1453 ad
692 1406 767 1465 te,
798 1404 1112 1463 tempusque
1142 1386 1461 1459 pertinentia
1495 1383 1703 1452 loquar.
1745 1378 1824 1434 Ex
1858 1378 1961 1433 hoc

386 1469 619 1549 triclinio
673 1487 732 1542 fit
798 1486 851 1539 in
912 1482 1125 1537 diaetam
1181 1479 1290 1551 38
1345 1477 1457 1531 sive
1513 1469 1958 1528 cenatiunculam

386 1584 640 1639 transitus
666 1619 681 1645 ,
723 1576 810 1634 cui
853 1574 965 1629 fere
1007 1579 1147 1626 totus
1188 1570 1367 1632 lacus,
1409 1577 1634 1633 quaeque
1663 1570 1773 1615 tota
1821 1558 1962 1614 lacui

388 1680 555 1749 patet.
590 1673 646 1724 In
676 1668 777 1723 hac
797 1660 1104 1726 stibadium,
1131 1668 1184 1715 et
1206 1660 1381 1713 nitens
1402 1655 1625 1710 abacus:
1656 1653 1711 1706 in
1737 1664 1960 1721 quorum

388 1741 603 1841 aream,
641 1761 756 1815 sive
798 1762 1127 1827 suggestum,
1159 1766 1187 1805 a
1227 1749 1465 1819 subjecta
1507 1745 1709 1815 porticu
1738 1741 1960 1807 sensim,

296 1854 299 1857 ’
390 1873 493 1915 non
518 1832 774 1911 breviatis
797 1846 1195 1919 angustatisque
1217 1840 1468 1913 gradibus
1496 1835 1821 1892 ascenditur.
1847 1832 1962 1899 Quo

2060 647 2387 715 clangentes.
2441 643 2760 713 intempesta
2791 644 2961 715 gallos
2989 644 3309 713 gallinaceos
3337 642 3630 699 concinen-

2063 750 2164 805 tes,
2186 739 2295 811 39
2322 739 2529 793 oscines
2552 752 2748 792 corvos
2768 752 2900 791 voce
2929 736 3189 805 triplicata
3210 736 3488 806 puniceam
3515 751 3633 792 sur-

2058 835 2232 903 gentis
2273 846 2479 886 aurorae
2534 830 2706 884 facem
2755 829 3195 895 consalutantes;
3236 828 3471 884 diluculo
3510 839 3633 887 ante

2060 922 2402 994 philomelam
2451 921 2587 975 inter
2640 919 2855 974 frutices
2904 919 3244 987 sibilantem,
3295 918 3322 957 δ
3371 934 3631 990 pregnem

2061 1016 2199 1070 inter
2218 1028 2429 1069 asseres
2458 1013 2835 1068 minurientem
2858 1013 2881 1065 ?
2905 1011 3003 1066 Cui
3029 1012 3311 1067 concentui
3333 1013 3513 1068 licebit
3540 1015 3633 1069 ad-

2055 1105 2247 1177 jungas
2270 1106 2459 1160 fistulre
2478 1103 2748 1174 septiforis
2769 1103 3113 1158 armentalem
3133 1118 3450 1171 cammnam,
3469 1122 3627 1174 quam

2062 1214 2203 1270 saepe
2250 1198 2519 1254 nocturnis
2570 1196 2868 1251 carminum
2920 1195 3307 1251 certaminibus
3360 1196 3633 1251 insomnes

2062 1298 2368 1345 nostrorum
2414 1289 2672 1343 montium
2714 1286 2887 1358 Tityri
2923 1295 3217 1353 exercent,
3265 1287 3403 1342 inter
3446 1302 3632 1357 greges

2063 1380 2406 1437 tinnibulatos
2452 1395 2547 1449 per
2574 1379 2791 1450 depasta
2823 1377 3008 1432 buceta
3047 1375 3336 1431 reboantes
3363 1394 3377 1429 :
3411 1394 3527 1445 quae
3559 1388 3634 1431 ta-

2063 1488 2186 1527 men
2216 1472 2361 1527 varia
2400 1484 2591 1525 vocum
2621 1476 2977 1536 cantuumque
3010 1477 3031 1504 ο
3064 1465 3377 1532 certamina,
3418 1465 3633 1535 profun-

2064 1563 2183 1618 dius
2222 1560 2557 1617 confovendo
2599 1558 2777 1629 sopori
2818 1565 2908 1614 tuo
2948 1557 3415 1612 lenocinabuntur.
3458 1556 3635 1611 Porti-

2065 1657 2214 1711 cibus
2236 1670 2469 1726 egresso,
2494 1655 2537 1709 si
2561 1664 2767 1724 portum
2796 1652 2990 1706 littoris
3014 1659 3186 1720 petas,
3206 1649 3257 1704 in
3276 1663 3401 1704 area
3421 1650 3637 1717 virenti,

2068 1752 2287 1823 vulgare
2315 1766 2637 1822 quanquam,
2665 1765 2772 1804 non
2795 1748 2981 1820 procul
3006 1762 3225 1803 nemus:
3252 1747 3492 1817 ingentes
3514 1746 3640 1802 tiliae

2066 1848 2205 1911 duae,
2233 1845 2488 1900 connexis
2517 1843 2811 1911 frondibus,
2845 1840 3117 1895 fomitibus
3148 1841 3431 1910 abjunctis,
3480 1855 3638 1895 unam

392 1948 494 2005 loci
516 1944 855 2008 recumbens,
888 1941 933 1997 si
958 1936 1085 2009 quid
1110 1937 1247 1990 inter
1269 1930 1531 1988 edendum
1561 1942 1739 1994 vacas,
1758 1922 1961 1995 prospi-

2076 1940 2311 1995 umbram
2340 1951 2442 1991 non
2474 1950 2580 1991 una
2618 1934 2800 1990 radice
2832 1932 3165 1988 conﬁciunt:
3213 1933 3265 1986 in
3289 1932 3439 2001 cujus
3463 1931 3640 1999 opaci«

390 2043 562 2103 ciendi
604 2036 975 2108 voluptatibus
1018 2030 1317 2102 occuparis.
1369 2026 1487 2082 Jam
1536 2025 1581 2080 si
1622 2022 1715 2077 tibi
1761 2037 1828 2076 ex
1870 2020 1963 2073 illo

390 2127 915 2192 conclamantissimo
942 2124 1165 2179 fontium
1196 2120 1413 2175 decocta
1444 2116 1724 2179 referatur,
1756 2110 1964 2166 videbis

392 2226 443 2281 in
479 2222 736 2279 calicibus
780 2224 1002 2288 repente
1047 2212 1279 2284 perfusis
1324 2208 1577 2264 nivalium
1620 2205 1854 2259 maculas
1902 2216 1964 2255 ac

390 2318 557 2374 frusta
588 2313 939 2375 nebularum;
969 2316 1021 2363 et
1063 2306 1207 2361 illam
1250 2303 1424 2357 lucem
1454 2298 1711 2354 lubricam
1750 2294 1965 2364 poculo-

392 2423 529 2474 rum,
552 2405 780 2476 quadam
808 2400 957 2472 quasi
985 2395 1308 2468 pinguedine
1335 2392 1493 2446 subiti
1527 2388 1723 2458 algoris
1746 2385 1965 2440 hebeta-

395 2509 520 2555 tam.
550 2498 686 2553 Tum
734 2491 1121 2564 respondentes
1170 2484 1375 2557 poculis
1413 2482 1691 2552 potiones,
1738 2490 1963 2547 quarum

393 2590 626 2661 rigentes
645 2585 821 2658 cyathi
849 2581 1126 2637 siticuloso
1151 2577 1364 2647 cuique,
1398 2589 1463 2628 ne
1486 2572 1659 2627 dicam
1685 2569 1775 2623 tibi
1806 2582 1966 2637 gran-

394 2682 531 2738 diter
568 2677 862 2743 abstcmio,
893 2680 1273 2729 metuerentur.
1302 2667 1435 2721 Hinc
1459 2665 1569 2735 jam
1609 2662 1875 2731 speetabis
1902 2666 1958 2712 ut

394 2779 706 2849 promoveat
744 2770 923 2823 alnum
977 2766 1210 2835 piscator
1261 2762 1311 2815 in
1350 2759 1610 2829 pelagus;
1651 2764 1708 2809 ut
1744 2751 1963 2806 stataria

396 2846 531 2921 retia
578 2861 842 2917 suberinis
888 2856 1178 2914 corticibus
1218 2851 1511 2915 extendat,
1552 2856 1643 2902 aut
1680 2846 1845 2915 signis
1876 2858 1969 2911 per

399 2967 542 3013 certa
571 2952 843 3010 intervalla
872 2948 1145 3020 dispositis
1170 2988 1186 3013 ,
1232 2955 1432 3001 tractus
1475 2942 1678 2997 funium
1709 2939 1969 2994 librentur

398 3049 858 3108 hamatizscilicet
900 3055 957 3101 ut
998 3042 1275 3099 nocturnis
1318 3053 1412 3108 per
1461 3038 1633 3091 lacum
1659 3030 1970 3088 excursibus

396 3141 727 3213 rapacissimi
751 3149 778 3177 α
801 3139 1003 3193 salares
1034 3135 1085 3189 in
1127 3128 1550 3200 consanguineas
1592 3136 1817 3196 agantur
1843 3122 1970 3176 insi-

399 3236 530 3292 dias.
571 3232 708 3302 Quid
754 3232 897 3287 enim
949 3228 1036 3282 hic
1090 3222 1470 3294 congruentius
1518 3217 1788 3280 dixerim,
1846 3228 1965 3269 cum

399 3327 557 3399 piscis
582 3326 724 3405 pisce
749 3321 1012 3393 decipitur
1037 3319 1060 3370 ‘l
1105 3315 1360 3371 Edulihus
1390 3310 1710 3376 terminatis,
1742 3308 1975 3375 excipiet
2000 3304 2046 3368 Ο

404 3430 454 3475 te
490 3402 881 3480 diversorium,
929 3413 1049 3482 quia
1095 3409 1311 3464 minime
1357 3414 1646 3461 aestuosum
1674 3447 1689 3472 ,
1744 3401 1973 3456 maxime

399 3513 660 3569 zestivum.
690 3510 821 3566 Nam
873 3524 966 3580 per
993 3508 1130 3573 hoc,
1185 3503 1325 3574 quod
1372 3502 1426 3555 in
1465 3500 1768 3569 aquilonem
1800 3497 1972 3579 solum

398 3606 653 3679 patescit,
698 3604 858 3659 habet
874 3570 1031 3657 .diem
1053 3642 1067 3667 ,
1114 3570 1222 3654 non
1254 3596 1417 3673 habet
1447 3595 1615 3650 solem
1644 3634 1658 3660 ,
1690 3570 1974 3661 interjecto

400 3697 719 3755 consistorio
759 3704 1110 3765 perangusto,
1154 3690 1242 3745 ubi
1295 3686 1663 3743 somnolentite
1701 3685 1973 3740 cubicula-

402 3792 601 3847 riorum
631 3786 954 3844 dormitandi
986 3784 1160 3854 potius
1190 3796 1348 3852 quam
1378 3778 1677 3834 dormiendi
1701 3778 1850 3833 locus
1870 3784 1971 3831 est.

407 3885 502 3939 Hic
550 3884 658 3954 jam
697 3896 855 3953 quam
880 3881 1075 3948 volupe
1106 3886 1187 3931 est
1215 3873 1432 3929 auribus
1471 3872 1721 3926 insonare
1765 3871 1975 3926 cicadas

404 3976 625 4034 meridie
650 3982 1038 4045 concrepantes
1056 4012 1071 4039 ,
1099 3982 1257 4025 ranas
1283 3966 1600 4038 crepusculo
1632 3963 1976 4020 incumbente

409 4155 563 4209 quam
595 4154 662 4195 ex
698 4139 817 4206 ejus
848 4137 1044 4193 scrinio
1069 4137 1491 4209 deprompserat:
1537 4130 1668 4209 Nam
1700 4126 1841 4209 apud
1867 4125 1978 4179 Pli-

410 4199 555 4266 nium
581 4199 793 4280 quoque
834 4199 1427 4280 hippodromusin'epte
1466 4203 1659 4280 legitur
1687 4214 1781 4267 pro
1813 4199 1979 4279 hypo-

412 4269 620 4337 dromo'.
644 4269 734 4336 Sic
758 4269 1159 4347 igitur'bahent.
1186 4269 1742 4347 Hanc'dispositionem
1767 4269 1981 4347 amomi-

414 4364 659 4420 tatentque
681 4340 926 4403 tectorum
949 4346 1093 4417 longe
1116 4350 1314 4415 lateque
1336 4343 1575 4420 prazcedit
1603 4340 1972 4420 hypodromus.

417 4409 618 4476 Medius
663 4421 894 4485 patescit,
925 4409 1192 4485 statimque
1221 4409 1515 4470 intrantium
1545 4409 1705 4466 oculis
1737 4421 1867 4485 totus
1899 4409 1977 4477 of-

414 4494 595 4563 fertur.
650 4481 890 4545 Platonis
941 4481 1184 4563 circuitur
1222 4504 1239 4541 :
1288 4486 1394 4563 illa;
1424 4484 1617 4563 _hed_era
1645 4481 1978 4563 “vestiuntur,

418 4552 586 4632 utique
614 4577 823 4617 summa:
851 4564 957 4615 suis
981 4600 997 4625 ,
1047 4562 1115 4612 ita
1145 4560 1260 4612 imre
1280 4557 1477 4632 alienis
1504 4552 1769 4632 [rondibus
1792 4552 1978 4632 lvirent.

420 4622 623 4686 Hedera
644 4642 879 4685 truncum
900 4640 947 4685 et
968 4622 1135 4685 ramos
1168 4637 1411 4697 pererrat,
1435 4622 1721 4693 vicinasque
1750 4622 1983 4690 platanos

420 4704 633 4757 transitu
676 4719 767 4755 suo
804 4701 1027 4771 copulat.
1060 4694 1176 4753 Has
1200 4699 1360 4752 buxus
1387 4698 1643 4771 interiacet
1674 4709 1689 4746 :
1717 4694 1986 4748 exteriores

419 4775 578 4829 Mos
606 4766 927 4827 circmnvenit
958 4772 1154 4835 laurus,
1178 4771 1465 4835 umbrisque
1490 4766 1815 4835 platanorum
1844 4776 1988 4815 suam

421 4844 629 4915 confert.
654 4842 846 4915 Rectus
872 4843 952 4897 hic
982 4834 1283 4911 hypodromi
1306 4834 1468 4915 lignea.
1495 4834 1523 4888 1
1528 4854 1560 4890 ιι
1588 4845 1824 4913 extrema.
1845 4842 1989 4902 parte

424 4906 692 4984 Iteniicyclo
736 4906 1301 4984 {i'attgitur,'inutatque
1331 4908 1511 4977 [aciem
1543 4923 1562 4984 ί
1602 4906 1852 4984 cupressis
1882 4919 1986 4954 ant-

422 4983 555 5038 bitur
582 4976 633 5036 ct
677 4976 877 5053 tegitur,
922 4976 1367 5053 densioregtt‘mbra
1416 4978 1624 5045 opacior
1674 4976 1986 5053 nigriorque.

425 5056 503 5110 Δο
536 5044 833 5123 huiusmodi
862 5044 1136 5123 porticum
1168 5051 1319 5105 Plato
1346 5044 1657 5123 κᾳτᾲστεῖᾳν
1685 5045 1871 5123 δρόμρν
1911 5044 1991 5096 di-

425 5139 545 5180 cere
573 5117 780 5178 videtur
810 5117 1243 5193 in'Euthydem‘o,
1277 5120 1546 5193 εἰσελρόντε
1577 5118 1651 5179 δὲ,
1685 5117 1992 5193 inquit,_r_rr-

426 5200 715 5270 ριπριτείτην
742 5198 801 5270 ,ἐν
818 5184 1135 5270 ⁵ῑςοιτςλισιςίέογςε.)
1173 5190 1363 5270 δρόμῳ.
1383 5189 1563 5270 _Porro
1588 5195 1762 5266 autem
1794 5194 1851 5270 ut
1878 5184 1996 5270 Ili?-

430 5254 713 5334 podromus
742 5265 792 5319 in
818 5266 899 5318 his
932 5254 1572 5334 locis'pro'hypodromo,
1605 5257 1682 5308 sic
1716 5254 1854 5323 apud
1888 5254 2015 5334 Pii:

428 5324 570 5389 nium
601 5336 823 5389 alterum
855 5336 943 5388 lib.
978 5350 1032 5399 v,
1060 5324 1177 5403 cap.
1210 5324 1310 5391 3Q:
1332 5329 1553 5403 Hippius
1582 5342 1743 5389 mons,
1775 5336 1826 5377 et
1855 5324 1993 5403 apud

428 5404 773 5469 Ptolemaeum
796 5405 850 5459 in
869 5394 1228 5471 descriptione
1246 5394 1722 5471 Bithyitiae_'_t:r1_m;
1730 5394 1990 5471 forguég,

432 5474 652 5546 Hippius
671 5466 855 5545 ﬂuuius
880 5465 1143 5546 perverse,
1159 5474 1352 5546 legitur
1368 5465 1804 5546 proﬁt/pinam
1830 5465 1995 5519 Prusa

428 5537 571 5601 enim
598 5537 730 5601 urbe
759 5537 939 5615 agunt.
974 5560 1093 5613 qua:
1116 5537 1310 5611 duplex
1336 5537 1451 5615 erat
1484 5537 1809 5615 in’Bitlhynia
1836 5553 1852 5597 ;
1895 5550 1997 5615 una

430 5616 531 5697 sub
566 5606 1032 5697 Olympo'monte',
1073 5606 1239 5669 altera
1280 5614 1346 5673 ad
1379 5610 1610 5697 ‘Hypium
1642 5606 1876 5689 fluvium.
1910 5606 1999 5697 §ic

431 5687 572 5742 enim
610 5679 950 5742 scribendum
991 5687 1091 5738 hoc
1132 5699 1323 5738 nomen
1361 5679 1514 5737 docet
1555 5679 1829 5745 inscriptio
1856 5684 2001 5731 vetc-

431 5772 551 5817 rum
577 5772 915 5813 nummorum
947 5757 1007 5809 L.
1030 5755 1153 5810 Veri
1173 5764 1228 5809 et
1252 5751 1651 5808 Diadumeniani
1678 5757 2001 5810 IIPOTSIEQN

432 5837 575 5909 111302
600 5836 872 5909 minuet
902 5838 1293 5909 vetusquoque
1322 5823 1667 5909 lapisﬂRomte
1700 5820 1754 5873 in
1786 5834 1891 5889 quo
1921 5819 2001 5871 di-

433 5898 771 5969 stinguuntur
791 5904 1117 5961 urorum}:
1136 5904 1255 5950 ΔΠο
1277 5900 1589 5956 ΟΛΥΜΠΟΥ,
1610 5899 1664 5949 et
1690 5898 2001 5947 urorum:

2067 2039 2192 2099 tate,
2221 2044 2340 2084 cum
2367 2043 2453 2083 me
2480 2040 2631 2083 meus
2654 2025 2900 2081 Ecdicius
2924 2024 3180 2089 illustrat,
3212 2023 3331 2091 pila:
3354 2036 3638 2076 vacamus:

2064 2121 2157 2177 sed
2186 2120 2286 2174 hoc
2317 2134 2381 2173 eo
2406 2132 2590 2188 usque,
2617 2116 2786 2171 donec
2813 2113 3064 2168 arborum
3091 2114 3263 2182 imago
3293 2112 3637 2176 contractior,

2066 2214 2202 2268 intra
2247 2212 2473 2281 spatium
2507 2223 2778 2263 ramorum
2819 2220 3036 2261 recussa
3083 2204 3437 2269 cohibeatur;
3479 2210 3639 2271 atque

2065 2306 2173 2362 illic
2192 2304 2503 2360 aleatorium
2535 2301 2692 2356 lassis
2718 2308 3038 2368 consumpto
3068 2294 3428 2366 sphaeristerio
3458 2293 3637 2349 faciat.

2066 2399 2171 2454 Sed
2200 2397 2321 2467 quia
2352 2396 2443 2450 tibi
2474 2392 2921 2455 sicut_a:dificium
2944 2389 3101 2454 solvi,
3128 2388 3205 2442 sic
3234 2387 3409 2442 lacum
3440 2386 3637 2453 debeo,

2066 2491 2204 2561 quod
2235 2494 2401 2543 restat
2421 2498 2669 2557 agnosce.
2704 2483 2877 2538 Lacus
2916 2483 2971 2537 in
3013 2480 3211 2534 Eurum
3239 2478 3447 2533 deﬂuus
3475 2487 3640 2543 meat,

2067 2583 2288 2653 ejusque
2307 2579 2485 2635 arenis
2515 2577 2855 2631 fundamenta
2879 2575 3135 2644 impressa
3156 2572 3435 2637 domicilii,
3463 2573 3636 2627 ventis

2068 2672 2396 2728 motantibus
2417 2678 2653 2725 aestuans
2674 2667 2948 2722 bumectat
2969 2664 3187 2719 alluvio.
3208 2665 3253 2717 ls
3283 2663 3495 2732 quidem
3515 2678 3644 2719 sane
3700 2724 3703 2725 ν

2068 2765 2209 2819 circa
2242 2762 2496 2831 principia
2525 2760 2638 2827 sui,
2670 2758 2786 2814 solo
2816 2755 3040 2828 palustri
3075 2755 3442 2825 voraginosus,
3470 2762 3525 2808 et
3549 2768 3644 2809 ve-

2068 2856 2226 2926 stigio
2258 2853 2575 2925 inspectoris
2614 2850 2883 2905 inadibilis
2911 2858 2995 2903 est
3022 2865 3035 2901 :
3080 2848 3151 2901 ita
3183 2847 3292 2900 litni
3333 2845 3495 2900 bibuli
3527 2845 3644 2913 pin-

2068 2947 2241 3020 guedo
2266 2946 2557 3010 coalescit,
2603 2941 2961 3020 ambientibus
2999 2953 3119 2993 sese
3167 2938 3401 2993 fontibus
3433 2935 3642 3006 algidis,

2071 3018 2341 3096 littoribus
2392 3038 2607 3107 algosis.
2642 3018 2890 3088 Attamen
2939 3030 3110 3102 pelagi
3158 3029 3369 3084 mobilis
3424 3041 3645 3101 campus

2069 3133 2331 3207 cymbulis
2372 3132 2478 3186 late
2507 3135 2719 3184 secatur
2766 3123 3226 3196 pervagabilibus,
3268 3122 3313 3176 si
3359 3119 3522 3176 ﬂabra
3554 3134 3646 3191 ρος

2070 3242 2248 3283 suere.
2295 3225 2352 3280 Si
2390 3223 2546 3277 turbo
2587 3217 2871 3274 Austrinus
2912 3214 3210 3279 insorduit,
3266 3212 3498 3266 immane
3536 3217 3647 3265 tur-

2076 3318 2278 3391 gescit;
2315 3316 2386 3370 ita
2416 3322 2473 3368 ut
2507 3312 2758 3366 arborum
2786 3306 2953 3361 comis
2983 3320 3102 3376 qua:
3130 3302 3355 3372 margini
3383 3301 3491 3373 ω
3518 3300 3647 3357 insi-

2076 3417 2257 3475 stunt,
2312 3404 2625 3475 superjcctaa
2671 3398 2963 3470 asperginis
3011 3396 3191 3466 fragor
3238 3393 3479 3463 impluat.
3532 3391 3652 3462 Ipse

2076 3515 2253 3557 autem
2296 3497 2588 3555 secundum
2633 3506 2913 3548 mensuras
2949 3504 3081 3561 quas
3105 3487 3285 3543 feruut
3308 3487 3570 3550 nauticas,
3598 3484 3651 3539 in

2077 3596 2260 3651 decem
2298 3602 2349 3647 et
2380 3598 2583 3660 septem
2627 3585 2795 3641 stadia
2834 3580 3096 3654 procedit.
3150 3578 3337 3633 Fluvio
3386 3577 3649 3644 intratur,

2078 3688 2168 3759 qui
2214 3682 2519 3741 salebratim
2554 3692 2804 3735 saxorum
2843 3674 3083 3730 obicibus
3123 3671 3371 3726 affractus
3399 3682 3651 3740 spumoso

2078 3750 2315 3834 canescit
2336 3772 2587 3844 impulsu,
2612 3780 2665 3826 et
2693 3784 2790 3823 nec
2808 3768 3020 3837 longum
3042 3763 3275 3833 scopulis
3297 3750 3656 3831 praecipitibus

2079 3875 2382 3937 exemptus,
2412 3865 2532 3919 lacu
2560 3859 2847 3916 conditur:
2885 3870 3042 3926 quem
3074 3855 3185 3908 fors
3215 3851 3347 3918 fuat,
3379 3866 3446 3905 an
3478 3852 3655 3904 incur‘

2081 3967 2184 4027 rat,
2218 3974 2285 4013 an
2314 3955 2491 4024 faciat,
2527 3951 2763 4025 praeterit
2788 3956 2964 4012 certe,
2997 3954 3214 4002 coactus
3242 3958 3337 4015 per
3369 3942 3488 3999 cola
3522 3940 3655 3997 sub-

2080 4133 2200 4181 ΔΠΟ
2220 4130 2423 4178 ΥῙΠΟΥ.

2153 4177 2186 4232 ί
2210 4177 2378 4262 Hujus
2407 4188 2567 4260 piscis
2588 4182 2830 4239 meminit
2858 4179 3127 4237 Ausonius
3156 4179 3211 4235 in
3242 4177 3497 4234 Mosella:

2203 4290 2571 4353 Purpureisque
2590 4284 2715 4336 salar
2745 4282 3002 4332 distinctus
3019 4283 3220 4342 tergora
3243 4277 3411 4340 guttis.

2084 4399 2202 4465 Quo
2224 4397 2423 4452 indicio
2451 4403 2834 4465 purpurearum
2865 4394 3134 4465 notarum.
3161 4392 3215 4465 et
3242 4383 3361 4465 quia
3390 4396 3453 4437 ex
3487 4381 3659 4465 salare

2088 4453 2379 4533 farionem,
2411 4453 2475 4521 ei
2513 4453 2721 4517 fa'rione
2746 4459 3048 4533 salmonem
3089 4454 3205 4533 fieri
3242 4456 3428 4519 docet,
3460 4453 3661 4508 salares

2090 4550 2289 4595 tructas
2316 4525 2434 4593 esse
2462 4534 2612 4590 multi
2639 4530 2958 4599 conjiciunt,
2990 4541 3095 4596 quo
3129 4525 3439 4599 salmonatae
3462 4538 3660 4599 vocan-

2088 4592 2333 4682 tur,72V97
2355 4617 2408 4682 et
2442 4608 2495 4682 in
2524 4592 2817 4682 salmonem
2850 4592 3075 4653 transire
3103 4596 3413 4682 creduntur.
3440 4592 3658 4682 'Alanus

2088 4664 2396 4737 ah'ln'sulis
2441 4677 2507 4731 de
2554 4676 2770 4744 planctu
2815 4678 3053 4744 naturze:
3107 4665 3226 4744 illic
3266 4664 3661 4744 tractata-sinus

2088 4735 2312 4807 marinos
2355 4735 2642 4817 ingrediens
2670 4744 2725 4796 in
2752 4754 2955 4811 tequore
2999 4736 3256 4809 baptizata
3295 4735 3536 4789 sulmonis
3570 4750 3663 4788 no-

2090 4823 2225 4877 mine
2250 4820 2561 4876 censebatur.

2164 4874 2505 4946 {Minuriunt
2530 4882 2841 4940 hirundines
2864 4878 3108 4945 Sidonio,
3137 4876 3421 4945 Spartiano
3449 4874 3504 4929 in
3529 4874 3661 4946 Geta

2094 4945 2389 5036 palumbes.
2419 4958 2564 5013 Scite
2602 4964 2921 5017 utrumque:
2955 4965 3073 5031 nam
3101 4946 3373 5036 minuritio
3398 4945 3665 5036 letkmino-

2093 5014 2421 5092 iiiﬁiium
2463 5036 2675 5082 cantum
2724 5014 2936 5092 omnem
2978 5022 3272 5085 signiﬁcat,
3315 5024 3371 5070 et
3397 5014 3663 5092 flebilem,

2094 5085 2267 5177 qualis
2291 5085 2373 5157 est
2401 5099 2627 5169 gemitus
2654 5091 3013 5177 palumbium.‘
3029 5092 3104 5177 ita
3137 5086 3476 5177 grammatici
3494 5085 3668 5141 Graeci

2094 5156 2441 5252 ᾆξνᾜρίζεινρῖ
2451 5156 2727 5252 ponunt-ro
2742 5167 2906 5252 ἠρέμα
2930 5156 3210 5243 musaeo?
3230 5157 3386 5252 ᾄδῃνέ
3403 5156 3432 5216 ἦ
3452 5159 3663 5252 θρηγεζη.

2096 5184 2367 5252 μινυρὶζειν
2381 5184 2652 5239 exponunt
2670 5189 2727 5221 το
2742 5184 2906 5289 ηἵῗμα
2930 5184 3017 5216 και
3031 5184 3210 5217 Αεπτον
3230 5184 3386 5239 aestv,
3403 5184 3432 5216 η
3452 5184 3663 5233 υρηνειν.

2096 5248 2282 5303 Cicero
2314 5260 2329 5296 ι
2358 5242 2424 5295 de
2458 5240 2720 5294 Oratore:
2828 5250 2885 5288 oc
2913 5248 3024 5295 nos,
3058 5232 3248 5301 inquit,
3279 5245 3321 5282 at
3352 5228 3667 5303 facere_veli-

2097 5300 2229 5381 ntus,
2258 5322 2374 5367 ante
2399 5310 2794 5381 condemnentur
2820 5306 2855 5359 ii
2877 5318 3091 5381 quorum
3113 5300 3289 5355 causas
3310 5300 3663 5379 receperimus,

2096 5368 2249 5458 alia};
2283 5383 2429 5458 toties
2466 5380 2657 5458 quoties
2686 5368 3025 5446 praescribitur
3064 5387 3244 5455 pinaria
3268 5380 3355 5424 aut
3384 5368 3669 5445 mitturitio:

2098 5435 2212 5514 item
2247 5435 2551 5509 citarirnu's:
2592 5435 2696 5503 duo
2740 5460 2936 5517 genera
2976 5435 3282 5517 conjunxit,
3313 5452 3540 5517 paeana,
3581 5435 3668 5500 qui

2099 5510 2463 5585 concitatioris
2492 5522 2641 5577 vocis
2664 5510 2983 5579 est'cantus,
3012 5510 3506 5585 et‘minuritionem,
3540 5518 3668 5585 qua:

2101 5574 2459 5655 remissioris:
2476 5574 2795 5648 Plu—tarchus
2832 5587 2900 5641 de
2940 5574 3253 5641 discrimine
3294 5574 3583 5655 adulatoria
3612 5583 3664 5628 et

2102 5636 2116 5655 Ι
2132 5636 2441 5653 ΏΙΙΙΙσυΙνΙΙυΙ
2477 5636 2500 5647 Π
2522 5636 2646 5648 ...ν--
2665 5636 2793 5644 ν--ν-
2835 5636 2897 5641 -ν
2945 5636 3070 5641 ..-ν-ν
3091 5636 3175 5640 ,νθκγ
3364 5649 3372 5664 1
3446 5636 3469 5663 4

2101 5670 2256 5725 amici
2290 5685 2304 5721 :
2334 5668 2392 5721 Οἱ
2412 5666 2582 5721 πολλοὶ
2612 5661 2856 5733 βασιλέων
2876 5660 2969 5711 οὐκ
2992 5658 3289 5712 mutuam
3317 5667 3404 5720 μεν
3442 5667 3499 5698 αν
3571 5666 3670 5699 tw-

2110 5749 2283 5771 _:_-__.
2360 5738 2574 5771 Analusnl'nl
2618 5732 2673 5771 Χέι
2716 5728 2774 5771 tm
2829 5729 3171 5771 οηθυσθῶσιν-
3206 5717 3468 5771 Ἡρακλεῖς
3523 5667 3577 5771 5:
3613 5711 3670 5769 ἂν

2103 5711 2314 5820 Eia-13am;
2612 5711 3171 5802 ἓξϋᾶὗημεθνσθῶσιν,
3206 5711 3468 5793 Ἠράκλιῖς
3523 5711 3577 5771 δὲ
3613 5711 3675 5769 ἂν

2102 5815 2378 5869 evaluit-sat.

2180 5866 2292 5939 ein
2318 5878 2581 5946 aliquibus
2599 5874 2770 5940 libris,
2793 5866 3161 5928 modulamina.
