4078 6348
494 456 604 515 479

494 668 877 734 pauperaretur
920 677 933 714 :
982 658 1071 729 qui
1116 656 1315 725 repulsi
1362 656 1415 709 in
1443 655 1709 724 gurgitem
1755 654 2069 723 pigriorem,

492 771 681 813 carnes
711 754 899 809 rubras
930 752 1068 807 albis
1095 748 1470 805 abdominibus
1499 748 1815 803 extendunt.
1864 746 1934 800 Ita
1969 745 2074 801 illis

493 863 592 904 nec
620 845 795 902 redire
813 843 1139 909 valentibus,
1161 857 1260 897 nec
1287 842 1435 896 exire
1463 839 1755 909 permissis,
1788 836 2073 907 quemdam

492 940 670 995 vivum
703 947 757 993 et
800 934 1232 991 circumlatitium
1261 947 1533 988 carcerem
1563 932 1893 999 corpulentia
1926 928 2072 984 facit.

492 1030 665 1086 Lacus
711 1028 825 1099 ipse
855 1040 956 1098 qua
998 1028 1219 1090 dexter,
1283 1024 1516 1087 incisus,
1560 1022 1861 1086 ﬂexuosus,
1891 1034 2077 1076 nemo-

493 1135 790 1191 rosusque;
832 1135 933 1190 qua
976 1118 1177 1181 laevus,
1221 1125 1443 1185 patens,
1493 1114 1789 1181 herbosus,
1832 1113 2071 1183 aequalis.

494 1214 703 1284 AEquor
744 1210 811 1266 ab
855 1208 1037 1265 Africo
1079 1207 1249 1263 viride
1288 1221 1384 1277 per
1424 1206 1569 1260 littus
1594 1250 1607 1274 ,
1641 1208 1763 1273 quia
1795 1206 1847 1259 in
1876 1204 2075 1259 undam

494 1306 679 1362 fronde
706 1311 949 1374 porrecta
973 1342 987 1368 ,
1017 1308 1072 1355 ut
1116 1300 1324 1371 glareas
1361 1313 1497 1368 aqua
1526 1339 1539 1363 ,
1589 1297 1666 1352 sic
1693 1312 1858 1367 aquas
1890 1297 2076 1352 umbra

493 1397 783 1469 perfundit.
817 1393 1133 1465 Huiusmodi
1167 1393 1401 1448 colorem
1444 1392 1510 1446 ab
1540 1391 1757 1446 Oriente
1786 1406 1883 1460 par
1912 1391 2074 1445 silva-

494 1505 614 1546 rum
637 1502 835 1543 corona
858 1488 1134 1542 continuat
1164 1503 1176 1537 :
1207 1500 1304 1553 per
1327 1485 1581 1539 Arctoum
1613 1484 1770 1549 latus,
1804 1492 1862 1537 ut
1891 1483 2077 1552 pelago

494 1566 705 1647 natura,
738 1580 816 1635 sic
844 1580 1084 1647 species;
1112 1593 1141 1631 a
1173 1576 1420 1647 Zephyro
1450 1576 1689 1645 plebeius
1712 1586 1765 1630 et
1790 1576 2078 1629 tumultua-

494 1673 606 1729 rius
633 1671 828 1738 frutex,
862 1670 1271 1738 frequenterque
1303 1668 1597 1722 lemborum
1638 1666 2076 1738 superlabentum

495 1766 821 1836 ponderibus
870 1765 1114 1819 inﬂexus.
1150 1763 1301 1817 llunc
1347 1762 1489 1817 circa
1540 1761 1728 1816 lubrici
1777 1762 2075 1828 scirporum

497 1858 619 1912 cirri
651 1858 918 1927 plicantur
944 1856 1211 1926 simulque
1239 1855 1461 1925 pingues
1485 1854 1725 1908 ulvarum
1750 1856 1953 1923 pagina:
1985 1870 2079 1910 na-

1757 441 2003 499 SIDONII
2040 439 2491 499 APOLLINkR-IS

494 580 737 628 terranea
761 564 1045 636 deliquari,
1075 577 1183 619 non
1222 566 1281 618 ut
1320 561 1592 629 fluctibus,
1636 559 1729 615 sed
1760 568 1816 614 ut
1844 559 2077 629 piscibus
2101 561 2154 622 Α
2185 558 2281 613 tibi
2311 558 2540 629 amplius
2575 556 2822 613 conferre
2865 563 3178 627 potuerunt,
3206 571 3365 628 quam
3406 564 3466 613 ut
3495 557 3542 614 si
3586 558 3639 613 id
3670 576 3790 617 no-

2182 652 2473 715 luissimus,
2508 660 2528 688 ο
2558 650 2912 705 transiremus
2943 648 3112 704 inviti.
3151 648 3288 703 Illud
3320 649 3592 719 peculiare
3624 658 3788 706 tuum

2182 751 2284 807 est,
2316 742 2443 797 illud
2488 743 2673 811 gratiae
2719 741 3026 810 singularis,
3057 740 3199 811 quod
3250 749 3357 794 tam
3404 741 3495 811 qui
3532 749 3583 796 te
3610 757 3791 797 amu-

2181 835 2358 890 Ienlur
2386 850 2491 890 non
2537 834 2722 902 habes,
2755 849 2913 905 quam
2957 849 3062 889 non
3094 835 3301 889 invenis
3328 834 3419 905 qui
3452 845 3783 906 sequantur.

2182 926 2329 982 Vale.

2738 1015 3073 1073 EPISTOLA
3112 1017 3198 1071 IV.

2512 1107 2759 1163 Sidonius
2800 1108 3021 1179 Syagrio
3059 1124 3153 1162 suo
3190 1110 3427 1164 salutem.

2251 1199 2347 1254 Vir
2387 1198 2718 1255 clarissimus
2761 1201 3037 1270 Projectus
3072 1201 3217 1257 domi
3250 1202 3450 1259 nobilis
3474 1243 3491 1271 ,
3523 1213 3577 1259 et
3615 1215 3776 1275 patre

2178 1304 2477 1364 patruoque
2504 1294 2885 1363 spectabilibus
2913 1335 2927 1359 ,
2976 1308 3075 1350 avo
3111 1295 3272 1350 etiam
3319 1299 3775 1367 praestantissimo

2179 1388 2462 1442 sacerdote
2490 1389 2842 1457 conspicuus,
2887 1390 3243 1445 amicitiarum
3271 1399 3501 1459 tuarum,
3535 1392 3640 1447 nisi
3677 1409 3773 1449 re-

2177 1481 2345 1550 spuis,
2375 1481 2682 1537 avidissime
2706 1481 2911 1536 sinibus
2942 1482 3202 1539 infertur:
3228 1492 3429 1538 etcum
3454 1484 3529 1538 illi
3554 1486 3772 1542 familia:

2178 1572 2451 1641 splendor,
2486 1573 2720 1642 probitas
2752 1589 2993 1641 morum,
3046 1574 3351 1642 patrimonii
3381 1574 3635 1643 facultas,
3674 1576 3768 1646 ju-

2181 1665 2413 1720 ventutis
2447 1665 2721 1735 alacritas,
2757 1666 2807 1719 in
2832 1680 2992 1721 omne
3019 1665 3184 1721 decus
3212 1667 3327 1735 pari
3356 1666 3509 1722 lance
3529 1682 3765 1737 conquav

2180 1757 2338 1812 drcnt
2362 1774 2374 1823 ;
2416 1759 2488 1812 ita
2519 1758 2733 1813 demum
2762 1759 2862 1814 sibi
2888 1767 3064 1812 tamen
3095 1757 3367 1813 videbitur
3393 1758 3460 1813 ad
3482 1774 3664 1815 arcem
3691 1759 3763 1815 τις

2182 1854 2542 1923 stigatissimie
2575 1852 2847 1909 felicitatis
2873 1863 3113 1917 evectus,
3142 1851 3186 1907 si
3218 1853 3406 1924 gratia:
3437 1863 3542 1907 tua:
3568 1852 3761 1908 sodali.

498 1958 643 2013 tant,
686 1948 1015 2011 salicumque
1054 1947 1363 2016 glaucarum
1416 1946 1525 1999 fota
1573 1960 1787 2014 semper
1833 1946 2076 2004 dulcibus
2109 1940 2153 2000 Β
2186 1957 2289 2001 tate
2345 1948 2594 2017 potiatur.
2654 1946 2889 2014 Optantii
2940 1946 3225 2001 clarissimi
3282 1946 3382 2000 viri
3436 1962 3609 2015 nuper
3656 1947 3763 2006 vita

497 2042 651 2110 aquis
690 2038 1011 2093 amaritudo.
1041 2039 1097 2093 In
1148 2038 1325 2093 medio
1362 2038 1611 2107 profundi
1648 2039 1823 2092 brevis
1870 2039 2073 2108 insula,

497 2132 584 2186 ubi
634 2146 793 2200 supra
842 2131 1074 2185 molares
1129 2130 1445 2183 naturaliter
1481 2139 1789 2200 aggeratos,
1836 2148 1929 2199 per
1978 2133 2077 2186 im-

498 2233 773 2293 pactorum
800 2236 994 2293 puncta
1027 2238 1296 2277 remorum
1323 2224 1600 2277 navalibus
1622 2225 1744 2278 trita
1765 2225 1908 2296 gyris
1935 2238 2076 2282 meta

496 2315 825 2385 protuberat,
860 2314 927 2368 ad
958 2329 1114 2383 quam
1144 2328 1203 2368 se
1228 2313 1463 2383 jocunda
1494 2314 1771 2370 ludentum
1804 2318 2076 2388 naufragia

494 2409 773 2464 collidunt.
817 2408 947 2462 Nam
1000 2408 1167 2462 moris
1211 2406 1330 2461 istic
1379 2409 1476 2462 fuit
1529 2408 1831 2465 senioribus
1880 2411 2077 2465 nostris

497 2509 522 2537 α
551 2514 776 2569 agonem
810 2499 1221 2565 Drepanitanum
1253 2497 1501 2566 Trojanze
1541 2501 1936 2567 superstitionis
1969 2502 2073 2573 41

493 2589 709 2644 imitari.
765 2588 883 2642 .Iam
915 2603 1043 2642 vero
1083 2604 1211 2659 ager
1245 2588 1358 2657 ipse
1402 2592 1725 2659 (quanquam
1768 2592 1869 2647 hoc
1917 2610 2076 2664 supra

492 2681 785 2751 debitum),
840 2680 1063 2734 diffusus
1092 2681 1144 2734 in
1176 2682 1353 2749 silvis,
1389 2683 1561 2751 pictus
1589 2685 1640 2736 in
1670 2686 1838 2754 pratis
1859 2729 1874 2753 ,
1914 2702 2077 2755 peco-

493 2789 649 2830 rosus
688 2777 740 2830 in
785 2776 993 2844 pascuis
1013 2816 1027 2839 ,
1061 2776 1112 2829 in
1143 2776 1445 2844 pastoribus
1476 2777 1801 2844 peculiosus.
1837 2779 1941 2835 Sed
1972 2796 2076 2835 non

493 2868 724 2937 amplius
755 2883 958 2935 moror,
996 2884 1092 2933 ne,
1126 2869 1169 2922 si
1200 2868 1409 2937 longior
1437 2870 1578 2940 Stylo
1618 2872 1907 2937 terminus,
1942 2873 2079 2928 relc-

492 2969 705 3033 gentem
747 2970 797 3016 te
838 2971 1123 3016 autumnus
1153 2962 1409 3015 inveniat.
1465 2962 1694 3019 Proinde
1735 2965 1862 3019 mihi
1906 2968 2078 3023 tribue

493 3050 743 3105 veniendi
766 3051 1127 3117 celeritatem,
1164 3068 1283 3106 nam
1314 3054 1572 3108 redeundi
1604 3071 1805 3111 moram
1840 3058 1932 3113 tibi
1966 3061 2079 3128 ipse

494 3144 811 3214 praestabis:
855 3143 1078 3199 daturus
1118 3146 1242 3199 hinc
1271 3148 1481 3200 veniam
1509 3188 1523 3214 ,
1570 3149 1711 3217 quod
1760 3151 2075 3208 brevitatem

492 3235 593 3289 sibi
640 3233 873 3289 debitam
928 3235 1085 3303 paulo
1130 3236 1495 3304 scrupulosior
1542 3240 1763 3306 epistola
1814 3244 2074 3311 excessit,

495 3328 619 3383 dum
651 3336 817 3382 totum
851 3328 993 3381 ruris
1022 3328 1182 3382 situm
1212 3329 1440 3383 sollicita
1472 3332 1713 3398 rimatur,
1748 3348 1866 3400 qua:
1897 3346 2071 3391 tamen
2104 3314 2150 3376 C
2181 3344 2401 3383 securus
2450 3330 2704 3399 permillc
2743 3331 3062 3400 promissam
3109 3346 3122 3382 ε

493 3419 843 3474 submovendi
886 3418 1081 3474 fastidii
1132 3421 1307 3475 stndio
1350 3436 1448 3477 nec
1502 3433 1691 3477 cuncta
1738 3427 2069 3494 perstrinxit.

494 3508 829 3577 Quapropter
858 3510 1029 3565 bonus
1059 3511 1288 3576 arbiter,
1323 3522 1375 3567 et
1411 3514 1600 3569 artifex
1636 3515 1805 3570 lector
1834 3535 1936 3572 non
1979 3535 2071 3589 pa-

492 3599 670 3667 ginam
698 3615 815 3670 qua:
845 3601 1015 3669 spatia
1045 3602 1323 3673 describit,
1357 3604 1450 3659 sed
1494 3606 1671 3660 villam
1695 3625 1811 3677 qua:
1843 3611 2072 3680 spatiosa

491 3689 834 3758 describitur,
862 3694 1117 3764 grandem
1146 3698 1584 3765 pronuntiabunt.
1622 3700 1764 3757 Vale.

1052 3786 1384 3844 EPISTULA
1426 3789 1513 3843 Ill.

845 3876 1088 3932 Sidonius
1115 3875 1142 3916 ἱ)
1170 3876 1336 3933 Felici
1359 3897 1449 3935 suo
1478 3883 1716 3939 salutem.

563 3967 783 4025 Gaudeo
823 3978 895 4039 te,
933 3972 1148 4027 domine
1180 3972 1372 4043 major,
1396 3969 1755 4045 amplissimae
1801 3980 2075 4048 dignitatis

489 4058 684 4115 Inlulas
714 4069 1083 4117 consecutum.
1115 4064 1219 4119 Sed
1260 4063 1313 4119 id
1366 4066 1496 4121 mihi
1537 4068 1605 4121 ob
1650 4069 1749 4125 hoc
1780 4072 1953 4128 solum
1982 4074 2075 4130 de-

489 4151 685 4206 stinato
710 4151 993 4208 tabellario
1022 4155 1323 4209 nuntiatum
1358 4172 1465 4212 non
1493 4159 1667 4213 minus
1693 4164 1920 4230 gaudeo.
1944 4165 2075 4220 Nam

490 4239 617 4296 licet
642 4242 1122 4310 impraesentiarum
1162 4245 1236 4299 sis
1268 4246 1577 4314 petissimus
1620 4254 1990 4321 magistratus,
2022 4267 2075 4311 et

491 4329 544 4384 in
579 4329 719 4384 lares
758 4330 1127 4402 Philagrianos
1159 4336 1414 4402 patricius
1460 4353 1596 4407 apex
1641 4342 1799 4409 tantis
1830 4353 1951 4411 post
1976 4333 2077 4399 sat;

491 4425 647 4491 culis,
667 4434 755 4480 tua
782 4436 985 4481 tantum
1005 4426 1258 4484 felicitate
1276 4433 1621 4486 remeaverit:
1644 4434 1850 4489 invenis
1875 4446 2070 4503 tamen,

492 4514 575 4569 vir
620 4516 972 4573 amicitiarum
1024 4520 1467 4588 servantissime,
1526 4524 1755 4591 qualiter
1813 4526 2072 4585 honorum

491 4616 702 4665 tuorum
753 4620 960 4665 crescat
1015 4612 1393 4669 communione
1469 4614 1778 4686 fastigium,
1844 4635 2072 4691 raroque

2181 2037 2345 2092 functi
2393 2038 2553 2091 tiliam
2584 2038 2748 2108 (quod
2794 2038 2904 2092 Deo
2952 2046 3301 2106 prosperante
3339 2036 3612 2107 succedat)
3641 2038 3767 2097 lice'.

2181 2130 2233 2183 in
2262 2130 2564 2200 conjugium
2585 2131 2815 2200 petierit,
2842 2130 3240 2199 obtinueritque
3259 2146 3289 2185 a
3316 2139 3488 2185 matre
3509 2130 3762 2200 pupillae;

2180 2237 2366 2293 parum
2415 2233 2590 2278 tamen
2633 2232 2881 2277 votorum
2934 2237 3154 2276 suorum
3212 2233 3518 2292 promotum
3574 2233 3763 2279 censet

2179 2316 2457 2383 effectum,
2506 2316 2606 2370 nisi
2648 2330 2925 2371 assensum
2967 2325 3113 2370 tuum
3156 2330 3321 2386 super
3365 2317 3447 2371 his
3477 2318 3762 2388 omnibus,

2180 2422 2272 2462 seu
2297 2407 2577 2461 sedulitate
2605 2422 2721 2471 sna,
2752 2422 2845 2461 seu
2869 2417 3084 2476 precatu
3132 2418 3331 2463 nostra:
3358 2409 3763 2464 intercessionis

2180 2499 2514 2565 adipiscitur.
2540 2498 2779 2568 Namque
2827 2498 2941 2568 ipse
2975 2507 3228 2569 quantum
3261 2499 3325 2553 ad
3370 2499 3763 2558 institutionem

2180 2599 2384 2659 spectat
2415 2590 2602 2659 puellae
2649 2590 2699 2644 in
2740 2588 2845 2660 43
2876 2590 3050 2645 locum
3084 2590 3280 2645 mortui
3318 2591 3485 2660 patris
3512 2606 3762 2650 curarum

2182 2682 2586 2753 participatione
2625 2683 2905 2751 succedis,
2930 2683 3258 2738 conferendo
3298 2684 3493 2753 virgini
3524 2686 3762 2755 parentis

2180 2774 2446 2839 allectum,
2471 2776 2681 2845 patroni
2710 2777 3106 2843 auctoritatem,
3141 2777 3331 2832 tutoris
3352 2776 3762 2846 officium.Quo«

2180 2864 2323 2921 circa
2371 2867 2491 2937 quia
2551 2868 2740 2936 dignus
2778 2883 2836 2922 es
2879 2874 2935 2921 ut
2973 2868 3165 2923 domus
3208 2876 3311 2922 tua:
3351 2868 3760 2925 celeberrimam

2180 2960 2539 3031 disciplinam,
2566 2961 2724 3016 etiam
2767 2961 2953 3030 procul
2997 2964 3292 3030 positorum
3324 2970 3469 3031 petat
3506 2961 3761 3031 ambitus,

2180 3051 2319 3106 sicut
2363 3052 2518 3107 decet
2559 3052 2821 3106 bonarum
2853 3053 3083 3121 partium
3120 3053 3285 3118 viros,
3314 3052 3645 3122 benignitate
3671 3067 3761 3108 rec

2180 3147 2363 3214 sponsi
2387 3146 2534 3216 proci
2561 3145 2817 3215 supplicis
2850 3145 3226 3201 verecundiam
3251 3160 3568 3211 munerare;
3592 3154 3647 3201 et
3667 3146 3760 3215 qui

2180 3236 2251 3291 ita
2309 3239 2572 3307 expetitus
2625 3238 2850 3293 deberes
2908 3237 2983 3291 illi
3045 3246 3297 3307 expetere
3358 3237 3758 3309 pollicendam,

3176 3332 3301 3400 quia
3348 3331 3424 3386 sic
3473 3339 3524 3386 te
3572 3330 3759 3385 condi«

2180 3420 2308 3475 tioni
2358 3420 2480 3476 huic
2533 3422 2851 3476 meritorum
2898 3422 3036 3475 ratio
3085 3423 3364 3493 praefecit,
3419 3429 3478 3476 ut
3528 3438 3625 3478 nec
3669 3437 3759 3477 su-

2180 3514 2387 3582 perstiti
2421 3516 2672 3584 Optantio
2702 3516 2755 3570 in
2788 3516 2985 3571 liberos
3011 3532 3135 3572 suos
3161 3516 3398 3573 decuerit
3423 3517 3543 3588 plus
3571 3516 3756 3572 licere.

2180 3607 2327 3661 Vale.

2744 3700 3072 3757 EPISTULA
3119 3702 3180 3756 V.

2531 3796 2777 3849 Sidonius
2812 3795 3049 3849 Petronio
3070 3814 3162 3850 suo
3183 3796 3417 3851 salutem.

2249 3887 2481 3941 Joannes
2530 3886 2807 3941 familiaris
2858 3903 3008 3943 meus
3052 3889 3473 3943 inextricabilem
3516 3890 3750 3959 labyrin-

2180 3976 2324 4031 thum
2351 3978 2546 4047 negotii
2588 3979 2897 4048 multiplicis
2928 3978 3173 4046 incurrit,
3225 3990 3280 4036 et
3324 3981 3495 4037 donec
3539 3998 3752 4041 suarum

2178 4070 2367 4125 merita
2397 4071 2719 4138 chartarum,
2750 4073 2830 4127 vel
2855 4084 3030 4128 vestra
3059 4073 3300 4141 scientia,
3329 4075 3413 4130 vel
3464 4076 3510 4130 si
3548 4092 3647 4146 qua
3672 4087 3753 4133 est

2176 4171 2387 4227 vestrae,
2411 4163 2454 4216 si
2488 4173 2661 4218 tamen
2689 4176 2770 4220 est
2800 4166 2926 4231 ulla,
2951 4166 3140 4221 similis
3161 4168 3477 4237 inspexerit,
3507 4168 3631 4237 quid
3666 4184 3752 4225 re-

2176 4262 2332 4321 spuat
2384 4256 2578 4324 quidve
2623 4266 2768 4326 optet
2814 4258 3040 4328 ignorat.
3098 4258 3169 4313 Ita
3214 4276 3272 4315 se
3314 4261 3543 4331 quodam
3595 4263 3751 4318 modo

2179 4344 2443 4413 bipertitae
2494 4348 2599 4401 litis
2643 4350 2811 4402 forma
2861 4350 3155 4417 confundit,
3200 4362 3259 4405 ut
3303 4352 3595 4421 propositio
3633 4368 3748 4420 sua,

2176 4452 2332 4506 quem
2361 4438 2587 4493 actiunis
2614 4439 2855 4493 ordinem
2889 4452 3304 4512 propugnatura,
3350 4459 3509 4513 quem
3550 4446 3618 4498 sit
3649 4445 3751 4499 im-

2178 4538 2494 4596 pugnatura,
2530 4545 2633 4583 non
2682 4533 2921 4586 noverit.
2970 4531 3074 4588 Pro
3114 4550 3217 4604 quo
3254 4550 3464 4604 precem
3513 4535 3753 4592 sedulam

2180 4619 2362 4687 fundo,
2390 4629 2447 4674 ut
2478 4622 2767 4691 perspectis
2789 4624 3047 4680 chartulis
3069 4628 3202 4693 suis,
3228 4628 3272 4682 si
3298 4627 3424 4697 quid
3454 4627 3577 4696 jure
3605 4642 3752 4683 coin-

489 4714 687 4769 genere
735 4701 964 4771 exempli
1006 4702 1339 4758 altitudinem
1383 4714 1526 4760 tuam
1570 4707 1868 4765 humilitate
1908 4688 2147 4767 subli-D
2176 4714 2304 4782 petit
2358 4688 2675 4780 instruatis;
2738 4731 2858 4785 quat
2905 4688 3201 4787 qualiterve
3249 4688 3356 4774 sint
3414 4688 3751 4789 obiicienda,

490 4804 625 4846 mas.
657 4790 748 4845 Sic
796 4794 1061 4861 quondam
1107 4794 1171 4861 ρ.
1219 4794 1439 4850 Fabium
1479 4798 1789 4868 magistrum
1831 4803 2067 4870 equitum

490 4882 773 4939 dictatorio
816 4886 1012 4954 rigori,
1046 4896 1100 4941 et
1152 4887 1447 4957 Papiriana:
1487 4893 1754 4962 superbia:
1792 4894 1945 4951 favor
1972 4913 2070 4967 ρυ-

490 4971 659 5030 blicus
709 4976 961 5044 przctulit.
1015 4977 1122 5049 42
1172 4980 1259 5034 Sic
1304 4990 1357 5035 et
1401 4980 1501 5038 Cn.
1552 4984 1859 5054 Pompeium
1909 5004 2070 5059 super

488 5068 711 5124 aemulos
741 5070 930 5124 extulit
978 5087 1249 5139 nunquam
1292 5074 1527 5130 fastidita
1587 5080 1931 5148 pepularitas.
1982 5084 2069 5139 Sic

488 5158 740 5215 invidiam
763 5163 1100 5220 Tiberianam
1125 5168 1317 5235 pressit
1341 5169 1704 5226 universitatis
1724 5186 1907 5229 amore
1934 5174 2069 5230 Ger-

489 5251 748 5307 manicus.
767 5253 1027 5317 Quocirca
1060 5256 1185 5311 nolo
1199 5256 1300 5311 sibi
1327 5258 1394 5313 de
1417 5262 1757 5318 successibus
1789 5265 1894 5319 tuis
1921 5266 2067 5334 prin-

490 5340 678 5410 cipalia
718 5344 978 5399 beneﬁcia
1031 5347 1318 5416 plurimum
1361 5350 1739 5420 blandiantur;
1787 5371 1905 5424 qua:
1936 5358 2067 5414 nihil

561 5480 896 5568 flbudricam
920 5488 1311 5568 naumachiam,
1332 5505 1433 5560 qua
1451 5491 1652 5568 {lineas
1672 5494 1737 5548 ad
1763 5495 2065 5568 Drepanum

489 5554 702 5630 Siciliae,
735 5556 868 5630 ρδιρ
899 5559 1211 5630 parentavit.
1246 5554 1313 5614 de
1342 5554 1445 5630 qua
1478 5564 1665 5621 lineid.
1693 5581 1744 5619 v.
1824 5600 1834 5609 -

561 5623 803 5706 1f_blagna
824 5623 1007 5706 Felici,
1037 5626 1210 5697 Magni
1232 5623 1535 5706 exeo-nsulis
1566 5635 1693 5690 lilio.
1729 5636 1834 5693 Hos
1860 5640 2002 5695 enim
2033 5656 2066 5696 a

490 5694 762 5778 Philagrio
791 5694 1014 5778 patricio
1061 5694 1315 5778 oriundos
1357 5703 1555 5759 diserte
1596 5706 1778 5761 scribit
1808 5694 2065 5778 Propem;

493 5766 657 5850 2ιῇςοζ
704 5776 759 5850 ut
794 5767 1011 5850 lavitum
1043 5773 1583 5850 quoqueAugustnm
1629 5780 1679 5831 in
1722 5766 2061 5850 panegy'rico.

492 5834 598 5889 Sed
625 5834 692 5890 de
717 5835 896 5911 Felice
914 5834 1073 5911 plura
1099 5834 1335 5898 carmine
1364 5834 1418 5909 ἐ),
1446 5846 1587 5911 quod
1619 5834 1783 5903 totu'm
1810 5834 2063 5905 illiddicaé

494 5913 605 5968 tum
638 5914 741 5964 est.
768 5907 1110 5982 Ampliasima
1143 5929 1301 5985 porro
1325 5907 1553 5989 dignitas
1570 5932 1727 5988 quam
1751 5920 1917 5979 Felici
1942 5937 2064 5997 gra-

2173 4819 2289 4874 quae
2338 4807 2622 4863 refellenda
2663 4817 3041 4865 monstrantes.
3088 4810 3205 4865 Non
3251 4812 3391 4866 enim
3422 4810 3750 4880 verebimur,

2182 4896 2322 4967 quod
2372 4912 2551 4954 causa:
2587 4898 2743 4955 istius
2782 4916 2990 4967 cursus,
3039 4902 3081 4956 si
3127 4902 3197 4957 de
3243 4904 3405 4959 vestri
3455 4904 3755 4961 manaverit

2171 4989 2317 5045 fonte
2341 4993 2571 5052 consilii.
2615 4994 2721 5049 ulla
2740 4995 3188 5050 contrastantium
3212 4995 3545 5052 derivatione
3569 5006 3755 5053 tenue-

2174 5090 2277 5137 tur.
2308 5084 2462 5140 Vale.
2856 5110 2869 5118 ·

2670 5177 2779 5250 [ιιι
2798 5177 3125 5235 EPISTULA
3152 5180 3241 5235 vr.

2529 5267 2773 5323 Sidonius
2804 5267 3021 5339 Pegasio
3047 5287 3138 5324 suo
3160 5272 3392 5326 salutem.

2244 5360 2658 5417 Proverbialiter
2685 5362 2899 5416 celebre
2943 5369 3029 5416 est
3071 5377 3214 5435 saepe
3243 5379 3447 5420 moram
3478 5377 3599 5422 esse
3639 5381 3757 5423 me-

2175 5503 2394 5571 tulatur,
2425 5519 2529 5561 non
2560 5513 2642 5561 est
2670 5504 2997 5572 consulatus,
3033 5506 3098 5561 ad
3119 5520 3277 5576 quem
3301 5505 3449 5563 Felix
3481 5520 3755 5575 nunquam

2172 5578 2446 5648 pervenit;
2497 5576 2966 5648 sedgpatriciatus,
2999 5578 3152 5648 cujus
3183 5587 3443 5648 printerea
3489 5576 3643 5635 testis
3673 5587 3755 5634 est

2174 5643 2480 5701 Gennadius
2507 5647 2562 5702 in
2585 5646 2803 5702 Fausto.

2248 5726 2269 5801 ξ
2302 5716 2423 5801 Fuit
2456 5726 2846 5801 tamenpost‘e'a
2883 5719 3135 5801 patricius
3161 5714 3361 5801 etipse
3388 5719 3753 5801 Sidonius,_ut

2175 5794 2315 5854 patet
2342 5802 2405 5842 ex
2433 5790 2590 5857 epist.
2628 5789 2691 5843 16
2719 5787 2783 5842 ad
2810 5787 3153 5857 Papianillam
3174 5831 3190 5856 ,
3224 5787 3317 5846 lib.
3362 5807 3417 5858 v,
3460 5802 3516 5849 et
3546 5806 3614 5850 ex
3643 5790 3751 5847 Ma~

2173 5860 2328 5916 merti
2354 5859 2631 5918 Claudiani
2656 5859 2979 5918 dedicatoria
3006 5860 3075 5918 ad
3096 5861 3394 5920 Sidonium.

3667 443 3796 501 480

3788 5668 3807 5703 l.

3789 5710 3808 5727 ⁸ο
