4078 6348
231 226 343 284 4⁸81
1492 212 1976 271 EPISTOLARUM
2016 213 2143 271 LIB.
2185 214 2251 270 II.

230 338 433 395 larem
464 379 480 405 ,
512 332 668 390 sicuti
695 340 748 387 et
779 344 921 386 nunc
955 330 1164 401 experti
1200 342 1405 386 sumus.
1457 328 1829 385 Menstruanus
1859 336 1914 395 Α

229 428 449 485 unicus
491 435 616 480 tuus
661 425 821 493 longo
848 424 968 478 istic
1010 431 1254 492 tempore
1301 421 1596 491 inspectus,
1640 423 1837 477 meruit

3407 203 3526 272 ωε

2474 325 2807 384 EPISTULA
2852 327 2986 384 VIII.

2254 418 2498 475 Sidonius
2529 418 2831 475 Desiderato
2854 437 2947 475 suo
2974 420 3207 478 salutem.

232 522 385 577 inter
408 531 665 589 personas
694 516 850 570 nobis
887 529 1103 585 quoque
1126 528 1280 569 caras
1306 515 1687 584 devinctasque
1710 530 1833 570 cen-

233 615 352 668 seri
387 628 401 665 :
436 618 769 680 opportunus
793 648 808 673 ,
878 606 1092 676 elegans
1118 647 1133 673 ,
1182 607 1513 662 verecundus
1540 651 1553 675 ,
1602 607 1834 673 sobrius,

236 720 459 776 parcus,
491 702 795 771 religiosus,
841 708 895 755 et
926 700 1006 753 liis
1036 715 1242 753 morum
1295 699 1512 754 dotibus
1556 699 1835 767 prteditus,

235 809 299 852 ut
334 794 544 865 quoties
570 793 623 847 in
653 792 777 846 boni
806 791 1068 861 cujusque
1106 790 1385 844 asciscitur
1412 790 1695 852 amicitias,
1732 804 1838 843 non

239 887 479 954 amplius
528 892 896 952 consequatur
946 882 1190 936 beneficii
1244 883 1355 948 ipse
1412 898 1566 950 quam
1622 883 1837 935 tribuat.

244 977 378 1032 Ilmc
411 978 503 1031 tibi
536 990 642 1029 non
672 984 728 1028 ut
767 973 1057 1044 ignoranti,
1088 973 1182 1027 sed
1209 982 1267 1027 ut
1290 973 1495 1041 judicio
1538 988 1657 1027 meo
1688 972 1843 1025 satis-

246 1070 506 1133 facerem,
540 1067 749 1135 scripsi.
782 1067 1139 1132 Quamobrem
1173 1065 1363 1133 triplex
1404 1081 1561 1119 causa
1596 1064 1838 1118 ltetandi:

249 1162 347 1216 tibi
383 1160 575 1229 prima,
605 1157 691 1212 cui
715 1158 916 1210 amicos
945 1156 1027 1209 sic
1052 1164 1142 1209 aut
1180 1156 1480 1220 instituere,
1512 1166 1603 1210 aut
1647 1156 1845 1224 eligere

252 1249 826 1322 contingit;Arvernis
848 1251 1105 1315 secunda,
1135 1249 1329 1317 quibus
1379 1247 1478 1303 hoc
1520 1248 1572 1301 in
1618 1262 1685 1301 eo
1726 1248 1840 1318 pla-

254 1347 435 1401 cuisse
462 1344 744 1405 confirmo,
792 1340 932 1409 quod
978 1349 1030 1394 te
1062 1340 1318 1409 probasse
1362 1355 1468 1393 non
1496 1339 1740 1409 ambigo;
1768 1340 1843 1393 illi

258 1436 438 1502 tertia,
465 1434 532 1489 de
576 1448 683 1504 quo
711 1432 837 1487 boni
888 1432 1083 1501 quique
1123 1431 1258 1485 bona
1301 1446 1526 1500 qumque
1568 1431 1846 1500 judicave-

260 1538 406 1586 runt.
438 1526 584 1582 Vale.

822 1639 1151 1694 EPISTOLA
1185 1638 1289 1693 VII.

616 1758 863 1811 Sidonius
894 1758 1132 1826 Explicio
1156 1773 1251 1811 suo
1275 1758 1514 1812 salutem.

338 1896 471 1961 Quia
496 1894 699 1964 justitia
744 1901 918 1947 vestra
960 1892 1081 1962 jure
1110 1892 1165 1945 ﬁt
1206 1892 1533 1947 universitati
1573 1907 1665 1962 per
1706 1908 1853 1948 com-

268 1986 423 2059 plura
450 1984 582 2040 recti
612 1985 980 2053 experimenta
1010 1985 1354 2051 venerabilis,
1391 1985 1589 2038 idcirco
1613 1985 1851 2056 singulas

268 2090 512 2147 quasque
540 2089 798 2145 personas
830 2074 881 2128 id
904 2075 1075 2143 ipsum
1115 2074 1470 2145 efflagitantes
1522 2076 1573 2129 in
1626 2092 1851 2130 examen

274 2178 516 2223 vestrum
550 2168 720 2221 libens
747 2177 799 2221 et
837 2167 1023 2221 avidus
1055 2168 1259 2236 emitto,
1304 2170 1693 2237 quamprimum
1741 2186 1856 2223 am-

272 2264 443 2328 biens,
475 2278 561 2317 me
594 2262 963 2326 discussionis,
1000 2262 1119 2315 illos
1151 2262 1439 2316 simultatis
1468 2278 1629 2317 onere
1654 2263 1852 2320 laxari:

272 2356 412 2426 quod
443 2356 653 2410 demum
678 2357 746 2408 ita
772 2366 1049 2425 sequetur,
1081 2355 1127 2408 si
1159 2370 1259 2407 non
1302 2370 1365 2408 ex
1389 2355 1560 2410 solido
1589 2357 1857 2424 querimo-

273 2446 392 2502 nias
440 2427 667 2515 partium
724 2444 1058 2499 verecundus
1116 2460 1317 2499 censor
1375 2446 1481 2518 45
1553 2448 1854 2502 excludas:

275 2554 582 2610 quanquam
614 2539 790 2593 ethoc
822 2538 1012 2606 ipsum,
1040 2540 1176 2607 quod
1200 2538 1407 2606 cupiam
1433 2540 1501 2590 tui
1524 2538 1858 2607 jurgautibus

276 2631 496 2687 difﬁcile
515 2632 785 2698 concedis,
820 2631 1073 2685 indicium
1107 2632 1174 2685 sit
1204 2634 1336 2685 bene
1368 2632 1676 2701 judicaturi.
1728 2633 1858 2699 Quis

279 2722 424 2777 enim
448 2737 508 2776 se
538 2738 640 2775 non
673 2723 873 2776 ambiat
901 2723 1161 2776 arbitrum
1196 2724 1315 2792 legi,
1348 2733 1437 2777 aut
1468 2729 1635 2794 pretio
1662 2726 1858 2794 aliquid

280 2811 610 2877 indulturus,
642 2824 731 2867 aut
757 2815 977 2883 gratim?
1004 2815 1166 2883 Igitur
1196 2816 1411 2884 ignosce
1436 2816 1499 2869 ad
1533 2825 1637 2870 tam
1660 2828 1861 2870 sancta:

281 2906 627 2960 conscientia:
662 2907 1057 2976 prmrogativam
1084 2910 1271 2977 raptim
1305 2908 1695 2979 perniciterque
1734 2926 1858 2980 pro-

282 2998 599 3068 perantibus
650 3014 663 3050 :
707 2998 1134 3068 quandoquidem
1181 3000 1499 3054 sententiam
1550 3012 1714 3069 tuam,
1764 3016 1862 3055 nec

283 3091 455 3146 victus
478 3101 535 3145 ut
559 3091 784 3145 stolidus
807 3102 1053 3156 accusat;
1082 3108 1180 3147 nec
1206 3094 1375 3147 victor
1406 3102 1460 3147 ut
1490 3104 1707 3162 argutus
1738 3093 1861 3148 irri-
1886 3078 1932 3141 C

286 3179 411 3246 det;
438 3182 783 3251 veritatisque
813 3191 1055 3251 respectu
1079 3182 1384 3251 dependunt
1426 3183 1516 3238 tibi
1548 3183 1746 3237 addicti
1774 3200 1861 3239 re~

288 3274 604 3339 verentiam,
635 3276 859 3344 gratiam
891 3275 1120 3330 liberati.
1170 3276 1401 3331 Proinle
1437 3277 1676 3345 impense
1706 3279 1860 3334 obse-

286 3380 408 3432 cro,
456 3376 515 3421 ut
553 3368 688 3421 inter
731 3367 999 3422 Alethium
1042 3377 1096 3422 et
1134 3368 1378 3436 Paulum,
1413 3385 1529 3438 qua:
1560 3370 1779 3425 veniunt
1808 3372 1860 3425 in

288 3462 760 3532 disceptationem,
798 3480 922 3518 mox
972 3477 1030 3519 ut
1080 3467 1327 3535 utrinque
1367 3466 1559 3521 fuerint
1598 3470 1864 3537 opposita,

289 3554 574 3625 discingas.
620 3555 893 3625 Namque,
943 3558 994 3611 ni
1034 3556 1213 3623 fallor,
1258 3572 1414 3627 supra
1462 3539 1867 3628 decemvirales,

292 3648 728 3717 pontiﬁcalesque
774 3649 1065 3704 sententias
1094 3689 1109 3713 ,
1153 3650 1450 3719 aegritudini
1490 3652 1646 3722 hujus
1703 3669 1871 3723 prope

293 3739 705 3796 interminabilis
731 3740 913 3811 jurgii,
944 3741 1056 3796 sola
1082 3757 1289 3797 morum
1322 3752 1533 3798 tuorum
1571 3754 1873 3814 temperan-

292 3831 369 3888 tia
397 3831 837 3901 solitajudicandi
865 3833 1177 3889 salubritate
1206 3834 1577 3889 medicabitur.
1612 3836 1762 3893 Vale.

368 4015 396 4043 ι
420 4004 523 4061 Pro
548 4007 881 4062 Philematia.
923 4006 1163 4063 Priscum
1213 4018 1269 4063 et
1297 4024 1481 4063 verum
1513 4027 1706 4069 nomen
1755 4024 1870 4070 erat

296 4078 712 4135 Philematium:
756 4078 1022 4147 quomodo
1052 4093 1080 4132 a
1119 4079 1354 4134 Luciano
1384 4082 1638 4137 scribitur
1678 4086 1733 4138 in
1763 4084 1874 4143 dia-

298 4148 421 4217 logo
450 4149 750 4203 Charmidis
780 4157 833 4220 et
870 4149 1205 4218 Tryphaenae,
1239 4167 1395 4220 quem
1424 4153 1625 4208 claudit
1647 4155 1727 4209 llis
1756 4170 1877 4211 ver-

300 4220 427 4307 bis:
454 4221 746 4307 Φιλημάτιον
786 4218 839 4275 δὲ
868 4221 1028 4307 π-ολλόξ
1058 4218 1306 4307 χαιρέτὼ.
1341 4222 1498 4307 Dicta
1520 4226 1881 4307 enim_I’hile-

300 4292 523 4364 matiutn
553 4292 956 4364 ὑποκορᾳτικῶς
982 4292 1049 4345 ab
1071 4292 1252 4347 osculo
1281 4310 1292 4344 :
1322 4296 1461 4362 quod
1486 4296 1657 4351 ienuit
1678 4296 1880 4353 Lucre-

304 4360 410 4416 tius
437 4361 526 4415 illo
555 4360 832 4416 versu'lib.
858 4376 910 4414 tv
940 4378 952 4413 :

427 4473 609 4523 Sintula
632 4486 757 4535 conp,
783 4486 838 4522 ac
860 4480 1019 4538 satyra
1045 4482 1138 4537 est,
1162 4476 1347 4526 labiosa
1369 4491 1505 4541 φίλημα
1528 4496 1541 4528 :

306 4582 686 4659 eademforma
708 4598 811 4652 qua
832 4584 1235 4659 Qhelidonimn,
1270 4586 1641 4659 Eustochium,
1688 4588 1884 4659 Glyce-

306 4655 468 4717 rium,
499 4654 803 4715 Musarium,
835 4655 1194 4725 Cymbalium,
1236 4666 1290 4712 et
1335 4658 1433 4711 alia
1484 4673 1576 4711 seu
1632 4654 1771 4713 vera'
1790 4675 1885 4714 seu

306 4725 429 4777 ficta
480 4726 706 4796 nomina
746 4726 1072 4796 mulierum:
1106 4742 1223 4794 qua:
1263 4728 1524 4796 posterior
1556 4739 1685 4783 atlas
1732 4733 1887 4785 aliter

307 4796 538 4858 inflexit,
571 4804 626 4847 ut
656 4794 1353 4869 Philematia.iChelidonia,
1409 4798 1701 4869 eodemque
1728 4802 1888 4855 modo

308 4867 970 4937 cmtcrzeappellarcntur.
997 4867 1101 4920 Sed
1129 4882 1224 4933 pro
1253 4868 1563 4922 Philematia
1595 4867 1886 4937 Filimatia,

276 4943 366 4990 eet
394 4950 487 5003 pro
525 4936 840 5010 Pliilematio
879 4936 1183 5010 Filimatius
1242 4936 1455 5010 tandem
1502 4940 1664 5010 scribi
1705 4936 1887 5010 cmpit,

284 5006 747 5080 gretento‘Grmczn
775 5008 920 5080 v_ocis
941 5021 1095 5073 sono,
1119 5024 1225 5080 non
1249 5008 1625 5080 orthographia
1650 5020 1705 5064 et
1725 5006 1895 5080 quan-

310 5076 488 5130 titate.
521 5077 594 5130 Ita
621 5080 763 5130 enim
792 5078 1091 5131 Filimatius
1115 5079 1168 5131 in
1189 5079 1373 5133 codice
1414 5076 1789 5136 ‘l‘heodosiano
1820 5084 1894 5135 lc—

309 5148 455 5215 gitur
504 5162 695 5219 comes
724 5163 1008 5219 sacrarum
1060 5148 1398 5219 largitionum
1454 5150 1553 5205 sub
1604 5152 1889 5207 Gratiano:

310 5219 441 5293 item
474 5217 921 5293 aptid_§id0tii_ttm
963 5218 1056 5293 libr.
1088 5217 1397 5293 t,'epist.5,
1426 5231 1479 5275 ct
1508 5222 1601 5276 lib.
1635 5239 1686 5287 v,
1734 5224 1892 5293 epist.

314 5286 409 5353 17,
436 5290 538 5361 _ubi
585 5288 832 5342 Filitnatii
881 5292 1082 5361 mentio
1129 5286 1210 5346 est
1242 5291 1480 5361 hujusce,
1514 5286 1724 5361 opinor,
1764 5286 1888 5348 Fili-

312 5358 499 5429 matite
526 5367 725 5413 nostra:
749 5362 938 5429 patris.
970 5360 1086 5415 .Iam
1130 5377 1262 5417 vero
1302 5358 1406 5416 non
1430 5358 1599 5418 soluin
1631 5362 1899 5419 Philema-

311 5427 451 5499 tium
487 5430 628 5498 apud
656 5427 863 5485 veteres
918 5431 1112 5485 femina
1158 5434 1454 5499 dicebatur,
1504 5450 1687 5489 verum
1735 5435 1897 5490 etiam

313 5496 660 5559 Philematio.
711 5500 861 5556 Sicut
888 5504 1028 5557 enim
1077 5503 1327 5558 Venuleia
1376 5496 1777 5572 Philematium,
1824 5507 1901 5560 sic

385 5646 406 5713 τ’
436 5644 629 5713 Deisto
658 5646 856 5713 Abgaro
878 5651 1018 5713 regio
1030 5652 1214 5712 juvene
1236 5647 1372 5713 cujus
1390 5651 1689 5713 epitaphium
1707 5650 1789 5713 hic
1813 5662 1905 5699 ex-

317 5704 461 5763 hibet
483 5704 794 5762 Sirmondu's.
819 5704 1000 5762 videsis
1020 5704 1129 5767 (tua)
1152 5704 1437 5768 coniecerit
1463 5704 1684 5764 eruditus
1707 5711 1907 5767 Frenti-

1906 4382 1961 4441 D

2012 510 2387 565 Maestissimus
2421 511 2536 565 haec
2565 510 2658 566 tibi
2684 513 2891 567 nuntio.
2924 513 3166 569 Decessit
3195 510 3389 570 nudius
3413 522 3524 570 ter-

1945 599 2073 665 tius,
2102 616 2207 655 non
2240 599 2442 667 absque
2466 601 2691 669 justitio,
2728 611 2754 639 ιι
2782 613 3027 658 matrona
3054 603 3340 671 Filimatia,
3364 606 3529 660 mori-

1942 708 2069 763 gera
2097 693 2313 763 conjux,
2336 692 2549 747 domina
2576 693 2837 761 clemens,
2861 695 3008 749 utilis
3044 705 3237 760 mater,
3272 695 3356 765 pia
3386 696 3522 750 ﬁlia:

1944 786 2029 840 cui
2058 785 2305 839 debuerit
2332 785 2476 839 domi
2498 786 2728 854 lorisque
2752 801 2975 853 persona
2999 786 3171 841 minor
3192 787 3525 856 obsequium,

1947 878 2122 945 major
2159 875 2416 940 officium,
2465 876 2685 944 aequalis
2735 876 3006 932 allectum.
3056 877 3183 932 Haec
3220 893 3340 932 cum
3388 886 3530 932 esset

1949 968 2105 1022 unica
2134 968 2337 1037 jamdiu
2387 967 2551 1021 matri
2584 968 2815 1033 amissaa,
2869 970 3023 1023 facile
3060 968 3284 1025 diversis
3329 970 3531 1025 blandi-

1947 1069 2247 1114 mentorum
2286 1059 2569 1129 generibus
2604 1058 2874 1123 ell'ecerat,
2900 1074 2967 1113 ne
2989 1060 3124 1128 patri
3145 1060 3319 1115 adhuc
3342 1059 3529 1129 juveni

1949 1149 2155 1215 sobole,
2182 1164 2340 1203 sexus
2370 1148 2593 1203 alterius
2614 1134 3028 1205 desideraretur.
3059 1148 3208 1205 Nunc
3228 1160 3410 1205 autem
3439 1165 3533 1221 per

1948 1240 2122 1294 subita
2144 1254 2392 1309 suprema
2416 1240 2608 1294 virium
2632 1241 2902 1306 caelibatu,
2927 1251 3132 1310 patrem
3158 1242 3385 1298 orbitate
3405 1258 3533 1299 con-

1951 1331 2108 1389 fodit.
2140 1332 2234 1388 His
2262 1331 2371 1404 46
2398 1333 2630 1400 additur,
2662 1334 2804 1404 quod
2830 1336 3067 1405 quinque
3093 1335 3317 1390 liberum
3341 1351 3533 1407 parens

1951 1424 2239 1480 immaturo
2270 1428 2417 1481 exitu
2436 1426 2679 1503 reddidit
2721 1426 3103 1483 infortunatam
3134 1429 3533 1487 fecunditatem.

1953 1516 2055 1583 Qui
2088 1518 2326 1587 parvuli,
2375 1520 2419 1572 si
2461 1528 2634 1574 matre
2678 1521 2883 1589 sospite
2929 1521 3289 1590 perdidissent
3334 1522 3538 1591 jamdiu

1962 1609 2191 1665 debilem
2226 1620 2451 1679 patrem,
2484 1612 2661 1666 minus
2693 1614 2877 1682 pupilli
2900 1614 3349 1669 existimarentur.
3395 1616 3538 1671 lianc

1883 1705 1932 1764 B
1961 1710 2163 1767 tamen,
2200 1703 2243 1754 si
2292 1702 2410 1771 quis
2472 1702 2612 1756 haud
2655 1704 2923 1758 incassum
2972 1707 3144 1760 honor
3189 1706 3539 1760 cndaveribus

1959 1794 2286 1863 impenditur
2320 1837 2336 1861 ,
2400 1810 2506 1850 non
2558 1797 2911 1865 veSpillonum
2957 1798 3541 1868 sandapilariorumquc

1957 1886 2254 1941 ministeria
2282 1887 2524 1941 ominosa
2552 1889 2921 1946 tumulavere:
2964 1890 3058 1945 sed
3099 1907 3217 1946 cum
3255 1891 3540 1946 Libitinam

1958 1976 2131 2047 ipsam
2174 1980 2365 2034 ﬂentes
2406 1994 2591 2034 omnes
2650 1982 2860 2035 externi
2905 1998 3116 2051 quoque
3164 1984 3539 2050 prensitarent,

1960 2080 2384 2134 remorarentur,
2426 2072 2887 2138 exoscularentur,
2942 2074 3279 2127 sacerdotum
3322 2075 3542 2144 propin-

1958 2179 2289 2233 quorumque
2319 2166 2565 2221 manibus
2591 2177 2838 2236 excepta,
2867 2170 3139 2237 perpetuis
3168 2169 3383 2224 sedibus
3407 2170 3535 2224 dor-

1958 2255 2142 2311 mienti
2171 2257 2395 2311 similior
2416 2257 2558 2311 illata
2588 2268 2689 2311 est.
2723 2259 2849 2313 Post
2873 2274 3011 2327 qua),
3046 2269 3263 2328 precatu
3310 2262 3544 2330 parentis

1961 2348 2153 2417 orbati,
2180 2351 2407 2403 naeniam
2455 2350 2757 2415 fuitebrem,
2800 2365 2905 2405 non
2955 2366 3050 2421 per
3093 2353 3274 2421 elegos
3317 2353 3410 2407 sed
3451 2368 3545 2422 per

1962 2439 2435 2510 hendecasyllabos
2465 2483 2479 2508 ,
2530 2443 2783 2496 marmori
2829 2442 3074 2510 incisam,
3127 2445 3340 2513 planctu
3383 2459 3547 2515 prope

1962 2531 2171 2583 calente
2198 2531 2415 2583 dictavi.
2449 2536 2623 2599 Quam
2652 2536 2695 2586 si
2728 2548 2833 2588 non
2876 2534 3005 2588 satis
3031 2535 3316 2603 improbas,
3342 2535 3549 2589 cazteris

1962 2623 2398 2693 epigrammatum
2455 2642 2695 2681 meorum
2758 2628 3116 2683 voluminibus
3179 2630 3548 2699 applicandam

1962 2718 2327 2773 mercenarius
2360 2719 2645 2788 bibliopola
2673 2721 2950 2788 suscipiet.
2985 2722 3041 2775 Si
3074 2722 3197 2791 quid
3228 2737 3409 2789 secus,
3438 2723 3547 2778 suf-

1966 2808 2077 2861 fit-it
2106 2823 2235 2863 saxo
2256 2824 2474 2866 carmen
2505 2825 2721 2865 saxeum
2771 2812 3054 2866 contineri.
3096 2811 3209 2865 IIoc
3254 2813 3395 2866 enim
3438 2813 3550 2883 epi-

1966 2902 2205 2971 taphium
2240 2912 2340 2957 est.

2090 2993 2272 3057 Qccasu
2290 2994 2442 3041 celeri
2464 2993 2668 3056 feroque
2689 3000 2874 3057 raptam

2087 3054 2223 3118 Natis
2244 3057 2480 3117 quinque,
2506 3054 2755 3118 patrique,
2773 3058 3084 3118 conjugiqne,

2088 3117 2193 3165 Hoc
2217 3118 2380 3166 ﬂentis
2402 3122 2570 3176 patrite
2591 3117 2760 3167 manus
2782 3117 2998 3167 locarunt

2091 3177 2355 3242 hiatronam
2386 3178 2712 3227 Philitnatiam
2737 3180 2975 3242 sepulcro.

2097 3240 2137 3301 ς)
2164 3240 2391 3301 Splendor
2422 3243 2640 3301 generis,
2662 3240 2814 3290 decus
2836 3243 2994 3291 mariti
3017 3281 3027 3291 .

2100 3299 2346 3367 Prudens,
2360 3299 2519 3367 AcaSta,
2539 3299 2739 3367 decens,
2759 3316 2949 3364 severa,
2972 3304 3144 3367 dulcis,

2099 3363 2260 3427 {itque
2281 3365 2394 3427 ipsis
2416 3365 2694 3415 senioribus
2714 3363 2966 3427 sequenda
2987 3379 2999 3415 :

2098 3422 2429 3489 Iliscordatitia
2452 3438 2560 3488 quas
2580 3428 2741 3476 solent
2764 3422 2940 3489 putari,

2100 3485 2283 3551 Merum
2306 3485 2645 3538 commoditate
2665 3485 2917 3551 copulasti.

2096 3546 2215 3614 piam
2249 3550 2360 3597 vitae
2384 3552 2586 3599 comites
2625 3546 2763 3614 bona:
2789 3552 3007 3614 fuerunt,

2097 3607 2323 3674 Libertas
2352 3615 2530 3671 gravis,
2551 3620 2595 3661 et
2618 3612 2771 3674 pudor
2792 3612 2993 3663 facetus.

2099 3670 2225 3734 Illuc
2246 3679 2323 3720 est
2356 3670 2483 3734 quod
2507 3670 2745 3723 decimam
2778 3681 2875 3723 tum
2894 3676 3037 3725 saluti

2102 3731 2193 3779 Vix
2221 3731 2384 3781 actam'
2398 3736 2703 3783 trieteridem
2736 3736 2973 3795 dolemus,

2102 3795 2263 3866 fitque
2295 3796 2350 3866 in
2370 3798 2676 3866 temporibus
2701 3799 2907 3866 vigentis
2930 3798 3039 3857 mvi,

2104 3853 2134 3893 b
2161 3853 2343 3917 lnjuste
2368 3858 2453 3906 tibi
2473 3853 2601 3917 justa
2624 3853 2883 3921 persoluta.

1980 4019 2130 4075 Aelia
2171 4021 2291 4099 30
2324 4023 2636 4099 Pliilematio
2677 4026 2731 4099 i_n
2775 4025 3007 4099 antiquis
3039 4024 3298 4099 lapidibus
3355 4030 3555 4099 reperi-

1981 4099 2084 4159 tur,
2112 4101 2164 4146 et
2190 4094 2323 4147 ‘l‘ttia
2356 4095 2667 4150 l’hiletnatio
2689 4095 2739 4149 in
2774 4096 2874 4152 hoc
2906 4094 3198 4166 Uceciensi,

2679 4167 2858 4222 'I‘I'I‘IA

2565 4237 2985 4295 PHILEMATIO

2615 4310 2777 4363 VIVA
2815 4310 2938 4366 SIBI

2518 4380 2607 4435 ET
2635 4381 2783 4437 SUIS
2811 4380 3032 4435 FECIT.

1993 4468 2277 4541 Utriusque
2316 4481 2493 4531 autem
2525 4473 3056 4546 exemplumexstat
3085 4473 3135 4546 in
3172 4473 3341 4529 altero
3388 4476 3565 4546 lapide

1989 4551 2318 4614 pervetustn,
2346 4552 2527 4598 nostra
2554 4546 2810 4598 memoria
2842 4544 2893 4597 in
2918 4546 3045 4598 urbe
3075 4544 3139 4599 ad
3173 4555 3379 4614 portam
3417 4544 3566 4603 Sala-

1988 4612 2123 4686 riam
2152 4612 2345 4686 cﬂ'osso
2378 4631 2390 4667 :
2418 4616 2467 4668 in
2492 4630 2595 4685 quo
2618 4614 2885 4686 exsculpti
2909 4625 3033 4669 sunt
3056 4615 3160 4669 duo
3174 4612 3434 4686 iconjuges
3453 4620 3567 4672 col-

1989 4682 2651 4758 liberti,ctsubAutraque
2672 4682 2849 4753 effigie
2892 4686 3099 4758 singula
3135 4682 3400 4758 epitaphia
3452 4688 3568 4743 rudi

1990 4766 2160 4823 opere
2189 4756 2375 4809 inrisa.
2407 4755 2676 4809 Muliebris
2708 4765 2884 4809 autem
2918 4756 3019 4810 hoc
3047 4766 3128 4810 est
3159 4755 3382 4825 initium,

2394 4886 2619 4925 AURELIA
2652 4887 2700 4925 ι..
2736 4887 2787 4924 L.
2822 4886 3167 4927 PHILEMATIO.

2118 4980 2237 5046 Viva
2264 4981 2586 5046 l'hilematum
2610 4996 2717 5046 sum
2738 4982 2934 5031 Aurelia
2959 4996 3022 5046 no
3042 4980 3262 5046 ttiuitata,

2178 5045 2333 5103 Casta,
2360 5045 2564 5106 pudens,
2590 5045 2753 5105 volgei
2778 5047 2961 5107 nescia,
2988 5044 3114 5095 felda
3141 5044 3262 5095 viro.

2069 5147 2572 5220 #Communislnec
2610 5150 2939 5220 querimonia
2984 5150 3035 5205 in
3077 5158 3250 5205 morte
3296 5150 3576 5209 immatura

2000 5219 2241 5296 sublatis.
2276 5220 2428 5296 Ilinc‘
2450 5221 2535 5275 illa
2565 5219 2876 5296 infantiquis
2917 5222 3295 5296 monumentis,
3328 5221 3576 5296 Πριην-

2002 5292 2288 5363 dicantibus
2337 5292 2456 5360 fatis
2479 5332 2493 5357 ,
2543 5305 2592 5345 et
2618 5332 2633 5356 ,
2682 5290 2899 5345 Sublata
2928 5301 3001 5346 est
3029 5293 3189 5347 oculis
3216 5297 3323 5363 fato
3353 5290 3577 5349 dicttinte

2002 5361 2198 5446 iniquo.-
2220 5363 2439 5443 Elegans
2473 5365 2522 5446 in
2552 5362 2657 5446 hoc
2685 5378 2881 5446 genere
2904 5367 2929 5445 _'
2955 5364 3154 5446 Abgari
3196 5361 3348 5446 regii
3369 5365 3577 5446 juvenis

2004 5432 2353 5499 epitaphium,
2380 5436 2518 5503 quod
2552 5432 2732 5487 ltomz‘e
2764 5436 2947 5503 paucis
2992 5432 3189 5489 abhinc
3228 5432 3383 5491 annis
3405 5435 3470 5489 ad
3513 5436 3575 5488 Ι).

2006 5503 2150 5556 I'auli
2184 5503 2453 5558 basilicam
2496 5514 2704 5559 erutum
2745 5506 3100 5572 meminimus,
3139 5507 3457 5577 dignumque
3494 5506 3579 5559 vi-

2006 5656 2121 5693 scus
2140 5643 2299 5692 VVise
2318 5644 2365 5693 in
2383 5645 2586 5707 epistola
2609 5644 2667 5691 ad
2693 5645 2750 5693 V.
2772 5644 2823 5693 C.
2840 5644 3075 5694 Joannem
3095 5644 3281 5694 Masson
3299 5641 3365 5692 de
3385 5654 3586 5694 nummo

2016 5708 2190 5767 Abgari
2212 5708 2364 5766 regis,
2400 5707 2529 5758 edita
2552 5708 2752 5758 Oxonite
2779 5707 2915 5767 1756,
2943 5720 3054 5768 pag.
3075 5707 3153 5755 21.
