  <div class='ocr_page' id='page_1' title='image "/cluster/home/n/w/nwhite01/storage/ocr_20150623/58/hvd.32044073505240/275.png"; bbox 0 0 4078 6348; ppageno 0'>
   <div class='ocr_carea' id='block_1_1' title="bbox 424 290 533 347">
    <p class='ocr_par' dir='ltr' id='par_1_1' title="bbox 424 290 533 347">
     <span class='ocr_line' id='line_1_1' title="bbox 424 290 533 347; baseline 0 -1"><span class='ocrx_word' id='word_1_1' title='bbox 424 290 533 347; x_wconf 69' lang='grc'><strong>485</strong></span> 
     </span>
    </p>
   </div>
   <div class='ocr_carea' id='block_1_2' title="bbox 1698 275 2429 336">
    <p class='ocr_par' dir='ltr' id='par_1_2' title="bbox 1698 275 2429 336">
     <span class='ocr_line' id='line_1_2' title="bbox 1698 275 2429 336; baseline -0.001 -1"><span class='ocrx_word' id='word_1_2' title='bbox 1698 278 1939 336; x_wconf 71' lang='grc' dir='ltr'><strong>δωΟΝῐΙ</strong></span> <span class='ocrx_word' id='word_1_3' title='bbox 1981 275 2429 335; x_wconf 75' lang='lat' dir='ltr'><strong>APOLLINARIS</strong></span> 
     </span>
    </p>
   </div>
   <div class='ocr_carea' id='block_1_3' title="bbox 3588 270 3699 331">
    <p class='ocr_par' dir='ltr' id='par_1_3' title="bbox 3588 270 3699 331">
     <span class='ocr_line' id='line_1_3' title="bbox 3588 270 3699 331; baseline 0 0"><span class='ocrx_word' id='word_1_4' title='bbox 3588 270 3699 331; x_wconf 64' lang='grc' dir='ltr'><strong>ιω</strong></span> 
     </span>
    </p>
   </div>
   <div class='ocr_carea' id='block_1_4' title="bbox 425 382 3697 477">
    <p class='ocr_par' dir='ltr' id='par_1_4' title="bbox 425 382 3697 477">
     <span class='ocr_line' id='line_1_4' title="bbox 425 382 3697 477; baseline -0.006 -20"><span class='ocrx_word' id='word_1_5' title='bbox 425 404 526 477; x_wconf 60' lang='grc'><strong>47</strong></span> <span class='ocrx_word' id='word_1_6' title='bbox 568 401 781 456; x_wconf 87' lang='lat' dir='ltr'><strong>Placeat</strong></span> <span class='ocrx_word' id='word_1_7' title='bbox 812 400 905 455; x_wconf 86' lang='lat' dir='ltr'><strong>tibi</strong></span> <span class='ocrx_word' id='word_1_8' title='bbox 934 410 1150 456; x_wconf 81' lang='lat' dir='ltr'><strong>carmen</strong></span> <span class='ocrx_word' id='word_1_9' title='bbox 1195 406 1295 451; x_wconf 88' lang='lat' dir='ltr'><strong>nec</strong></span> <span class='ocrx_word' id='word_1_10' title='bbox 1323 408 1412 465; x_wconf 87' lang='lat' dir='ltr'><strong>ne,</strong></span> <span class='ocrx_word' id='word_1_11' title='bbox 1453 399 1509 447; x_wconf 91' lang='lat' dir='ltr'><strong>tu</strong></span> <span class='ocrx_word' id='word_1_12' title='bbox 1541 390 1803 463; x_wconf 86' lang='lat' dir='ltr'><strong>propera,‘</strong></span> <span class='ocrx_word' id='word_1_13' title='bbox 1823 391 2009 446; x_wconf 88' lang='lat' dir='ltr'><strong>civita-</strong></span> <span class='ocrx_word' id='word_1_14' title='bbox 2037 394 2089 455; x_wconf 72' lang='grc' dir='ltr'><strong>Α</strong></span> <span class='ocrx_word' id='word_1_15' title='bbox 2113 396 2200 446; x_wconf 80' lang='lat' dir='ltr'><strong>rat</strong></span> <span class='ocrx_word' id='word_1_16' title='bbox 2223 404 2287 445; x_wconf 80' lang='lat' dir='ltr'><strong>ex</strong></span> <span class='ocrx_word' id='word_1_17' title='bbox 2315 402 2468 460; x_wconf 86' lang='lat' dir='ltr'><strong>aequo</strong></span> <span class='ocrx_word' id='word_1_18' title='bbox 2498 385 2746 443; x_wconf 83' lang='lat' dir='ltr'><strong>divisioni</strong></span> <span class='ocrx_word' id='word_1_19' title='bbox 2774 383 2980 441; x_wconf 86' lang='lat' dir='ltr'><strong>lancem</strong></span> <span class='ocrx_word' id='word_1_20' title='bbox 3007 399 3206 477; x_wconf 74' lang='lat' dir='ltr'><strong>ponere</strong></span> <span class='ocrx_word' id='word_1_21' title='bbox 3247 382 3593 477; x_wconf 67' lang='lat' dir='ltr'><strong>vicissitudo,</strong></span> <span class='ocrx_word' id='word_1_22' title='bbox 3630 384 3697 440; x_wconf 84' lang='lat' dir='ltr'><strong>li-</strong></span> 
     </span>
    </p>
   </div>
   <div class='ocr_carea' id='block_1_5' title="bbox 424 483 2000 565">
    <p class='ocr_par' dir='ltr' id='par_1_5' title="bbox 424 483 2000 565">
     <span class='ocr_line' id='line_1_5' title="bbox 424 483 2000 565; baseline -0.009 -13"><span class='ocrx_word' id='word_1_23' title='bbox 424 505 641 565; x_wconf 88' lang='lat' dir='ltr'><strong>temque</strong></span> <span class='ocrx_word' id='word_1_24' title='bbox 690 493 913 549; x_wconf 88' lang='lat' dir='ltr'><strong>festinus</strong></span> <span class='ocrx_word' id='word_1_25' title='bbox 966 491 1157 545; x_wconf 81' lang='lat' dir='ltr'><strong>invise.</strong></span> <span class='ocrx_word' id='word_1_26' title='bbox 1199 486 1372 543; x_wconf 81' lang='lat' dir='ltr'><strong>Debes</strong></span> <span class='ocrx_word' id='word_1_27' title='bbox 1424 486 1566 542; x_wconf 86' lang='lat' dir='ltr'><strong>enim</strong></span> <span class='ocrx_word' id='word_1_28' title='bbox 1618 483 2000 539; x_wconf 75' lang='lat' dir='ltr'><strong>consolationis</strong></span> 
     </span>
    </p>
   </div>
   <div class='ocr_carea' id='block_1_6' title="bbox 426 574 1999 645">
    <p class='ocr_par' dir='ltr' id='par_1_6' title="bbox 426 574 1999 645">
     <span class='ocr_line' id='line_1_6' title="bbox 426 574 1999 645; baseline -0.009 -1"><span class='ocrx_word' id='word_1_29' title='bbox 426 587 661 645; x_wconf 89' lang='lat' dir='ltr'><strong>ofﬁcium</strong></span> <span class='ocrx_word' id='word_1_30' title='bbox 692 586 918 640; x_wconf 90' lang='lat' dir='ltr'><strong>duorum</strong></span> <span class='ocrx_word' id='word_1_31' title='bbox 941 583 1132 638; x_wconf 82' lang='lat' dir='ltr'><strong>civium</strong></span> <span class='ocrx_word' id='word_1_32' title='bbox 1175 580 1420 636; x_wconf 73' lang='lat' dir='ltr'><strong>domibus</strong></span> <span class='ocrx_word' id='word_1_33' title='bbox 1471 576 1700 634; x_wconf 76' lang='lat' dir='ltr'><strong>afflictis.</strong></span> <span class='ocrx_word' id='word_1_34' title='bbox 1744 574 1897 645; x_wconf 86' lang='lat' dir='ltr'><strong>Quod</strong></span> <span class='ocrx_word' id='word_1_35' title='bbox 1928 576 1999 631; x_wconf 89' lang='lat' dir='ltr'><strong>ita</strong></span> 
     </span>
    </p>
   </div>
   <div class='ocr_carea' id='block_1_7' title="bbox 427 668 1923 748">
    <p class='ocr_par' dir='ltr' id='par_1_7' title="bbox 427 668 1923 748">
     <span class='ocr_line' id='line_1_7' title="bbox 427 668 1923 748; baseline -0.009 -12"><span class='ocrx_word' id='word_1_36' title='bbox 427 682 623 748; x_wconf 76' lang='lat' dir='ltr'><strong>solvas,</strong></span> <span class='ocrx_word' id='word_1_37' title='bbox 657 679 819 734; x_wconf 90' lang='lat' dir='ltr'><strong>Deum</strong></span> <span class='ocrx_word' id='word_1_38' title='bbox 847 688 1049 746; x_wconf 79' lang='lat' dir='ltr'><strong>quaeso,</strong></span> <span class='ocrx_word' id='word_1_39' title='bbox 1083 688 1152 730; x_wconf 91' lang='lat' dir='ltr'><strong>ne</strong></span> <span class='ocrx_word' id='word_1_40' title='bbox 1184 686 1414 743; x_wconf 78' lang='lat' dir='ltr'><strong>unquam</strong></span> <span class='ocrx_word' id='word_1_41' title='bbox 1438 668 1534 727; x_wconf 88' lang='lat' dir='ltr'><strong>tibi</strong></span> <span class='ocrx_word' id='word_1_42' title='bbox 1561 669 1923 727; x_wconf 81' lang='lat' dir='ltr'><strong>redhibeatur.</strong></span> 
     </span>
    </p>
   </div>
   <div class='ocr_carea' id='block_1_8' title="bbox 882 800 1441 869">
    <p class='ocr_par' dir='ltr' id='par_1_8' title="bbox 882 800 1441 869">
     <span class='ocr_line' id='line_1_8' title="bbox 882 800 1441 869; baseline -0.009 1"><span class='ocrx_word' id='word_1_43' title='bbox 882 800 883 803; x_wconf 57' lang='lat'>‘</span> <span class='ocrx_word' id='word_1_44' title='bbox 971 809 1308 869; x_wconf 82' lang='lat' dir='ltr'><strong>EPISTOLA</strong></span> <span class='ocrx_word' id='word_1_45' title='bbox 1347 809 1441 867; x_wconf 73' lang='lat' dir='ltr'><strong>1x.</strong></span> 
     </span>
    </p>
   </div>
   <div class='ocr_carea' id='block_1_9' title="bbox 734 922 1694 983">
    <p class='ocr_par' dir='ltr' id='par_1_9' title="bbox 734 922 1694 983">
     <span class='ocr_line' id='line_1_9' title="bbox 734 922 1694 983; baseline -0.007 0"><span class='ocrx_word' id='word_1_46' title='bbox 734 926 982 983; x_wconf 81' lang='lat' dir='ltr'><strong>Sidonius</strong></span> <span class='ocrx_word' id='word_1_47' title='bbox 1004 934 1030 962; x_wconf 76' lang='grc' dir='ltr'>ει</span> <span class='ocrx_word' id='word_1_48' title='bbox 1057 924 1285 979; x_wconf 73' lang='lat' dir='ltr'><strong>Donidio</strong></span> <span class='ocrx_word' id='word_1_49' title='bbox 1326 939 1418 977; x_wconf 72' lang='lat' dir='ltr'><strong>suo</strong></span> <span class='ocrx_word' id='word_1_50' title='bbox 1457 922 1694 977; x_wconf 83' lang='lat' dir='ltr'><strong>salutem.</strong></span> 
     </span>
    </p>
   </div>
   <div class='ocr_carea' id='block_1_10' title="bbox 495 1031 2005 1110">
    <p class='ocr_par' dir='ltr' id='par_1_10' title="bbox 495 1031 2005 1110">
     <span class='ocr_line' id='line_1_10' title="bbox 495 1031 2005 1110; baseline -0.008 -13"><span class='ocrx_word' id='word_1_51' title='bbox 495 1040 703 1110; x_wconf 78' lang='lat' dir='ltr'><strong>Quaeris</strong></span> <span class='ocrx_word' id='word_1_52' title='bbox 743 1052 840 1095; x_wconf 92' lang='lat' dir='ltr'><strong>cur</strong></span> <span class='ocrx_word' id='word_1_53' title='bbox 863 1039 977 1108; x_wconf 87' lang='lat' dir='ltr'><strong>ipse</strong></span> <span class='ocrx_word' id='word_1_54' title='bbox 1002 1037 1109 1107; x_wconf 87' lang='lat' dir='ltr'><strong>jam</strong></span> <span class='ocrx_word' id='word_1_55' title='bbox 1138 1035 1342 1108; x_wconf 84' lang='lat' dir='ltr'><strong>pridem</strong></span> <span class='ocrx_word' id='word_1_56' title='bbox 1384 1034 1704 1090; x_wconf 81' lang='lat' dir='ltr'><strong>Nemausum</strong></span> <span class='ocrx_word' id='word_1_57' title='bbox 1732 1031 2005 1103; x_wconf 87' lang='lat' dir='ltr'><strong>profectus</strong></span> 
     </span>
    </p>
   </div>
   <div class='ocr_carea' id='block_1_11' title="bbox 428 1119 2005 1195">
    <p class='ocr_par' dir='ltr' id='par_1_11' title="bbox 428 1119 2005 1195">
     <span class='ocr_line' id='line_1_11' title="bbox 428 1119 2005 1195; baseline -0.01 -5"><span class='ocrx_word' id='word_1_58' title='bbox 428 1140 605 1190; x_wconf 86' lang='lat' dir='ltr'><strong>vestra</strong></span> <span class='ocrx_word' id='word_1_59' title='bbox 626 1144 803 1187; x_wconf 89' lang='lat' dir='ltr'><strong>serum</strong></span> <span class='ocrx_word' id='word_1_60' title='bbox 821 1130 890 1185; x_wconf 92' lang='lat' dir='ltr'><strong>ob</strong></span> <span class='ocrx_word' id='word_1_61' title='bbox 903 1128 1185 1183; x_wconf 77' lang='lat' dir='ltr'><strong>adventum</strong></span> <span class='ocrx_word' id='word_1_62' title='bbox 1204 1125 1469 1182; x_wconf 88' lang='lat' dir='ltr'><strong>desideria</strong></span> <span class='ocrx_word' id='word_1_63' title='bbox 1489 1123 1800 1195; x_wconf 87' lang='lat' dir='ltr'><strong>producam.</strong></span> <span class='ocrx_word' id='word_1_64' title='bbox 1822 1119 2005 1177; x_wconf 80' lang='lat' dir='ltr'><strong>Reddo</strong></span> 
     </span>
    </p>
   </div>
   <div class='ocr_carea' id='block_1_12' title="bbox 429 1213 2006 1286">
    <p class='ocr_par' dir='ltr' id='par_1_12' title="bbox 429 1213 2006 1286">
     <span class='ocr_line' id='line_1_12' title="bbox 429 1213 2006 1286; baseline -0.008 -5"><span class='ocrx_word' id='word_1_65' title='bbox 429 1238 619 1281; x_wconf 84' lang='lat' dir='ltr'><strong>causas</strong></span> <span class='ocrx_word' id='word_1_66' title='bbox 658 1222 864 1279; x_wconf 89' lang='lat' dir='ltr'><strong>reditus</strong></span> <span class='ocrx_word' id='word_1_67' title='bbox 911 1220 1160 1275; x_wconf 87' lang='lat' dir='ltr'><strong>tardioris</strong></span> <span class='ocrx_word' id='word_1_68' title='bbox 1183 1261 1196 1285; x_wconf 93' lang='lat'><strong>,</strong></span> <span class='ocrx_word' id='word_1_69' title='bbox 1246 1233 1346 1274; x_wconf 88' lang='lat' dir='ltr'><strong>nec</strong></span> <span class='ocrx_word' id='word_1_70' title='bbox 1379 1231 1558 1273; x_wconf 90' lang='lat' dir='ltr'><strong>moras</strong></span> <span class='ocrx_word' id='word_1_71' title='bbox 1587 1228 1735 1273; x_wconf 89' lang='lat' dir='ltr'><strong>meas</strong></span> <span class='ocrx_word' id='word_1_72' title='bbox 1776 1213 2006 1286; x_wconf 87' lang='lat' dir='ltr'><strong>prodere</strong></span> 
     </span>
    </p>
   </div>
   <div class='ocr_carea' id='block_1_13' title="bbox 429 1306 2008 1385">
    <p class='ocr_par' dir='ltr' id='par_1_13' title="bbox 429 1306 2008 1385">
     <span class='ocr_line' id='line_1_13' title="bbox 429 1306 2008 1385; baseline -0.007 -12"><span class='ocrx_word' id='word_1_73' title='bbox 429 1330 630 1383; x_wconf 89' lang='lat' dir='ltr'><strong>moror,</strong></span> <span class='ocrx_word' id='word_1_74' title='bbox 673 1315 793 1385; x_wconf 87' lang='lat' dir='ltr'><strong>quia</strong></span> <span class='ocrx_word' id='word_1_75' title='bbox 818 1329 935 1384; x_wconf 76' lang='lat' dir='ltr'><strong>qua:</strong></span> <span class='ocrx_word' id='word_1_76' title='bbox 957 1312 1089 1367; x_wconf 88' lang='lat' dir='ltr'><strong>mihi</strong></span> <span class='ocrx_word' id='word_1_77' title='bbox 1110 1312 1284 1367; x_wconf 90' lang='lat' dir='ltr'><strong>dulcia</strong></span> <span class='ocrx_word' id='word_1_78' title='bbox 1316 1320 1457 1373; x_wconf 81' lang='lat' dir='ltr'><strong>sunt.</strong></span> <span class='ocrx_word' id='word_1_79' title='bbox 1482 1311 1577 1365; x_wconf 89' lang='lat' dir='ltr'><strong>tibi</strong></span> <span class='ocrx_word' id='word_1_80' title='bbox 1602 1324 1834 1380; x_wconf 91' lang='lat' dir='ltr'><strong>quoque.</strong></span> <span class='ocrx_word' id='word_1_81' title='bbox 1865 1306 2008 1363; x_wconf 88' lang='lat' dir='ltr'><strong>Inter</strong></span> 
     </span>
    </p>
   </div>
   <div class='ocr_carea' id='block_1_14' title="bbox 430 1400 2008 1479">
    <p class='ocr_par' dir='ltr' id='par_1_14' title="bbox 430 1400 2008 1479">
     <span class='ocr_line' id='line_1_14' title="bbox 430 1400 2008 1479; baseline -0.005 -16"><span class='ocrx_word' id='word_1_82' title='bbox 430 1422 586 1479; x_wconf 80' lang='lat' dir='ltr'><strong>agros</strong></span> <span class='ocrx_word' id='word_1_83' title='bbox 632 1403 1065 1470; x_wconf 67' lang='lat' dir='ltr'><strong>amoenissimos,</strong></span> <span class='ocrx_word' id='word_1_84' title='bbox 1122 1402 1261 1474; x_wconf 88' lang='lat' dir='ltr'><strong>apud</strong></span> <span class='ocrx_word' id='word_1_85' title='bbox 1310 1401 1724 1458; x_wconf 85' lang='lat' dir='ltr'><strong>humanissimos</strong></span> <span class='ocrx_word' id='word_1_86' title='bbox 1764 1400 2008 1457; x_wconf 91' lang='lat' dir='ltr'><strong>dominos</strong></span> 
     </span>
    </p>
   </div>
   <div class='ocr_carea' id='block_1_15' title="bbox 431 1492 2006 1565">
    <p class='ocr_par' dir='ltr' id='par_1_15' title="bbox 431 1492 2006 1565">
     <span class='ocr_line' id='line_1_15' title="bbox 431 1492 2006 1565; baseline -0.005 -11"><span class='ocrx_word' id='word_1_87' title='bbox 431 1497 740 1554; x_wconf 85' lang='lat' dir='ltr'><strong>Ferreolum</strong></span> <span class='ocrx_word' id='word_1_88' title='bbox 774 1506 830 1551; x_wconf 89' lang='lat' dir='ltr'><strong>et</strong></span> <span class='ocrx_word' id='word_1_89' title='bbox 854 1494 1215 1564; x_wconf 84' lang='lat' dir='ltr'><strong>Apollinarem</strong></span> <span class='ocrx_word' id='word_1_90' title='bbox 1240 1502 1451 1565; x_wconf 86' lang='lat' dir='ltr'><strong>tempus</strong></span> <span class='ocrx_word' id='word_1_91' title='bbox 1479 1492 2006 1565; x_wconf 70' lang='lat' dir='ltr'><strong>voluptuosissimum</strong></span> 
     </span>
    </p>
   </div>
   <div class='ocr_carea' id='block_1_16' title="bbox 430 1583 2011 1665">
    <p class='ocr_par' dir='ltr' id='par_1_16' title="bbox 430 1583 2011 1665">
     <span class='ocr_line' id='line_1_16' title="bbox 430 1583 2011 1665; baseline -0.006 -20"><span class='ocrx_word' id='word_1_92' title='bbox 430 1589 601 1659; x_wconf 76' lang='lat' dir='ltr'><strong>exegi.</strong></span> <span class='ocrx_word' id='word_1_93' title='bbox 633 1587 957 1665; x_wconf 73' lang='lat' dir='ltr'><strong>Prtediorum</strong></span> <span class='ocrx_word' id='word_1_94' title='bbox 984 1588 1048 1641; x_wconf 92' lang='lat' dir='ltr'><strong>iis</strong></span> <span class='ocrx_word' id='word_1_95' title='bbox 1080 1587 1198 1655; x_wconf 82' lang='lat' dir='ltr'><strong>jura</strong></span> <span class='ocrx_word' id='word_1_96' title='bbox 1223 1586 1579 1653; x_wconf 86' lang='lat' dir='ltr'><strong>contermina,</strong></span> <span class='ocrx_word' id='word_1_97' title='bbox 1623 1584 1890 1639; x_wconf 91' lang='lat' dir='ltr'><strong>domicilia</strong></span> <span class='ocrx_word' id='word_1_98' title='bbox 1928 1583 2011 1637; x_wconf 86' lang='lat' dir='ltr'><strong>vi-</strong></span> 
     </span>
    </p>
   </div>
   <div class='ocr_carea' id='block_1_17' title="bbox 432 1674 2009 1751">
    <p class='ocr_par' dir='ltr' id='par_1_17' title="bbox 432 1674 2009 1751">
     <span class='ocr_line' id='line_1_17' title="bbox 432 1674 2009 1751; baseline -0.004 -15"><span class='ocrx_word' id='word_1_99' title='bbox 432 1682 572 1750; x_wconf 85' lang='lat' dir='ltr'><strong>cina,</strong></span> <span class='ocrx_word' id='word_1_100' title='bbox 597 1680 787 1751; x_wconf 81' lang='lat' dir='ltr'><strong>quibus</strong></span> <span class='ocrx_word' id='word_1_101' title='bbox 806 1678 833 1718; x_wconf 66' lang='grc' dir='ltr'>ιυ</span> <span class='ocrx_word' id='word_1_102' title='bbox 866 1678 1140 1748; x_wconf 85' lang='lat' dir='ltr'><strong>interjecta</strong></span> <span class='ocrx_word' id='word_1_103' title='bbox 1167 1677 1397 1749; x_wconf 78' lang='lat' dir='ltr'><strong>gestatio</strong></span> <span class='ocrx_word' id='word_1_104' title='bbox 1426 1678 1590 1732; x_wconf 87' lang='lat' dir='ltr'><strong>lassat</strong></span> <span class='ocrx_word' id='word_1_105' title='bbox 1624 1674 1879 1745; x_wconf 87' lang='lat' dir='ltr'><strong>peditem,</strong></span> <span class='ocrx_word' id='word_1_106' title='bbox 1910 1687 2009 1729; x_wconf 93' lang='lat' dir='ltr'><strong>nec</strong></span> 
     </span>
    </p>
   </div>
   <div class='ocr_carea' id='block_1_18' title="bbox 2106 474 3696 544">
    <p class='ocr_par' dir='ltr' id='par_1_18' title="bbox 2106 474 3696 544">
     <span class='ocr_line' id='line_1_18' title="bbox 2106 474 3696 544; baseline -0.004 -6"><span class='ocrx_word' id='word_1_107' title='bbox 2106 489 2193 538; x_wconf 88' lang='lat' dir='ltr'><strong>cet</strong></span> <span class='ocrx_word' id='word_1_108' title='bbox 2240 481 2330 536; x_wconf 90' lang='lat' dir='ltr'><strong>uni</strong></span> <span class='ocrx_word' id='word_1_109' title='bbox 2377 480 2554 535; x_wconf 89' lang='lat' dir='ltr'><strong>domui</strong></span> <span class='ocrx_word' id='word_1_110' title='bbox 2610 494 2842 544; x_wconf 91' lang='lat' dir='ltr'><strong>mecum,</strong></span> <span class='ocrx_word' id='word_1_111' title='bbox 2873 476 3027 531; x_wconf 85' lang='lat' dir='ltr'><strong>alteri</strong></span> <span class='ocrx_word' id='word_1_112' title='bbox 3074 491 3195 531; x_wconf 92' lang='lat' dir='ltr'><strong>cum</strong></span> <span class='ocrx_word' id='word_1_113' title='bbox 3239 475 3373 531; x_wconf 88' lang='lat' dir='ltr'><strong>meis</strong></span> <span class='ocrx_word' id='word_1_114' title='bbox 3418 474 3696 531; x_wconf 75' lang='lat' dir='ltr'><strong>vinculum</strong></span> 
     </span>
    </p>
   </div>
   <div class='ocr_carea' id='block_1_19' title="bbox 2102 570 3695 644">
    <p class='ocr_par' dir='ltr' id='par_1_19' title="bbox 2102 570 3695 644">
     <span class='ocr_line' id='line_1_19' title="bbox 2102 570 3695 644; baseline -0.001 -15"><span class='ocrx_word' id='word_1_115' title='bbox 2102 574 2241 630; x_wconf 82' lang='lat' dir='ltr'><strong>foret</strong></span> <span class='ocrx_word' id='word_1_116' title='bbox 2263 574 2669 644; x_wconf 90' lang='lat' dir='ltr'><strong>propinquitatis</strong></span> <span class='ocrx_word' id='word_1_117' title='bbox 2693 591 2705 627; x_wconf 85' lang='lat'><strong>:</strong></span> <span class='ocrx_word' id='word_1_118' title='bbox 2737 573 2856 644; x_wconf 88' lang='lat' dir='ltr'><strong>quia</strong></span> <span class='ocrx_word' id='word_1_119' title='bbox 2882 572 3155 637; x_wconf 85' lang='lat' dir='ltr'><strong>Ferreolo,</strong></span> <span class='ocrx_word' id='word_1_120' title='bbox 3183 570 3524 641; x_wconf 58' lang='lat' dir='ltr'><strong>praefectorio</strong></span> <span class='ocrx_word' id='word_1_121' title='bbox 3552 572 3695 640; x_wconf 88' lang='lat' dir='ltr'><strong>viro,</strong></span> 
     </span>
    </p>
   </div>
   <div class='ocr_carea' id='block_1_20' title="bbox 2102 663 3696 737">
    <p class='ocr_par' dir='ltr' id='par_1_20' title="bbox 2102 663 3696 737">
     <span class='ocr_line' id='line_1_20' title="bbox 2102 663 3696 737; baseline 0 -16"><span class='ocrx_word' id='word_1_122' title='bbox 2102 677 2302 737; x_wconf 72' lang='lat' dir='ltr'><strong>praeter</strong></span> <span class='ocrx_word' id='word_1_123' title='bbox 2330 666 2780 721; x_wconf 88' lang='lat' dir='ltr'><strong>necessitudinem</strong></span> <span class='ocrx_word' id='word_1_124' title='bbox 2818 665 2917 720; x_wconf 90' lang='lat' dir='ltr'><strong>sibi</strong></span> <span class='ocrx_word' id='word_1_125' title='bbox 2948 663 3203 731; x_wconf 79' lang='lat' dir='ltr'><strong>debitam,</strong></span> <span class='ocrx_word' id='word_1_126' title='bbox 3250 664 3405 720; x_wconf 86' lang='lat' dir='ltr'><strong>dabat</strong></span> <span class='ocrx_word' id='word_1_127' title='bbox 3455 673 3589 719; x_wconf 75' lang='lat' dir='ltr'><strong>aetas</strong></span> <span class='ocrx_word' id='word_1_128' title='bbox 3639 674 3696 721; x_wconf 88' lang='lat' dir='ltr'><strong>et</strong></span> 
     </span>
    </p>
   </div>
   <div class='ocr_carea' id='block_1_21' title="bbox 2104 755 3694 829">
    <p class='ocr_par' dir='ltr' id='par_1_21' title="bbox 2104 755 3694 829">
     <span class='ocr_line' id='line_1_21' title="bbox 2104 755 3694 829; baseline -0.001 -15"><span class='ocrx_word' id='word_1_129' title='bbox 2104 758 2334 829; x_wconf 79' lang='lat' dir='ltr'><strong>dignitas</strong></span> <span class='ocrx_word' id='word_1_130' title='bbox 2364 757 2516 827; x_wconf 90' lang='lat' dir='ltr'><strong>primi</strong></span> <span class='ocrx_word' id='word_1_131' title='bbox 2548 755 2847 811; x_wconf 85' lang='lat' dir='ltr'><strong>invitatoris</strong></span> <span class='ocrx_word' id='word_1_132' title='bbox 2875 755 3301 825; x_wconf 71' lang='lat' dir='ltr'><strong>praerogativam.</strong></span> <span class='ocrx_word' id='word_1_133' title='bbox 3357 756 3501 811; x_wconf 86' lang='lat' dir='ltr'><strong>Ilicet</strong></span> <span class='ocrx_word' id='word_1_134' title='bbox 3534 770 3563 809; x_wconf 86' lang='lat' dir='ltr'><strong>a</strong></span> <span class='ocrx_word' id='word_1_135' title='bbox 3592 757 3694 812; x_wconf 88' lang='lat' dir='ltr'><strong>de-</strong></span> 
     </span>
    </p>
   </div>
   <div class='ocr_carea' id='block_1_22' title="bbox 2104 847 3696 919">
    <p class='ocr_par' dir='ltr' id='par_1_22' title="bbox 2104 847 3696 919">
     <span class='ocr_line' id='line_1_22' title="bbox 2104 847 3696 919; baseline -0.003 -13"><span class='ocrx_word' id='word_1_136' title='bbox 2104 849 2243 907; x_wconf 83' lang='lat' dir='ltr'><strong>liciis</strong></span> <span class='ocrx_word' id='word_1_137' title='bbox 2276 848 2327 904; x_wconf 84' lang='lat' dir='ltr'><strong>in</strong></span> <span class='ocrx_word' id='word_1_138' title='bbox 2358 849 2577 905; x_wconf 87' lang='lat' dir='ltr'><strong>delicias</strong></span> <span class='ocrx_word' id='word_1_139' title='bbox 2606 848 2963 919; x_wconf 85' lang='lat' dir='ltr'><strong>rapiebamur.</strong></span> <span class='ocrx_word' id='word_1_140' title='bbox 3007 847 3110 903; x_wconf 71' lang='lat' dir='ltr'><strong>Vix</strong></span> <span class='ocrx_word' id='word_1_141' title='bbox 3141 847 3500 919; x_wconf 88' lang='lat' dir='ltr'><strong>quodcunque</strong></span> <span class='ocrx_word' id='word_1_142' title='bbox 3528 850 3696 904; x_wconf 79' lang='lat' dir='ltr'><strong>vesti~</strong></span> 
     </span>
    </p>
   </div>
   <div class='ocr_carea' id='block_1_23' title="bbox 2104 941 3689 1012">
    <p class='ocr_par' dir='ltr' id='par_1_23' title="bbox 2104 941 3689 1012">
     <span class='ocr_line' id='line_1_23' title="bbox 2104 941 3689 1012; baseline -0.001 -14"><span class='ocrx_word' id='word_1_143' title='bbox 2104 944 2286 999; x_wconf 90' lang='lat' dir='ltr'><strong>bulum</strong></span> <span class='ocrx_word' id='word_1_144' title='bbox 2311 944 2584 1012; x_wconf 90' lang='lat' dir='ltr'><strong>intratum,</strong></span> <span class='ocrx_word' id='word_1_145' title='bbox 2618 951 2671 997; x_wconf 90' lang='lat' dir='ltr'><strong>et</strong></span> <span class='ocrx_word' id='word_1_146' title='bbox 2708 956 2833 997; x_wconf 90' lang='lat' dir='ltr'><strong>ecce</strong></span> <span class='ocrx_word' id='word_1_147' title='bbox 2886 941 2991 995; x_wconf 90' lang='lat' dir='ltr'><strong>huc</strong></span> <span class='ocrx_word' id='word_1_148' title='bbox 3028 941 3429 1011; x_wconf 89' lang='lat' dir='ltr'><strong>sphaeristarum</strong></span> <span class='ocrx_word' id='word_1_149' title='bbox 3468 950 3689 997; x_wconf 85' lang='lat' dir='ltr'><strong>contra-</strong></span> 
     </span>
    </p>
   </div>
   <div class='ocr_carea' id='block_1_24' title="bbox 2106 1031 3693 1105">
    <p class='ocr_par' dir='ltr' id='par_1_24' title="bbox 2106 1031 3693 1105">
     <span class='ocr_line' id='line_1_24' title="bbox 2106 1031 3693 1105; baseline -0.001 -16"><span class='ocrx_word' id='word_1_150' title='bbox 2106 1034 2365 1089; x_wconf 84' lang='lat' dir='ltr'><strong>stantium</strong></span> <span class='ocrx_word' id='word_1_151' title='bbox 2394 1033 2541 1103; x_wconf 89' lang='lat' dir='ltr'><strong>paria</strong></span> <span class='ocrx_word' id='word_1_152' title='bbox 2572 1032 2710 1088; x_wconf 88' lang='lat' dir='ltr'><strong>inter</strong></span> <span class='ocrx_word' id='word_1_153' title='bbox 2757 1031 2998 1087; x_wconf 88' lang='lat' dir='ltr'><strong>rotatiles</strong></span> <span class='ocrx_word' id='word_1_154' title='bbox 3041 1032 3502 1102; x_wconf 66' lang='lat' dir='ltr'><strong>catastropharum</strong></span> <span class='ocrx_word' id='word_1_155' title='bbox 3532 1049 3693 1105; x_wconf 83' lang='lat' dir='ltr'><strong>gyros</strong></span> 
     </span>
    </p>
   </div>
   <div class='ocr_carea' id='block_1_25' title="bbox 2106 1122 3693 1195">
    <p class='ocr_par' dir='ltr' id='par_1_25' title="bbox 2106 1122 3693 1195">
     <span class='ocr_line' id='line_1_25' title="bbox 2106 1122 3693 1195; baseline -0.001 -15"><span class='ocrx_word' id='word_1_156' title='bbox 2106 1124 2531 1195; x_wconf 89' lang='lat' dir='ltr'><strong>duplicabantur,</strong></span> <span class='ocrx_word' id='word_1_157' title='bbox 2563 1124 2668 1177; x_wconf 93' lang='lat' dir='ltr'><strong>huc</strong></span> <span class='ocrx_word' id='word_1_158' title='bbox 2697 1124 2834 1177; x_wconf 92' lang='lat' dir='ltr'><strong>inter</strong></span> <span class='ocrx_word' id='word_1_159' title='bbox 2855 1122 3230 1178; x_wconf 71' lang='lat' dir='ltr'><strong>aleatoriarum</strong></span> <span class='ocrx_word' id='word_1_160' title='bbox 3259 1139 3448 1179; x_wconf 92' lang='lat' dir='ltr'><strong>vocum</strong></span> <span class='ocrx_word' id='word_1_161' title='bbox 3474 1140 3693 1195; x_wconf 87' lang='lat' dir='ltr'><strong>compe-</strong></span> 
     </span>
    </p>
   </div>
   <div class='ocr_carea' id='block_1_26' title="bbox 2109 1215 3695 1288">
    <p class='ocr_par' dir='ltr' id='par_1_26' title="bbox 2109 1215 3695 1288">
     <span class='ocr_line' id='line_1_26' title="bbox 2109 1215 3695 1288; baseline 0 -15"><span class='ocrx_word' id='word_1_162' title='bbox 2109 1217 2342 1285; x_wconf 88' lang='lat' dir='ltr'><strong>titiones,</strong></span> <span class='ocrx_word' id='word_1_163' title='bbox 2396 1217 2647 1288; x_wconf 79' lang='lat' dir='ltr'><strong>frequens</strong></span> <span class='ocrx_word' id='word_1_164' title='bbox 2698 1215 3073 1285; x_wconf 89' lang='lat' dir='ltr'><strong>crepitantium</strong></span> <span class='ocrx_word' id='word_1_165' title='bbox 3112 1215 3413 1272; x_wconf 89' lang='lat' dir='ltr'><strong>fritillorum</strong></span> <span class='ocrx_word' id='word_1_166' title='bbox 3462 1227 3695 1274; x_wconf 79' lang='lat' dir='ltr'><strong>tessera—</strong></span> 
     </span>
    </p>
   </div>
   <div class='ocr_carea' id='block_1_27' title="bbox 2109 1307 3695 1386">
    <p class='ocr_par' dir='ltr' id='par_1_27' title="bbox 2109 1307 3695 1386">
     <span class='ocr_line' id='line_1_27' title="bbox 2109 1307 3695 1386; baseline -0.001 -20"><span class='ocrx_word' id='word_1_167' title='bbox 2109 1326 2333 1381; x_wconf 88' lang='lat' dir='ltr'><strong>rumque</strong></span> <span class='ocrx_word' id='word_1_168' title='bbox 2363 1308 2625 1386; x_wconf 87' lang='lat' dir='ltr'><strong>strepitus</strong></span> <span class='ocrx_word' id='word_1_169' title='bbox 2667 1308 3001 1364; x_wconf 86' lang='lat' dir='ltr'><strong>audiebatur.</strong></span> <span class='ocrx_word' id='word_1_170' title='bbox 3062 1307 3175 1363; x_wconf 86' lang='lat' dir='ltr'><strong>Huc</strong></span> <span class='ocrx_word' id='word_1_171' title='bbox 3218 1308 3340 1363; x_wconf 89' lang='lat' dir='ltr'><strong>libri</strong></span> <span class='ocrx_word' id='word_1_172' title='bbox 3385 1308 3583 1364; x_wconf 82' lang='lat' dir='ltr'><strong>aﬂ&#39;atim</strong></span> <span class='ocrx_word' id='word_1_173' title='bbox 3634 1310 3695 1365; x_wconf 87' lang='lat' dir='ltr'><strong>in</strong></span> 
     </span>
    </p>
   </div>
   <div class='ocr_carea' id='block_1_28' title="bbox 2116 1398 3693 1473">
    <p class='ocr_par' dir='ltr' id='par_1_28' title="bbox 2116 1398 3693 1473">
     <span class='ocr_line' id='line_1_28' title="bbox 2116 1398 3693 1473; baseline -0.002 -16"><span class='ocrx_word' id='word_1_174' title='bbox 2116 1411 2367 1473; x_wconf 88' lang='lat' dir='ltr'><strong>promptu</strong></span> <span class='ocrx_word' id='word_1_175' title='bbox 2399 1419 2411 1454; x_wconf 88' lang='lat'><strong>:</strong></span> <span class='ocrx_word' id='word_1_176' title='bbox 2446 1401 2627 1455; x_wconf 87' lang='lat' dir='ltr'><strong>videre</strong></span> <span class='ocrx_word' id='word_1_177' title='bbox 2650 1409 2700 1455; x_wconf 89' lang='lat' dir='ltr'><strong>te</strong></span> <span class='ocrx_word' id='word_1_178' title='bbox 2725 1398 2976 1455; x_wconf 86' lang='lat' dir='ltr'><strong>crederes</strong></span> <span class='ocrx_word' id='word_1_179' title='bbox 3006 1407 3095 1453; x_wconf 90' lang='lat' dir='ltr'><strong>aut</strong></span> <span class='ocrx_word' id='word_1_180' title='bbox 3128 1399 3553 1469; x_wconf 77' lang='lat' dir='ltr'><strong>grammaticales</strong></span> <span class='ocrx_word' id='word_1_181' title='bbox 3578 1400 3693 1470; x_wconf 90' lang='lat' dir='ltr'><strong>plu-</strong></span> 
     </span>
    </p>
   </div>
   <div class='ocr_carea' id='block_1_29' title="bbox 2111 1490 3692 1561">
    <p class='ocr_par' dir='ltr' id='par_1_29' title="bbox 2111 1490 3692 1561">
     <span class='ocr_line' id='line_1_29' title="bbox 2111 1490 3692 1561; baseline -0.002 -11"><span class='ocrx_word' id='word_1_182' title='bbox 2111 1502 2253 1561; x_wconf 88' lang='lat' dir='ltr'><strong>teos,</strong></span> <span class='ocrx_word' id='word_1_183' title='bbox 2282 1501 2371 1548; x_wconf 91' lang='lat' dir='ltr'><strong>aut</strong></span> <span class='ocrx_word' id='word_1_184' title='bbox 2401 1503 2423 1531; x_wconf 80' lang='grc' dir='ltr'><strong>ο</strong></span> <span class='ocrx_word' id='word_1_185' title='bbox 2455 1490 2700 1547; x_wconf 58' lang='lat' dir='ltr'><strong>Athenaei</strong></span> <span class='ocrx_word' id='word_1_186' title='bbox 2735 1506 2956 1557; x_wconf 89' lang='lat' dir='ltr'><strong>cuneos,</strong></span> <span class='ocrx_word' id='word_1_187' title='bbox 3008 1501 3099 1545; x_wconf 87' lang='lat' dir='ltr'><strong>aut</strong></span> <span class='ocrx_word' id='word_1_188' title='bbox 3140 1491 3371 1545; x_wconf 89' lang='lat' dir='ltr'><strong>armaria</strong></span> <span class='ocrx_word' id='word_1_189' title='bbox 3420 1499 3692 1548; x_wconf 76' lang='lat' dir='ltr'><strong>exstructa</strong></span> 
     </span>
    </p>
   </div>
   <div class='ocr_carea' id='block_1_30' title="bbox 2112 1582 3690 1656">
    <p class='ocr_par' dir='ltr' id='par_1_30' title="bbox 2112 1582 3690 1656">
     <span class='ocr_line' id='line_1_30' title="bbox 2112 1582 3690 1656; baseline -0.003 -14"><span class='ocrx_word' id='word_1_190' title='bbox 2112 1587 2540 1656; x_wconf 83' lang='lat' dir='ltr'><strong>bibliopolarum.</strong></span> <span class='ocrx_word' id='word_1_191' title='bbox 2567 1586 2656 1641; x_wconf 91' lang='lat' dir='ltr'><strong>Sic</strong></span> <span class='ocrx_word' id='word_1_192' title='bbox 2676 1594 2850 1640; x_wconf 89' lang='lat' dir='ltr'><strong>tamen</strong></span> <span class='ocrx_word' id='word_1_193' title='bbox 2875 1583 3015 1654; x_wconf 89' lang='lat' dir='ltr'><strong>quod</strong></span> <span class='ocrx_word' id='word_1_194' title='bbox 3043 1582 3132 1654; x_wconf 88' lang='lat' dir='ltr'><strong>qui</strong></span> <span class='ocrx_word' id='word_1_195' title='bbox 3155 1584 3293 1638; x_wconf 91' lang='lat' dir='ltr'><strong>inter</strong></span> <span class='ocrx_word' id='word_1_196' title='bbox 3321 1594 3690 1638; x_wconf 86' lang='lat' dir='ltr'><strong>matronarum</strong></span> 
     </span>
    </p>
   </div>
   <div class='ocr_carea' id='block_1_31' title="bbox 2112 1673 3692 1746">
    <p class='ocr_par' dir='ltr' id='par_1_31' title="bbox 2112 1673 3692 1746">
     <span class='ocr_line' id='line_1_31' title="bbox 2112 1673 3692 1746; baseline -0.001 -13"><span class='ocrx_word' id='word_1_197' title='bbox 2112 1677 2394 1733; x_wconf 87' lang='lat' dir='ltr'><strong>cathedras</strong></span> <span class='ocrx_word' id='word_1_198' title='bbox 2419 1675 2627 1732; x_wconf 88' lang='lat' dir='ltr'><strong>codices</strong></span> <span class='ocrx_word' id='word_1_199' title='bbox 2653 1686 2826 1745; x_wconf 88' lang='lat' dir='ltr'><strong>erant,</strong></span> <span class='ocrx_word' id='word_1_200' title='bbox 2857 1675 3025 1746; x_wconf 90' lang='lat' dir='ltr'><strong>stylus</strong></span> <span class='ocrx_word' id='word_1_201' title='bbox 3050 1673 3115 1728; x_wconf 91' lang='lat' dir='ltr'><strong>iis</strong></span> <span class='ocrx_word' id='word_1_202' title='bbox 3140 1673 3421 1744; x_wconf 86' lang='lat' dir='ltr'><strong>religiosus</strong></span> <span class='ocrx_word' id='word_1_203' title='bbox 3450 1674 3692 1731; x_wconf 71' lang='lat' dir='ltr'><strong>invenie«</strong></span> 
     </span>
    </p>
   </div>
   <div class='ocr_carea' id='block_1_32' title="bbox 432 1765 3691 1841">
    <p class='ocr_par' dir='ltr' id='par_1_32' title="bbox 432 1765 3691 1841">
     <span class='ocr_line' id='line_1_32' title="bbox 432 1765 3691 1841; baseline -0.002 -13"><span class='ocrx_word' id='word_1_204' title='bbox 432 1771 625 1829; x_wconf 90' lang='lat' dir='ltr'><strong>sufﬁcit</strong></span> <span class='ocrx_word' id='word_1_205' title='bbox 647 1771 967 1841; x_wconf 85' lang='lat' dir='ltr'><strong>equitaturo.</strong></span> <span class='ocrx_word' id='word_1_206' title='bbox 998 1770 1179 1825; x_wconf 89' lang='lat' dir='ltr'><strong>Colles</strong></span> <span class='ocrx_word' id='word_1_207' title='bbox 1203 1768 1406 1824; x_wconf 79' lang='lat' dir='ltr'><strong>:edibus</strong></span> <span class='ocrx_word' id='word_1_208' title='bbox 1426 1768 1729 1837; x_wconf 88' lang='lat' dir='ltr'><strong>superiores</strong></span> <span class='ocrx_word' id='word_1_209' title='bbox 1757 1780 2011 1822; x_wconf 82' lang='lat' dir='ltr'><strong>exercen-</strong></span> <span class='ocrx_word' id='word_1_210' title='bbox 2040 1772 2089 1834; x_wconf 83' lang='grc' dir='ltr'>Β</span> <span class='ocrx_word' id='word_1_211' title='bbox 2113 1766 2267 1823; x_wconf 91' lang='lat' dir='ltr'><strong>batur</strong></span> <span class='ocrx_word' id='word_1_212' title='bbox 2296 1784 2310 1821; x_wconf 91' lang='lat'><strong>:</strong></span> <span class='ocrx_word' id='word_1_213' title='bbox 2337 1768 2425 1837; x_wconf 93' lang='lat' dir='ltr'><strong>qui</strong></span> <span class='ocrx_word' id='word_1_214' title='bbox 2460 1782 2590 1822; x_wconf 90' lang='lat' dir='ltr'><strong>vero</strong></span> <span class='ocrx_word' id='word_1_215' title='bbox 2630 1782 2729 1836; x_wconf 88' lang='lat' dir='ltr'><strong>per</strong></span> <span class='ocrx_word' id='word_1_216' title='bbox 2756 1767 3005 1822; x_wconf 87' lang='lat' dir='ltr'><strong>subsellia</strong></span> <span class='ocrx_word' id='word_1_217' title='bbox 3048 1765 3507 1836; x_wconf 83' lang='lat' dir='ltr'><strong>patrumfamilias,</strong></span> <span class='ocrx_word' id='word_1_218' title='bbox 3536 1766 3573 1821; x_wconf 91' lang='lat' dir='ltr'><strong>ii</strong></span> <span class='ocrx_word' id='word_1_219' title='bbox 3602 1782 3691 1822; x_wconf 83' lang='lat' dir='ltr'><strong>co-</strong></span> 
     </span>
    </p>
   </div>
   <div class='ocr_carea' id='block_1_33' title="bbox 434 1857 2007 1930">
    <p class='ocr_par' dir='ltr' id='par_1_33' title="bbox 434 1857 2007 1930">
     <span class='ocr_line' id='line_1_33' title="bbox 434 1857 2007 1930; baseline -0.004 -11"><span class='ocrx_word' id='word_1_220' title='bbox 434 1871 521 1919; x_wconf 90' lang='lat' dir='ltr'><strong>tur</strong></span> <span class='ocrx_word' id='word_1_221' title='bbox 546 1862 760 1919; x_wconf 81' lang='lat' dir='ltr'><strong>vinitori</strong></span> <span class='ocrx_word' id='word_1_222' title='bbox 786 1870 842 1917; x_wconf 90' lang='lat' dir='ltr'><strong>et.</strong></span> <span class='ocrx_word' id='word_1_223' title='bbox 866 1861 1118 1918; x_wconf 84' lang='lat' dir='ltr'><strong>olivitori.</strong></span> <span class='ocrx_word' id='word_1_224' title='bbox 1153 1859 1515 1930; x_wconf 78' lang='lat' dir='ltr'><strong>Aracynthum</strong></span> <span class='ocrx_word' id='word_1_225' title='bbox 1538 1867 1592 1915; x_wconf 85' lang='lat' dir='ltr'><strong>et</strong></span> <span class='ocrx_word' id='word_1_226' title='bbox 1621 1857 1842 1930; x_wconf 80' lang='lat' dir='ltr'><strong>Nysam,</strong></span> <span class='ocrx_word' id='word_1_227' title='bbox 1868 1857 2007 1913; x_wconf 89' lang='lat' dir='ltr'><strong>cele-</strong></span> 
     </span>
    </p>
   </div>
   <div class='ocr_carea' id='block_1_34' title="bbox 436 1947 2011 2023">
    <p class='ocr_par' dir='ltr' id='par_1_34' title="bbox 436 1947 2011 2023">
     <span class='ocr_line' id='line_1_34' title="bbox 436 1947 2011 2023; baseline -0.005 -14"><span class='ocrx_word' id='word_1_228' title='bbox 436 1954 587 2010; x_wconf 74' lang='lat' dir='ltr'><strong>b&#39;rata</strong></span> <span class='ocrx_word' id='word_1_229' title='bbox 618 1962 893 2023; x_wconf 87' lang='lat' dir='ltr'><strong>poetarum</strong></span> <span class='ocrx_word' id='word_1_230' title='bbox 923 1951 1248 2007; x_wconf 86' lang='lat' dir='ltr'><strong>carminibus</strong></span> <span class='ocrx_word' id='word_1_231' title='bbox 1268 1951 1412 2021; x_wconf 79' lang='lat' dir='ltr'><strong>juga,</strong></span> <span class='ocrx_word' id='word_1_232' title='bbox 1438 1963 1679 2005; x_wconf 87' lang='lat' dir='ltr'><strong>censeas.</strong></span> <span class='ocrx_word' id='word_1_233' title='bbox 1707 1948 1807 2004; x_wconf 89' lang='lat' dir='ltr'><strong>Uni</strong></span> <span class='ocrx_word' id='word_1_234' title='bbox 1833 1947 2011 2003; x_wconf 87' lang='lat' dir='ltr'><strong>domui</strong></span> 
     </span>
    </p>
   </div>
   <div class='ocr_carea' id='block_1_35' title="bbox 440 2044 2012 2117">
    <p class='ocr_par' dir='ltr' id='par_1_35' title="bbox 440 2044 2012 2117">
     <span class='ocr_line' id='line_1_35' title="bbox 440 2044 2012 2117; baseline -0.005 -15"><span class='ocrx_word' id='word_1_235' title='bbox 440 2048 494 2102; x_wconf 91' lang='lat' dir='ltr'><strong>in</strong></span> <span class='ocrx_word' id='word_1_236' title='bbox 522 2047 675 2117; x_wconf 89' lang='lat' dir='ltr'><strong>plana</strong></span> <span class='ocrx_word' id='word_1_237' title='bbox 707 2046 1069 2117; x_wconf 87' lang='lat' dir='ltr'><strong>patentiaque,</strong></span> <span class='ocrx_word' id='word_1_238' title='bbox 1113 2044 1265 2100; x_wconf 88' lang='lat' dir='ltr'><strong>alteri</strong></span> <span class='ocrx_word' id='word_1_239' title='bbox 1298 2045 1351 2098; x_wconf 91' lang='lat' dir='ltr'><strong>in</strong></span> <span class='ocrx_word' id='word_1_240' title='bbox 1400 2057 1617 2098; x_wconf 89' lang='lat' dir='ltr'><strong>nemora</strong></span> <span class='ocrx_word' id='word_1_241' title='bbox 1660 2049 2012 2111; x_wconf 87' lang='lat' dir='ltr'><strong>prospectus;</strong></span> 
     </span>
    </p>
   </div>
   <div class='ocr_carea' id='block_1_36' title="bbox 437 2132 2010 2193">
    <p class='ocr_par' dir='ltr' id='par_1_36' title="bbox 437 2132 2010 2193">
     <span class='ocr_line' id='line_1_36' title="bbox 437 2132 2010 2193; baseline -0.004 0"><span class='ocrx_word' id='word_1_242' title='bbox 437 2137 535 2193; x_wconf 88' lang='lat' dir='ltr'><strong>sed</strong></span> <span class='ocrx_word' id='word_1_243' title='bbox 589 2136 933 2192; x_wconf 87' lang='lat' dir='ltr'><strong>nihilominus</strong></span> <span class='ocrx_word' id='word_1_244' title='bbox 969 2135 1245 2190; x_wconf 80' lang='lat' dir='ltr'><strong>dissimilis</strong></span> <span class='ocrx_word' id='word_1_245' title='bbox 1295 2134 1429 2189; x_wconf 87' lang='lat' dir='ltr'><strong>situs</strong></span> <span class='ocrx_word' id='word_1_246' title='bbox 1475 2134 1723 2189; x_wconf 89' lang='lat' dir='ltr'><strong>similiter</strong></span> <span class='ocrx_word' id='word_1_247' title='bbox 1759 2132 2010 2189; x_wconf 89' lang='lat' dir='ltr'><strong>oblectat.</strong></span> 
     </span>
    </p>
   </div>
   <div class='ocr_carea' id='block_1_37' title="bbox 439 2226 2013 2297">
    <p class='ocr_par' dir='ltr' id='par_1_37' title="bbox 439 2226 2013 2297">
     <span class='ocr_line' id='line_1_37' title="bbox 439 2226 2013 2297; baseline -0.001 -14"><span class='ocrx_word' id='word_1_248' title='bbox 439 2228 752 2297; x_wconf 85' lang='lat' dir='ltr'><strong>Quanquam</strong></span> <span class='ocrx_word' id='word_1_249' title='bbox 782 2227 852 2283; x_wconf 91' lang='lat' dir='ltr'><strong>de</strong></span> <span class='ocrx_word' id='word_1_250' title='bbox 882 2226 1201 2297; x_wconf 72' lang='lat' dir='ltr'><strong>praediorum</strong></span> <span class='ocrx_word' id='word_1_251' title='bbox 1251 2226 1377 2296; x_wconf 90' lang='lat' dir='ltr'><strong>quid</strong></span> <span class='ocrx_word' id='word_1_252' title='bbox 1424 2242 1565 2282; x_wconf 92' lang='lat' dir='ltr'><strong>nunc</strong></span> <span class='ocrx_word' id='word_1_253' title='bbox 1614 2226 1843 2297; x_wconf 86' lang='lat' dir='ltr'><strong>amplius</strong></span> <span class='ocrx_word' id='word_1_254' title='bbox 1869 2227 2013 2296; x_wconf 89' lang='lat' dir='ltr'><strong>posi-</strong></span> 
     </span>
    </p>
   </div>
   <div class='ocr_carea' id='block_1_38' title="bbox 437 2317 2015 2388">
    <p class='ocr_par' dir='ltr' id='par_1_38' title="bbox 437 2317 2015 2388">
     <span class='ocr_line' id='line_1_38' title="bbox 437 2317 2015 2388; baseline -0.001 -13"><span class='ocrx_word' id='word_1_255' title='bbox 437 2320 606 2386; x_wconf 90' lang='lat' dir='ltr'><strong>tione,</strong></span> <span class='ocrx_word' id='word_1_256' title='bbox 635 2334 755 2374; x_wconf 92' lang='lat' dir='ltr'><strong>cum</strong></span> <span class='ocrx_word' id='word_1_257' title='bbox 779 2328 947 2373; x_wconf 88' lang='lat' dir='ltr'><strong>restat</strong></span> <span class='ocrx_word' id='word_1_258' title='bbox 971 2317 1350 2388; x_wconf 88' lang='lat' dir='ltr'><strong>hospitalitatis</strong></span> <span class='ocrx_word' id='word_1_259' title='bbox 1368 2318 1503 2374; x_wconf 89' lang='lat' dir='ltr'><strong>ordo</strong></span> <span class='ocrx_word' id='word_1_260' title='bbox 1525 2318 1880 2375; x_wconf 80' lang='lat' dir='ltr'><strong>reserandus?</strong></span> <span class='ocrx_word' id='word_1_261' title='bbox 1900 2318 2015 2375; x_wconf 88' lang='lat' dir='ltr'><strong>Jam</strong></span> 
     </span>
    </p>
   </div>
   <div class='ocr_carea' id='block_1_39' title="bbox 437 2400 2013 2481">
    <p class='ocr_par' dir='ltr' id='par_1_39' title="bbox 437 2400 2013 2481">
     <span class='ocr_line' id='line_1_39' title="bbox 437 2400 2013 2481; baseline 0.002 -17"><span class='ocrx_word' id='word_1_262' title='bbox 437 2411 668 2481; x_wconf 89' lang='lat' dir='ltr'><strong>primum</strong></span> <span class='ocrx_word' id='word_1_263' title='bbox 694 2424 824 2479; x_wconf 89' lang='lat' dir='ltr'><strong>agac</strong></span> <span class='ocrx_word' id='word_1_264' title='bbox 853 2409 1053 2464; x_wconf 87' lang='lat' dir='ltr'><strong>issimis</strong></span> <span class='ocrx_word' id='word_1_265' title='bbox 1094 2409 1149 2464; x_wconf 91' lang='lat' dir='ltr'><strong>in</strong></span> <span class='ocrx_word' id='word_1_266' title='bbox 1195 2409 1296 2465; x_wconf 89' lang='lat' dir='ltr'><strong>hoc</strong></span> <span class='ocrx_word' id='word_1_267' title='bbox 1330 2400 1758 2481; x_wconf 80' lang='lat' dir='ltr'><strong>exploratoribus</strong></span> <span class='ocrx_word' id='word_1_268' title='bbox 1780 2410 2013 2467; x_wconf 86' lang='lat' dir='ltr'><strong>destina-</strong></span> 
     </span>
    </p>
   </div>
   <div class='ocr_carea' id='block_1_40' title="bbox 437 2498 2018 2569">
    <p class='ocr_par' dir='ltr' id='par_1_40' title="bbox 437 2498 2018 2569">
     <span class='ocr_line' id='line_1_40' title="bbox 437 2498 2018 2569; baseline 0.001 -15"><span class='ocrx_word' id='word_1_269' title='bbox 437 2501 527 2565; x_wconf 87' lang='lat' dir='ltr'><strong>tis,</strong></span> <span class='ocrx_word' id='word_1_270' title='bbox 557 2500 647 2569; x_wconf 87' lang='lat' dir='ltr'><strong>qui</strong></span> <span class='ocrx_word' id='word_1_271' title='bbox 677 2498 880 2555; x_wconf 86' lang='lat' dir='ltr'><strong>reditus</strong></span> <span class='ocrx_word' id='word_1_272' title='bbox 905 2499 1073 2554; x_wconf 86' lang='lat' dir='ltr'><strong>nostri</strong></span> <span class='ocrx_word' id='word_1_273' title='bbox 1096 2499 1197 2554; x_wconf 89' lang='lat' dir='ltr'><strong>iter</strong></span> <span class='ocrx_word' id='word_1_274' title='bbox 1222 2510 1636 2569; x_wconf 85' lang='lat' dir='ltr'><strong>aucuparentur,</strong></span> <span class='ocrx_word' id='word_1_275' title='bbox 1659 2502 1849 2556; x_wconf 86' lang='lat' dir='ltr'><strong>domus</strong></span> <span class='ocrx_word' id='word_1_276' title='bbox 1876 2511 2018 2557; x_wconf 89' lang='lat' dir='ltr'><strong>utra-</strong></span> 
     </span>
    </p>
   </div>
   <div class='ocr_carea' id='block_1_41' title="bbox 438 2590 2015 2661">
    <p class='ocr_par' dir='ltr' id='par_1_41' title="bbox 438 2590 2015 2661">
     <span class='ocr_line' id='line_1_41' title="bbox 438 2590 2015 2661; baseline 0.001 -17"><span class='ocrx_word' id='word_1_277' title='bbox 438 2605 542 2661; x_wconf 88' lang='lat' dir='ltr'><strong>que</strong></span> <span class='ocrx_word' id='word_1_278' title='bbox 566 2606 670 2644; x_wconf 93' lang='lat' dir='ltr'><strong>non</strong></span> <span class='ocrx_word' id='word_1_279' title='bbox 699 2591 871 2645; x_wconf 89' lang='lat' dir='ltr'><strong>solum</strong></span> <span class='ocrx_word' id='word_1_280' title='bbox 903 2590 1142 2645; x_wconf 80' lang='lat' dir='ltr'><strong>tramites</strong></span> <span class='ocrx_word' id='word_1_281' title='bbox 1168 2605 1418 2660; x_wconf 77' lang='lat' dir='ltr'><strong>aggerum</strong></span> <span class='ocrx_word' id='word_1_282' title='bbox 1451 2590 1807 2660; x_wconf 90' lang='lat' dir='ltr'><strong>publicorum,</strong></span> <span class='ocrx_word' id='word_1_283' title='bbox 1831 2607 2015 2647; x_wconf 89' lang='lat' dir='ltr'><strong>verum</strong></span> 
     </span>
    </p>
   </div>
   <div class='ocr_carea' id='block_1_42' title="bbox 436 2680 2019 2756">
    <p class='ocr_par' dir='ltr' id='par_1_42' title="bbox 436 2680 2019 2756">
     <span class='ocr_line' id='line_1_42' title="bbox 436 2680 2019 2756; baseline 0.003 -19"><span class='ocrx_word' id='word_1_284' title='bbox 436 2680 547 2752; x_wconf 64' lang='grc'><strong>48</strong></span> <span class='ocrx_word' id='word_1_285' title='bbox 565 2682 723 2738; x_wconf 85' lang='lat' dir='ltr'><strong>etiam</strong></span> <span class='ocrx_word' id='word_1_286' title='bbox 750 2682 915 2737; x_wconf 88' lang='lat' dir='ltr'><strong>calles</strong></span> <span class='ocrx_word' id='word_1_287' title='bbox 942 2682 1270 2752; x_wconf 89' lang='lat' dir='ltr'><strong>compendiis</strong></span> <span class='ocrx_word' id='word_1_288' title='bbox 1291 2692 1585 2751; x_wconf 90' lang='lat' dir='ltr'><strong>tortuosos,</strong></span> <span class='ocrx_word' id='word_1_289' title='bbox 1609 2694 1765 2756; x_wconf 87' lang='lat' dir='ltr'><strong>atque</strong></span> <span class='ocrx_word' id='word_1_290' title='bbox 1791 2688 2019 2756; x_wconf 89' lang='lat' dir='ltr'><strong>pastoria</strong></span> 
     </span>
    </p>
   </div>
   <div class='ocr_carea' id='block_1_43' title="bbox 437 2772 2019 2845">
    <p class='ocr_par' dir='ltr' id='par_1_43' title="bbox 437 2772 2019 2845">
     <span class='ocr_line' id='line_1_43' title="bbox 437 2772 2019 2845; baseline 0.002 -17"><span class='ocrx_word' id='word_1_291' title='bbox 437 2772 750 2829; x_wconf 88' lang='lat' dir='ltr'><strong>diverticula</strong></span> <span class='ocrx_word' id='word_1_292' title='bbox 781 2773 1005 2839; x_wconf 74' lang='lat' dir='ltr'><strong>insedit,</strong></span> <span class='ocrx_word' id='word_1_293' title='bbox 1027 2788 1093 2829; x_wconf 91' lang='lat' dir='ltr'><strong>ne</strong></span> <span class='ocrx_word' id='word_1_294' title='bbox 1126 2788 1233 2844; x_wconf 91' lang='lat' dir='ltr'><strong>quo</strong></span> <span class='ocrx_word' id='word_1_295' title='bbox 1255 2788 1384 2829; x_wconf 89' lang='lat' dir='ltr'><strong>casu</strong></span> <span class='ocrx_word' id='word_1_296' title='bbox 1410 2775 1681 2845; x_wconf 89' lang='lat' dir='ltr'><strong>dispositis</strong></span> <span class='ocrx_word' id='word_1_297' title='bbox 1719 2778 2019 2832; x_wconf 90' lang='lat' dir='ltr'><strong>ofﬁciorum</strong></span> 
     </span>
    </p>
   </div>
   <div class='ocr_carea' id='block_1_44' title="bbox 439 2866 2023 2943">
    <p class='ocr_par' dir='ltr' id='par_1_44' title="bbox 439 2866 2023 2943">
     <span class='ocr_line' id='line_1_44' title="bbox 439 2866 2023 2943; baseline -0.001 -19"><span class='ocrx_word' id='word_1_298' title='bbox 439 2866 644 2925; x_wconf 90' lang='lat' dir='ltr'><strong>insidiis</strong></span> <span class='ocrx_word' id='word_1_299' title='bbox 664 2867 1013 2925; x_wconf 83' lang='lat' dir='ltr'><strong>elaberemur.</strong></span> <span class='ocrx_word' id='word_1_300' title='bbox 1046 2867 1189 2935; x_wconf 85' lang='lat' dir='ltr'><strong>Quas</strong></span> <span class='ocrx_word' id='word_1_301' title='bbox 1216 2868 1519 2935; x_wconf 79' lang='lat' dir='ltr'><strong>incidimus,</strong></span> <span class='ocrx_word' id='word_1_302' title='bbox 1567 2870 1759 2943; x_wconf 86' lang='lat' dir='ltr'><strong>fateor,</strong></span> <span class='ocrx_word' id='word_1_303' title='bbox 1792 2869 1885 2925; x_wconf 90' lang='lat' dir='ltr'><strong>sed</strong></span> <span class='ocrx_word' id='word_1_304' title='bbox 1923 2871 2023 2924; x_wconf 92' lang='lat' dir='ltr'><strong>mi-</strong></span> 
     </span>
    </p>
   </div>
   <div class='ocr_carea' id='block_1_45' title="bbox 442 2960 2022 3032">
    <p class='ocr_par' dir='ltr' id='par_1_45' title="bbox 442 2960 2022 3032">
     <span class='ocr_line' id='line_1_45' title="bbox 442 2960 2022 3032; baseline 0.001 -15"><span class='ocrx_word' id='word_1_305' title='bbox 442 2961 586 3018; x_wconf 92' lang='lat' dir='ltr'><strong>nime</strong></span> <span class='ocrx_word' id='word_1_306' title='bbox 639 2960 789 3015; x_wconf 86' lang='lat' dir='ltr'><strong>inviti</strong></span> <span class='ocrx_word' id='word_1_307' title='bbox 836 2978 851 3015; x_wconf 92' lang='lat'><strong>:</strong></span> <span class='ocrx_word' id='word_1_308' title='bbox 902 2961 1380 3032; x_wconf 87' lang='lat' dir='ltr'><strong>jusquejurandum</strong></span> <span class='ocrx_word' id='word_1_309' title='bbox 1443 2962 1724 3018; x_wconf 90' lang='lat' dir='ltr'><strong>confestim</strong></span> <span class='ocrx_word' id='word_1_310' title='bbox 1782 2965 2022 3031; x_wconf 62' lang='lat' dir='ltr'><strong>praebere</strong></span> 
     </span>
    </p>
   </div>
   <div class='ocr_carea' id='block_1_46' title="bbox 440 3054 2019 3125">
    <p class='ocr_par' dir='ltr' id='par_1_46' title="bbox 440 3054 2019 3125">
     <span class='ocr_line' id='line_1_46' title="bbox 440 3054 2019 3125; baseline 0.001 -15"><span class='ocrx_word' id='word_1_311' title='bbox 440 3054 722 3123; x_wconf 88' lang='lat' dir='ltr'><strong>compulsi,</strong></span> <span class='ocrx_word' id='word_1_312' title='bbox 756 3069 824 3109; x_wconf 90' lang='lat' dir='ltr'><strong>ne</strong></span> <span class='ocrx_word' id='word_1_313' title='bbox 856 3057 1159 3125; x_wconf 90' lang='lat' dir='ltr'><strong>priusquam</strong></span> <span class='ocrx_word' id='word_1_314' title='bbox 1207 3062 1412 3125; x_wconf 89' lang='lat' dir='ltr'><strong>septem</strong></span> <span class='ocrx_word' id='word_1_315' title='bbox 1461 3055 1575 3111; x_wconf 90' lang='lat' dir='ltr'><strong>dies</strong></span> <span class='ocrx_word' id='word_1_316' title='bbox 1623 3057 2019 3121; x_wconf 87' lang='lat' dir='ltr'><strong>evolverentur,</strong></span> 
     </span>
    </p>
   </div>
   <div class='ocr_carea' id='block_1_47' title="bbox 2117 1859 3694 1931">
    <p class='ocr_par' dir='ltr' id='par_1_47' title="bbox 2117 1859 3694 1931">
     <span class='ocr_line' id='line_1_47' title="bbox 2117 1859 3694 1931; baseline -0.001 -15"><span class='ocrx_word' id='word_1_317' title='bbox 2117 1861 2309 1916; x_wconf 92' lang='lat' dir='ltr'><strong>thurno</strong></span> <span class='ocrx_word' id='word_1_318' title='bbox 2338 1859 2556 1914; x_wconf 91' lang='lat' dir='ltr'><strong>Latialis</strong></span> <span class='ocrx_word' id='word_1_319' title='bbox 2581 1859 2775 1930; x_wconf 90' lang='lat' dir='ltr'><strong>eloquii</strong></span> <span class='ocrx_word' id='word_1_320' title='bbox 2820 1861 3221 1917; x_wconf 89' lang='lat' dir='ltr'><strong>nobilitabatur.</strong></span> <span class='ocrx_word' id='word_1_321' title='bbox 3255 1860 3406 1916; x_wconf 89' lang='lat' dir='ltr'><strong>Licet</strong></span> <span class='ocrx_word' id='word_1_322' title='bbox 3427 1860 3694 1931; x_wconf 78' lang='lat' dir='ltr'><strong>quaepiam</strong></span> 
     </span>
    </p>
   </div>
   <div class='ocr_carea' id='block_1_48' title="bbox 2114 1951 3691 2023">
    <p class='ocr_par' dir='ltr' id='par_1_48' title="bbox 2114 1951 3691 2023">
     <span class='ocr_line' id='line_1_48' title="bbox 2114 1951 3691 2023; baseline -0.003 -13"><span class='ocrx_word' id='word_1_323' title='bbox 2114 1954 2383 2011; x_wconf 82' lang='lat' dir='ltr'><strong>volumina</strong></span> <span class='ocrx_word' id='word_1_324' title='bbox 2415 1954 2785 2023; x_wconf 88' lang='lat' dir='ltr'><strong>quorumpiam</strong></span> <span class='ocrx_word' id='word_1_325' title='bbox 2813 1962 3090 2009; x_wconf 88' lang='lat' dir='ltr'><strong>auctorum</strong></span> <span class='ocrx_word' id='word_1_326' title='bbox 3127 1960 3403 2009; x_wconf 88' lang='lat' dir='ltr'><strong>servarent</strong></span> <span class='ocrx_word' id='word_1_327' title='bbox 3431 1951 3482 2006; x_wconf 87' lang='lat' dir='ltr'><strong>in</strong></span> <span class='ocrx_word' id='word_1_328' title='bbox 3512 1953 3691 2008; x_wconf 85' lang='lat' dir='ltr'><strong>causis</strong></span> 
     </span>
    </p>
   </div>
   <div class='ocr_carea' id='block_1_49' title="bbox 2116 2043 3692 2117">
    <p class='ocr_par' dir='ltr' id='par_1_49' title="bbox 2116 2043 3692 2117">
     <span class='ocr_line' id='line_1_49' title="bbox 2116 2043 3692 2117; baseline -0.001 -15"><span class='ocrx_word' id='word_1_329' title='bbox 2116 2047 2411 2117; x_wconf 89' lang='lat' dir='ltr'><strong>disparibus</strong></span> <span class='ocrx_word' id='word_1_330' title='bbox 2442 2043 2649 2101; x_wconf 89' lang='lat' dir='ltr'><strong>dicendi</strong></span> <span class='ocrx_word' id='word_1_331' title='bbox 2673 2044 3016 2115; x_wconf 88' lang='lat' dir='ltr'><strong>parilitatem.</strong></span> <span class='ocrx_word' id='word_1_332' title='bbox 3061 2046 3190 2100; x_wconf 87' lang='lat' dir='ltr'><strong>Nam</strong></span> <span class='ocrx_word' id='word_1_333' title='bbox 3235 2046 3427 2100; x_wconf 90' lang='lat' dir='ltr'><strong>similis</strong></span> <span class='ocrx_word' id='word_1_334' title='bbox 3456 2045 3692 2100; x_wconf 69' lang='lat' dir='ltr'><strong>scientia!</strong></span> 
     </span>
    </p>
   </div>
   <div class='ocr_carea' id='block_1_50' title="bbox 2114 2134 3693 2208">
    <p class='ocr_par' dir='ltr' id='par_1_50' title="bbox 2114 2134 3693 2208">
     <span class='ocr_line' id='line_1_50' title="bbox 2114 2134 3693 2208; baseline -0.003 -14"><span class='ocrx_word' id='word_1_335' title='bbox 2114 2134 2238 2207; x_wconf 82' lang='lat' dir='ltr'><strong>viri,</strong></span> <span class='ocrx_word' id='word_1_336' title='bbox 2282 2136 2407 2190; x_wconf 91' lang='lat' dir='ltr'><strong>hinc</strong></span> <span class='ocrx_word' id='word_1_337' title='bbox 2434 2135 2781 2206; x_wconf 86' lang='lat' dir='ltr'><strong>Augustinus,</strong></span> <span class='ocrx_word' id='word_1_338' title='bbox 2817 2134 2942 2191; x_wconf 88' lang='lat' dir='ltr'><strong>hinc</strong></span> <span class='ocrx_word' id='word_1_339' title='bbox 2964 2136 3165 2203; x_wconf 80' lang='lat' dir='ltr'><strong>Varro;</strong></span> <span class='ocrx_word' id='word_1_340' title='bbox 3208 2135 3316 2208; x_wconf 68' lang='grc'><strong>49</strong></span> <span class='ocrx_word' id='word_1_341' title='bbox 3366 2136 3488 2191; x_wconf 90' lang='lat' dir='ltr'><strong>hinc</strong></span> <span class='ocrx_word' id='word_1_342' title='bbox 3528 2136 3693 2191; x_wconf 82' lang='lat' dir='ltr'><strong>Hora-</strong></span> 
     </span>
    </p>
   </div>
   <div class='ocr_carea' id='block_1_51' title="bbox 2119 2227 3690 2297">
    <p class='ocr_par' dir='ltr' id='par_1_51' title="bbox 2119 2227 3690 2297">
     <span class='ocr_line' id='line_1_51' title="bbox 2119 2227 3690 2297; baseline 0 -14"><span class='ocrx_word' id='word_1_343' title='bbox 2119 2229 2241 2293; x_wconf 91' lang='lat' dir='ltr'><strong>tius,</strong></span> <span class='ocrx_word' id='word_1_344' title='bbox 2296 2228 2421 2283; x_wconf 91' lang='lat' dir='ltr'><strong>hinc</strong></span> <span class='ocrx_word' id='word_1_345' title='bbox 2457 2227 2777 2282; x_wconf 80' lang='lat' dir='ltr'><strong>Prudentius</strong></span> <span class='ocrx_word' id='word_1_346' title='bbox 2803 2227 3200 2284; x_wconf 89' lang='lat' dir='ltr'><strong>lectitabantur.</strong></span> <span class='ocrx_word' id='word_1_347' title='bbox 3225 2229 3367 2297; x_wconf 88' lang='lat' dir='ltr'><strong>Quos</strong></span> <span class='ocrx_word' id='word_1_348' title='bbox 3394 2228 3533 2283; x_wconf 89' lang='lat' dir='ltr'><strong>inter</strong></span> <span class='ocrx_word' id='word_1_349' title='bbox 3553 2227 3690 2283; x_wconf 87' lang='lat' dir='ltr'><strong>Ada—</strong></span> 
     </span>
    </p>
   </div>
   <div class='ocr_carea' id='block_1_52' title="bbox 2118 2318 3690 2390">
    <p class='ocr_par' dir='ltr' id='par_1_52' title="bbox 2118 2318 3690 2390">
     <span class='ocr_line' id='line_1_52' title="bbox 2118 2318 3690 2390; baseline -0.001 -13"><span class='ocrx_word' id='word_1_350' title='bbox 2118 2319 2350 2377; x_wconf 91' lang='lat' dir='ltr'><strong>mantius</strong></span> <span class='ocrx_word' id='word_1_351' title='bbox 2398 2318 2693 2390; x_wconf 88' lang='lat' dir='ltr'><strong>Origenes,</strong></span> <span class='ocrx_word' id='word_1_352' title='bbox 2745 2319 3009 2374; x_wconf 90' lang='lat' dir='ltr'><strong>Turranio</strong></span> <span class='ocrx_word' id='word_1_353' title='bbox 3050 2319 3244 2375; x_wconf 85' lang='lat' dir='ltr'><strong>Ruﬁno</strong></span> <span class='ocrx_word' id='word_1_354' title='bbox 3294 2321 3690 2390; x_wconf 80' lang='lat' dir='ltr'><strong>interpretatus,</strong></span> 
     </span>
    </p>
   </div>
   <div class='ocr_carea' id='block_1_53' title="bbox 2117 2411 3692 2482">
    <p class='ocr_par' dir='ltr' id='par_1_53' title="bbox 2117 2411 3692 2482">
     <span class='ocr_line' id='line_1_53' title="bbox 2117 2411 3692 2482; baseline -0.001 -13"><span class='ocrx_word' id='word_1_355' title='bbox 2117 2411 2302 2469; x_wconf 89' lang='lat' dir='ltr'><strong>sedqu</strong></span> <span class='ocrx_word' id='word_1_356' title='bbox 2332 2411 2453 2467; x_wconf 89' lang='lat' dir='ltr'><strong>ﬁdei</strong></span> <span class='ocrx_word' id='word_1_357' title='bbox 2487 2420 2685 2466; x_wconf 84' lang='lat' dir='ltr'><strong>nostrae</strong></span> <span class='ocrx_word' id='word_1_358' title='bbox 2724 2411 3011 2466; x_wconf 90' lang='lat' dir='ltr'><strong>lectoribus</strong></span> <span class='ocrx_word' id='word_1_359' title='bbox 3042 2411 3439 2482; x_wconf 86' lang='lat' dir='ltr'><strong>inspiciebatur.</strong></span> <span class='ocrx_word' id='word_1_360' title='bbox 3488 2411 3692 2468; x_wconf 79' lang='lat' dir='ltr'><strong>Pariter</strong></span> 
     </span>
    </p>
   </div>
   <div class='ocr_carea' id='block_1_54' title="bbox 2119 2503 3687 2575">
    <p class='ocr_par' dir='ltr' id='par_1_54' title="bbox 2119 2503 3687 2575">
     <span class='ocr_line' id='line_1_54' title="bbox 2119 2503 3687 2575; baseline -0.003 -14"><span class='ocrx_word' id='word_1_361' title='bbox 2119 2513 2173 2561; x_wconf 91' lang='lat' dir='ltr'><strong>et</strong></span> <span class='ocrx_word' id='word_1_362' title='bbox 2201 2513 2356 2575; x_wconf 87' lang='lat' dir='ltr'><strong>prout</strong></span> <span class='ocrx_word' id='word_1_363' title='bbox 2377 2505 2596 2573; x_wconf 82' lang='lat' dir='ltr'><strong>singulis</strong></span> <span class='ocrx_word' id='word_1_364' title='bbox 2625 2503 2773 2559; x_wconf 92' lang='lat' dir='ltr'><strong>cordi</strong></span> <span class='ocrx_word' id='word_1_365' title='bbox 2803 2504 3013 2559; x_wconf 86' lang='lat' dir='ltr'><strong>diversa</strong></span> <span class='ocrx_word' id='word_1_366' title='bbox 3048 2514 3326 2560; x_wconf 90' lang='lat' dir='ltr'><strong>censentes</strong></span> <span class='ocrx_word' id='word_1_367' title='bbox 3356 2504 3687 2561; x_wconf 64' lang='lat' dir='ltr'><strong>sermocina.</strong></span> 
     </span>
    </p>
   </div>
   <div class='ocr_carea' id='block_1_55' title="bbox 2119 2596 3690 2669">
    <p class='ocr_par' dir='ltr' id='par_1_55' title="bbox 2119 2596 3690 2669">
     <span class='ocr_line' id='line_1_55' title="bbox 2119 2596 3690 2669; baseline -0.002 -14"><span class='ocrx_word' id='word_1_368' title='bbox 2119 2598 2333 2664; x_wconf 87' lang='lat' dir='ltr'><strong>bantur,</strong></span> <span class='ocrx_word' id='word_1_369' title='bbox 2362 2612 2457 2653; x_wconf 88' lang='lat' dir='ltr'><strong>cur</strong></span> <span class='ocrx_word' id='word_1_370' title='bbox 2484 2612 2511 2650; x_wconf 91' lang='lat' dir='ltr'><strong>a</strong></span> <span class='ocrx_word' id='word_1_371' title='bbox 2554 2596 2869 2667; x_wconf 89' lang='lat' dir='ltr'><strong>quibusdam</strong></span> <span class='ocrx_word' id='word_1_372' title='bbox 2920 2606 3396 2669; x_wconf 82' lang='lat' dir='ltr'><strong>protomystarum,</strong></span> <span class='ocrx_word' id='word_1_373' title='bbox 3445 2607 3690 2668; x_wconf 90' lang='lat' dir='ltr'><strong>tanquam</strong></span> 
     </span>
    </p>
   </div>
   <div class='ocr_carea' id='block_1_56' title="bbox 2122 2691 3691 2761">
    <p class='ocr_par' dir='ltr' id='par_1_56' title="bbox 2122 2691 3691 2761">
     <span class='ocr_line' id='line_1_56' title="bbox 2122 2691 3691 2761; baseline 0 -15"><span class='ocrx_word' id='word_1_374' title='bbox 2122 2706 2295 2753; x_wconf 67' lang='lat' dir='ltr'><strong>saevus</strong></span> <span class='ocrx_word' id='word_1_375' title='bbox 2332 2691 2705 2759; x_wconf 69' lang='lat' dir='ltr'><strong>cavendusque</strong></span> <span class='ocrx_word' id='word_1_376' title='bbox 2761 2698 3017 2746; x_wconf 85' lang='lat' dir='ltr'><strong>tractator</strong></span> <span class='ocrx_word' id='word_1_377' title='bbox 3056 2691 3446 2761; x_wconf 86' lang='lat' dir='ltr'><strong>improbaretur</strong></span> <span class='ocrx_word' id='word_1_378' title='bbox 3479 2709 3491 2744; x_wconf 91' lang='lat'><strong>:</strong></span> <span class='ocrx_word' id='word_1_379' title='bbox 3529 2707 3691 2761; x_wconf 86' lang='lat' dir='ltr'><strong>quan-</strong></span> 
     </span>
    </p>
   </div>
   <div class='ocr_carea' id='block_1_57' title="bbox 2122 2778 3687 2852">
    <p class='ocr_par' dir='ltr' id='par_1_57' title="bbox 2122 2778 3687 2852">
     <span class='ocr_line' id='line_1_57' title="bbox 2122 2778 3687 2852; baseline -0.001 -15"><span class='ocrx_word' id='word_1_380' title='bbox 2122 2796 2277 2852; x_wconf 92' lang='lat' dir='ltr'><strong>quam</strong></span> <span class='ocrx_word' id='word_1_381' title='bbox 2300 2782 2375 2836; x_wconf 91' lang='lat' dir='ltr'><strong>sic</strong></span> <span class='ocrx_word' id='word_1_382' title='bbox 2402 2790 2543 2837; x_wconf 87' lang='lat' dir='ltr'><strong>esset</strong></span> <span class='ocrx_word' id='word_1_383' title='bbox 2569 2778 2595 2818; x_wconf 67' lang='grc' dir='ltr'><em>ά</em></span> <span class='ocrx_word' id='word_1_384' title='bbox 2626 2782 2689 2834; x_wconf 91' lang='lat' dir='ltr'><strong>ad</strong></span> <span class='ocrx_word' id='word_1_385' title='bbox 2741 2784 2959 2836; x_wconf 86' lang='lat' dir='ltr'><strong>verbum</strong></span> <span class='ocrx_word' id='word_1_386' title='bbox 3005 2782 3429 2851; x_wconf 87' lang='lat' dir='ltr'><strong>sententiamque</strong></span> <span class='ocrx_word' id='word_1_387' title='bbox 3470 2782 3687 2836; x_wconf 87' lang='lat' dir='ltr'><strong>transla-</strong></span> 
     </span>
    </p>
   </div>
   <div class='ocr_carea' id='block_1_58' title="bbox 2124 2872 3693 2947">
    <p class='ocr_par' dir='ltr' id='par_1_58' title="bbox 2124 2872 3693 2947">
     <span class='ocr_line' id='line_1_58' title="bbox 2124 2872 3693 2947; baseline -0.001 -18"><span class='ocrx_word' id='word_1_388' title='bbox 2124 2884 2228 2941; x_wconf 90' lang='lat' dir='ltr'><strong>tus,</strong></span> <span class='ocrx_word' id='word_1_389' title='bbox 2275 2882 2331 2928; x_wconf 92' lang='lat' dir='ltr'><strong>ut</strong></span> <span class='ocrx_word' id='word_1_390' title='bbox 2368 2888 2465 2930; x_wconf 90' lang='lat' dir='ltr'><strong>nec</strong></span> <span class='ocrx_word' id='word_1_391' title='bbox 2494 2874 2745 2947; x_wconf 86' lang='lat' dir='ltr'><strong>Apuleius</strong></span> <span class='ocrx_word' id='word_1_392' title='bbox 2787 2873 3108 2930; x_wconf 70' lang='lat' dir='ltr'><strong>Phaedonem</strong></span> <span class='ocrx_word' id='word_1_393' title='bbox 3137 2876 3215 2929; x_wconf 90' lang='lat' dir='ltr'><strong>sic</strong></span> <span class='ocrx_word' id='word_1_394' title='bbox 3243 2872 3501 2941; x_wconf 84' lang='lat' dir='ltr'><strong>Platonis,</strong></span> <span class='ocrx_word' id='word_1_395' title='bbox 3526 2889 3693 2945; x_wconf 86' lang='lat' dir='ltr'><strong>neque</strong></span> 
     </span>
    </p>
   </div>
   <div class='ocr_carea' id='block_1_59' title="bbox 2123 2962 3693 3033">
    <p class='ocr_par' dir='ltr' id='par_1_59' title="bbox 2123 2962 3693 3033">
     <span class='ocr_line' id='line_1_59' title="bbox 2123 2962 3693 3033; baseline 0.001 -14"><span class='ocrx_word' id='word_1_396' title='bbox 2123 2964 2329 3019; x_wconf 89' lang='lat' dir='ltr'><strong>Tullius</strong></span> <span class='ocrx_word' id='word_1_397' title='bbox 2358 2962 2759 3033; x_wconf 87' lang='lat' dir='ltr'><strong>Ctesiphontem</strong></span> <span class='ocrx_word' id='word_1_398' title='bbox 2787 2964 2863 3019; x_wconf 86' lang='lat' dir='ltr'><strong>sic</strong></span> <span class='ocrx_word' id='word_1_399' title='bbox 2892 2964 3267 3020; x_wconf 80' lang='lat' dir='ltr'><strong>DemOsthenis</strong></span> <span class='ocrx_word' id='word_1_400' title='bbox 3305 2967 3355 3018; x_wconf 91' lang='lat' dir='ltr'><strong>in</strong></span> <span class='ocrx_word' id='word_1_401' title='bbox 3405 2980 3557 3021; x_wconf 89' lang='lat' dir='ltr'><strong>usum</strong></span> <span class='ocrx_word' id='word_1_402' title='bbox 3611 2980 3693 3021; x_wconf 82' lang='lat' dir='ltr'><strong>rc-</strong></span> 
     </span>
    </p>
   </div>
   <div class='ocr_carea' id='block_1_60' title="bbox 2125 3057 3695 3127">
    <p class='ocr_par' dir='ltr' id='par_1_60' title="bbox 2125 3057 3695 3127">
     <span class='ocr_line' id='line_1_60' title="bbox 2125 3057 3695 3127; baseline 0 -14"><span class='ocrx_word' id='word_1_403' title='bbox 2125 3058 2409 3127; x_wconf 87' lang='lat' dir='ltr'><strong>gulamquc</strong></span> <span class='ocrx_word' id='word_1_404' title='bbox 2455 3058 2673 3111; x_wconf 84' lang='lat' dir='ltr'><strong>Romani</strong></span> <span class='ocrx_word' id='word_1_405' title='bbox 2729 3058 2994 3113; x_wconf 89' lang='lat' dir='ltr'><strong>sermonis</strong></span> <span class='ocrx_word' id='word_1_406' title='bbox 3042 3057 3437 3127; x_wconf 86' lang='lat' dir='ltr'><strong>exscripserint.</strong></span> <span class='ocrx_word' id='word_1_407' title='bbox 3499 3057 3695 3114; x_wconf 87' lang='lat' dir='ltr'><strong>Studiis</strong></span> 
     </span>
    </p>
   </div>
   <div class='ocr_carea' id='block_1_61' title="bbox 443 3141 3695 3221">
    <p class='ocr_par' dir='ltr' id='par_1_61' title="bbox 443 3141 3695 3221">
     <span class='ocr_line' id='line_1_61' title="bbox 443 3141 3695 3221; baseline 0.001 -20"><span class='ocrx_word' id='word_1_408' title='bbox 443 3147 733 3218; x_wconf 90' lang='lat' dir='ltr'><strong>quidquam</strong></span> <span class='ocrx_word' id='word_1_409' title='bbox 758 3147 825 3203; x_wconf 90' lang='lat' dir='ltr'><strong>de</strong></span> <span class='ocrx_word' id='word_1_410' title='bbox 852 3148 1061 3202; x_wconf 89' lang='lat' dir='ltr'><strong>itineris</strong></span> <span class='ocrx_word' id='word_1_411' title='bbox 1092 3147 1261 3205; x_wconf 88' lang='lat' dir='ltr'><strong>nostri</strong></span> <span class='ocrx_word' id='word_1_412' title='bbox 1299 3149 1698 3204; x_wconf 85' lang='lat' dir='ltr'><strong>continuatione</strong></span> <span class='ocrx_word' id='word_1_413' title='bbox 1741 3151 2023 3205; x_wconf 89' lang='lat' dir='ltr'><strong>meditare-</strong></span> <span class='ocrx_word' id='word_1_414' title='bbox 2053 3141 2100 3206; x_wconf 89' lang='lat' dir='ltr'><strong>C</strong></span> <span class='ocrx_word' id='word_1_415' title='bbox 2130 3149 2277 3205; x_wconf 79' lang='lat' dir='ltr'><strong>hisce</strong></span> <span class='ocrx_word' id='word_1_416' title='bbox 2326 3149 2452 3203; x_wconf 93' lang='lat' dir='ltr'><strong>dum</strong></span> <span class='ocrx_word' id='word_1_417' title='bbox 2481 3149 2719 3204; x_wconf 86' lang='lat' dir='ltr'><strong>nostrum</strong></span> <span class='ocrx_word' id='word_1_418' title='bbox 2761 3148 2955 3220; x_wconf 85' lang='lat' dir='ltr'><strong>singuli</strong></span> <span class='ocrx_word' id='word_1_419' title='bbox 3006 3149 3201 3221; x_wconf 90' lang='lat' dir='ltr'><strong>quique</strong></span> <span class='ocrx_word' id='word_1_420' title='bbox 3248 3159 3404 3221; x_wconf 89' lang='lat' dir='ltr'><strong>prout</strong></span> <span class='ocrx_word' id='word_1_421' title='bbox 3453 3150 3695 3212; x_wconf 89' lang='lat' dir='ltr'><strong>libuerat,</strong></span> 
     </span>
    </p>
   </div>
   <div class='ocr_carea' id='block_1_62' title="bbox 442 3239 2019 3312">
    <p class='ocr_par' dir='ltr' id='par_1_62' title="bbox 442 3239 2019 3312">
     <span class='ocr_line' id='line_1_62' title="bbox 442 3239 2019 3312; baseline 0.002 -19"><span class='ocrx_word' id='word_1_422' title='bbox 442 3252 585 3293; x_wconf 90' lang='lat' dir='ltr'><strong>mur.</strong></span> <span class='ocrx_word' id='word_1_423' title='bbox 616 3239 781 3308; x_wconf 90' lang='lat' dir='ltr'><strong>igitur</strong></span> <span class='ocrx_word' id='word_1_424' title='bbox 804 3254 959 3294; x_wconf 89' lang='lat' dir='ltr'><strong>mane</strong></span> <span class='ocrx_word' id='word_1_425' title='bbox 984 3239 1314 3309; x_wconf 80' lang='lat' dir='ltr'><strong>quotidiana,</strong></span> <span class='ocrx_word' id='word_1_426' title='bbox 1353 3241 1588 3309; x_wconf 85' lang='lat' dir='ltr'><strong>partibus</strong></span> <span class='ocrx_word' id='word_1_427' title='bbox 1614 3257 1773 3312; x_wconf 88' lang='lat' dir='ltr'><strong>super</strong></span> <span class='ocrx_word' id='word_1_428' title='bbox 1812 3243 2019 3312; x_wconf 59' lang='lat' dir='ltr'><strong>hosizite</strong></span> 
     </span>
    </p>
   </div>
   <div class='ocr_carea' id='block_1_63' title="bbox 442 3332 2022 3404">
    <p class='ocr_par' dir='ltr' id='par_1_63' title="bbox 442 3332 2022 3404">
     <span class='ocr_line' id='line_1_63' title="bbox 442 3332 2022 3404; baseline 0.004 -20"><span class='ocrx_word' id='word_1_429' title='bbox 442 3332 614 3401; x_wconf 87' lang='lat' dir='ltr'><strong>prima</strong></span> <span class='ocrx_word' id='word_1_430' title='bbox 647 3338 701 3383; x_wconf 89' lang='lat' dir='ltr'><strong>et</strong></span> <span class='ocrx_word' id='word_1_431' title='bbox 733 3338 884 3399; x_wconf 89' lang='lat' dir='ltr'><strong>grata</strong></span> <span class='ocrx_word' id='word_1_432' title='bbox 923 3333 1193 3387; x_wconf 90' lang='lat' dir='ltr'><strong>contentio</strong></span> <span class='ocrx_word' id='word_1_433' title='bbox 1223 3347 1469 3401; x_wconf 60' lang='lat' dir='ltr'><strong>quanam</strong></span> <span class='ocrx_word' id='word_1_434' title='bbox 1498 3335 1833 3404; x_wconf 88' lang='lat' dir='ltr'><strong>potissimum</strong></span> <span class='ocrx_word' id='word_1_435' title='bbox 1872 3344 2022 3390; x_wconf 89' lang='lat' dir='ltr'><strong>ante-</strong></span> 
     </span>
    </p>
   </div>
   <div class='ocr_carea' id='block_1_64' title="bbox 444 3422 2025 3497">
    <p class='ocr_par' dir='ltr' id='par_1_64' title="bbox 444 3422 2025 3497">
     <span class='ocr_line' id='line_1_64' title="bbox 444 3422 2025 3497; baseline 0.003 -19"><span class='ocrx_word' id='word_1_436' title='bbox 444 3423 557 3479; x_wconf 87' lang='lat' dir='ltr'><strong>rius</strong></span> <span class='ocrx_word' id='word_1_437' title='bbox 586 3422 829 3479; x_wconf 88' lang='lat' dir='ltr'><strong>edulibus</strong></span> <span class='ocrx_word' id='word_1_438' title='bbox 860 3423 1058 3479; x_wconf 88' lang='lat' dir='ltr'><strong>nostris</strong></span> <span class='ocrx_word' id='word_1_439' title='bbox 1086 3424 1264 3479; x_wconf 87' lang='lat' dir='ltr'><strong>culina</strong></span> <span class='ocrx_word' id='word_1_440' title='bbox 1294 3424 1557 3482; x_wconf 88' lang='lat' dir='ltr'><strong>fumaret:</strong></span> <span class='ocrx_word' id='word_1_441' title='bbox 1585 3442 1682 3483; x_wconf 92' lang='lat' dir='ltr'><strong>nec</strong></span> <span class='ocrx_word' id='word_1_442' title='bbox 1719 3442 1849 3484; x_wconf 90' lang='lat' dir='ltr'><strong>sane</strong></span> <span class='ocrx_word' id='word_1_443' title='bbox 1877 3435 2025 3497; x_wconf 89' lang='lat' dir='ltr'><strong>pote-</strong></span> 
     </span>
    </p>
   </div>
   <div class='ocr_carea' id='block_1_65' title="bbox 445 3556 2025 3684">
    <p class='ocr_par' dir='ltr' id='par_1_65' title="bbox 445 3556 2025 3684">
     <span class='ocr_line' id='line_1_65' title="bbox 445 3556 2025 3684; baseline 0.006 -74"><span class='ocrx_word' id='word_1_444' title='bbox 445 3558 602 3684; x_wconf 40' lang='grc' dir='ltr'><strong>ἓξὲξ</strong></span> <span class='ocrx_word' id='word_1_445' title='bbox 645 3556 787 3627; x_wconf 91' lang='lat' dir='ltr'><strong>quod</strong></span> <span class='ocrx_word' id='word_1_446' title='bbox 844 3556 971 3613; x_wconf 91' lang='lat' dir='ltr'><strong>huic</strong></span> <span class='ocrx_word' id='word_1_447' title='bbox 1017 3559 1138 3614; x_wconf 89' lang='lat' dir='ltr'><strong>loco</strong></span> <span class='ocrx_word' id='word_1_448' title='bbox 1178 3560 1463 3617; x_wconf 88' lang='lat' dir='ltr'><strong>intexatur.</strong></span> <span class='ocrx_word' id='word_1_449' title='bbox 1520 3561 1616 3618; x_wconf 83' lang='lat' dir='ltr'><strong>Est</strong></span> <span class='ocrx_word' id='word_1_450' title='bbox 1664 3578 1792 3632; x_wconf 83' lang='lat' dir='ltr'><strong>ergo</strong></span> <span class='ocrx_word' id='word_1_451' title='bbox 1840 3563 2025 3633; x_wconf 81' lang='lat' dir='ltr'><strong>hujus-</strong></span> 
     </span>
     <span class='ocr_line' id='line_1_66' title="bbox 579 3646 613 3682; baseline 0 0"><span class='ocrx_word' id='word_1_452' title='bbox 579 3646 613 3682; x_wconf 90' lang='grc' dir='ltr'><strong>Ι.</strong></span> 
     </span>
    </p>
   </div>
   <div class='ocr_carea' id='block_1_66' title="bbox 582 3718 1915 3804">
    <p class='ocr_par' dir='ltr' id='par_1_66' title="bbox 582 3718 1915 3804">
     <span class='ocr_line' id='line_1_67' title="bbox 582 3718 1915 3804; baseline 0.009 -33"><span class='ocrx_word' id='word_1_453' title='bbox 582 3720 763 3775; x_wconf 78' lang='grc' dir='ltr'>Ἕκτον</span> <span class='ocrx_word' id='word_1_454' title='bbox 801 3718 1105 3804; x_wconf 49' lang='grc' dir='ltr'><strong>ἔπέὶκοστῷ</strong></span> <span class='ocrx_word' id='word_1_455' title='bbox 1135 3723 1332 3804; x_wconf 51' lang='lat' dir='ltr'><strong>«larisa;</strong></span> <span class='ocrx_word' id='word_1_456' title='bbox 1360 3722 1470 3804; x_wconf 60' lang='grc' dir='ltr'><strong>ξῖος</strong></span> <span class='ocrx_word' id='word_1_457' title='bbox 1496 3722 1768 3804; x_wconf 56' lang='lat' dir='ltr'><strong>&quot;Aﬁr/apag,</strong></span> <span class='ocrx_word' id='word_1_458' title='bbox 1802 3725 1915 3782; x_wconf 54' lang='lat' dir='ltr'><strong>{alia</strong></span> 
     </span>
    </p>
   </div>
   <div class='ocr_carea' id='block_1_67' title="bbox 659 3793 1727 3883">
    <p class='ocr_par' dir='ltr' id='par_1_67' title="bbox 659 3793 1727 3883">
     <span class='ocr_line' id='line_1_68' title="bbox 659 3793 1727 3883; baseline 0.005 -39"><span class='ocrx_word' id='word_1_459' title='bbox 659 3793 936 3883; x_wconf 55' lang='grc' dir='ltr'><strong>Τιξξχύθξι,</strong></span> <span class='ocrx_word' id='word_1_460' title='bbox 960 3802 1156 3883; x_wconf 45' lang='grc' dir='ltr'><strong>κριθῶν</strong></span> <span class='ocrx_word' id='word_1_461' title='bbox 1186 3796 1529 3883; x_wconf 34' lang='grc' dir='ltr'><strong>ὡςθέτςὲκὶωσε</strong></span> <span class='ocrx_word' id='word_1_462' title='bbox 1562 3793 1727 3883; x_wconf 44' lang='lat' dir='ltr'><strong>piter.</strong></span> 
     </span>
    </p>
   </div>
   <div class='ocr_carea' id='block_1_68' title="bbox 583 3860 1993 3946">
    <p class='ocr_par' dir='ltr' id='par_1_68' title="bbox 583 3860 1993 3946">
     <span class='ocr_line' id='line_1_69' title="bbox 583 3860 1993 3946; baseline 0.009 -31"><span class='ocrx_word' id='word_1_463' title='bbox 583 3860 648 3933; x_wconf 79' lang='grc' dir='ltr'><strong>ᾯ</strong></span> <span class='ocrx_word' id='word_1_464' title='bbox 675 3860 837 3946; x_wconf 36' lang='lat' dir='ltr'><strong>sese;</strong></span> <span class='ocrx_word' id='word_1_465' title='bbox 862 3866 930 3923; x_wconf 84' lang='grc' dir='ltr'><strong>ὡς</strong></span> <span class='ocrx_word' id='word_1_466' title='bbox 953 3860 1122 3946; x_wconf 67' lang='grc' dir='ltr'><strong>ᾅδιπξός</strong></span> <span class='ocrx_word' id='word_1_467' title='bbox 1142 3886 1218 3925; x_wconf 82' lang='grc' dir='ltr'><strong>τις</strong></span> <span class='ocrx_word' id='word_1_468' title='bbox 1250 3866 1535 3946; x_wconf 53' lang='grc' dir='ltr'><strong>ἀπέρϐεσεν</strong></span> <span class='ocrx_word' id='word_1_469' title='bbox 1560 3860 1842 3946; x_wconf 49' lang='lat' dir='ltr'><strong>amatum</strong></span> <span class='ocrx_word' id='word_1_470' title='bbox 1871 3877 1993 3943; x_wconf 75' lang='grc' dir='ltr'><strong>φῶς,</strong></span> 
     </span>
    </p>
   </div>
   <div class='ocr_carea' id='block_1_69' title="bbox 651 3932 1739 4015">
    <p class='ocr_par' dir='ltr' id='par_1_69' title="bbox 651 3932 1739 4015">
     <span class='ocr_line' id='line_1_70' title="bbox 651 3932 1739 4015; baseline 0.007 -28"><span class='ocrx_word' id='word_1_471' title='bbox 651 3932 908 4015; x_wconf 51' lang='grc' dir='ltr'><strong>Λιέττιιὲρξοις·⁵</strong></span> <span class='ocrx_word' id='word_1_472' title='bbox 928 3938 984 3990; x_wconf 87' lang='grc' dir='ltr'><strong>τὸ</strong></span> <span class='ocrx_word' id='word_1_473' title='bbox 1011 3939 1151 4007; x_wconf 74' lang='grc' dir='ltr'><strong>γένος</strong></span> <span class='ocrx_word' id='word_1_474' title='bbox 1181 3941 1263 4015; x_wconf 59' lang='lat' dir='ltr'><strong>uari</strong></span> <span class='ocrx_word' id='word_1_475' title='bbox 1292 3937 1478 4007; x_wconf 66' lang='grc' dir='ltr'><strong>φιλίους</strong></span> <span class='ocrx_word' id='word_1_476' title='bbox 1510 3932 1739 4015; x_wconf 35' lang='lat' dir='ltr'><strong>Enipeus.</strong></span> 
     </span>
    </p>
   </div>
   <div class='ocr_carea' id='block_1_70' title="bbox 582 4004 1879 4084">
    <p class='ocr_par' dir='ltr' id='par_1_70' title="bbox 582 4004 1879 4084">
     <span class='ocr_line' id='line_1_71' title="bbox 582 4004 1879 4084; baseline 0.005 -24"><span class='ocrx_word' id='word_1_477' title='bbox 582 4005 784 4084; x_wconf 63' lang='grc' dir='ltr'><strong>Τύμξῗον</strong></span> <span class='ocrx_word' id='word_1_478' title='bbox 814 4004 865 4084; x_wconf 58' lang='lat' dir='ltr'><strong>de</strong></span> <span class='ocrx_word' id='word_1_479' title='bbox 895 4004 1200 4084; x_wconf 49' lang='lat' dir='ltr'><strong>&#39;Avroivelvo;</strong></span> <span class='ocrx_word' id='word_1_480' title='bbox 1232 4004 1307 4084; x_wconf 48' lang='grc' dir='ltr'><strong>ἕνῇ</strong></span> <span class='ocrx_word' id='word_1_481' title='bbox 1326 4010 1436 4063; x_wconf 77' lang='grc' dir='ltr'>θέτο</span> <span class='ocrx_word' id='word_1_482' title='bbox 1466 4004 1644 4065; x_wconf 62' lang='grc' dir='ltr'><strong>τοῦτὸν</strong></span> <span class='ocrx_word' id='word_1_483' title='bbox 1665 4011 1879 4084; x_wconf 76' lang='grc' dir='ltr'><strong>ἀδελφῷ,</strong></span> 
     </span>
    </p>
   </div>
   <div class='ocr_carea' id='block_1_71' title="bbox 654 4073 1859 4154">
    <p class='ocr_par' dir='ltr' id='par_1_71' title="bbox 654 4073 1859 4154">
     <span class='ocr_line' id='line_1_72' title="bbox 654 4073 1859 4154; baseline 0.003 -25"><span class='ocrx_word' id='word_1_484' title='bbox 654 4073 793 4131; x_wconf 78' lang='grc' dir='ltr'><strong>Οἷσιν</strong></span> <span class='ocrx_word' id='word_1_485' title='bbox 821 4076 847 4132; x_wconf 80' lang='grc' dir='ltr'><strong><em>ὃ</em></strong></span> <span class='ocrx_word' id='word_1_486' title='bbox 874 4080 995 4152; x_wconf 74' lang='grc' dir='ltr'><strong>πρὶν</strong></span> <span class='ocrx_word' id='word_1_487' title='bbox 1020 4073 1533 4154; x_wconf 68' lang='grc' dir='ltr'><strong>βασι).εὺς”’Δϐγαρος</strong></span> <span class='ocrx_word' id='word_1_488' title='bbox 1560 4080 1615 4140; x_wconf 74' lang='grc' dir='ltr'>ἦν</span> <span class='ocrx_word' id='word_1_489' title='bbox 1640 4073 1859 4154; x_wconf 64' lang='grc' dir='ltr'><strong>γενέτῆξ.</strong></span> 
     </span>
    </p>
   </div>
   <div class='ocr_carea' id='block_1_72' title="bbox 567 4188 2020 4255">
    <p class='ocr_par' dir='ltr' id='par_1_72' title="bbox 567 4188 2020 4255">
     <span class='ocr_line' id='line_1_73' title="bbox 567 4188 2020 4255; baseline 0.003 -20"><span class='ocrx_word' id='word_1_490' title='bbox 567 4188 661 4255; x_wconf 56' lang='lat' dir='ltr'><strong>Olli</strong></span> <span class='ocrx_word' id='word_1_491' title='bbox 682 4200 790 4243; x_wconf 83' lang='lat' dir='ltr'><strong>sex,</strong></span> <span class='ocrx_word' id='word_1_492' title='bbox 834 4188 1007 4255; x_wconf 84' lang='lat' dir='ltr'><strong>bisque</strong></span> <span class='ocrx_word' id='word_1_493' title='bbox 1029 4189 1202 4255; x_wconf 75' lang='lat' dir='ltr'><strong>decem</strong></span> <span class='ocrx_word' id='word_1_494' title='bbox 1224 4190 1553 4255; x_wconf 80' lang='lat' dir='ltr'><strong>compleverat</strong></span> <span class='ocrx_word' id='word_1_495' title='bbox 1596 4194 1822 4255; x_wconf 80' lang='lat' dir='ltr'><strong>Abgarus</strong></span> <span class='ocrx_word' id='word_1_496' title='bbox 1853 4208 2020 4254; x_wconf 82' lang='lat' dir='ltr'><strong>annos,</strong></span> 
     </span>
    </p>
   </div>
   <div class='ocr_carea' id='block_1_73' title="bbox 625 4248 1621 4314">
    <p class='ocr_par' dir='ltr' id='par_1_73' title="bbox 625 4248 1621 4314">
     <span class='ocr_line' id='line_1_74' title="bbox 625 4248 1621 4314; baseline 0.009 -21"><span class='ocrx_word' id='word_1_497' title='bbox 625 4248 881 4314; x_wconf 73' lang='lat' dir='ltr'><strong>Parcarum</strong></span> <span class='ocrx_word' id='word_1_498' title='bbox 914 4248 1035 4314; x_wconf 82' lang='lat' dir='ltr'><strong>duro</strong></span> <span class='ocrx_word' id='word_1_499' title='bbox 1060 4252 1233 4314; x_wconf 80' lang='lat' dir='ltr'><strong>esl_ltic</strong></span> <span class='ocrx_word' id='word_1_500' title='bbox 1256 4248 1379 4299; x_wconf 81' lang='lat' dir='ltr'><strong>situs</strong></span> <span class='ocrx_word' id='word_1_501' title='bbox 1402 4254 1621 4314; x_wconf 84' lang='lat' dir='ltr'><strong>imperio.</strong></span> 
     </span>
    </p>
   </div>
   <div class='ocr_carea' id='block_1_74' title="bbox 564 4308 1762 4376">
    <p class='ocr_par' dir='ltr' id='par_1_74' title="bbox 564 4308 1762 4376">
     <span class='ocr_line' id='line_1_75' title="bbox 564 4308 1762 4376; baseline 0.007 -19"><span class='ocrx_word' id='word_1_502' title='bbox 564 4308 849 4376; x_wconf 65' lang='lat' dir='ltr'><strong>Primam-am</strong></span> <span class='ocrx_word' id='word_1_503' title='bbox 876 4312 1111 4376; x_wconf 46' lang='lat' dir='ltr'><strong>egstinxit</strong></span> <span class='ocrx_word' id='word_1_504' title='bbox 1138 4310 1291 4359; x_wconf 80' lang='lat' dir='ltr'><strong>lucem</strong></span> <span class='ocrx_word' id='word_1_505' title='bbox 1314 4315 1389 4360; x_wconf 88' lang='lat' dir='ltr'><strong>cui</strong></span> <span class='ocrx_word' id='word_1_506' title='bbox 1410 4308 1531 4362; x_wconf 61' lang='lat' dir='ltr'><strong>liv&#39;or</strong></span> <span class='ocrx_word' id='word_1_507' title='bbox 1555 4317 1762 4376; x_wconf 78' lang='lat' dir='ltr'><strong>iniquus,</strong></span> 
     </span>
    </p>
   </div>
   <div class='ocr_carea' id='block_1_75' title="bbox 631 4368 1592 4431">
    <p class='ocr_par' dir='ltr' id='par_1_75' title="bbox 631 4368 1592 4431">
     <span class='ocr_line' id='line_1_76' title="bbox 631 4368 1592 4431; baseline 0.008 -16"><span class='ocrx_word' id='word_1_508' title='bbox 631 4368 841 4431; x_wconf 75' lang='lat' dir='ltr'><strong>Mmrore</strong></span> <span class='ocrx_word' id='word_1_509' title='bbox 869 4370 1081 4418; x_wconf 81' lang='lat' dir='ltr'><strong>alliciens</strong></span> <span class='ocrx_word' id='word_1_510' title='bbox 1100 4380 1150 4431; x_wconf 82' lang='lat' dir='ltr'><strong>et</strong></span> <span class='ocrx_word' id='word_1_511' title='bbox 1174 4384 1331 4431; x_wconf 85' lang='lat' dir='ltr'><strong>genus</strong></span> <span class='ocrx_word' id='word_1_512' title='bbox 1351 4381 1401 4421; x_wconf 81' lang='lat' dir='ltr'><strong>et</strong></span> <span class='ocrx_word' id='word_1_513' title='bbox 1422 4377 1592 4423; x_wconf 85' lang='lat' dir='ltr'><strong>socios.</strong></span> 
     </span>
    </p>
   </div>
   <div class='ocr_carea' id='block_1_76' title="bbox 566 4428 1834 4496">
    <p class='ocr_par' dir='ltr' id='par_1_76' title="bbox 566 4428 1834 4496">
     <span class='ocr_line' id='line_1_77' title="bbox 566 4428 1834 4496; baseline 0.006 -19"><span class='ocrx_word' id='word_1_514' title='bbox 566 4428 806 4496; x_wconf 81' lang='lat' dir='ltr'><strong>Germano</strong></span> <span class='ocrx_word' id='word_1_515' title='bbox 830 4429 957 4496; x_wconf 77' lang='lat' dir='ltr'><strong>hunc</strong></span> <span class='ocrx_word' id='word_1_516' title='bbox 976 4428 1209 4481; x_wconf 75' lang='lat' dir='ltr'><strong>tumulum</strong></span> <span class='ocrx_word' id='word_1_517' title='bbox 1232 4434 1365 4496; x_wconf 85' lang='lat' dir='ltr'><strong>fratri</strong></span> <span class='ocrx_word' id='word_1_518' title='bbox 1388 4434 1521 4481; x_wconf 81' lang='lat' dir='ltr'><strong>dedit</strong></span> <span class='ocrx_word' id='word_1_519' title='bbox 1547 4435 1834 4496; x_wconf 81' lang='lat' dir='ltr'><strong>Antoninus,</strong></span> 
     </span>
    </p>
   </div>
   <div class='ocr_carea' id='block_1_77' title="bbox 628 4491 1681 4556">
    <p class='ocr_par' dir='ltr' id='par_1_77' title="bbox 628 4491 1681 4556">
     <span class='ocr_line' id='line_1_78' title="bbox 628 4491 1681 4556; baseline 0.008 -19"><span class='ocrx_word' id='word_1_520' title='bbox 628 4492 850 4551; x_wconf 86' lang='lat' dir='ltr'><strong>Abgarus</strong></span> <span class='ocrx_word' id='word_1_521' title='bbox 872 4491 982 4539; x_wconf 80' lang='lat' dir='ltr'><strong>oli;n</strong></span> <span class='ocrx_word' id='word_1_522' title='bbox 1008 4505 1099 4541; x_wconf 77' lang='lat' dir='ltr'><strong>rex</strong></span> <span class='ocrx_word' id='word_1_523' title='bbox 1127 4495 1267 4554; x_wconf 83' lang='lat' dir='ltr'><strong>queis</strong></span> <span class='ocrx_word' id='word_1_524' title='bbox 1285 4497 1480 4556; x_wconf 81' lang='lat' dir='ltr'><strong>genitor</strong></span> <span class='ocrx_word' id='word_1_525' title='bbox 1502 4497 1681 4547; x_wconf 84' lang='lat' dir='ltr'><strong>fuerat.</strong></span> 
     </span>
    </p>
   </div>
   <div class='ocr_carea' id='block_1_78' title="bbox 516 4595 2020 4674">
    <p class='ocr_par' dir='ltr' id='par_1_78' title="bbox 516 4595 2020 4674">
     <span class='ocr_line' id='line_1_79' title="bbox 516 4595 2020 4674; baseline 0.008 -24"><span class='ocrx_word' id='word_1_526' title='bbox 516 4605 543 4635; x_wconf 73' lang='grc' dir='ltr'><strong>ι</strong></span> <span class='ocrx_word' id='word_1_527' title='bbox 572 4595 699 4651; x_wconf 83' lang='lat' dir='ltr'><strong>Viro</strong></span> <span class='ocrx_word' id='word_1_528' title='bbox 719 4599 1027 4674; x_wconf 66' lang='lat' dir='ltr'><strong>spectabili,</strong></span> <span class='ocrx_word' id='word_1_529' title='bbox 1070 4598 1281 4674; x_wconf 83' lang='lat' dir='ltr'><strong>civique</strong></span> <span class='ocrx_word' id='word_1_530' title='bbox 1310 4600 1569 4668; x_wconf 89' lang='lat' dir='ltr'><strong>Arverno,</strong></span> <span class='ocrx_word' id='word_1_531' title='bbox 1618 4613 1673 4657; x_wconf 91' lang='lat' dir='ltr'><strong>ut</strong></span> <span class='ocrx_word' id='word_1_532' title='bbox 1715 4605 2020 4674; x_wconf 85' lang='lat' dir='ltr'><strong>conjectura</strong></span> 
     </span>
    </p>
   </div>
   <div class='ocr_carea' id='block_1_79' title="bbox 445 4666 2022 4744">
    <p class='ocr_par' dir='ltr' id='par_1_79' title="bbox 445 4666 2022 4744">
     <span class='ocr_line' id='line_1_80' title="bbox 445 4666 2022 4744; baseline 0.004 -21"><span class='ocrx_word' id='word_1_533' title='bbox 445 4675 528 4724; x_wconf 88' lang='lat' dir='ltr'><strong>est</strong></span> <span class='ocrx_word' id='word_1_534' title='bbox 554 4666 807 4744; x_wconf 26' lang='lat' dir='ltr'><strong>eerpist.</strong></span> <span class='ocrx_word' id='word_1_535' title='bbox 839 4670 891 4735; x_wconf 88' lang='lat'><strong>5,</strong></span> <span class='ocrx_word' id='word_1_536' title='bbox 925 4670 1021 4744; x_wconf 85' lang='lat' dir='ltr'><strong>lib.</strong></span> <span class='ocrx_word' id='word_1_537' title='bbox 1069 4666 1323 4744; x_wconf 73' lang='lat' dir='ltr'><strong>nt.___limc</strong></span> <span class='ocrx_word' id='word_1_538' title='bbox 1370 4666 1564 4744; x_wconf 84' lang='lat' dir='ltr'><strong>autem</strong></span> <span class='ocrx_word' id='word_1_539' title='bbox 1592 4675 1787 4744; x_wconf 87' lang='lat' dir='ltr'><strong>scripta</strong></span> <span class='ocrx_word' id='word_1_540' title='bbox 1814 4666 1919 4731; x_wconf 40' lang='lat' dir='ltr'><strong>vest</strong></span> <span class='ocrx_word' id='word_1_541' title='bbox 1968 4679 2022 4731; x_wconf 89' lang='lat' dir='ltr'><strong>in</strong></span> 
     </span>
    </p>
   </div>
   <div class='ocr_carea' id='block_1_80' title="bbox 445 4741 2019 4815">
    <p class='ocr_par' dir='ltr' id='par_1_80' title="bbox 445 4741 2019 4815">
     <span class='ocr_line' id='line_1_81' title="bbox 445 4741 2019 4815; baseline 0.006 -22"><span class='ocrx_word' id='word_1_542' title='bbox 445 4753 573 4805; x_wconf 86' lang='lat' dir='ltr'><strong>agro</strong></span> <span class='ocrx_word' id='word_1_543' title='bbox 614 4741 998 4815; x_wconf 55' lang='lat' dir='ltr'><strong>Nemausensi,</strong></span> <span class='ocrx_word' id='word_1_544' title='bbox 1045 4755 1076 4794; x_wconf 92' lang='lat' dir='ltr'><strong>e</strong></span> <span class='ocrx_word' id='word_1_545' title='bbox 1109 4741 1247 4795; x_wconf 90' lang='lat' dir='ltr'><strong>villis</strong></span> <span class='ocrx_word' id='word_1_546' title='bbox 1293 4742 1619 4811; x_wconf 85' lang='lat' dir='ltr'><strong>Apollinaris</strong></span> <span class='ocrx_word' id='word_1_547' title='bbox 1664 4741 1718 4801; x_wconf 73' lang='lat' dir='ltr'><strong>ei</strong></span> <span class='ocrx_word' id='word_1_548' title='bbox 1749 4746 2019 4815; x_wconf 64' lang='lat' dir='ltr'><strong>.Ferreoli,</strong></span> 
     </span>
    </p>
   </div>
   <div class='ocr_carea' id='block_1_81' title="bbox 444 4807 869 4879">
    <p class='ocr_par' dir='ltr' id='par_1_81' title="bbox 444 4807 869 4879">
     <span class='ocr_line' id='line_1_82' title="bbox 444 4807 869 4879; baseline 0.002 -17"><span class='ocrx_word' id='word_1_549' title='bbox 444 4825 575 4879; x_wconf 86' lang='lat' dir='ltr'><strong>quas</strong></span> <span class='ocrx_word' id='word_1_550' title='bbox 597 4807 869 4879; x_wconf 85' lang='lat' dir='ltr'><strong>describit.</strong></span> 
     </span>
    </p>
   </div>
   <div class='ocr_carea' id='block_1_82' title="bbox 516 4878 2024 4953">
    <p class='ocr_par' dir='ltr' id='par_1_82' title="bbox 516 4878 2024 4953">
     <span class='ocr_line' id='line_1_83' title="bbox 516 4878 2024 4953; baseline 0.008 -21"><span class='ocrx_word' id='word_1_551' title='bbox 516 4878 544 4953; x_wconf 53' lang='grc' dir='ltr'>ιδ</span> <span class='ocrx_word' id='word_1_552' title='bbox 574 4883 721 4933; x_wconf 76' lang='lat' dir='ltr'><strong>Nunc</strong></span> <span class='ocrx_word' id='word_1_553' title='bbox 751 4878 898 4935; x_wconf 87' lang='lat' dir='ltr'><strong>locus</strong></span> <span class='ocrx_word' id='word_1_554' title='bbox 926 4888 978 4934; x_wconf 90' lang='lat' dir='ltr'><strong>et</strong></span> <span class='ocrx_word' id='word_1_555' title='bbox 1007 4883 1235 4951; x_wconf 77' lang='lat' dir='ltr'><strong>Spatium</strong></span> <span class='ocrx_word' id='word_1_556' title='bbox 1262 4884 1313 4938; x_wconf 93' lang='lat' dir='ltr'><strong>in</strong></span> <span class='ocrx_word' id='word_1_557' title='bbox 1336 4899 1441 4953; x_wconf 90' lang='lat' dir='ltr'><strong>quo</strong></span> <span class='ocrx_word' id='word_1_558' title='bbox 1462 4888 1661 4953; x_wconf 87' lang='lat' dir='ltr'><strong>gestari</strong></span> <span class='ocrx_word' id='word_1_559' title='bbox 1691 4887 1817 4942; x_wconf 87' lang='lat' dir='ltr'><strong>licet</strong></span> <span class='ocrx_word' id='word_1_560' title='bbox 1845 4906 1857 4941; x_wconf 90' lang='lat'><strong>:</strong></span> <span class='ocrx_word' id='word_1_561' title='bbox 1884 4889 2024 4944; x_wconf 90' lang='lat' dir='ltr'><strong>sicut</strong></span> 
     </span>
    </p>
   </div>
   <div class='ocr_carea' id='block_1_83' title="bbox 444 4949 2023 5023">
    <p class='ocr_par' dir='ltr' id='par_1_83' title="bbox 444 4949 2023 5023">
     <span class='ocr_line' id='line_1_84' title="bbox 444 4949 2023 5023; baseline 0.006 -17"><span class='ocrx_word' id='word_1_562' title='bbox 444 4949 507 5023; x_wconf 59' lang='lat' dir='ltr'><strong>in</strong></span> <span class='ocrx_word' id='word_1_563' title='bbox 524 4951 775 5023; x_wconf 69' lang='lat' dir='ltr'><strong>Bomana</strong></span> <span class='ocrx_word' id='word_1_564' title='bbox 790 4949 1158 5023; x_wconf 65' lang='lat' dir='ltr'><strong>inscriptione,</strong></span> <span class='ocrx_word' id='word_1_565' title='bbox 1193 4953 1257 5007; x_wconf 82' lang='lat' dir='ltr'><strong>IN</strong></span> <span class='ocrx_word' id='word_1_566' title='bbox 1282 4949 1414 5009; x_wconf 80' lang='lat' dir='ltr'><strong>HOC</strong></span> <span class='ocrx_word' id='word_1_567' title='bbox 1444 4949 1744 5013; x_wconf 41' lang='lat' dir='ltr'><strong>P&#39;OilARIO</strong></span> <span class='ocrx_word' id='word_1_568' title='bbox 1772 4958 2023 5023; x_wconf 76' lang='lat' dir='ltr'><strong>GESTA-</strong></span> 
     </span>
    </p>
   </div>
   <div class='ocr_carea' id='block_1_84' title="bbox 402 5020 2019 5094">
    <p class='ocr_par' dir='ltr' id='par_1_84' title="bbox 402 5020 2019 5094">
     <span class='ocr_line' id='line_1_85' title="bbox 402 5020 2019 5094; baseline 0.009 -23"><span class='ocrx_word' id='word_1_569' title='bbox 402 5042 405 5065; x_wconf 73' lang='grc' dir='ltr'><strong><em>τ</em></strong></span> <span class='ocrx_word' id='word_1_570' title='bbox 444 5020 830 5094; x_wconf 52' lang='lat' dir='ltr'><strong>glomerati</strong></span> <span class='ocrx_word' id='word_1_571' title='bbox 858 5021 1249 5094; x_wconf 15' lang='lat' dir='ltr'><strong>gematth</strong></span> <span class='ocrx_word' id='word_1_572' title='bbox 1293 5025 1710 5094; x_wconf 85' lang='lat' dir='ltr'><strong>QUINQUIENS</strong></span> <span class='ocrx_word' id='word_1_573' title='bbox 1752 5020 2019 5086; x_wconf 83' lang='lat' dir='ltr'><strong>EFFlCIT</strong></span> 
     </span>
    </p>
   </div>
   <div class='ocr_carea' id='block_1_85' title="bbox 446 5090 2015 5170">
    <p class='ocr_par' dir='ltr' id='par_1_85' title="bbox 446 5090 2015 5170">
     <span class='ocr_line' id='line_1_86' title="bbox 446 5090 2015 5170; baseline 0.009 -25"><span class='ocrx_word' id='word_1_574' title='bbox 446 5091 700 5147; x_wconf 83' lang='lat' dir='ltr'><strong>PASSUS</strong></span> <span class='ocrx_word' id='word_1_575' title='bbox 737 5090 962 5147; x_wconf 85' lang='lat' dir='ltr'><strong>MILLE.</strong></span> <span class='ocrx_word' id='word_1_576' title='bbox 996 5095 1142 5170; x_wconf 80' lang='lat' dir='ltr'><strong>Alias</strong></span> <span class='ocrx_word' id='word_1_577' title='bbox 1170 5095 1395 5163; x_wconf 89' lang='lat' dir='ltr'><strong>gestatio</strong></span> <span class='ocrx_word' id='word_1_578' title='bbox 1424 5090 1503 5170; x_wconf 61' lang='lat' dir='ltr'><strong>est</strong></span> <span class='ocrx_word' id='word_1_579' title='bbox 1535 5100 1649 5168; x_wconf 88' lang='lat' dir='ltr'><strong>ipsa</strong></span> <span class='ocrx_word' id='word_1_580' title='bbox 1684 5101 2015 5170; x_wconf 86' lang='lat' dir='ltr'><strong>exercitatio,</strong></span> 
     </span>
    </p>
   </div>
   <div class='ocr_carea' id='block_1_86' title="bbox 444 5164 2022 5241">
    <p class='ocr_par' dir='ltr' id='par_1_86' title="bbox 444 5164 2022 5241">
     <span class='ocr_line' id='line_1_87' title="bbox 444 5164 2022 5241; baseline 0.01 -28"><span class='ocrx_word' id='word_1_581' title='bbox 444 5177 549 5230; x_wconf 89' lang='lat' dir='ltr'><strong>qua</strong></span> <span class='ocrx_word' id='word_1_582' title='bbox 570 5172 841 5241; x_wconf 77' lang='lat' dir='ltr'><strong>gestamur</strong></span> <span class='ocrx_word' id='word_1_583' title='bbox 863 5172 954 5241; x_wconf 79' lang='lat' dir='ltr'><strong>aut</strong></span> <span class='ocrx_word' id='word_1_584' title='bbox 976 5164 1245 5241; x_wconf 53' lang='lat' dir='ltr'><strong>vehimur,</strong></span> <span class='ocrx_word' id='word_1_585' title='bbox 1286 5180 1447 5241; x_wconf 71' lang='lat' dir='ltr'><strong>equo,</strong></span> <span class='ocrx_word' id='word_1_586' title='bbox 1477 5164 1684 5237; x_wconf 77' lang='lat' dir='ltr'><strong>lectica,</strong></span> <span class='ocrx_word' id='word_1_587' title='bbox 1727 5172 1812 5227; x_wconf 91' lang='lat' dir='ltr'><strong>vel</strong></span> <span class='ocrx_word' id='word_1_588' title='bbox 1835 5164 2022 5241; x_wconf 84' lang='lat' dir='ltr'><strong>quovis</strong></span> 
     </span>
    </p>
   </div>
   <div class='ocr_carea' id='block_1_87' title="bbox 444 5231 2025 5321">
    <p class='ocr_par' dir='ltr' id='par_1_87' title="bbox 444 5231 2025 5321">
     <span class='ocr_line' id='line_1_88' title="bbox 444 5231 2025 5321; baseline 0.009 -38"><span class='ocrx_word' id='word_1_589' title='bbox 444 5245 640 5321; x_wconf 64' lang='lat' dir='ltr'><strong>genere</strong></span> <span class='ocrx_word' id='word_1_590' title='bbox 685 5231 934 5321; x_wconf 55' lang='lat' dir='ltr'><strong>vehiculi;</strong></span> <span class='ocrx_word' id='word_1_591' title='bbox 993 5233 1100 5317; x_wconf 67' lang='lat' dir='ltr'><strong>§ed</strong></span> <span class='ocrx_word' id='word_1_592' title='bbox 1158 5231 1722 5321; x_wconf 31' lang='lat' dir='ltr'><strong>Sidonius“.prretc_rea</strong></span> <span class='ocrx_word' id='word_1_593' title='bbox 1773 5231 2025 5321; x_wconf 45' lang='lat' dir='ltr'><strong>transient</strong></span> 
     </span>
    </p>
   </div>
   <div class='ocr_carea' id='block_1_88' title="bbox 445 5302 2019 5385">
    <p class='ocr_par' dir='ltr' id='par_1_88' title="bbox 445 5302 2019 5385">
     <span class='ocr_line' id='line_1_89' title="bbox 445 5302 2019 5385; baseline 0.007 -29"><span class='ocrx_word' id='word_1_594' title='bbox 445 5303 606 5385; x_wconf 63' lang='lat' dir='ltr'><strong>etiam</strong></span> <span class='ocrx_word' id='word_1_595' title='bbox 652 5302 717 5355; x_wconf 89' lang='lat' dir='ltr'><strong>ad</strong></span> <span class='ocrx_word' id='word_1_596' title='bbox 753 5305 1200 5385; x_wconf 75' lang='lat' dir='ltr'><strong>ambulationem,</strong></span> <span class='ocrx_word' id='word_1_597' title='bbox 1238 5322 1356 5385; x_wconf 82' lang='lat' dir='ltr'><strong>cum</strong></span> <span class='ocrx_word' id='word_1_598' title='bbox 1391 5302 1481 5363; x_wconf 83' lang='lat' dir='ltr'><strong>alii</strong></span> <span class='ocrx_word' id='word_1_599' title='bbox 1519 5310 1865 5381; x_wconf 88' lang='lat' dir='ltr'><strong>distinguant.</strong></span> <span class='ocrx_word' id='word_1_600' title='bbox 1916 5314 2019 5385; x_wconf 78' lang='lat'><strong>31</strong></span> 
     </span>
    </p>
   </div>
   <div class='ocr_carea' id='block_1_89' title="bbox 448 5372 2016 5455">
    <p class='ocr_par' dir='ltr' id='par_1_89' title="bbox 448 5372 2016 5455">
     <span class='ocr_line' id='line_1_90' title="bbox 448 5372 2016 5455; baseline 0.005 -26"><span class='ocrx_word' id='word_1_601' title='bbox 448 5372 851 5455; x_wconf 33' lang='lat' dir='ltr'><strong>Senecaepist.‘</strong></span> <span class='ocrx_word' id='word_1_602' title='bbox 883 5377 968 5455; x_wconf 64' lang='lat' dir='ltr'><strong>b5.</strong></span> <span class='ocrx_word' id='word_1_603' title='bbox 1014 5378 1057 5428; x_wconf 87' lang='grc' dir='ltr'><em>Α</em></span> <span class='ocrx_word' id='word_1_604' title='bbox 1098 5372 1371 5455; x_wconf 69' lang='lat' dir='ltr'><strong>gestatione</strong></span> <span class='ocrx_word' id='word_1_605' title='bbox 1417 5395 1530 5433; x_wconf 87' lang='lat' dir='ltr'><strong>cum</strong></span> <span class='ocrx_word' id='word_1_606' title='bbox 1582 5372 1801 5437; x_wconf 57' lang='lat' dir='ltr'><strong>maiime</strong></span> <span class='ocrx_word' id='word_1_607' title='bbox 1844 5372 2016 5452; x_wconf 50' lang='lat' dir='ltr'><strong>redvcta:</strong></span> 
     </span>
    </p>
   </div>
   <div class='ocr_carea' id='block_1_90' title="bbox 446 5447 2018 5524">
    <p class='ocr_par' dir='ltr' id='par_1_90' title="bbox 446 5447 2018 5524">
     <span class='ocr_line' id='line_1_91' title="bbox 446 5447 2018 5524; baseline 0.006 -26"><span class='ocrx_word' id='word_1_608' title='bbox 446 5461 547 5499; x_wconf 83' lang='lat' dir='ltr'><strong>non</strong></span> <span class='ocrx_word' id='word_1_609' title='bbox 608 5447 1069 5524; x_wconf 38' lang='lat' dir='ltr'><strong>minus-fatigatus</strong></span> <span class='ocrx_word' id='word_1_610' title='bbox 1102 5447 1270 5524; x_wconf 28' lang='lat' dir='ltr'><strong>‘quam</strong></span> <span class='ocrx_word' id='word_1_611' title='bbox 1310 5450 1355 5524; x_wconf 74' lang='lat' dir='ltr'><strong>si</strong></span> <span class='ocrx_word' id='word_1_612' title='bbox 1405 5458 1599 5524; x_wconf 80' lang='lat' dir='ltr'><strong>tantum</strong></span> <span class='ocrx_word' id='word_1_613' title='bbox 1659 5447 2018 5524; x_wconf 71' lang='lat' dir='ltr'><strong>ambulassem,</strong></span> 
     </span>
    </p>
   </div>
   <div class='ocr_carea' id='block_1_91' title="bbox 445 5516 2017 5589">
    <p class='ocr_par' dir='ltr' id='par_1_91' title="bbox 445 5516 2017 5589">
     <span class='ocr_line' id='line_1_92' title="bbox 445 5516 2017 5589; baseline 0.008 -21"><span class='ocrx_word' id='word_1_614' title='bbox 445 5526 692 5589; x_wconf 55' lang='lat' dir='ltr'><strong>quantuni</strong></span> <span class='ocrx_word' id='word_1_615' title='bbox 711 5516 817 5569; x_wconf 84' lang='lat' dir='ltr'><strong>sedi</strong></span> <span class='ocrx_word' id='word_1_616' title='bbox 840 5532 859 5570; x_wconf 88' lang='lat'><strong><em>:</em></strong></span> <span class='ocrx_word' id='word_1_617' title='bbox 888 5516 1029 5571; x_wconf 82' lang='lat' dir='ltr'><strong>labor</strong></span> <span class='ocrx_word' id='word_1_618' title='bbox 1056 5518 1188 5572; x_wconf 83' lang='lat' dir='ltr'><strong>enim</strong></span> <span class='ocrx_word' id='word_1_619' title='bbox 1211 5529 1280 5573; x_wconf 86' lang='lat' dir='ltr'><strong>est</strong></span> <span class='ocrx_word' id='word_1_620' title='bbox 1304 5520 1389 5573; x_wconf 87' lang='lat' dir='ltr'><strong>diu</strong></span> <span class='ocrx_word' id='word_1_621' title='bbox 1419 5522 1559 5589; x_wconf 77' lang='lat' dir='ltr'><strong>ferri.</strong></span> <span class='ocrx_word' id='word_1_622' title='bbox 1605 5524 1669 5577; x_wconf 86' lang='lat' dir='ltr'><strong>Et</strong></span> <span class='ocrx_word' id='word_1_623' title='bbox 1696 5523 1901 5580; x_wconf 85' lang='lat' dir='ltr'><strong>Plinius</strong></span> <span class='ocrx_word' id='word_1_624' title='bbox 1924 5516 2017 5581; x_wconf 59' lang='lat' dir='ltr'><strong>lib:</strong></span> 
     </span>
    </p>
   </div>
   <div class='ocr_carea' id='block_1_92' title="bbox 447 5585 2019 5667">
    <p class='ocr_par' dir='ltr' id='par_1_92' title="bbox 447 5585 2019 5667">
     <span class='ocr_line' id='line_1_93' title="bbox 447 5585 2019 5667; baseline 0.006 -26"><span class='ocrx_word' id='word_1_625' title='bbox 447 5601 591 5667; x_wconf 72' lang='lat' dir='ltr'><strong>xxvii</strong></span> <span class='ocrx_word' id='word_1_626' title='bbox 616 5603 635 5641; x_wconf 92' lang='lat'><strong><em>:</em></strong></span> <span class='ocrx_word' id='word_1_627' title='bbox 661 5585 930 5667; x_wconf 52' lang='lat' dir='ltr'><strong>imprimis</strong></span> <span class='ocrx_word' id='word_1_628' title='bbox 956 5606 1068 5643; x_wconf 84' lang='lat' dir='ltr'><strong>vero</strong></span> <span class='ocrx_word' id='word_1_629' title='bbox 1098 5590 1300 5661; x_wconf 82' lang='lat' dir='ltr'><strong>prodest</strong></span> <span class='ocrx_word' id='word_1_630' title='bbox 1338 5585 1637 5659; x_wconf 64' lang='lat' dir='ltr'><strong>ambulatio,</strong></span> <span class='ocrx_word' id='word_1_631' title='bbox 1690 5599 1925 5667; x_wconf 80' lang='lat' dir='ltr'><strong>gestatio,</strong></span> <span class='ocrx_word' id='word_1_632' title='bbox 1972 5609 2019 5651; x_wconf 86' lang='lat' dir='ltr'><strong>et</strong></span> 
     </span>
    </p>
   </div>
   <div class='ocr_carea' id='block_1_93' title="bbox 450 5660 976 5727">
    <p class='ocr_par' dir='ltr' id='par_1_93' title="bbox 450 5660 976 5727">
     <span class='ocr_line' id='line_1_94' title="bbox 450 5660 976 5727; baseline 0.008 -18"><span class='ocrx_word' id='word_1_633' title='bbox 450 5670 511 5709; x_wconf 74' lang='lat' dir='ltr'><strong>ea</strong></span> <span class='ocrx_word' id='word_1_634' title='bbox 536 5660 766 5727; x_wconf 79' lang='lat' dir='ltr'><strong>pluribus</strong></span> <span class='ocrx_word' id='word_1_635' title='bbox 795 5661 976 5715; x_wconf 80' lang='lat' dir='ltr'><strong>modis.</strong></span> 
     </span>
    </p>
   </div>
   <div class='ocr_carea' id='block_1_94' title="bbox 523 5727 2021 5801">
    <p class='ocr_par' dir='ltr' id='par_1_94' title="bbox 523 5727 2021 5801">
     <span class='ocr_line' id='line_1_95' title="bbox 523 5727 2021 5801; baseline 0.008 -20"><span class='ocrx_word' id='word_1_636' title='bbox 523 5727 693 5783; x_wconf 62' lang='grc' dir='ltr'>θυι».</span> <span class='ocrx_word' id='word_1_637' title='bbox 742 5743 835 5799; x_wconf 71' lang='lat' dir='ltr'><strong>is,</strong></span> <span class='ocrx_word' id='word_1_638' title='bbox 889 5734 1027 5801; x_wconf 81' lang='lat' dir='ltr'><strong>epist</strong></span> <span class='ocrx_word' id='word_1_639' title='bbox 1056 5734 1168 5791; x_wconf 64' lang='lat' dir='ltr'><strong>l5:</strong></span> <span class='ocrx_word' id='word_1_640' title='bbox 1214 5735 1443 5792; x_wconf 74' lang='lat' dir='ltr'><strong>Alliemei</strong></span> <span class='ocrx_word' id='word_1_641' title='bbox 1495 5733 1739 5791; x_wconf 78' lang='lat' dir='ltr'><strong>subsellia</strong></span> <span class='ocrx_word' id='word_1_642' title='bbox 1784 5748 2021 5795; x_wconf 75' lang='lat' dir='ltr'><strong>cuneata.</strong></span> 
     </span>
    </p>
   </div>
   <div class='ocr_carea' id='block_1_95' title="bbox 1140 5841 1195 5850">
    <p class='ocr_par' dir='ltr' id='par_1_95' title="bbox 1140 5841 1195 5850">
     <span class='ocr_line' id='line_1_96' title="bbox 1140 5841 1195 5850; baseline -0.018 0"><span class='ocrx_word' id='word_1_643' title='bbox 1140 5841 1195 5850; x_wconf 61' lang='grc' dir='ltr'><strong>ην..</strong></span> 
     </span>
    </p>
   </div>
   <div class='ocr_carea' id='block_1_96' title="bbox 1563 6010 1597 6032">
    <p class='ocr_par' dir='ltr' id='par_1_96' title="bbox 1563 6010 1597 6032">
     <span class='ocr_line' id='line_1_97' title="bbox 1563 6010 1597 6032; baseline 0 0"><span class='ocrx_word' id='word_1_644' title='bbox 1563 6010 1597 6032; x_wconf 61' lang='grc' dir='ltr'><strong>ι</strong></span> 
     </span>
    </p>
   </div>
   <div class='ocr_carea' id='block_1_97' title="bbox 2049 4445 2103 4505">
    <p class='ocr_par' dir='ltr' id='par_1_97' title="bbox 2049 4445 2103 4505">
     <span class='ocr_line' id='line_1_98' title="bbox 2049 4445 2103 4505; baseline 0 0"><span class='ocrx_word' id='word_1_645' title='bbox 2049 4445 2103 4505; x_wconf 91' lang='lat' dir='ltr'><strong>D</strong></span> 
     </span>
    </p>
   </div>
   <div class='ocr_carea' id='block_1_98' title="bbox 2126 3242 3694 3313">
    <p class='ocr_par' dir='ltr' id='par_1_98' title="bbox 2126 3242 3694 3313">
     <span class='ocr_line' id='line_1_99' title="bbox 2126 3242 3694 3313; baseline 0 -17"><span class='ocrx_word' id='word_1_646' title='bbox 2126 3242 2527 3311; x_wconf 86' lang='lat' dir='ltr'><strong>occupabantur</strong></span> <span class='ocrx_word' id='word_1_647' title='bbox 2551 3282 2565 3307; x_wconf 95' lang='lat'><strong>,</strong></span> <span class='ocrx_word' id='word_1_648' title='bbox 2612 3257 2739 3297; x_wconf 91' lang='lat' dir='ltr'><strong>ecce</strong></span> <span class='ocrx_word' id='word_1_649' title='bbox 2788 3251 2843 3296; x_wconf 91' lang='lat' dir='ltr'><strong>et</strong></span> <span class='ocrx_word' id='word_1_650' title='bbox 2875 3242 2942 3296; x_wconf 88' lang='lat' dir='ltr'><strong>ab</strong></span> <span class='ocrx_word' id='word_1_651' title='bbox 2979 3243 3336 3313; x_wconf 85' lang='lat' dir='ltr'><strong>archimagiro</strong></span> <span class='ocrx_word' id='word_1_652' title='bbox 3381 3243 3694 3309; x_wconf 81' lang='lat' dir='ltr'><strong>adventans,</strong></span> 
     </span>
    </p>
   </div>
   <div class='ocr_carea' id='block_1_99' title="bbox 2127 3331 3693 3404">
    <p class='ocr_par' dir='ltr' id='par_1_99' title="bbox 2127 3331 3693 3404">
     <span class='ocr_line' id='line_1_100' title="bbox 2127 3331 3693 3404; baseline 0.001 -17"><span class='ocrx_word' id='word_1_653' title='bbox 2127 3334 2215 3404; x_wconf 89' lang='lat' dir='ltr'><strong>qui</strong></span> <span class='ocrx_word' id='word_1_654' title='bbox 2250 3342 2456 3402; x_wconf 62' lang='lat' dir='ltr'><strong>tempu~</strong></span> <span class='ocrx_word' id='word_1_655' title='bbox 2481 3332 2680 3387; x_wconf 88' lang='lat' dir='ltr'><strong>instare</strong></span> <span class='ocrx_word' id='word_1_656' title='bbox 2707 3331 2928 3388; x_wconf 88' lang='lat' dir='ltr'><strong>curandi</strong></span> <span class='ocrx_word' id='word_1_657' title='bbox 2954 3348 3179 3404; x_wconf 88' lang='lat' dir='ltr'><strong>corpora</strong></span> <span class='ocrx_word' id='word_1_658' title='bbox 3207 3342 3451 3390; x_wconf 84' lang='lat' dir='ltr'><strong>moneret</strong></span> <span class='ocrx_word' id='word_1_659' title='bbox 3478 3352 3493 3388; x_wconf 88' lang='lat'><strong>:</strong></span> <span class='ocrx_word' id='word_1_660' title='bbox 3534 3347 3693 3403; x_wconf 89' lang='lat' dir='ltr'><strong>quem</strong></span> 
     </span>
    </p>
   </div>
   <div class='ocr_carea' id='block_1_100' title="bbox 2133 3423 3698 3498">
    <p class='ocr_par' dir='ltr' id='par_1_100' title="bbox 2133 3423 3698 3498">
     <span class='ocr_line' id='line_1_101' title="bbox 2133 3423 3698 3498; baseline 0.001 -20"><span class='ocrx_word' id='word_1_661' title='bbox 2133 3423 2347 3483; x_wconf 78' lang='lat' dir='ltr'><strong>quidem</strong></span> <span class='ocrx_word' id='word_1_662' title='bbox 2400 3425 2640 3477; x_wconf 90' lang='lat' dir='ltr'><strong>nuntium</strong></span> <span class='ocrx_word' id='word_1_663' title='bbox 2686 3432 2708 3460; x_wconf 83' lang='grc' dir='ltr'>θ</span> <span class='ocrx_word' id='word_1_664' title='bbox 2751 3440 2846 3495; x_wconf 87' lang='lat' dir='ltr'><strong>per</strong></span> <span class='ocrx_word' id='word_1_665' title='bbox 2904 3425 3074 3496; x_wconf 90' lang='lat' dir='ltr'><strong>spatia</strong></span> <span class='ocrx_word' id='word_1_666' title='bbox 3115 3425 3409 3498; x_wconf 64' lang='lat' dir='ltr'><strong>clepsydrae</strong></span> <span class='ocrx_word' id='word_1_667' title='bbox 3450 3424 3698 3480; x_wconf 89' lang='lat' dir='ltr'><strong>horarum</strong></span> 
     </span>
    </p>
   </div>
   <div class='ocr_carea' id='block_1_101' title="bbox 2131 3559 3699 3634">
    <p class='ocr_par' dir='ltr' id='par_1_101' title="bbox 2131 3559 3699 3634">
     <span class='ocr_line' id='line_1_102' title="bbox 2131 3559 3699 3634; baseline 0.004 -21"><span class='ocrx_word' id='word_1_668' title='bbox 2131 3559 2257 3634; x_wconf 60' lang='lat' dir='ltr'><strong>Fui!</strong></span> <span class='ocrx_word' id='word_1_669' title='bbox 2281 3571 2456 3613; x_wconf 86' lang='lat' dir='ltr'><strong>autem</strong></span> <span class='ocrx_word' id='word_1_670' title='bbox 2490 3562 2815 3634; x_wconf 62' lang='lat' dir='ltr'><strong>Athenaeum</strong></span> <span class='ocrx_word' id='word_1_671' title='bbox 2871 3562 3134 3629; x_wconf 89' lang='lat' dir='ltr'><strong>publicum</strong></span> <span class='ocrx_word' id='word_1_672' title='bbox 3183 3563 3328 3618; x_wconf 87' lang='lat' dir='ltr'><strong>urbis</strong></span> <span class='ocrx_word' id='word_1_673' title='bbox 3367 3566 3699 3634; x_wconf 85' lang='lat' dir='ltr'><strong>gymnasium</strong></span> 
     </span>
    </p>
   </div>
   <div class='ocr_carea' id='block_1_102' title="bbox 2134 3630 3700 3702">
    <p class='ocr_par' dir='ltr' id='par_1_102' title="bbox 2134 3630 3700 3702">
     <span class='ocr_line' id='line_1_103' title="bbox 2134 3630 3700 3702; baseline 0.004 -17"><span class='ocrx_word' id='word_1_674' title='bbox 2134 3631 2453 3702; x_wconf 73' lang='lat' dir='ltr'><strong>litterarum,</strong></span> <span class='ocrx_word' id='word_1_675' title='bbox 2487 3632 2623 3695; x_wconf 71' lang='lat' dir='ltr'><strong>(mod</strong></span> <span class='ocrx_word' id='word_1_676' title='bbox 2649 3630 2943 3685; x_wconf 46' lang='lat' dir='ltr'><strong>Hadrianus</strong></span> <span class='ocrx_word' id='word_1_677' title='bbox 2966 3634 3127 3702; x_wconf 85' lang='lat' dir='ltr'><strong>Ang.,</strong></span> <span class='ocrx_word' id='word_1_678' title='bbox 3164 3642 3221 3687; x_wconf 89' lang='lat' dir='ltr'><strong>ut</strong></span> <span class='ocrx_word' id='word_1_679' title='bbox 3247 3630 3494 3689; x_wconf 79' lang='lat' dir='ltr'><strong>Aurelius</strong></span> <span class='ocrx_word' id='word_1_680' title='bbox 3523 3635 3700 3691; x_wconf 86' lang='lat' dir='ltr'><strong>Victor</strong></span> 
     </span>
    </p>
   </div>
   <div class='ocr_carea' id='block_1_103' title="bbox 2131 3699 3693 3775">
    <p class='ocr_par' dir='ltr' id='par_1_103' title="bbox 2131 3699 3693 3775">
     <span class='ocr_line' id='line_1_104' title="bbox 2131 3699 3693 3775; baseline 0.004 -21"><span class='ocrx_word' id='word_1_681' title='bbox 2131 3700 2312 3775; x_wconf 84' lang='lat' dir='ltr'><strong>tradit,</strong></span> <span class='ocrx_word' id='word_1_682' title='bbox 2348 3699 2534 3775; x_wconf 72' lang='lat' dir='ltr'><strong>Graeco</strong></span> <span class='ocrx_word' id='word_1_683' title='bbox 2562 3702 2664 3754; x_wconf 85' lang='lat' dir='ltr'><strong>ritu</strong></span> <span class='ocrx_word' id='word_1_684' title='bbox 2694 3704 2991 3775; x_wconf 58' lang='lat' dir='ltr'><strong>constituit.</strong></span> <span class='ocrx_word' id='word_1_685' title='bbox 3020 3699 3132 3773; x_wconf 85' lang='lat' dir='ltr'><strong>Qua</strong></span> <span class='ocrx_word' id='word_1_686' title='bbox 3165 3704 3215 3775; x_wconf 83' lang='lat' dir='ltr'><strong>in</strong></span> <span class='ocrx_word' id='word_1_687' title='bbox 3250 3705 3393 3758; x_wconf 70' lang='lat' dir='ltr'><strong>urbis</strong></span> <span class='ocrx_word' id='word_1_688' title='bbox 3418 3718 3567 3775; x_wconf 88' lang='lat' dir='ltr'><strong>parte</strong></span> <span class='ocrx_word' id='word_1_689' title='bbox 3590 3722 3693 3762; x_wconf 92' lang='lat' dir='ltr'><strong>non</strong></span> 
     </span>
    </p>
   </div>
   <div class='ocr_carea' id='block_1_104' title="bbox 2127 3772 3700 3841">
    <p class='ocr_par' dir='ltr' id='par_1_104' title="bbox 2127 3772 3700 3841">
     <span class='ocr_line' id='line_1_105' title="bbox 2127 3772 3700 3841; baseline 0.003 -15"><span class='ocrx_word' id='word_1_690' title='bbox 2127 3773 2326 3827; x_wconf 85' lang='lat' dir='ltr'><strong>indicat</strong></span> <span class='ocrx_word' id='word_1_691' title='bbox 2354 3788 2367 3824; x_wconf 91' lang='lat'><strong>:</strong></span> <span class='ocrx_word' id='word_1_692' title='bbox 2398 3772 2621 3825; x_wconf 82' lang='lat' dir='ltr'><strong>fortasse</strong></span> <span class='ocrx_word' id='word_1_693' title='bbox 2647 3775 2696 3825; x_wconf 90' lang='lat' dir='ltr'><strong>in</strong></span> <span class='ocrx_word' id='word_1_694' title='bbox 2729 3772 2942 3841; x_wconf 86' lang='lat' dir='ltr'><strong>regione</strong></span> <span class='ocrx_word' id='word_1_695' title='bbox 2966 3772 2998 3826; x_wconf 92' lang='lat'>8</span> <span class='ocrx_word' id='word_1_696' title='bbox 3036 3774 3133 3828; x_wconf 84' lang='lat' dir='ltr'><strong>fori</strong></span> <span class='ocrx_word' id='word_1_697' title='bbox 3163 3772 3430 3828; x_wconf 51' lang='lat' dir='ltr'><strong>Romanif</strong></span> <span class='ocrx_word' id='word_1_698' title='bbox 3460 3775 3591 3830; x_wconf 84' lang='lat' dir='ltr'><strong>Nam</strong></span> <span class='ocrx_word' id='word_1_699' title='bbox 3636 3794 3700 3831; x_wconf 87' lang='lat' dir='ltr'><strong>eo</strong></span> 
     </span>
    </p>
   </div>
   <div class='ocr_carea' id='block_1_105' title="bbox 2128 3842 3701 3901">
    <p class='ocr_par' dir='ltr' id='par_1_105' title="bbox 2128 3842 3701 3901">
     <span class='ocr_line' id='line_1_106' title="bbox 2128 3842 3701 3901; baseline 0.003 -3"><span class='ocrx_word' id='word_1_700' title='bbox 2128 3858 2256 3898; x_wconf 87' lang='lat' dir='ltr'><strong>sane</strong></span> <span class='ocrx_word' id='word_1_701' title='bbox 2286 3844 2402 3897; x_wconf 82' lang='lat' dir='ltr'><strong>loco</strong></span> <span class='ocrx_word' id='word_1_702' title='bbox 2423 3842 2575 3897; x_wconf 83' lang='lat' dir='ltr'><strong>ludos</strong></span> <span class='ocrx_word' id='word_1_703' title='bbox 2606 3842 2889 3897; x_wconf 85' lang='lat' dir='ltr'><strong>litterarios</strong></span> <span class='ocrx_word' id='word_1_704' title='bbox 2912 3844 3137 3899; x_wconf 79' lang='lat' dir='ltr'><strong>collocat</strong></span> <span class='ocrx_word' id='word_1_705' title='bbox 3160 3845 3219 3899; x_wconf 87' lang='lat' dir='ltr'><strong>P.</strong></span> <span class='ocrx_word' id='word_1_706' title='bbox 3248 3843 3429 3899; x_wconf 85' lang='lat' dir='ltr'><strong>Victor</strong></span> <span class='ocrx_word' id='word_1_707' title='bbox 3448 3855 3501 3900; x_wconf 89' lang='lat' dir='ltr'><strong>et</strong></span> <span class='ocrx_word' id='word_1_708' title='bbox 3522 3856 3701 3901; x_wconf 72' lang='lat' dir='ltr'><strong>manet</strong></span> 
     </span>
    </p>
   </div>
   <div class='ocr_carea' id='block_1_106' title="bbox 2128 3913 3695 3972">
    <p class='ocr_par' dir='ltr' id='par_1_106' title="bbox 2128 3913 3695 3972">
     <span class='ocr_line' id='line_1_107' title="bbox 2128 3913 3695 3972; baseline 0.001 -3"><span class='ocrx_word' id='word_1_709' title='bbox 2128 3915 2217 3969; x_wconf 89' lang='lat' dir='ltr'><strong>illo</strong></span> <span class='ocrx_word' id='word_1_710' title='bbox 2250 3913 2299 3966; x_wconf 91' lang='lat' dir='ltr'><strong>in</strong></span> <span class='ocrx_word' id='word_1_711' title='bbox 2331 3921 2496 3966; x_wconf 89' lang='lat' dir='ltr'><strong>tractu</strong></span> <span class='ocrx_word' id='word_1_712' title='bbox 2527 3914 2589 3965; x_wconf 86' lang='lat' dir='ltr'><strong>ad</strong></span> <span class='ocrx_word' id='word_1_713' title='bbox 2627 3913 2833 3969; x_wconf 84' lang='lat' dir='ltr'><strong>radices</strong></span> <span class='ocrx_word' id='word_1_714' title='bbox 2863 3916 3107 3970; x_wconf 88' lang='lat' dir='ltr'><strong>Aventini</strong></span> <span class='ocrx_word' id='word_1_715' title='bbox 3143 3917 3338 3970; x_wconf 86' lang='lat' dir='ltr'><strong>scholae</strong></span> <span class='ocrx_word' id='word_1_716' title='bbox 3389 3915 3695 3972; x_wconf 76' lang='lat' dir='ltr'><strong>Graecorum</strong></span> 
     </span>
    </p>
   </div>
   <div class='ocr_carea' id='block_1_107' title="bbox 2129 3983 3696 4055">
    <p class='ocr_par' dir='ltr' id='par_1_107' title="bbox 2129 3983 3696 4055">
     <span class='ocr_line' id='line_1_108' title="bbox 2129 3983 3696 4055; baseline 0.004 -18"><span class='ocrx_word' id='word_1_717' title='bbox 2129 3999 2324 4037; x_wconf 84' lang='lat' dir='ltr'><strong>nomen</strong></span> <span class='ocrx_word' id='word_1_718' title='bbox 2354 3984 2404 4036; x_wconf 93' lang='lat' dir='ltr'><strong>in</strong></span> <span class='ocrx_word' id='word_1_719' title='bbox 2435 3984 2549 4037; x_wconf 69' lang='lat' dir='ltr'><strong>aede</strong></span> <span class='ocrx_word' id='word_1_720' title='bbox 2577 3983 2634 4038; x_wconf 90' lang='lat' dir='ltr'><strong>S.</strong></span> <span class='ocrx_word' id='word_1_721' title='bbox 2670 3984 2843 4037; x_wconf 72' lang='lat' dir='ltr'><strong>Maria:</strong></span> <span class='ocrx_word' id='word_1_722' title='bbox 2876 4002 2889 4037; x_wconf 89' lang='lat'><strong>:</strong></span> <span class='ocrx_word' id='word_1_723' title='bbox 2916 3986 3000 4039; x_wconf 90' lang='lat' dir='ltr'><strong>ubi</strong></span> <span class='ocrx_word' id='word_1_724' title='bbox 3030 3997 3083 4041; x_wconf 88' lang='lat' dir='ltr'><strong>et</strong></span> <span class='ocrx_word' id='word_1_725' title='bbox 3114 3987 3171 4040; x_wconf 78' lang='grc' dir='ltr'><strong>Β.</strong></span> <span class='ocrx_word' id='word_1_726' title='bbox 3206 3988 3555 4055; x_wconf 85' lang='lat' dir='ltr'><strong>Augustinum</strong></span> <span class='ocrx_word' id='word_1_727' title='bbox 3599 3990 3696 4043; x_wconf 87' lang='lat' dir='ltr'><strong>do-</strong></span> 
     </span>
    </p>
   </div>
   <div class='ocr_carea' id='block_1_108' title="bbox 2126 4055 3698 4124">
    <p class='ocr_par' dir='ltr' id='par_1_108' title="bbox 2126 4055 3698 4124">
     <span class='ocr_line' id='line_1_109' title="bbox 2126 4055 3698 4124; baseline 0.003 -16"><span class='ocrx_word' id='word_1_728' title='bbox 2126 4056 2301 4109; x_wconf 72' lang='lat' dir='ltr'><strong>cuisse</strong></span> <span class='ocrx_word' id='word_1_729' title='bbox 2328 4055 2522 4119; x_wconf 83' lang='lat' dir='ltr'><strong>ferunt,</strong></span> <span class='ocrx_word' id='word_1_730' title='bbox 2557 4069 2712 4124; x_wconf 82' lang='lat' dir='ltr'><strong>quem</strong></span> <span class='ocrx_word' id='word_1_731' title='bbox 2748 4055 2799 4108; x_wconf 90' lang='lat' dir='ltr'><strong>in</strong></span> <span class='ocrx_word' id='word_1_732' title='bbox 2831 4055 3088 4110; x_wconf 75' lang='lat' dir='ltr'><strong>Athemeo</strong></span> <span class='ocrx_word' id='word_1_733' title='bbox 3120 4057 3359 4112; x_wconf 88' lang='lat' dir='ltr'><strong>Romano</strong></span> <span class='ocrx_word' id='word_1_734' title='bbox 3382 4058 3698 4113; x_wconf 90' lang='lat' dir='ltr'><strong>rethoricam</strong></span> 
     </span>
    </p>
   </div>
   <div class='ocr_carea' id='block_1_109' title="bbox 2126 4124 3700 4195">
    <p class='ocr_par' dir='ltr' id='par_1_109' title="bbox 2126 4124 3700 4195">
     <span class='ocr_line' id='line_1_110' title="bbox 2126 4124 3700 4195; baseline 0.004 -17"><span class='ocrx_word' id='word_1_735' title='bbox 2126 4126 2423 4195; x_wconf 64' lang='lat' dir='ltr'><strong>professum</strong></span> <span class='ocrx_word' id='word_1_736' title='bbox 2457 4124 2618 4177; x_wconf 87' lang='lat' dir='ltr'><strong>fuisse</strong></span> <span class='ocrx_word' id='word_1_737' title='bbox 2644 4126 2925 4180; x_wconf 90' lang='lat' dir='ltr'><strong>obscurum</strong></span> <span class='ocrx_word' id='word_1_738' title='bbox 2955 4143 3059 4181; x_wconf 89' lang='lat' dir='ltr'><strong>non</strong></span> <span class='ocrx_word' id='word_1_739' title='bbox 3092 4137 3192 4182; x_wconf 90' lang='lat' dir='ltr'><strong>est.</strong></span> <span class='ocrx_word' id='word_1_740' title='bbox 3252 4127 3489 4183; x_wconf 65' lang='lat' dir='ltr'><strong>Athenaei</strong></span> <span class='ocrx_word' id='word_1_741' title='bbox 3523 4141 3700 4184; x_wconf 87' lang='lat' dir='ltr'><strong>autem</strong></span> 
     </span>
    </p>
   </div>
   <div class='ocr_carea' id='block_1_110' title="bbox 2128 4195 3701 4267">
    <p class='ocr_par' dir='ltr' id='par_1_110' title="bbox 2128 4195 3701 4267">
     <span class='ocr_line' id='line_1_111' title="bbox 2128 4195 3701 4267; baseline 0.003 -17"><span class='ocrx_word' id='word_1_742' title='bbox 2128 4196 2374 4267; x_wconf 87' lang='lat' dir='ltr'><strong>meminit</strong></span> <span class='ocrx_word' id='word_1_743' title='bbox 2398 4198 2534 4248; x_wconf 87' lang='lat' dir='ltr'><strong>inter</strong></span> <span class='ocrx_word' id='word_1_744' title='bbox 2560 4204 2781 4249; x_wconf 70' lang='lat' dir='ltr'><strong>cancros</strong></span> <span class='ocrx_word' id='word_1_745' title='bbox 2805 4195 2898 4248; x_wconf 77' lang='lat' dir='ltr'><strong>Diu</strong></span> <span class='ocrx_word' id='word_1_746' title='bbox 2930 4199 3067 4266; x_wconf 88' lang='lat' dir='ltr'><strong>apud</strong></span> <span class='ocrx_word' id='word_1_747' title='bbox 3096 4197 3422 4267; x_wconf 82' lang='lat' dir='ltr'><strong>Xiphilinum</strong></span> <span class='ocrx_word' id='word_1_748' title='bbox 3454 4198 3519 4254; x_wconf 90' lang='lat' dir='ltr'><strong>de</strong></span> <span class='ocrx_word' id='word_1_749' title='bbox 3550 4199 3701 4255; x_wconf 57' lang='lat' dir='ltr'><strong>Dillio</strong></span> 
     </span>
    </p>
   </div>
   <div class='ocr_carea' id='block_1_111' title="bbox 2127 4266 3699 4341">
    <p class='ocr_par' dir='ltr' id='par_1_111' title="bbox 2127 4266 3699 4341">
     <span class='ocr_line' id='line_1_112' title="bbox 2127 4266 3699 4341; baseline 0.003 -20"><span class='ocrx_word' id='word_1_750' title='bbox 2127 4266 2338 4341; x_wconf 45' lang='lat' dir='ltr'><strong>Inlitan</strong></span> <span class='ocrx_word' id='word_1_751' title='bbox 2365 4271 2702 4341; x_wconf 59' lang='lat' dir='ltr'><strong>2_2W_0£&#39;ya7ciw</strong></span> <span class='ocrx_word' id='word_1_752' title='bbox 2719 4269 2887 4341; x_wconf 66' lang='grc' dir='ltr'><strong>⁸ἡμᾶς</strong></span> <span class='ocrx_word' id='word_1_753' title='bbox 2913 4272 2981 4328; x_wconf 82' lang='grc' dir='ltr'><strong>εἰς</strong></span> <span class='ocrx_word' id='word_1_754' title='bbox 3007 4271 3064 4324; x_wconf 82' lang='grc' dir='ltr'><strong>τὸ</strong></span> <span class='ocrx_word' id='word_1_755' title='bbox 3105 4271 3699 4341; x_wconf 15' lang='grc' dir='ltr'><strong>Ἀθήναιονιίκαλούμενον</strong></span> 
     </span>
    </p>
   </div>
   <div class='ocr_carea' id='block_1_112' title="bbox 2126 4335 3698 4408">
    <p class='ocr_par' dir='ltr' id='par_1_112' title="bbox 2126 4335 3698 4408">
     <span class='ocr_line' id='line_1_113' title="bbox 2126 4335 3698 4408; baseline 0.003 -19"><span class='ocrx_word' id='word_1_756' title='bbox 2126 4338 2226 4408; x_wconf 77' lang='grc' dir='ltr'><strong>ᾀπὸ</strong></span> <span class='ocrx_word' id='word_1_757' title='bbox 2259 4346 2357 4408; x_wconf 28' lang='lat' dir='ltr'><strong>A71&quot;);</strong></span> <span class='ocrx_word' id='word_1_758' title='bbox 2376 4338 2423 4388; x_wconf 78' lang='grc' dir='ltr'><strong>ἐν</strong></span> <span class='ocrx_word' id='word_1_759' title='bbox 2456 4335 2589 4408; x_wconf 47' lang='lat' dir='ltr'><strong>causa?)</strong></span> <span class='ocrx_word' id='word_1_760' title='bbox 2614 4335 2983 4408; x_wconf 18' lang='grc' dir='ltr'><strong>*παιδεύομένων</strong></span> <span class='ocrx_word' id='word_1_761' title='bbox 3007 4341 3289 4401; x_wconf 79' lang='grc' dir='ltr'><strong>ἀσκήσεως.</strong></span> <span class='ocrx_word' id='word_1_762' title='bbox 3344 4335 3454 4395; x_wconf 85' lang='lat' dir='ltr'><strong>Nos</strong></span> <span class='ocrx_word' id='word_1_763' title='bbox 3502 4335 3698 4406; x_wconf 59' lang='lat' dir='ltr'><strong>consul,</strong></span> 
     </span>
    </p>
   </div>
   <div class='ocr_carea' id='block_1_113' title="bbox 2128 4404 3701 4472">
    <p class='ocr_par' dir='ltr' id='par_1_113' title="bbox 2128 4404 3701 4472">
     <span class='ocr_line' id='line_1_114' title="bbox 2128 4404 3701 4472; baseline 0.005 -15"><span class='ocrx_word' id='word_1_764' title='bbox 2128 4405 2318 4472; x_wconf 89' lang='lat' dir='ltr'><strong>inquit,</strong></span> <span class='ocrx_word' id='word_1_765' title='bbox 2344 4407 2395 4456; x_wconf 82' lang='lat' dir='ltr'><strong>in</strong></span> <span class='ocrx_word' id='word_1_766' title='bbox 2424 4404 2715 4457; x_wconf 75' lang='lat' dir='ltr'><strong>Atlzemrum</strong></span> <span class='ocrx_word' id='word_1_767' title='bbox 2748 4404 2983 4460; x_wconf 75' lang='lat' dir='ltr'><strong>convocat</strong></span> <span class='ocrx_word' id='word_1_768' title='bbox 3014 4425 3032 4463; x_wconf 92' lang='lat'><strong><em>:</em></strong></span> <span class='ocrx_word' id='word_1_769' title='bbox 3061 4413 3141 4463; x_wconf 83' lang='lat' dir='ltr'><strong>cui</strong></span> <span class='ocrx_word' id='word_1_770' title='bbox 3176 4411 3286 4464; x_wconf 86' lang='lat' dir='ltr'><strong>loco</strong></span> <span class='ocrx_word' id='word_1_771' title='bbox 3316 4428 3496 4465; x_wconf 80' lang='lat' dir='ltr'><strong>nomen</strong></span> <span class='ocrx_word' id='word_1_772' title='bbox 3538 4423 3609 4465; x_wconf 84' lang='lat' dir='ltr'><strong>est</strong></span> <span class='ocrx_word' id='word_1_773' title='bbox 3639 4404 3701 4465; x_wconf 75' lang='lat' dir='ltr'><strong>ab</strong></span> 
     </span>
    </p>
   </div>
   <div class='ocr_carea' id='block_1_114' title="bbox 2130 4475 3366 4545">
    <p class='ocr_par' dir='ltr' id='par_1_114' title="bbox 2130 4475 3366 4545">
     <span class='ocr_line' id='line_1_115' title="bbox 2130 4475 3366 4545; baseline 0.007 -18"><span class='ocrx_word' id='word_1_774' title='bbox 2130 4475 2485 4545; x_wconf 67' lang='lat' dir='ltr'><strong>exercitatione</strong></span> <span class='ocrx_word' id='word_1_775' title='bbox 2515 4490 2685 4527; x_wconf 88' lang='lat' dir='ltr'><strong>eorum</strong></span> <span class='ocrx_word' id='word_1_776' title='bbox 2712 4477 2795 4544; x_wconf 84' lang='lat' dir='ltr'><strong>qui</strong></span> <span class='ocrx_word' id='word_1_777' title='bbox 2831 4478 2883 4530; x_wconf 82' lang='lat' dir='ltr'><strong>in</strong></span> <span class='ocrx_word' id='word_1_778' title='bbox 2914 4481 3022 4545; x_wconf 85' lang='lat' dir='ltr'><strong>ipso</strong></span> <span class='ocrx_word' id='word_1_779' title='bbox 3042 4482 3366 4536; x_wconf 74' lang='lat' dir='ltr'><strong>erudiuntur.</strong></span> 
     </span>
    </p>
   </div>
   <div class='ocr_carea' id='block_1_115' title="bbox 2197 4541 3701 4617">
    <p class='ocr_par' dir='ltr' id='par_1_115' title="bbox 2197 4541 3701 4617">
     <span class='ocr_line' id='line_1_116' title="bbox 2197 4541 3701 4617; baseline 0.007 -20"><span class='ocrx_word' id='word_1_780' title='bbox 2197 4541 2223 4617; x_wconf 57' lang='lat' dir='ltr'><strong>ti</strong></span> <span class='ocrx_word' id='word_1_781' title='bbox 2275 4544 2518 4617; x_wconf 81' lang='lat' dir='ltr'><strong>Origenis</strong></span> <span class='ocrx_word' id='word_1_782' title='bbox 2583 4541 2807 4614; x_wconf 72' lang='lat' dir='ltr'><strong>plurima</strong></span> <span class='ocrx_word' id='word_1_783' title='bbox 2876 4541 3258 4617; x_wconf 82' lang='lat' dir='ltr'><strong>interpretatus</strong></span> <span class='ocrx_word' id='word_1_784' title='bbox 3320 4560 3401 4607; x_wconf 89' lang='lat' dir='ltr'><strong>est</strong></span> <span class='ocrx_word' id='word_1_785' title='bbox 3458 4552 3701 4608; x_wconf 80' lang='lat' dir='ltr'><strong>Ruﬁnus.</strong></span> 
     </span>
    </p>
   </div>
   <div class='ocr_carea' id='block_1_116' title="bbox 2125 4614 3699 4694">
    <p class='ocr_par' dir='ltr' id='par_1_116' title="bbox 2125 4614 3699 4694">
     <span class='ocr_line' id='line_1_117' title="bbox 2125 4614 3699 4694; baseline 0.007 -27"><span class='ocrx_word' id='word_1_786' title='bbox 2125 4614 2290 4694; x_wconf 71' lang='lat' dir='ltr'><strong>Qujus</strong></span> <span class='ocrx_word' id='word_1_787' title='bbox 2316 4616 2616 4694; x_wconf 67' lang='lat' dir='ltr'><strong>versionem</strong></span> <span class='ocrx_word' id='word_1_788' title='bbox 2654 4614 3260 4694; x_wconf 10' lang='lat' dir='ltr'><strong>mirnm_es_t_gtautopere</strong></span> <span class='ocrx_word' id='word_1_789' title='bbox 3282 4635 3310 4675; x_wconf 88' lang='lat' dir='ltr'><strong>a</strong></span> <span class='ocrx_word' id='word_1_790' title='bbox 3336 4622 3559 4678; x_wconf 90' lang='lat' dir='ltr'><strong>Sidonio</strong></span> <span class='ocrx_word' id='word_1_791' title='bbox 3588 4625 3699 4678; x_wconf 85' lang='lat' dir='ltr'><strong>lau—</strong></span> 
     </span>
    </p>
   </div>
   <div class='ocr_carea' id='block_1_117' title="bbox 2124 4684 3701 4769">
    <p class='ocr_par' dir='ltr' id='par_1_117' title="bbox 2124 4684 3701 4769">
     <span class='ocr_line' id='line_1_118' title="bbox 2124 4684 3701 4769; baseline 0.006 -29"><span class='ocrx_word' id='word_1_792' title='bbox 2124 4684 2276 4769; x_wconf 71' lang='lat' dir='ltr'><strong>dari;</strong></span> <span class='ocrx_word' id='word_1_793' title='bbox 2306 4685 2808 4769; x_wconf 49' lang='lat' dir='ltr'><strong>cuninllieronymus</strong></span> <span class='ocrx_word' id='word_1_794' title='bbox 2836 4688 2901 4744; x_wconf 92' lang='lat' dir='ltr'><strong>dc</strong></span> <span class='ocrx_word' id='word_1_795' title='bbox 2923 4690 3071 4769; x_wconf 82' lang='lat' dir='ltr'><strong>libris</strong></span> <span class='ocrx_word' id='word_1_796' title='bbox 3102 4684 3214 4769; x_wconf 63' lang='lat' dir='ltr'><strong>n&#39;epl</strong></span> <span class='ocrx_word' id='word_1_797' title='bbox 3245 4698 3435 4769; x_wconf 52' lang='lat' dir='ltr'><strong>ﬁpxaa</strong></span> <span class='ocrx_word' id='word_1_798' title='bbox 3476 4703 3701 4769; x_wconf 67' lang='lat' dir='ltr'><strong>testetur</strong></span> 
     </span>
    </p>
   </div>
   <div class='ocr_carea' id='block_1_118' title="bbox 2130 4714 3701 4830">
    <p class='ocr_par' dir='ltr' id='par_1_118' title="bbox 2130 4714 3701 4830">
     <span class='ocr_line' id='line_1_119' title="bbox 2130 4714 3701 4769; baseline 0.006 -29"><span class='ocrx_word' id='word_1_799' title='bbox 2130 4714 2241 4740; x_wconf 75' lang='lat' dir='ltr'><strong>uult</strong></span> <span class='ocrx_word' id='word_1_800' title='bbox 2262 4726 2276 4750; x_wconf 89' lang='lat'><strong>,</strong></span> <span class='ocrx_word' id='word_1_801' title='bbox 2306 4714 2423 4767; x_wconf 59' lang='lat' dir='ltr'><strong>cuni</strong></span> <span class='ocrx_word' id='word_1_802' title='bbox 2454 4714 2808 4758; x_wconf 67' lang='lat' dir='ltr'><strong>lllUl&#39;UllyIIIUb</strong></span> <span class='ocrx_word' id='word_1_803' title='bbox 2836 4714 2901 4744; x_wconf 81' lang='lat' dir='ltr'><strong>ut:</strong></span> <span class='ocrx_word' id='word_1_804' title='bbox 2924 4714 3071 4746; x_wconf 81' lang='lat' dir='ltr'><strong>IturlS</strong></span> <span class='ocrx_word' id='word_1_805' title='bbox 3102 4714 3214 4769; x_wconf 74' lang='grc' dir='ltr'><strong>Περι</strong></span> <span class='ocrx_word' id='word_1_806' title='bbox 3255 4719 3286 4749; x_wconf 84' lang='grc' dir='ltr'>α</span> <span class='ocrx_word' id='word_1_807' title='bbox 3324 4717 3433 4766; x_wconf 79' lang='grc' dir='ltr'><strong>χων</strong></span> <span class='ocrx_word' id='word_1_808' title='bbox 3476 4714 3701 4749; x_wconf 73' lang='lat' dir='ltr'><strong>teSLetur</strong></span> 
     </span>
     <span class='ocr_line' id='line_1_120' title="bbox 2130 4714 3701 4830; baseline 0.008 -21"><span class='ocrx_word' id='word_1_809' title='bbox 2130 4758 2293 4811; x_wconf 88' lang='lat' dir='ltr'><strong>multa</strong></span> <span class='ocrx_word' id='word_1_810' title='bbox 2317 4758 2384 4811; x_wconf 92' lang='lat' dir='ltr'><strong>ab</strong></span> <span class='ocrx_word' id='word_1_811' title='bbox 2409 4758 2503 4830; x_wconf 78' lang='lat' dir='ltr'><strong>illo</strong></span> <span class='ocrx_word' id='word_1_812' title='bbox 2530 4758 2869 4828; x_wconf 86' lang='lat' dir='ltr'><strong>interpolata,</strong></span> <span class='ocrx_word' id='word_1_813' title='bbox 2905 4763 3166 4829; x_wconf 85' lang='lat' dir='ltr'><strong>detracta,</strong></span> <span class='ocrx_word' id='word_1_814' title='bbox 3194 4714 3394 4830; x_wconf 51' lang='lat' dir='ltr'><strong>addita,</strong></span> <span class='ocrx_word' id='word_1_815' title='bbox 3423 4763 3701 4821; x_wconf 85' lang='lat' dir='ltr'><strong>infamem-</strong></span> 
     </span>
    </p>
   </div>
   <div class='ocr_carea' id='block_1_119' title="bbox 2126 4829 3702 4907">
    <p class='ocr_par' dir='ltr' id='par_1_119' title="bbox 2126 4829 3702 4907">
     <span class='ocr_line' id='line_1_121' title="bbox 2126 4829 3702 4907; baseline 0.005 -26"><span class='ocrx_word' id='word_1_816' title='bbox 2126 4842 2229 4907; x_wconf 72' lang='lat' dir='ltr'><strong>que</strong></span> <span class='ocrx_word' id='word_1_817' title='bbox 2253 4841 2374 4907; x_wconf 69' lang='lat' dir='ltr'><strong>eam</strong></span> <span class='ocrx_word' id='word_1_818' title='bbox 2405 4829 2897 4907; x_wconf 78' lang='lat' dir='ltr'><strong>interpretationem</strong></span> <span class='ocrx_word' id='word_1_819' title='bbox 2932 4835 3158 4904; x_wconf 87' lang='lat' dir='ltr'><strong>appellet</strong></span> <span class='ocrx_word' id='word_1_820' title='bbox 3180 4835 3242 4907; x_wconf 83' lang='lat' dir='ltr'><strong>in</strong></span> <span class='ocrx_word' id='word_1_821' title='bbox 3270 4829 3543 4907; x_wconf 85' lang='lat' dir='ltr'><strong>epitaphio</strong></span> <span class='ocrx_word' id='word_1_822' title='bbox 3565 4833 3702 4889; x_wconf 87' lang='lat' dir='ltr'><strong>Mar-</strong></span> 
     </span>
    </p>
   </div>
   <div class='ocr_carea' id='block_1_120' title="bbox 2125 4898 3703 4967">
    <p class='ocr_par' dir='ltr' id='par_1_120' title="bbox 2125 4898 3703 4967">
     <span class='ocr_line' id='line_1_122' title="bbox 2125 4898 3703 4967; baseline 0.005 -15"><span class='ocrx_word' id='word_1_823' title='bbox 2125 4898 2296 4953; x_wconf 63' lang='lat' dir='ltr'><strong>cellas.</strong></span> <span class='ocrx_word' id='word_1_824' title='bbox 2344 4899 2448 4953; x_wconf 87' lang='lat' dir='ltr'><strong>Sed</strong></span> <span class='ocrx_word' id='word_1_825' title='bbox 2498 4902 2676 4954; x_wconf 88' lang='lat' dir='ltr'><strong>mirari</strong></span> <span class='ocrx_word' id='word_1_826' title='bbox 2706 4900 2914 4967; x_wconf 84' lang='lat' dir='ltr'><strong>desino,</strong></span> <span class='ocrx_word' id='word_1_827' title='bbox 2948 4898 3068 4958; x_wconf 80' lang='lat' dir='ltr'><strong>eum</strong></span> <span class='ocrx_word' id='word_1_828' title='bbox 3100 4905 3239 4961; x_wconf 89' lang='lat' dir='ltr'><strong>redit</strong></span> <span class='ocrx_word' id='word_1_829' title='bbox 3270 4898 3322 4961; x_wconf 80' lang='lat' dir='ltr'><strong>in</strong></span> <span class='ocrx_word' id='word_1_830' title='bbox 3350 4898 3580 4961; x_wconf 78' lang='lat' dir='ltr'><strong>mentem</strong></span> <span class='ocrx_word' id='word_1_831' title='bbox 3610 4921 3703 4960; x_wconf 81' lang='lat' dir='ltr'><strong>no-</strong></span> 
     </span>
    </p>
   </div>
   <div class='ocr_carea' id='block_1_121' title="bbox 2127 4969 3702 5033">
    <p class='ocr_par' dir='ltr' id='par_1_121' title="bbox 2127 4969 3702 5033">
     <span class='ocr_line' id='line_1_123' title="bbox 2127 4969 3702 5033; baseline 0.006 -10"><span class='ocrx_word' id='word_1_832' title='bbox 2127 4978 2270 5023; x_wconf 87' lang='lat' dir='ltr'><strong>stros</strong></span> <span class='ocrx_word' id='word_1_833' title='bbox 2316 4972 2424 5025; x_wconf 81' lang='lat' dir='ltr'><strong>fere</strong></span> <span class='ocrx_word' id='word_1_834' title='bbox 2452 4969 2631 5026; x_wconf 85' lang='lat' dir='ltr'><strong>Gallos</strong></span> <span class='ocrx_word' id='word_1_835' title='bbox 2677 4981 2729 5027; x_wconf 90' lang='lat' dir='ltr'><strong>et</strong></span> <span class='ocrx_word' id='word_1_836' title='bbox 2757 4973 3131 5032; x_wconf 86' lang='lat' dir='ltr'><strong>Occidentales</strong></span> <span class='ocrx_word' id='word_1_837' title='bbox 3158 4991 3345 5033; x_wconf 90' lang='lat' dir='ltr'><strong>omnes</strong></span> <span class='ocrx_word' id='word_1_838' title='bbox 3373 4976 3426 5032; x_wconf 89' lang='lat' dir='ltr'><strong>in</strong></span> <span class='ocrx_word' id='word_1_839' title='bbox 3450 4976 3702 5033; x_wconf 84' lang='lat' dir='ltr'><strong>Ruﬁnum</strong></span> 
     </span>
    </p>
   </div>
   <div class='ocr_carea' id='block_1_122' title="bbox 2126 5041 2715 5109">
    <p class='ocr_par' dir='ltr' id='par_1_122' title="bbox 2126 5041 2715 5109">
     <span class='ocr_line' id='line_1_124' title="bbox 2126 5041 2715 5109; baseline 0.003 -16"><span class='ocrx_word' id='word_1_840' title='bbox 2126 5042 2503 5109; x_wconf 85' lang='lat' dir='ltr'><strong>propensiores</strong></span> <span class='ocrx_word' id='word_1_841' title='bbox 2535 5041 2715 5097; x_wconf 85' lang='lat' dir='ltr'><strong>fuisse.</strong></span> 
     </span>
    </p>
   </div>
   <div class='ocr_carea' id='block_1_123' title="bbox 2200 5110 3704 5189">
    <p class='ocr_par' dir='ltr' id='par_1_123' title="bbox 2200 5110 3704 5189">
     <span class='ocr_line' id='line_1_125' title="bbox 2200 5110 3704 5189; baseline 0.007 -25"><span class='ocrx_word' id='word_1_842' title='bbox 2200 5119 2223 5147; x_wconf 72' lang='grc' dir='ltr'><strong>ο</strong></span> <span class='ocrx_word' id='word_1_843' title='bbox 2252 5110 2531 5189; x_wconf 79' lang='lat' dir='ltr'><strong>Geminum</strong></span> <span class='ocrx_word' id='word_1_844' title='bbox 2572 5114 2770 5189; x_wconf 90' lang='lat' dir='ltr'><strong>an_t_iqui</strong></span> <span class='ocrx_word' id='word_1_845' title='bbox 2802 5117 2970 5171; x_wconf 88' lang='lat' dir='ltr'><strong>moris</strong></span> <span class='ocrx_word' id='word_1_846' title='bbox 3004 5117 3312 5189; x_wconf 87' lang='lat' dir='ltr'><strong>vestigium,</strong></span> <span class='ocrx_word' id='word_1_847' title='bbox 3344 5117 3619 5189; x_wconf 84' lang='lat' dir='ltr'><strong>clepsydra</strong></span> <span class='ocrx_word' id='word_1_848' title='bbox 3651 5127 3704 5174; x_wconf 89' lang='lat' dir='ltr'><strong>et</strong></span> 
     </span>
    </p>
   </div>
   <div class='ocr_carea' id='block_1_124' title="bbox 2128 5179 3704 5259">
    <p class='ocr_par' dir='ltr' id='par_1_124' title="bbox 2128 5179 3704 5259">
     <span class='ocr_line' id='line_1_126' title="bbox 2128 5179 3704 5259; baseline 0.006 -26"><span class='ocrx_word' id='word_1_849' title='bbox 2128 5179 2274 5259; x_wconf 68' lang='lat' dir='ltr'><strong>horas</strong></span> <span class='ocrx_word' id='word_1_850' title='bbox 2298 5183 2605 5259; x_wconf 71' lang='lat' dir='ltr'><strong>inaequales.</strong></span> <span class='ocrx_word' id='word_1_851' title='bbox 2633 5179 2979 5259; x_wconf 43' lang='lat' dir='ltr'><strong>ilo—rarumex</strong></span> <span class='ocrx_word' id='word_1_852' title='bbox 3004 5179 3172 5259; x_wconf 62' lang='lat' dir='ltr'><strong>aqua:</strong></span> <span class='ocrx_word' id='word_1_853' title='bbox 3191 5189 3245 5245; x_wconf 90' lang='lat' dir='ltr'><strong>id</strong></span> <span class='ocrx_word' id='word_1_854' title='bbox 3266 5179 3349 5245; x_wconf 74' lang='lat' dir='ltr'><strong>est</strong></span> <span class='ocrx_word' id='word_1_855' title='bbox 3368 5179 3704 5259; x_wconf 71' lang='lat' dir='ltr'><strong>clepsydram</strong></span> 
     </span>
    </p>
   </div>
   <div class='ocr_carea' id='block_1_125' title="bbox 2124 5250 3696 5326">
    <p class='ocr_par' dir='ltr' id='par_1_125' title="bbox 2124 5250 3696 5326">
     <span class='ocr_line' id='line_1_127' title="bbox 2124 5250 3696 5326; baseline 0.009 -25"><span class='ocrx_word' id='word_1_856' title='bbox 2124 5250 2379 5326; x_wconf 67' lang='lat' dir='ltr'><strong>Romanis</strong></span> <span class='ocrx_word' id='word_1_857' title='bbox 2413 5250 2765 5326; x_wconf 82' lang='lat' dir='ltr'><strong>primusfeeit</strong></span> <span class='ocrx_word' id='word_1_858' title='bbox 2786 5256 2970 5326; x_wconf 83' lang='lat' dir='ltr'><strong>Nasica</strong></span> <span class='ocrx_word' id='word_1_859' title='bbox 2992 5250 3218 5326; x_wconf 79' lang='lat' dir='ltr'><strong>Cénsor,</strong></span> <span class='ocrx_word' id='word_1_860' title='bbox 3246 5269 3302 5315; x_wconf 93' lang='lat' dir='ltr'><strong>ut</strong></span> <span class='ocrx_word' id='word_1_861' title='bbox 3327 5250 3473 5315; x_wconf 81' lang='grc' dir='ltr'>ιιοωί</span> <span class='ocrx_word' id='word_1_862' title='bbox 3496 5250 3696 5315; x_wconf 79' lang='lat' dir='ltr'><strong>Censo-</strong></span> 
     </span>
    </p>
   </div>
   <div class='ocr_carea' id='block_1_126' title="bbox 2124 5322 3705 5401">
    <p class='ocr_par' dir='ltr' id='par_1_126' title="bbox 2124 5322 3705 5401">
     <span class='ocr_line' id='line_1_128' title="bbox 2124 5322 3705 5401; baseline 0.007 -27"><span class='ocrx_word' id='word_1_863' title='bbox 2124 5322 2283 5376; x_wconf 87' lang='lat' dir='ltr'><strong>rinus</strong></span> <span class='ocrx_word' id='word_1_864' title='bbox 2309 5326 2589 5401; x_wconf 33' lang='lat' dir='ltr'><strong>inominat</strong></span> <span class='ocrx_word' id='word_1_865' title='bbox 2616 5324 2807 5401; x_wconf 80' lang='lat' dir='ltr'><strong>iterum</strong></span> <span class='ocrx_word' id='word_1_866' title='bbox 2838 5325 3088 5384; x_wconf 88' lang='lat' dir='ltr'><strong>Sidonius</strong></span> <span class='ocrx_word' id='word_1_867' title='bbox 3131 5322 3289 5401; x_wconf 84' lang='lat' dir='ltr'><strong>epist.</strong></span> <span class='ocrx_word' id='word_1_868' title='bbox 3333 5331 3399 5385; x_wconf 80' lang='grc'><strong>15</strong></span> <span class='ocrx_word' id='word_1_869' title='bbox 3426 5330 3490 5384; x_wconf 91' lang='lat' dir='ltr'><strong>ad</strong></span> <span class='ocrx_word' id='word_1_870' title='bbox 3519 5332 3705 5386; x_wconf 87' lang='lat' dir='ltr'><strong>Serra-</strong></span> 
     </span>
    </p>
   </div>
   <div class='ocr_carea' id='block_1_127' title="bbox 2124 5394 3705 5471">
    <p class='ocr_par' dir='ltr' id='par_1_127' title="bbox 2124 5394 3705 5471">
     <span class='ocr_line' id='line_1_129' title="bbox 2124 5394 3705 5471; baseline 0.008 -26"><span class='ocrx_word' id='word_1_871' title='bbox 2124 5406 2276 5471; x_wconf 81' lang='lat' dir='ltr'><strong>num.</strong></span> <span class='ocrx_word' id='word_1_872' title='bbox 2306 5394 2670 5471; x_wconf 59' lang='lat' dir='ltr'><strong>Cassiodorus</strong></span> <span class='ocrx_word' id='word_1_873' title='bbox 2705 5397 2855 5471; x_wconf 68' lang='lat' dir='ltr'><strong>inea</strong></span> <span class='ocrx_word' id='word_1_874' title='bbox 2887 5411 3044 5471; x_wconf 81' lang='lat' dir='ltr'><strong>quam</strong></span> <span class='ocrx_word' id='word_1_875' title='bbox 3078 5394 3180 5469; x_wconf 79' lang='lat' dir='ltr'><strong>pro</strong></span> <span class='ocrx_word' id='word_1_876' title='bbox 3204 5401 3538 5457; x_wconf 82' lang='lat' dir='ltr'><strong>Theoderico</strong></span> <span class='ocrx_word' id='word_1_877' title='bbox 3580 5416 3705 5471; x_wconf 82' lang='lat' dir='ltr'><strong>rege</strong></span> 
     </span>
    </p>
   </div>
   <div class='ocr_carea' id='block_1_128' title="bbox 2129 5462 3701 5543">
    <p class='ocr_par' dir='ltr' id='par_1_128' title="bbox 2129 5462 3701 5543">
     <span class='ocr_line' id='line_1_130' title="bbox 2129 5462 3701 5543; baseline 0.005 -28"><span class='ocrx_word' id='word_1_878' title='bbox 2129 5463 2433 5543; x_wconf 65' lang='lat' dir='ltr'><strong>scripsitad</strong></span> <span class='ocrx_word' id='word_1_879' title='bbox 2458 5462 3267 5543; x_wconf 46' lang='lat' dir='ltr'><strong>Gttndobaldum.‘Horologium</strong></span> <span class='ocrx_word' id='word_1_880' title='bbox 3304 5473 3471 5539; x_wconf 87' lang='lat' dir='ltr'><strong>aliud,</strong></span> <span class='ocrx_word' id='word_1_881' title='bbox 3511 5462 3701 5541; x_wconf 73' lang='lat' dir='ltr'><strong>inquit,</strong></span> 
     </span>
    </p>
   </div>
   <div class='ocr_carea' id='block_1_129' title="bbox 2126 5532 3697 5613">
    <p class='ocr_par' dir='ltr' id='par_1_129' title="bbox 2126 5532 3697 5613">
     <span class='ocr_line' id='line_1_131' title="bbox 2126 5532 3697 5613; baseline 0.006 -28"><span class='ocrx_word' id='word_1_882' title='bbox 2126 5532 2209 5613; x_wconf 62' lang='lat' dir='ltr'><strong>ubi</strong></span> <span class='ocrx_word' id='word_1_883' title='bbox 2241 5532 2363 5613; x_wconf 74' lang='lat' dir='ltr'><strong>solis</strong></span> <span class='ocrx_word' id='word_1_884' title='bbox 2391 5544 2585 5589; x_wconf 81' lang='lat' dir='ltr'><strong>meatus</strong></span> <span class='ocrx_word' id='word_1_885' title='bbox 2612 5538 2720 5613; x_wconf 74' lang='lat' dir='ltr'><strong>sine</strong></span> <span class='ocrx_word' id='word_1_886' title='bbox 2743 5537 2850 5592; x_wconf 85' lang='lat' dir='ltr'><strong>sole</strong></span> <span class='ocrx_word' id='word_1_887' title='bbox 2878 5532 3219 5609; x_wconf 62' lang='lat' dir='ltr'><strong>cognoscitur,</strong></span> <span class='ocrx_word' id='word_1_888' title='bbox 3245 5552 3290 5597; x_wconf 86' lang='lat' dir='ltr'><strong>et</strong></span> <span class='ocrx_word' id='word_1_889' title='bbox 3320 5532 3469 5608; x_wconf 68' lang='lat' dir='ltr'><strong>aquis</strong></span> <span class='ocrx_word' id='word_1_890' title='bbox 3497 5532 3697 5613; x_wconf 51' lang='lat' dir='ltr'><strong>gul-tan:</strong></span> 
     </span>
    </p>
   </div>
   <div class='ocr_carea' id='block_1_130' title="bbox 2126 5603 3731 5684">
    <p class='ocr_par' dir='ltr' id='par_1_130' title="bbox 2126 5603 3731 5684">
     <span class='ocr_line' id='line_1_132' title="bbox 2126 5603 3731 5684; baseline 0.007 -29"><span class='ocrx_word' id='word_1_891' title='bbox 2126 5603 2538 5684; x_wconf 44' lang='lat' dir='ltr'><strong>(ilius&#39;horarum</strong></span> <span class='ocrx_word' id='word_1_892' title='bbox 2562 5608 2743 5684; x_wconf 56' lang='lat' dir='ltr'><strong>spatia</strong></span> <span class='ocrx_word' id='word_1_893' title='bbox 2784 5603 3140 5684; x_wconf 61' lang='lat' dir='ltr'><strong>terminantur.</strong></span> <span class='ocrx_word' id='word_1_894' title='bbox 3182 5603 3424 5684; x_wconf 80' lang='lat' dir='ltr'><strong>Aqualile</strong></span> <span class='ocrx_word' id='word_1_895' title='bbox 3458 5603 3617 5669; x_wconf 67' lang='lat' dir='ltr'><strong>vocat</strong></span> <span class='ocrx_word' id='word_1_896' title='bbox 3652 5614 3731 5667; x_wconf 75' lang='lat' dir='ltr'><strong>in</strong></span> 
     </span>
    </p>
   </div>
   <div class='ocr_carea' id='block_1_131' title="bbox 2124 5673 3702 5761">
    <p class='ocr_par' dir='ltr' id='par_1_131' title="bbox 2124 5673 3702 5761">
     <span class='ocr_line' id='line_1_133' title="bbox 2124 5673 3702 5761; baseline 0.008 -37"><span class='ocrx_word' id='word_1_897' title='bbox 2124 5673 2326 5761; x_wconf 45' lang='lat' dir='ltr'><strong>divinis.</strong></span> <span class='ocrx_word' id='word_1_898' title='bbox 2346 5673 2794 5761; x_wconf 55' lang='lat' dir='ltr'><strong>.lnstitittipnibns.</strong></span> <span class='ocrx_word' id='word_1_899' title='bbox 2841 5680 3011 5736; x_wconf 68' lang='grc' dir='ltr'>ϐινωοὶ</span> <span class='ocrx_word' id='word_1_900' title='bbox 3055 5682 3204 5761; x_wconf 63' lang='grc' dir='ltr'><strong>-Ξδριρι</strong></span> <span class='ocrx_word' id='word_1_901' title='bbox 3244 5673 3614 5761; x_wconf 66' lang='grc' dir='ltr'><strong>⁵τίιροσκοπεῑσι,</strong></span> <span class='ocrx_word' id='word_1_902' title='bbox 3649 5698 3702 5738; x_wconf 83' lang='grc' dir='ltr'><strong>ιιι</strong></span> 
     </span>
    </p>
   </div>
   <div class='ocr_carea' id='block_1_132' title="bbox 2125 5738 3711 5820">
    <p class='ocr_par' dir='ltr' id='par_1_132' title="bbox 2125 5738 3711 5820">
     <span class='ocr_line' id='line_1_134' title="bbox 2125 5738 3711 5820; baseline 0.006 -19"><span class='ocrx_word' id='word_1_903' title='bbox 2125 5738 2275 5801; x_wconf 77' lang='lat' dir='ltr'><strong>Hero</strong></span> <span class='ocrx_word' id='word_1_904' title='bbox 2296 5744 2691 5804; x_wconf 76' lang='lat' dir='ltr'><strong>Alexandrinus</strong></span> <span class='ocrx_word' id='word_1_905' title='bbox 2716 5760 3069 5815; x_wconf 68' lang='grc' dir='ltr'><strong>πνευματικῶν</strong></span> <span class='ocrx_word' id='word_1_906' title='bbox 3121 5738 3147 5809; x_wconf 63' lang='grc' dir='ltr'><strong>ἰ</strong></span> <span class='ocrx_word' id='word_1_907' title='bbox 3624 5774 3711 5811; x_wconf 65' lang='grc' dir='ltr'><strong>νο-</strong></span> 
     </span>
    </p>
   </div>
  </div>
