4078 6348
218 209 341 271 485

1461 182 1936 258 EPISTOLARUM
1973 197 2101 256 LIB.
2142 179 2206 257 ti;

3361 198 3468 257 486

203 317 558 384 incrementa
572 328 897 387 servantem,
931 317 1186 390 probabat
1206 322 1568 385 competenter
1588 316 1791 386 ingres-
1814 319 1871 381 Α
1893 315 1989 370 tati
2011 328 2167 384 quem
2194 310 2511 369 verecundia
2535 326 2640 367 non
2684 310 2924 381 adhibet,
2970 310 3151 368 charta
3182 314 3465 385 posuisset.

207 433 343 474 sum
388 427 415 454 ιι
462 415 644 486 quinta
700 408 1022 483 digrediens.
1090 400 1487 465 Prandebamus
1530 407 1791 476 breviter,

207 510 457 579 cepiose,
492 506 817 562 senatorium
847 505 912 557 ad
942 515 1168 569 rnorem,
1197 516 1301 571 quo
1331 501 1547 555 insitum
1577 502 1796 555 institu-

211 611 467 668 tumque,
503 598 697 653 multas
734 596 918 664 epulas
949 594 1130 665 paucis
1160 593 1531 663 parapsidibus
1560 593 1755 662 apponi
1781 610 1795 648 :

209 696 465 767 quamvis
492 692 794 747 convivium
827 706 921 760 per
945 688 1120 744 edulia
1148 701 1289 741 nunc
1312 701 1451 753 assa,
1477 702 1618 741 nunc
1647 687 1799 756 juru-

212 788 364 844 lenta
395 790 654 841 varietur.
704 786 844 838 Inter
875 782 1161 837 bibendum
1206 780 1639 847 narratiunculae,
1662 792 1797 847 qua-

214 894 342 934 rum
384 878 601 946 cognitu
666 875 1016 929 hilararemur
1072 873 1614 939 institueremurque,
1678 870 1797 939 quia

214 988 317 1029 eas
337 972 583 1027 bifariam
610 970 835 1036 orditas,
868 967 1045 1022 laetitia
1069 966 1362 1036 peritiaque
1385 964 1795 1019 comitabantur.

216 1064 359 1134 Quid
392 1063 596 1118 multa?
628 1062 842 1126 Sancte,
874 1059 1118 1128 pulchre,
1148 1056 1479 1110 abundanter
1496 1054 1795 1124 accipieba-

218 1171 367 1211 mur.
399 1154 527 1208 Inde
553 1160 855 1222 surgentes,
881 1149 908 1187 δ
938 1150 981 1205 si
1006 1148 1269 1218 Voroangi
1297 1160 1533 1212 eramus,
1562 1146 1688 1218 (hoc
1709 1144 1800 1200 uni

216 1247 427 1319 prtedio
448 1242 668 1315 nomen)
690 1243 757 1297 ad
784 1242 1022 1297 sarcinas
1049 1250 1103 1295 et
1131 1239 1196 1293 ad
1226 1238 1578 1294 diversorium
1610 1238 1798 1307 pedem

220 1339 631 1399 referebamus;
654 1336 695 1390 si
726 1333 965 1389 Prusiani
999 1333 1095 1404 (sic
1126 1332 1319 1385 fundus
1348 1332 1480 1384 alter
1526 1344 1797 1399 nuncupa-

218 1433 401 1503 batur)
432 1430 754 1485 Tonantium
785 1443 905 1481 cum
938 1425 1212 1489 fratribus,
1258 1422 1579 1478 lectissimos
1606 1436 1799 1491 ecquae-

219 1538 413 1579 vorum
444 1520 698 1576 nobilium
729 1518 1021 1589 principes,
1059 1516 1238 1570 stratis
1279 1516 1389 1569 suis
1430 1514 1793 1584 ejiciebamus,

220 1616 348 1688 quia
382 1630 482 1671 nec
510 1614 665 1668 facile
694 1613 801 1684 50
827 1612 1018 1665 crebro
1066 1609 1319 1663 cubilium
1362 1616 1661 1662 nostrorum
1713 1607 1797 1661 in-

1899 409 2132 478 Quarum
2159 420 2371 477 quoque
2396 406 2673 474 replicatio
2694 405 2796 478 51
2823 405 2974 463 ﬂeret
2996 420 3206 463 ammna
3225 416 3466 477 narratu,

1898 500 2002 556 nisi
2042 498 2280 570 epistolae
2304 507 2507 570 tergum
2539 499 2766 553 madidis
2808 500 3081 556 sordidare
3102 502 3320 557 calamis
3348 518 3469 559 eru-

1899 591 2256 647 besceremus.
2283 589 2391 645 Sed
2421 590 2509 660 qui
2535 599 2587 646 et
2626 590 2727 660 ipsi
2772 593 2823 646 in
2851 594 3124 662 procinctu
3151 606 3356 664 sumus,
3395 605 3469 653 te-

1900 701 2003 756 que
2030 685 2129 740 sub
2155 699 2257 755 ope
2297 683 2492 740 Christi
2521 692 2759 739 actutum
2800 686 2954 741 nobis
3002 688 3231 745 invisere
3273 690 3465 759 placet,

1901 779 2207 847 expeditius
2229 778 2320 833 tibi
2352 792 2519 833 coenae
2547 782 2840 835 amicorum
2869 781 2921 835 in
2952 796 3071 837 mea
3096 797 3249 840 coma
3276 768 3467 854 tuaque

1900 871 2499 925 commemorabuntur:
2530 869 2688 924 modo
2721 885 2817 924 nos
2846 874 3237 941 quamprimum
3268 874 3467 930 hebdo-

1904 962 2072 1017 madis
2098 972 2300 1018 exactae
2328 963 2498 1033 spatia
2526 963 2788 1034 completa
2814 964 3004 1021 votiva:
3040 967 3320 1023 restituant
3348 984 3468 1025 esu-

1903 1056 2079 1110 ritioni
2125 1074 2135 1108 :
2182 1057 2303 1125 quia
2358 1055 2653 1125 disruptum
2706 1071 2876 1127 ganea
2936 1059 3268 1117 stomachum
3325 1062 3468 1117 nulla

1900 1147 2101 1202 sarcire
2126 1161 2213 1202 res
2241 1146 2428 1203 melius
2456 1162 2614 1218 quam
2646 1148 2975 1217 parcimonia
3003 1149 3161 1204 solet.
3189 1150 3333 1207 Vale.

2470 1301 2799 1359 EPISTULA
2837 1302 2908 1361 Χ.

2203 1459 2448 1515 Sidonius
2476 1458 2504 1499 ἀ
2530 1460 2782 1555 Hesperio
2806 1479 2896 1518 suo
2926 1464 3160 1521 salutem.

1971 1612 2104 1665 Amo
2146 1610 2197 1666 in
2226 1619 2277 1666 te
2318 1613 2460 1682 quod
2503 1613 2709 1671 litteras
2757 1632 2945 1684 amas,
2990 1627 3049 1672 et
3092 1634 3469 1691 usquequaque

219 1713 521 1765 strumenta
545 1703 1075 1758 circumferebantur.
1121 1700 1360 1754 Excussa
1387 1709 1409 1737 ε
1446 1709 1659 1769 torpore
1689 1713 1801 1752 me-
1832 1689 1878 1755 Β
1904 1703 2186 1773 prmeoniis
2224 1704 2662 1759 cumulatissimis
2707 1708 2955 1763 excolere
3000 1689 3291 1766 contendo—
3312 1689 3471 1770 tantm

221 1800 457 1866 ridiano,
488 1798 760 1869 paulisper
786 1796 1175 1866 equitabamus,
1222 1809 1329 1864 quo
1355 1793 1558 1849 facilius
1585 1800 1803 1862 pectora

225 1891 467 1947 marcida
496 1890 629 1945 cibis
656 1889 959 1945 uenatoria:
991 1886 1117 1941 fami
1146 1900 1550 1942 exacueremus.
1585 1886 1804 1942 Balneas

225 1982 459 2039 habebat
483 1991 710 2052 uterque
733 1983 929 2049 hospes
960 1980 1011 2033 in
1038 1994 1221 2049 opere,
1256 1980 1308 2033 in
1336 1994 1436 2033 usu
1464 1987 1652 2033 neuter
1675 1996 1687 2031 :
1709 1978 1803 2033 sed

226 2088 349 2130 cum
402 2075 485 2129 vel
542 2073 889 2144 pauxillulum
949 2071 1131 2126 bibere
1186 2070 1436 2125 desiisset
1480 2070 1802 2148 asseclarum

227 2181 473 2224 meorum
526 2165 954 2235 famulorumque
1003 2162 1152 2217 turba
1201 2162 1531 2231 compotrix,
1578 2176 1803 2231 quorum

229 2256 468 2312 cerebris
524 2254 814 2323 hospitales
854 2264 1077 2308 craterae
1129 2251 1347 2306 nimium
1407 2253 1672 2308 immersa:
1710 2252 1802 2307 do.

228 2347 592 2413 minabantur,
642 2346 813 2401 vicina
866 2345 993 2399 fonti
1039 2351 1130 2398 aut
1174 2344 1335 2398 fluvio
1379 2343 1572 2413 raptim
1619 2343 1802 2398 screbs

229 2438 552 2505 fodiebatur,
585 2439 636 2491 in
659 2451 817 2507 quam
844 2435 977 2491 forte
1007 2450 1128 2489 cum
1160 2434 1405 2489 cumulus
1432 2433 1667 2503 lapidum
1691 2448 1807 2489 am-

228 2530 421 2585 bustus
461 2529 852 2594 demitteretur,
904 2536 1059 2581 antro
1105 2528 1156 2579 in
1199 2524 1546 2595 bemispherii
1580 2525 1801 2581 formam

229 2622 429 2694 corylis
460 2616 727 2676 ﬂexilibus
755 2619 986 2684 intexto,
1038 2618 1177 2672 fossa
1222 2616 1565 2674 inardescens
1595 2618 1803 2688 operie-

229 2714 389 2771 batur
414 2714 537 2771 :'sic
561 2722 739 2768 tamen
762 2722 819 2767 ut
850 2712 1164 2781 superiectis
1188 2709 1410 2766 Cilicum
1438 2713 1591 2779 velis,
1621 2722 1807 2780 paten-

229 2807 305 2862 tia
333 2806 615 2860 intervalla
639 2806 924 2873 virgarum,
960 2803 1155 2857 lumine
1171 2804 1408 2868 excluso,
1434 2804 1802 2871 tenebrantur,

227 2912 491 2968 vaporem
542 2898 810 2966 repulsura
860 2896 1170 2962 salientem,
1225 2897 1312 2967 qui
1356 2896 1512 2951 undae
1551 2897 1804 2953 ferventis

227 2992 518 3062 aSpergine
565 2990 849 3046 flammatis
892 2990 1132 3044 silicibus
1176 2990 1476 3045 excuditur.
1524 2992 1618 3045 llic
1648 2994 1803 3047 nobis

1906 1796 2195 1865 diligentiae
2223 1797 2633 1866 generositatem
2677 1813 2771 1867 per
2796 1814 2952 1868 quam
2984 1802 3137 1857 nobis
3166 1818 3270 1857 non
3301 1805 3469 1860 sulum

1904 1886 2053 1941 initia
2085 1898 2194 1954 tua,
2244 1904 2426 1943 verum
2477 1891 2634 1944 etiam
2675 1890 2847 1945 studia
2896 1903 3076 1947 neSIra
3106 1897 3470 1951 commendas.

1906 1980 2035 2035 Nam
2080 1997 2199 2035 cum
2239 1983 2482 2037 videmus
2509 1983 2561 2037 in
2592 1982 2891 2052 bujusmodi
2923 1984 3257 2054 disciplinam
3290 1986 3471 2055 junio-

1904 2088 2021 2128 rum
2053 2072 2262 2142 ingenia
2293 2088 2651 2139 succrescere,
2696 2083 2911 2144 prepter
2942 2091 3097 2144 quam
3138 2091 3234 2132 nos
3263 2092 3472 2147 quaque

1904 2163 2250 2219 subduximus
2281 2163 2460 2219 ferula:
2486 2179 2721 2227 manum,
2766 2164 3195 2234 copiosissimum
3243 2167 3468 2221 fructum

1906 2259 2075 2313 nostri
2107 2258 2305 2313 laboris
2349 2257 2711 2326 adipiscimur.
2757 2257 2889 2312 Illud
2919 2273 3145 2327 appone,
3189 2258 3326 2328 quod
3358 2270 3467 2314 lan—

1907 2359 2015 2408 tum
2058 2348 2324 2405 increbuit
2372 2350 2656 2404 multitudo
2686 2349 3096 2416 desidiosorum,
3146 2358 3202 2405 ut
3250 2351 3347 2404 nisi
3389 2352 3472 2406 vel

1906 2444 2213 2514 paucissimi
2236 2443 2433 2512 quique
2458 2457 2659 2496 meram
2694 2441 2918 2497 Latiaris
2952 2442 3140 2512 linguae
3179 2443 3473 2511 proprieta-

1910 2546 2011 2592 tem
2041 2538 2105 2590 de
2135 2537 2425 2590 trivialium
2468 2535 2921 2590 barbarismorum
2964 2534 3209 2604 rubigine
3241 2534 3475 2589 vindica-

1907 2630 2113 2698 veritis,
2144 2644 2259 2683 eam
2283 2628 2427 2683 brevi
2459 2627 2708 2682 abolitam
2744 2628 3035 2683 defleamus
3065 2627 3471 2697 interitamque:

1908 2723 1986 2775 sic
2009 2736 2192 2775 omnes
2217 2719 2475 2773 nobilium
2500 2734 2806 2773 sermonum
2833 2734 3077 2789 purpurae
3100 2733 3194 2788 per
3219 2718 3475 2773 incuriam

1907 2812 2048 2881 vulgi
2080 2810 2546 2865 decolorabuntur.
2598 2809 2701 2865 Sed
2743 2810 2929 2866 istbzec
2974 2811 3124 2865 alias.
3166 2809 3369 2864 interea
3421 2819 3474 2863 tu

1906 2904 2046 2974 quod
2088 2904 2223 2972 petis
2269 2902 2466 2969 accipe.
2511 2902 2654 2958 Petis
2705 2911 2882 2955 autem
2925 2912 2979 2955 ut
3017 2903 3061 2954 si
3089 2901 3177 2969 qui
3224 2899 3473 2955 versiculi

1908 2994 2037 3049 mihi
2080 2992 2362 3055 ﬂuxerunt,
2396 2992 2499 3062 52
2523 2999 2800 3062 postquam
2829 2991 2896 3045 ab
2935 2990 3189 3047 alterutro
3217 2989 3475 3044 discessi-

230 3082 587 3138 trahebantur
640 3082 786 3136 hora:
807 3122 820 3146 ,
875 3096 978 3135 non
1024 3081 1225 3150 absque
1272 3081 1608 3137 sermonibus
1650 3082 1806 3137 salsis
1831 3064 1876 3125 Ο
1909 3099 2045 3151 mus,
2077 3084 2172 3137 hos
2213 3083 2303 3137 tibi
2346 3098 2441 3152 pro
2463 3082 2688 3152 quadam
2720 3098 2987 3138 morarum
3010 3082 3256 3138 mercede
3283 3096 3476 3151 pernu-

229 3174 693 3245 jocularibusque;
750 3186 882 3241 quos
911 3173 1049 3226 inter
1086 3172 1253 3225 halitu
1294 3172 1500 3227 nebulae
1530 3173 1806 3229 stridentis

1913 3190 2136 3230 merem.
2181 3174 2334 3228 Dicto
2367 3187 2548 3243 pareo,
2597 3172 2725 3227 Nam
2774 3173 3026 3243 praeditus
3055 3188 3133 3234 es,-
3181 3186 3478 3242 quanquam

227 3264 487 3335 oppletis,
533 3262 894 3332 involutisque
936 3262 1315 3317 saluberrimus
1358 3263 1523 3319 sudor
1561 3265 1807 3320 elicieba-
1905 3268 2137 3339 juvenis,
2191 3267 2290 3323 hac
2336 3265 2501 3320 animi
2547 3266 2871 3331 maturitate,
2919 3274 2977 3320 ut
3022 3264 3115 3320 tibi
3155 3265 3313 3319 etiam
3356 3273 3481 3319 natu

230 3365 352 3421 tur;
384 3370 490 3426 quo
516 3360 674 3425 prout
694 3353 935 3410 libuisset
964 3352 1156 3420 effuso,
1188 3355 1465 3411 coctilibus
1486 3357 1641 3428 aquis
1660 3357 1806 3428 inge-

229 3445 504 3515 rebamur,
524 3447 819 3516 harumquc
841 3445 952 3500 fotu
969 3445 1284 3502 cruditatem
1310 3458 1546 3502 nostram
1567 3458 1807 3520 tergente

230 3538 477 3605 resoluti,
524 3548 615 3593 aut
662 3536 882 3591 fontano
922 3537 1175 3607 deinceps
1212 3538 1430 3607 frigore,
1479 3522 1823 3610 putealique,

232 3636 326 3684 aut
371 3627 567 3683 ﬂuviali
616 3627 769 3699 copia
816 3626 1197 3684 solidabamur.
1245 3628 1516 3700 Siquidem
1562 3631 1805 3688 domibus

231 3720 443 3777 medius
471 3721 512 3775 it
543 3720 753 3783 Vuardo
782 3720 994 3787 fluvius,
1017 3720 1119 3775 nisi
1148 3736 1267 3777 cum
1289 3722 1461 3778 deﬂua
1484 3726 1606 3780 nive
1629 3736 1809 3794 pastus

232 3813 500 3883 impalluit
526 3812 679 3867 ﬂavis
710 3812 870 3867 ruber
896 3812 1115 3880 glareis,
1162 3823 1219 3868 et
1247 3826 1340 3883 per
1366 3817 1571 3871 alveum
1602 3816 1806 3887 perspi-

233 3918 389 3969 cuus,
428 3904 660 3974 quietus,
714 3902 1142 3971 calculosusque,
1194 3919 1365 3974 neque
1409 3907 1476 3960 ob
1502 3905 1603 3962 hoc
1634 3909 1808 3963 minus

234 3995 463 4066 piscium
518 3994 665 4049 ferax
720 3994 1088 4048 delicatorum.
1144 3994 1383 4051 Dicerem
1428 4006 1481 4052 et
1525 4012 1728 4066 coenas,
1761 4008 1814 4054 et

236 4087 453 4157 quidem
487 4085 847 4151 unctissimas,
880 4085 981 4139 nisi
1028 4086 1310 4142 terminum
1349 4097 1547 4145 nostrae
1576 4088 1814 4160 loquaci-
1846 4152 1847 4155 η

237 4269 475 4320 ιιι-σαντες
497 4253 692 4320 ᾒ-τῶν
721 4242 905 4316 ὐδρίων
944 4247 1292 4320 ὡροσκοπείων
1314 4246 1433 4310 ἕξει,
1456 4248 1487 4305 ἦ
1509 4267 1588 4307 τις
1616 4250 1737 4319 ἡμῖν
1767 4248 1815 4302 ἐν

237 4318 449 4392 ἓτέταρᾳι
478 4318 690 4388 βιϐλίοις
704 4319 1251 4392 ,πρφσαναγέγραπῖςιμ

245 4440 262 4460 ,
313 4397 338 4425 ⁸
362 4386 487 4443 ’11οό
512 4395 595 4460 est
615 4386 890 4460 undecima
924 4386 1122 4460 noet'ra.
1153 4386 1410 4460 Horarum
1438 4387 1571 4460 apud
1600 4394 1810 4460 veteres

238 4456 369 4513 usus
392 4466 505 4511 erat
536 4456 870 4528 inzequalium
905 4477 916 4512 :
945 4471 1062 4528 qua:
1092 4456 1348 4510 duodena:
1371 4458 1421 4509 in
1446 4457 1559 4511 dies
1580 4459 1813 4527 singulos

236 4530 309 4581 ab
353 4536 543 4581 exortu
582 4527 709 4580 solis
734 4527 799 4579 ad
847 4527 1093 4583 occasum
1128 4530 1561 4591 numerabantur,
1596 4528 1813 4581 totidem

237 4598 298 4653 in
326 4598 560 4660 singulas
591 4607 793 4651 noctes.
827 4600 943 4664 Quo
971 4600 1130 4652 fiebat
1159 4606 1215 4650 ut
1265 4611 1363 4665 pro
1410 4599 1613 4650 dierum
1659 4599 1816 4651 modo

236 4668 327 4721 vel
357 4669 588 4720 noctium
616 4667 903 4736 iii.vquales
931 4675 1130 4731 essent,
1159 4682 1299 4721 nunc
1345 4668 1636 4732 breviores,
1678 4683 1818 4721 nunc

241 4739 535 4804 longiores.
577 4738 726 4801 Quod
767 4750 1014 4807 spectans
1059 4739 1384 4804 Augustinus
1414 4742 1481 4791 de
1511 4737 1643 4791 Vera
1676 4737 1820 4792 Reli-

240 4810 421 4878 gione.
462 4807 624 4873 Hora,
675 4809 866 4877 inquit,
898 4809 1141 4863 brumalis
1176 4808 1359 4860 testia-ce
1406 4819 1699 4875 comparata
1717 4809 1820 4861 mi—

242 4895 341 4931 nor
363 4879 728 4931 esum-terum
756 4881 876 4948 quia
906 4888 1050 4935 sexta
1075 4879 1286 4933 illorum
1314 4878 1443 4930 liora
1469 4880 1517 4930 in
1544 4879 1821 4933 meridiem

246 4948 654 5013 terminabatur,
678 4962 742 5001 eo
767 4953 923 5004 fiebat
972 4960 1029 5003 ut
1067 4949 1249 5017 quinta
1299 4948 1597 5001 unde-imae
1645 4949 1820 5001 affinis

246 5032 459 5087 semper
488 5028 649 5091 esset.
698 5019 1029 5091 ilancigitur
1077 5018 1317 5091 eamdem
1366 5017 1584 5091 denotat
1614 5018 1825 5091 Persius

246 5098 350 5143 sat.
384 5091 436 5157 5,
470 5089 648 5158 quinta
676 5090 798 5142 dum
848 5087 983 5143 linea
1025 5090 1247 5158 tangitur
1276 5087 1453 5140 umbra
1487 5103 1505 5141 :
1544 5088 1596 5142 in
1628 5089 1823 5141 solario

246 5159 354 5229 32
397 5159 599 5213 scilicet
665 5160 982 5230 heliotrupio
1039 5161 1359 5221 sciuterico,
1410 5160 1461 5211 in
1520 5174 1624 5227 quo
1681 5160 1826 5230 ejus-

247 5228 391 5282 modi
426 5230 572 5282 horai
604 5228 944 5285 notabantur.
980 5231 1173 5298 Quinta
1203 5236 1377 5283 autem
1427 5230 1557 5282 hora
1597 5228 1823 5298 prandii.

250 5299 509 5353 Martialis
542 5300 637 5353 lib.
672 5314 763 5353 vm
793 5316 806 5352 :

303 5299 509 5354 artialis
542 5300 637 5353 lib.
672 5314 763 5353 vui
793 5316 806 5352 :

379 5369 533 5433 Horas
550 5372 766 5432 quinque
790 5384 915 5433 puer
938 5372 1148 5419 nondum
1172 5370 1259 5418 tibi
1282 5372 1483 5433 nuntiat,
1504 5376 1555 5420 et
1580 5377 1627 5421 tu

436 5431 545 5485 Jam
570 5431 769 5481 conviva
793 5431 946 5491 'mlbi,
971 5432 1246 5494 Czeciliane,
1270 5434 1429 5482 venis.

250 5513 523 5570 Ausonius
555 5516 606 5569 in
640 5515 1001 5585 Ephemeride
1032 5533 1045 5567 :

377 5607 536 5669 Sosia,
566 5608 896 5670 prandendum
921 5594 1031 5656 esl‘:
1056 5615 1271 5670 quartam
1291 5620 1387 5669 iam
1412 5611 1541 5657 totus
1576 5606 1624 5654 in
1664 5604 1833 5653 horam

439 5666 529 5719 Sol
545 5666 681 5719 calet
697 5703 714 5731 ,
737 5669 798 5720 ad
818 5671 1033 5732 quintam
1055 5666 1270 5719 ﬂectitur
1291 5666 1457 5719 umbra
1480 5675 1657 5719 notam.

1911 3361 2117 3430 priores
2166 3373 2355 3429 gerere
2409 3371 2612 3413 morem
2658 3357 3120 3427 concupiscamus.
3172 3366 3195 3394 ο
3247 3355 3482 3411 Ecclesia

1911 3469 2083 3524 nuper
2112 3460 2383 3509 exstructa
2426 3449 2670 3522 Lugduni
2701 3460 2803 3515 est,
2833 3464 2952 3521 qua:
2991 3448 3167 3505 studio
3194 3463 3343 3518 papa:
3381 3447 3484 3503 Pa-

1914 3546 2093 3603 tientis
2123 3560 2388 3601 summum
2421 3544 2579 3614 ccepti
2632 3544 2807 3614 eperis
2852 3541 3098 3609 accessit,
3148 3541 3244 3597 viri
3291 3542 3484 3607 sancti,

1914 3637 2138 3703 strenui,
2189 3636 2384 3703 severi,
2436 3634 2834 3704 misericordis,
2885 3632 3081 3704 quique
3124 3648 3221 3702 per
3269 3632 3486 3688 uberem

1915 3730 2335 3784 munificentiam
2361 3728 2412 3782 in
2439 3740 2698 3796 pauperes
2720 3725 3233 3794 humanitatemque,
3261 3741 3364 3779 non
3388 3727 3487 3779 mi-

1918 3836 2046 3877 nora
2077 3822 2231 3877 bona:
2275 3820 2615 3875 conscientiae
2658 3817 2896 3872 culmina’
2933 3817 3091 3870 levet.
3138 3816 3301 3886 Hujus
3332 3816 3489 3886 igitur

1916 3911 2045 3967 aedis
2075 3909 2311 3973 extimis,
2338 3917 2522 3978 rogatu
2552 3906 2758 3977 praefati
2785 3905 3057 3971 antistitis,
3088 3907 3487 3960 tumultuarium

1915 4016 2131 4058 carmen
2184 4000 2428 4069 inscripsi
2465 3999 2713 4053 trochaeis
2761 3996 3088 4065 triplicibus,
3147 3997 3322 4051 adhuc
3363 3998 3490 4051 mihi

1915 4093 2134 4164 jamque
2165 4092 2258 4145 tibi
2285 4087 2751 4161 perfamiliaribus.
2794 4087 3034 4157 Namque
3077 4087 3142 4142 ab
3173 4086 3491 4142 hexametris

1987 4246 2015 4287 ιι
2049 4245 2311 4302 Prmdium
2344 4245 2397 4300 id
2427 4241 2857 4313 Apollinarisln
2889 4241 3271 4313 Propemptico
3306 4256 3324 4295 :
3360 4239 3487 4313 Lar.

1917 4333 2028 4372 sum
2056 4328 2102 4371 te
2129 4316 2428 4383 Voroangus
2456 4310 2715 4368 obtinebit.
2738 4312 2984 4367 Nostrum
3010 4313 3088 4366 hic
3108 4310 3493 4383 inueniesApol-

1920 4390 2152 4443 linarem.
2200 4381 2485 4441 Prusianus
2521 4395 2638 4439 erat
2678 4383 2923 4439 Tonantii
2958 4382 3212 4437 Ferreoli.
3250 4381 3486 4451 Utraque

1918 4460 2042 4513 villa
2075 4458 2139 4512 ad
2174 4457 2497 4511 Wardonem
2538 4455 2780 4519 ﬂuvium,
2830 4453 2919 4524 qui
2957 4469 3054 4522 per
3085 4452 3273 4507 Volcas
3299 4452 3496 4506 Areco-

1919 4530 2086 4583 micos
2113 4529 2378 4582 eVUiVilUl'
2395 4531 2449 4581 in
2473 4525 2810 4588 Rhodanum,
2833 4532 3041 4578 vetusto
3072 4532 3230 4593 ponte
3250 4536 3302 4585 et
3322 4536 3499 4590 aquic-

1921 4601 2083 4653 ductu
2139 4607 2420 4651 structurae
2476 4597 2725 4651 Romana:
2777 4594 3015 4650 nobilis:
3051 4608 3275 4664 quorum
3327 4593 3500 4646 adhuc

1921 4669 2119 4739 reliqua
2153 4678 2281 4739 sunt
2306 4667 2547 4736 vestigia.

1999 4732 2223 4807 e’Supra
2274 4738 2366 4792 lib.
2398 4732 2637 4802 rfepist.
2678 4734 2713 4788 2
2755 4734 2821 4790 de
2848 4733 3181 4789 Theoderico
3224 4750 3237 4785 :
3271 4732 3501 4807 Dapibas
3558 4790 3559 4795 η

1923 4810 2118 4877 expleto
2134 4800 2353 4862 somnus
2384 4800 2698 4877 meridianus
2732 4822 2924 4877 semper
2953 4807 3183 4874 exiguus,
3220 4800 3499 4877 sagpe'nul-

1925 4873 2026 4934 lus.
2077 4880 2495 4933 Meridiationem
2530 4875 2796 4944 appellant
2832 4873 2849 4929 ;’
2879 4876 2945 4929 de
2971 4873 3071 4945 qua
3122 4873 3497 4945 intelligendus

1926 4960 2007 5005 est
2036 4949 2228 5003 Juliani
2251 4947 2492 5019 locusAad
2522 4941 2820 4999 Libanium.
2850 4941 3079 5019 ᾍνὲγῦων
3098 4948 3233 5019 χθὲς
3254 4946 3338 5019 τὸν
3357 4941 3501 5019 λόγον

1926 5022 2026 5098 τινρρ
2053 5022 2263 5098 ἀρίστου
2290 5016 2504 5098 σχεδόν.
2528 5022 2831 5098 ’Δρίστήσας
2853 5014 2925 5098 δέ,
2947 5014 3063 5098 arpis
3086 5014 3499 5098 ἆξᾳπαύσᾳσθαι,

1927 5041 2026 5095 προ
2053 5037 2263 5098 αριστ-ου
2290 5037 2504 5143 agriami.
2532 5037 2831 5141 ’Δῧστησας
2853 5037 2925 5081 οε,
2947 5037 3063 5093 πρίν
3086 5037 3499 5093 αναπανσᾳσυαι,

1927 5096 1983 5146 τὸ
2008 5091 2179 5146 λοιπὸν
2206 5094 2307 5145 ἀπο
2344 5087 2523 5143 sema.
2632 5095 2847 5151 esterno,
2891 5084 3083 5155 inquit,
3113 5086 3195 5139 die
3224 5093 3506 5155 orationem

1930 5162 2029 5229 legi
2071 5170 2186 5214 ante
2222 5160 2491 5231 prandium
2537 5174 2703 5231 prope
2738 5154 3187 5231 integram_:_poat
3234 5154 3506 5226 prandium

1930 5226 2070 5297 vero,
2102 5226 2231 5283 ante
2247 5245 2477 5283 somnum
2505 5228 2639 5297 quod
2670 5227 2845 5280 deerat
2876 5226 3086 5297 absolvi.

2003 5298 2030 5337 ά
2058 5296 2112 5355 ls
2140 5300 2349 5379 videtur
2380 5314 2537 5368 quem
2570 5296 2662 5351 lib.
2694 5312 2766 5363 tv,
2791 5297 2948 5379 epist.
2981 5296 3275 5379 22,-.virum
3307 5297 3509 5367 magni—

1936 5373 2089 5426 ficum
2122 5371 2371 5438 appellit,
2400 5367 2689 5438 gemmam
2735 5367 3028 5422 amicorum
3081 5367 3505 5438 litterarumque.

1938 5443 2068 5497 lluie
2099 5436 2225 5509 ergo
2255 5436 2735 5509 llendecasyllabos
2773 5439 2954 5507 mittit,
3006 5452 3139 5509 quos
3179 5437 3245 5493 de
3288 5436 3505 5492 basilica

1937 5511 2177 5582 Lugduni
2210 5508 2839 5582 exstructacendiderat.
3026 5508 3033 5509 ί
3062 5576 3103 5582 μ
3390 5573 3402 5582 _
3514 5526 3515 5529 ‘

2014 5573 2054 5656 ξ
2077 5582 2442 5656 ρικιξμιςιιηῇιςι
2473 5581 2631 5656 fuerit
2659 5584 2914 5656 incertum
2938 5588 3038 5636 est.
3060 5576 3189 5656 Nam
3211 5590 3315 5656 quo
3334 5573 3511 5656 minus

3251 5654 3357 5701 rari
3384 5654 3513 5714 pro-

3348 5758 3373 5769 κ

1941 5652 2004 5710 S.
2033 5652 2219 5709 irencei
2242 5652 2458 5707 basilica
2487 5652 2754 5714 videatur.
2784 5650 2905 5708 facit
2936 5650 3074 5711 quod
3107 5649 3176 5704 ab
