4078 6348
535 290 637 350 487

534 506 763 561 cinantia
794 505 946 560 altari
984 502 1219 559 basilica:
1255 502 1422 557 latera
1462 501 1765 557 clarescunt
1807 521 1818 555 :
1867 518 2003 573 quos
2047 505 2101 559 in

534 599 673 655 hanc
718 601 960 669 paginam
1007 596 1213 650 admitti
1255 605 1436 651 nostra
1484 610 1646 665 quam
1686 596 1920 651 maxime
1944 611 2101 652 vere-

534 691 726 747 cundia
756 696 921 756 vetat,
940 702 1097 757 quam
1120 701 1243 743 suas
1271 687 1569 742 otiositates
1594 686 1925 756 trepidanter
1940 688 2106 743 eden-

534 790 643 838 tem
690 781 971 836 meliorum
1010 767 1321 834 carminum
1352 779 1679 847 comparatio
1719 779 1931 847 premit.
1970 778 2102 831 Nam

532 871 685 927 sicuti
724 884 915 925 novam
962 878 1179 939 nuptam
1228 869 1357 922 nihil
1408 868 1582 922 minus
1627 883 1784 937 quam
1832 867 2104 935 pulchrior

534 964 773 1034 pronuba
804 963 955 1017 decet
996 980 1010 1016 :
1048 974 1100 1017 et
1132 962 1287 1017 sicuti
1332 962 1377 1016 si
1425 961 1683 1015 vestiatur
1718 962 1841 1014 albo
1880 961 2105 1030 quisque

533 1057 734 1121 fuscus,
785 1056 844 1109 fit
884 1056 1122 1125 nigrior:
1151 1056 1227 1110 sic
1253 1064 1455 1119 nostra,
1496 1054 1960 1124 quantulacunque
1998 1064 2098 1121 esr,

535 1151 673 1205 tubis
718 1147 1034 1204 circumfusa
1083 1148 1378 1216 potioribus
1429 1148 1623 1216 stipula
1669 1147 1911 1202 vilescit:
1943 1161 2100 1216 quam

533 1243 766 1300 mediam
795 1242 934 1309 loco,
968 1241 1203 1295 intimam
1244 1238 1456 1305 merito,
1490 1237 1951 1307 despicabiliorem
1981 1253 2106 1307 pro-

533 1333 790 1389 nuntiari.
823 1348 927 1388 non
954 1331 1218 1400 imperitia
1264 1330 1445 1397 modo,
1492 1329 1587 1384 sed
1618 1340 1671 1383 et
1699 1331 1997 1398 arrogantia
2029 1329 2100 1382 fa-

531 1426 625 1481 cit.
658 1426 990 1493 QuaprOptet‘
1018 1422 1226 1477 illorum
1256 1418 1450 1489 justius
1475 1419 1852 1489 epigrammata
1882 1420 2101 1485 micant,

533 1534 690 1589 quam
720 1519 822 1571 ista
865 1517 1000 1582 haec,
1032 1531 1150 1587 quae
1192 1515 1502 1585 imaginarie
1544 1522 1746 1568 tantum
1791 1522 1845 1568 et
1874 1514 2103 1583 quodam

533 1607 693 1664 modo
742 1606 1097 1663 umbratiliter
1144 1604 1469 1675 efﬁngimus.
1521 1603 1626 1659 Sed
1673 1618 1925 1673 quorsum
1974 1604 2106 1657 ista?

534 1698 661 1768 quin
708 1696 882 1766 potius
918 1694 1263 1765 paupertinus
1303 1694 1551 1761 flagitatae
1577 1693 1858 1748 cantilena:
1900 1693 2106 1748 culmus

536 1788 929 1845 immurmuret.

662 1873 766 1940 53
800 1880 1023 1940 Quisquis
1047 1876 1295 1940 pontificis
1319 1879 1569 1939 patrisque
1588 1876 1738 1926 nostri

662 1893 766 1940 :33
800 1893 1023 1989 UlllStEllS.
1047 1893 1284 1962 ponttttcts
1319 1893 1523 1939 patrisqr

656 1940 906 1992 Collaudas
964 1948 1160 1989 attentis
1182 1940 1259 1987 htc
1286 1938 1523 2001 laborem,

656 2004 766 2053 Voti
779 2009 998 2064 compote
1024 2001 1372 2063 supplicatione

656 2062 943 2115 Concessum
969 2062 1230 2123 experiere
1255 2062 1379 2123 quod
1416 2062 1625 2121 rogabis.

656 2126 804 2175 Edes
830 2125 960 2175 celsa
984 2126 1124 2180 uitet,
1162 2136 1253 2171 nec
1279 2126 1325 2169 in
1347 2125 1588 2171 sinistrum

654 2188 752 2235 Aut
768 2187 993 2235 dextrum
1017 2185 1241 2243 trahitur,
1268 2183 1354 2231 sed
1378 2196 1487 2231 arce
1511 2182 1679 2232 frontis

655 2245 684 2283 δ
718 2250 888 2297 Ortum
914 2246 1140 2307 prospicit
1164 2245 1569 2306 aequinoctialem.

657 2309 790 2358 Intus
814 2308 894 2357 lux
920 2309 1083 2368 micat,
1121 2315 1265 2368 atque
1291 2309 1586 2355 bratteatum

654 2370 736 2419 Sol
759 2371 829 2419 sic
852 2370 1133 2418 sollicitatur
1153 2370 1210 2415 ad
1232 2368 1443 2428 lacunar,

656 2432 810 2481 Fulvo
842 2438 893 2481 ut
918 2428 1138 2479 concolor
1162 2436 1297 2477 erret
1320 2431 1367 2476 in
1392 2428 1605 2479 metallo.

653 2492 941 2543 Distinctum
968 2494 1097 2540 vario
1121 2490 1275 2552 nitore
1315 2503 1540 2552 marmor,

655 2554 905 2605 Percurrit
928 2561 1184 2608 cameram,
1208 2549 1382 2611 solum,
1402 2548 1642 2600 feneétras
1665 2563 1678 2598 :

658 2617 729 2664 Ac
750 2616 840 2662 sub
862 2612 1235 2663 versicoloribus
1271 2612 1438 2671 ﬁguris

656 2676 878 2725 Vernans
902 2672 1103 2723 herbida
1127 2678 1286 2720 crusta
1315 2674 1619 2732 sapphiratos

658 2737 811 2787 Flecli
838 2748 924 2797 per
951 2736 1192 2797 prasinum
1211 2736 1386 2797 vitrum
1409 2735 1611 2797 lapillos.

658 2798 781 2848 lluic
801 2794 877 2846 eSt
902 2794 1114 2858 porticus
1146 2794 1376 2856 applicata
1401 2794 1580 2858 triplex

664 2863 685 2889 ο
714 2856 979 2908 Fulmetitls
998 2858 1295 2918 Aquitanicis
1315 2856 1549 2917 superba:

656 2921 729 2970 Ad
754 2920 889 2980 cujus
907 2921 1152 2981 Spectmen
1178 2919 1437 2965 remotiora

659 2978 894 3030 Claudum
911 2978 1030 3030 atria
1056 2980 1267 3041 porticus
1288 2978 1515 3029 secunda:
1541 2992 1552 3026 :

658 3044 721 3093 Et
743 3056 963 3105 campum
985 3042 1196 3105 medium
1220 3042 1380 3105 procul
1405 3041 1586 3089 locatas

655 3104 820 3154 Vestis
841 3102 990 3152 Saxea
1015 3104 1130 3151 sitia
1155 3114 1243 3163 per
1266 3102 1549 3163 columnas,
1662 3156 1665 3157 ν

654 3165 782 3216 llinc
804 3178 956 3228 agger
973 3171 1129 3225 sonat,
1150 3162 1258 3211 hinc
1281 3162 1399 3211 Arar
1422 3162 1643 3213 resultat.

537 3292 623 3347 cul
648 3290 804 3355 absit,
834 3302 1125 3358 parumque
1148 3288 1193 3342 ei
1220 3287 1513 3358 conveniat
1532 3290 1663 3341 situs
1684 3288 1925 3343 ecclesiae
1948 3288 2103 3345 Sido-

540 3364 732 3416 nianaa.
790 3356 1342 3428 PapiriusMassonus
1378 3358 1444 3428 de
1494 3356 1552 3428 S_.
1582 3358 1838 3427 Stephani
1880 3360 2106 3415 ecclesia

538 3446 657 3497 qum
697 3425 1104 3497 metro'politana
1152 3428 1307 3482 sedes
1354 3427 1481 3481 olim
1524 3425 1651 3495 fuit,
1680 3425 2103 3498 interpretatur.

538 3499 992 3579 Qiuencumjn‘ter
1021 3499 1229 3579 Ararim
1258 3498 1905 3579 aggere-mquepublicum
1937 3500 2104 3568 posita

537 3573 629 3634 sit,
662 3569 865 3624 Sidonii
892 3568 1304 3636 descriptionem
1347 3568 1501 3622 facile
1532 3569 1771 3637 recipiet,
1814 3570 1857 3623 si
1886 3578 2073 3623 exstru
2094 3600 2107 3611 -

536 3650 621 3695 cta
652 3647 859 3694 constet
896 3654 925 3693 a
958 3639 1218 3704 Patiente,
1269 3654 1298 3691 a
1326 3654 1431 3708 quo
1476 3654 1603 3691 sane
1635 3638 1829 3692 multas
1861 3638 2104 3708 plurimis

536 3710 667 3837 {oleis
692 3710 937 3765 fundatas
961 3708 1335 3779 restitutasque
1374 3709 1521 3764 testis
1551 3717 1632 3763 est
1655 3708 1877 3778 epistola
1919 3710 2103 3765 ultima

559 3798 572 3836 ι
617 3822 629 3835 .
668 3796 737 3835 vt.

559 3798 636 3888 me
664 3798 1004 3906 Claustantius
1033 3858 1190 3905 notus
1236 3859 1319 3905 est
1344 3864 1411 3905 ex
1440 3850 1664 3918 epistola
1694 3852 1720 3905 l
1757 3860 1809 3906 et
1838 3851 1955 3905 aliis
1984 3866 2103 3919 pas-

534 3922 658 4005 sim.
720 3921 1009 4005 Secundini
1067 3930 1125 3975 ut
1173 3932 1340 3989 poeta:
1383 3922 1626 3975 meminit
1671 3923 1861 3977 iterum
1909 3921 2006 3978 lib.
2050 3939 2099 3988 v,

536 3994 1082 4117 epis“(ilignistianorum
1113 4060 1255 4116 ardes
1280 4076 1447 4117 sacra:
1470 4062 1536 4116 ab
1563 4062 1782 4117 exordio
1828 4064 1879 4117 in
1908 4063 2099 4117 Orien-

536 4143 643 4190 tem
671 4135 909 4188 converti
940 4133 1131 4187 solitte.
1162 4130 1411 4186 Clemens
1441 4132 1531 4186 lib.
1565 4150 1599 4187 ll
1629 4132 2095 4201 Constitutionum,

534 4216 590 4275 :0
620 4201 752 4264 οἶκος
793 4204 930 4275 ἕστζω
975 4204 1416 4275 ἐπιμῄκηςηκατὰ
1455 4206 1696 4275 australe};
1736 4205 2095 4275 τετραμμένος.
2159 4210 2165 4216 ’

535 4272 783 4329 Paulinus
811 4272 1031 4339 epistola
1061 4271 1130 4325 12
1160 4272 1224 4324 ad
1245 4272 1522 4337 Severum,
1548 4271 1852 4340 Prospectus
1874 4271 2099 4327 basilica:

535 4360 659 4409 non,
690 4353 746 4395 ut
771 4343 1003 4411 usitatior
1036 4357 1143 4393 mos
1180 4351 1269 4407 est,
1320 4340 1574 4395 Orientem
1610 4352 1823 4411 spectat.
1858 4343 2009 4408 Quod
2051 4345 2096 4398 si

537 4414 661 4482 quid
691 4410 1075 4482 interpellaret,
1124 4412 1289 4463 altare
1316 4412 1518 4482 saltem
1540 4427 1604 4465 eo
1636 4410 1931 4480 dirigebant
1955 4431 1966 4462 :
1993 4427 2096 4479 quo

537 4479 641 4535 situ
672 4482 853 4535 Romae
896 4480 1119 4550 plurima
1162 4482 1426 4534 visuntur.
1470 4479 1592 4534 Ideo
1630 4479 1795 4534 notati
1830 4483 2094 4550 quondam

534 4557 602 4612 ὡς
629 4551 864 4620 ἰδιονὸμοι
899 4550 1235 4615 Antiocheni,
1286 4550 1423 4617 quod
1466 4552 1533 4602 ob
1574 4552 1765 4604 usitato
1796 4553 1898 4605 ritu
1923 4552 2095 4606 disce-

534 4622 739 4694 derent.
782 4621 886 4691 33
925 4622 1170 4694 Socrates
1215 4620 1307 4694 lib.
1341 4634 1394 4683 v,
1433 4634 1553 4688 cap.
1588 4620 1652 4694 21
1684 4629 1793 4674 εἘν
1816 4626 2099 4694 Ἀντιοχείᾳ

534 4690 587 4746 δέ
613 4702 700 4752 τῆς
722 4681 901 4765 Segni;-
926 4694 955 4749 ἡ
979 4692 1209 4765 sutrina-ia
1238 4692 1565 4764 ἀντίστροφον
1586 4690 1714 4765 ἔχειΔ
1735 4698 1822 4751 τήν
1856 4681 2017 4746 6ἐοίιῖΓ
2040 4681 2096 4747 οὗ

534 4766 629 4850 γὰρ
670 4762 797 4850 πρὸς
841 4762 1081 4821 ἀνατολὰς
1120 4764 1178 4815 τὸ
1224 4762 1601 4850 θυσιοξσὲήιίιον,
1643 4762 1764 4850 ἁξλὰ
1793 4765 1919 4835 πρὸς
1952 4763 2098 4819 δύσιν

532 4831 648 4908 ὁρᾷ.
694 4831 997 4908 Judmorunt
1042 4846 1169 4885 vero
1221 4831 1487 4908 templum"
1523 4834 1589 4908 ad
1636 4831 1921 4908 obeuntem
1973 4838 2097 4908 θίξιί

534 4901 741 4974 plagam
772 4902 1047 4974 spectabat
1072 4918 1086 4955 :
1116 4903 1255 4974 quod
1290 4901 1480 4974 divina:
1527 4904 1714 4974 litera:
1760 4905 1973 4969 docent,
2004 4906 2100 4959 ob-

530 4971 813 5044 servatque
837 4973 975 5044 inter
1002 4972 1137 5026 alios
1156 4971 1543 5027 Theodoretus.
1579 4973 1685 5029 Nec
1708 4986 1967 5043 repugnat
1987 4976 2097 5029 Ari-

527 5054 670 5117 steas
707 5043 1056 5117 elJQsepltus,
1086 5043 1175 5113 qui
1194 5045 1306 5098 ναὸν
1328 5046 1454 5117 πρὸς
1482 5051 1571 5117 frit:
1596 5046 1661 5097 ἕω
1688 5051 1771 5099 καὶ
1798 5052 1886 5103 τήν
1917 5049 2098 5101 ἀνατο-

526 5114 615 5191 ζάγ
634 5116 920 5191 estprimum,
968 5114 1034 5167 ad
1080 5128 1344 5191 auroram,
1370 5113 1442 5191 '_e_t
1472 5113 1741 5191 Orientem
1768 5130 2093 5191 conversum

526 5184 697 5239 fuisse
717 5184 992 5257 scribunt:
1022 5187 1144 5253 quia
1174 5185 1238 5239 de
1269 5185 1513 5239 vestibuli
1546 5199 1651 5240 non
1674 5185 1740 5240 de
1763 5186 1953 5241 frontis
1975 5202 2099 5257 pro-

526 5266 712 5324 spectu
745 5255 1049 5323 loquuntur.

602 5337 623 5363 ε
652 5324 925 5380 Columuis
944 5341 976 5379 e
1002 5338 1264 5379 marmore
1286 5324 1603 5397 Aquitanico
1624 5326 1679 5397 in
1698 5325 1939 5397 Pyrenaei
1957 5326 2095 5397 jugis

529 5399 958 5464 caesoz‘quarum
984 5397 1141 5450 etiam
1173 5397 1370 5449 mentio
1398 5396 1451 5449 in
1484 5396 1599 5449 Vita
1645 5396 1804 5450 llilari
1841 5396 2092 5465 papm,iu

526 5482 630 5536 qua
671 5466 1008 5520 nominantur
1051 5467 1313 5520 columnae
1352 5466 1699 5535 Aquitanicae,
1741 5468 2013 5536 Tripolita:
2039 5478 2093 5522 et

527 5536 1119 5607 porphyreticazLAliud
1150 5546 1230 5589 est
1259 5537 1606 5607 scriptoribus
1624 5536 1822 5591 Graecis
1860 5552 2092 5591 marmor

524 5606 803 5673 damma»,
837 5616 894 5661 ut
920 5606 1227 5676 Theophani
1262 5614 1315 5660 et
1351 5606 1590 5660 Cedreno
1629 5608 1696 5662 de
1738 5608 1923 5663 funere
1952 5611 2093 5665 Ana-

526 5679 673 5748 stasii
702 5686 833 5748 Aug.
867 5678 933 5732 ab
962 5675 1131 5747 Acyto
1159 5675 1456 5748 Sporadum
1480 5692 1604 5731 una.

599 5745 626 5788 ἀ
651 5745 1009 5816 υυυϊυωπω,
1040 5745 1229 5818 inquit,
1260 5746 1468 5803 alleluia
1495 5748 1802 5817 decantaut,
1835 5749 1888 5805 id
1918 5748 2094 5818 ipsum

1776 288 2023 348 smonu
2061 280 2514 353 APOIJL‘INARIS

535 412 879 468 eminentium
918 418 1194 480 poetarum
1220 416 1245 446 ι
1280 406 1581 464 Constantii
1625 414 1679 463 et
1706 407 1990 465 Secundini
2017 410 2113 482 :vi-
2134 422 2189 482 Α
2240 410 2248 413 Α

2336 413 2461 462 Hinc
2482 423 2595 461 sese
2620 408 2791 472 pedes,
2816 415 2964 475 atque
2989 424 3142 473 eques
3162 412 3391 475 reﬂectit,

2336 475 2635 523 Strideutum
2662 480 2712 522 et
2734 472 3013 522 moderator
3035 472 3315 523 essedorum
3337 490 3349 523 :

2330 534 2594 584 Curvorum
2617 535 2729 582 hinc
2747 535 2924 583 chorus
2941 534 3296 595 helciariorum,

2330 597 2355 636 ἀ
2382 596 2793 656 Responsantibus
2813 596 3003 645 alleluia
3028 597 3166 657 rlp‘s.

2325 658 2399 708 Ad
2434 658 2677 708 Christum
2700 657 2829 705 levat
2852 659 3088 706 amnicum
3109 657 3346 705 celeuma.

2326 721 2409 769 Sic
2430 720 2499 768 sic
2522 718 2731 779 psallite,
2760 726 2918 775 nauta,
2944 718 3018 767 vel
3048 719 3200 767 viator
3231 733 3243 767 :

2325 777 2545 839 Namque
2570 784 2663 829 iste
2690 777 2766 828 est
2790 780 2924 828 locus
2945 780 3168 828 omnibus
3192 777 3431 840 petendur,

2328 843 2513 892 Omnes
2548 856 2645 903 quo
2668 842 2741 891 via
2766 842 2898 890 ducit
2922 842 2977 889 ad
2998 842 3224 891 salutem.

2276 945 2383 1017 54.
2404 948 2542 1002 Ecce
2558 947 2705 1016 parui
2730 955 2979 1015 tanquam
3000 947 3181 1016 junior
3201 947 3499 1016 imperatis.
3516 944 3598 1002 Tu
3625 948 3787 1003 modo

2206 1037 2618 1121 facmemiueris
2634 1037 2987 1107 multiplicato
3001 1054 3085 1093 me
3100 1038 3285 1094 fenore
3300 1040 3751 1094 remunerandum
3771 1059 3783 1092 :

2204 1144 2418 1200 quoque
2457 1130 2509 1183 id
2554 1128 2758 1184 facilius
2800 1131 2969 1199 possit
3000 1131 3495 1201 voluptuosiusque,
3526 1147 3662 1202 opus
3702 1143 3785 1187 est

2204 1230 2265 1276 ut
2309 1222 2425 1275 sine
2458 1220 2877 1275 dissimulatione
2925 1222 3154 1288 lectites,
3198 1222 3315 1277 sine
3362 1221 3465 1276 line
3508 1222 3780 1279 lecturias.

2205 1312 2390 1382 Neque
2437 1313 2677 1382 patiaris,
2723 1322 2780 1367 ut
2821 1322 2873 1367 te
2913 1313 2978 1369 ab
3024 1311 3125 1368 hoc
3155 1312 3427 1383 preposito
3471 1314 3782 1383 propediem

2206 1406 2403 1474 conjux
2457 1404 2669 1459 domum
2720 1405 2947 1460 feliciter
2984 1404 3223 1461 ducenda
3268 1404 3515 1461 detlectat
3551 1422 3564 1460 :
3598 1406 3782 1477 sisque

2206 1496 2401 1565 Oppido
2443 1496 2760 1561 meminens,
2804 1510 2910 1565 quo
2950 1496 3074 1550 olim
3107 1495 3291 1550 Martia
3339 1495 3646 1566 Hortensio,
3677 1495 3781 1551 Te-

2206 1587 2594 1653 rentiarTullio,
2628 1587 2909 1656 Calpurnia
2950 1587 3141 1652 Plinio,
3189 1585 3489 1641 Pudentilla
3530 1587 3777 1657 Apuleio,

2208 1680 2517 1736 Rusticiana
2564 1680 2887 1751 Symmacho
2948 1680 3245 1750 legentibus
3298 1680 3779 1751 meditantibusque

2134 1774 2184 1836 B
2208 1773 2457 1829 candelas
2496 1782 2549 1827 ct
2587 1772 2901 1827 candelabra
2944 1780 3249 1828 tenuerunt.
3298 1770 3453 1827 Certe
3490 1773 3536 1827 si
3580 1782 3778 1842 preter

2208 1880 2319 1920 rem
2366 1864 2693 1929 oratoriam,
2745 1863 3099 1919 contubernio
3145 1862 3457 1918 feminarum
3504 1864 3775 1933 poeticum

2189 1942 2500 2024 'iugcniutu,
2548 1964 2601 2009 et
2630 1956 2737 2009 oris
2764 1955 2838 2009 tui
2885 1954 3063 2009 limam
3096 1954 3451 2025 frequentium
3480 1954 3778 2010 studiorum

2210 2049 2416 2103 cotibus
2462 2048 2777 2116 expolitam,
2826 2048 3069 2117 quereris
3140 2046 3386 2117 obtundi,
3436 2048 3779 2103 reminisceto

2209 2141 2349 2211 quod
2379 2156 2521 2210 saepe
2548 2156 2758 2195 versant
2778 2138 3007 2195 Corinna
3038 2155 3159 2195 cum
3185 2155 3280 2196 suo
3306 2140 3516 2195 Nasone
3544 2141 3779 2210 complc-

2210 2234 2302 2294 vit.
2353 2232 2540 2287 Lesbia
2588 2246 2705 2286 cum
2750 2230 2975 2296 Catullo,
3023 2230 3281 2286 Cesennia
3329 2247 3449 2287 cum
3497 2231 3776 2297 Gaatulico,

2208 2327 2520 2396 Argentaria
2566 2341 2685 2380 cum
2739 2325 2973 2389 Lucano,
3023 2324 3249 2395 Cynthia
3301 2339 3419 2380 cum
3474 2323 3775 2393 Propertio,

2211 2417 2352 2471 Delia
2382 2433 2502 2471 cum
2545 2416 2776 2471 Tibullo.
2807 2416 3040 2471 Proinde
3069 2416 3270 2486 liquido
3300 2416 3486 2482 claret,
3521 2415 3777 2471 studenti-

2210 2508 2307 2563 bus
2334 2507 2571 2563 discendi
2610 2524 2705 2577 per
2735 2509 2949 2577 nuptias
2993 2508 3329 2564 occasionem
3367 2508 3547 2585 tribui,
3574 2507 3775 2563 desidi-

2209 2597 2308 2653 bus
2333 2599 2749 2654 excusationem.
2799 2598 2962 2668 lgitur
3012 2598 3280 2666 incumbe,
3334 2616 3506 2671 neque
3544 2599 3684 2670 apud
3726 2608 3776 2654 te

2211 2690 2522 2744 litterariam
2550 2706 2731 2745 curam
2762 2690 2913 2745 turba
2942 2690 3205 2761 depretiet
3235 2692 3595 2762 imperitorum
3622 2692 3775 2761 :quia

2217 2793 2403 2837 natura
2445 2790 2810 2853 comparatum
2842 2790 2921 2838 est
2967 2792 3026 2837 ut
3065 2785 3115 2838 in
3157 2784 3402 2840 omnibus
3444 2784 3646 2840 artibus
3674 2784 3776 2840 hoc

2210 2875 2281 2930 sit
2307 2876 2543 2931 scientiae
2576 2876 2858 2946 pretiosior
2889 2890 3098 2945 pompa,
3126 2892 3230 2945 quo
3254 2876 3443 2931 rarior.
3480 2875 3624 2932 Vale.

2761 2966 3094 3023 EPISTOLA
3132 2967 3224 3023 XI.

2530 3059 2776 3115 Sidonius
2802 3069 2824 3096 θ
2862 3059 3071 3114 Rustico
3099 3077 3193 3114 suo
3221 3061 3457 3117 salutem.

2121 3146 2181 3210 -Ο
2280 3151 2336 3208 Si
2366 3138 2636 3220 nobispro
2661 3152 2764 3205 situ
2785 3150 3077 3221 spatiisque
3101 3152 3377 3220 regionum
3401 3152 3774 3227 vicinaremur.

2214 3289 2349 3344 echo
2377 3288 2430 3343 in
2463 3288 2575 3357 ripa.
2606 3295 2841 3343 resonat.
2879 3287 2944 3341 Et
2970 3287 3161 3341 cantici
3189 3302 3317 3357 ergo
3342 3287 3532 3343 lemma
3561 3303 3775 3357 expres<

2214 3360 2307 3427 sit,
2337 3368 2391 3413 et
2416 3372 2547 3412 voce
2579 3372 2704 3411 usus
2733 3367 2814 3411 est
2842 3359 3071 3426 propria.
3097 3358 3190 3410 Est
3210 3359 3350 3412 enim
3373 3360 3585 3427 prolorie
3603 3360 3771 3416 celeu-

2211 3445 2295 3483 ma
2350 3443 2567 3482 carmen
2626 3428 2927 3499 nautjcum;
2972 3427 3117 3499 quod
3169 3428 3391 3499 proinde
3443 3431 3533 3499 qui
3583 3440 3775 3486 canunt

2210 3508 2408 3572 nautae,
2433 3500 2714 3572 κελεύοντες
2745 3496 3199 3572 Longo‘dicuntur
3228 3498 3337 3572 lib.
3363 3514 3417 3572 tu
3450 3496 3770 3572 Ποιμενικῶνς

2209 3570 2299 3624 ubi
2324 3580 2378 3624 et
2413 3569 2678 3624 celeusma
2715 3568 3109 3637 elegantissime
3150 3569 3424 3634 describit,
3466 3568 3694 3626 et'echo
3721 3572 3772 3626 in

2208 3640 2451 3710 proxima
2478 3638 2629 3710 valle;
2658 3649 2717 3710 ut
2752 3636 3003 3710 Sidonius
3038 3636 3103 3710 'iu
3148 3640 3301 3707 ripis,
3346 3641 3655 3695 celeusmati
3683 3656 3769 3696 re-

2207 3707 2570 3780 sponsantem.
2598 3707 2703 3764 Sed
2732 3709 3042 3764 celeumatis
3069 3709 3340 3765 Sidoniani
3381 3720 3768 3780 argumentum,

2206 3780 2435 3836 Alleluia
2462 3786 2526 3833 et'
2548 3779 2638 3834 Dei
2668 3780 2851 3835 laudes
2879 3789 3051 3835 erant.
3081 3780 3197 3846 Quo
3226 3793 3374 3835 more
3393 3779 3601 3837 veteres
3622 3780 3773 3835 Chri-

2205 3851 2366 3906 stiani
2395 3848 2641 3905 modulos
2670 3866 2797 3905 suos
2826 3859 2880 3904 et
2906 3850 3111 3905 cantica
3145 3850 3197 3905 in
3219 3848 3419 3905 Christi
3444 3862 3772 3908 sanctorum-

2206 3938 2313 3991 que
2340 3922 2597 3976 honorem
2628 3933 2771 3990 szepe
2810 3920 3109 3991 vertebant.
3142 3923 3219 3975 Ac
3246 3936 3315 3977 ne
3349 3937 3380 3976 a
3404 3923 3579 3979 nautis
3605 3922 3639 3977 d
3660 3937 3772 3978 sce—

2203 3990 2412 4057 damus,
2448 3992 2701 4045 Paulinus
2723 3991 2790 4045 de
2816 3990 2989 4045 reditu
3016 3990 3245 4046 Nicette:

2325 4104 2505 4154 Navitae
2531 4103 2627 4154 laeti
2646 4104 2836 4153 solitum
2856 4103 3099 4153 celeusma

2323 4166 2587 4229 Concineut
2610 4167 2767 4217 versis
2790 4164 2994 4229 modulis
3022 4170 3068 4215 in
3092 4167 3307 4229 hymnos,

2327 4228 2385 4277 Et
2407 4229 2499 4288 piis
2514 4228 2699 4289 ducent
2720 4228 2921 4277 comites
2944 4228 2988 4275 in
3010 4228 3174 4289 aequor

2482 4288 2691 4338 Vocibus
2727 4300 2869 4337 auras

2200 4412 2328 4468 Item
2356 4413 2606 4489 Asterius
2623 4412 2871 4489 Amasese
2905 4414 3187 4489 episcopus
3222 4414 3273 4470 in
3301 4414 3531 4471 Phocam
3564 4430 3767 4489 marty-

2200 4497 2338 4559 re_m._
2368 4482 2633 4559 Naﬁratdf'
2659 4487 2742 4538 καὶ
2778 4485 3041 4559 πλςυτῆρες
3081 4482 3123 4539 οἱ
3155 4494 3452 4557 πανταχοῦ,
3490 4490 3554 4543 τὰ
3588 4482 3768 4549 curri-Gn

2198 4550 2646 4633 κελεύσματαηοῧς
2681 4560 2769 4608 τοῦ
2806 4555 2939 4633 π).οῆ
2955 4550 3119 4633 ’πόνον
3151 4550 3652 4633 προσώᾶπάύουσιν.
3700 4566 3771 4619 ιτς

2200 4630 2358 4711 κοινὴν
2385 4632 2474 4714 τοῦ
2488 4626 2761 4714 βάρεςνρος
2789 4626 3341 4714 μετέβαὶζονρύφζὲμὶαν.
3382 4627 3584 4714 assidui
3608 4630 3770 4712 γλῴσ·

2201 4716 2297 4771 σης
2324 4697 2456 4749 ἐστὶν
2480 4694 2603 4771 ὄλοιξς
2626 4694 2650 4749 ὁ
2674 4694 2843 4771 sese;
2868 4697 3038 4771 aurai;
3068 4694 3394 4771 ἐπᾲδὸμενος.
3434 4697 3487 4751 Ν
3490 4694 3645 4771 auiti,
3686 4703 3767 4753 in-

2201 4766 2336 4833 quit,
2378 4776 2422 4818 et
2455 4767 2668 4835 remiges
2697 4767 2881 4835 ubique
2904 4766 3404 4837 gentium'consueta
3440 4769 3766 4833 celeusmata,

2199 4837 2378 4905 quibus
2403 4837 2735 4907 navigationis
2761 4837 2967 4891 aedium
2992 4838 3339 4905 consolantur,
3369 4839 3437 4892 ad
3458 4854 3768 4894 communem

2200 4907 2439 4980 martyris
2469 4905 2672 4961 laudem
2701 4908 3036 4980 transferunt,
3061 4924 3279 4980 unoque
3299 4924 3509 4980 prorsus
3546 4912 3770 4964 omnium

2201 4992 2286 5046 ore
2314 4977 2514 5031 l’ltocas
2540 4979 2855 5031 decantatur.
2899 4977 3225 5046 Augustinus
3253 4977 3319 5034 de
3340 4977 3559 5035 Cautico
3589 4994 3726 5035 novo
3749 4996 3768 5036 :

2199 5045 2265 5099 At
2312 5048 2375 5101 sit
2417 5057 2590 5101 nostra
2633 5048 2787 5101 tutela
2812 5045 3005 5102 Christi
3037 5050 3221 5113 gratia,
3275 5051 3499 5104 celeuma
3542 5058 3768 5104 nostrum

2198 5117 2355 5193 dulce
2375 5130 2630 5172 cantemus
2657 5118 2902 5193 Alleluia,
2951 5128 3004 5171 ut
3035 5105 3223 5193 lietiac
3241 5122 3404 5175 securi
3424 5120 3770 5193 ingrediantur

2196 5189 2553 5257 sempiternam
2577 5204 2637 5241 ac
2666 5190 3007 5259 felicissimam
3026 5190 3263 5259 patriam.

2274 5268 2296 5295 ε’
2328 5258 2728 5333 Burdegalensi.
2767 5258 2893 5333 Lib;
2914 5258 3033 5333 Vill,
3066 5260 3224 5333 epist.
3263 5260 3345 5314 ll.
3375 5260 3484 5333 Sed
3509 5261 3599 5333 alii
3629 5276 3768 5333 pra:-

2198 5336 2341 5383 terea
2373 5331 2489 5397 ejus
2512 5327 2745 5383 nominis
2773 5329 2824 5382 in
2856 5327 3023 5382 Gallia
3049 5330 3207 5397 paulo
3242 5340 3367 5386 ante
3394 5327 3671 5387 Sidonium
3706 5334 3770 5387 il-

2198 5397 2689 5473 lustres-vixerunt,
2722 5398 3062 5473 utDecimius
3076 5399 3343 5473 Rusticus,
3372 5402 3437 5473 de
3458 5404 3683 5473 quorlib.
3709 5418 3766 5470 v,

2199 5469 2355 5543 epist.
2388 5468 2419 5521 9
2449 5476 2501 5522 et
2528 5467 2776 5543 Rusticus
2804 5469 3087 5543 episcopus
3106 5467 3493 5538 Narbonensis,
3519 5472 3586 5527 ad
3607 5467 3768 5543 quem

2196 5536 2305 5613 μυ
2334 5553 2465 5613 papa
2492 5537 2695 5613 scribit.
2723 5538 2959 5613 Quorum
2988 5536 3112 5613 utri,
3144 5556 3226 5613 an
3232 5543 3321 5596 alii
3344 5536 3517 5613 potius
3537 5536 3767 5612 cuipiam

2197 5606 2726 5682 Rustico_tribuenda
2755 5610 2825 5664 sit
2847 5606 3160 5682 epistolaed
3188 5606 3534 5676 Eucherium,
3564 5606 3684 5682 qua:
3714 5615 3768 5667 in

2195 5677 2383 5732 codice
2397 5677 2718 5758 Corbeiensi
2756 5677 2895 5758 post
2905 5681 3041 5758 ejus
3062 5681 3493 5758 Questionesuin
3513 5677 3771 5758 Scriptu-

2196 5762 2310 5806 ram
2330 5748 2612 5816 subjicitur
2636 5748 2877 5821 epistolis
2902 5748 3136 5809 salviani
3170 5762 3227 5811 et
3252 5753 3438 5812 Hilarii
3463 5753 3534 5813 ad
3562 5748 3776 5814 Bttcher

3675 288 3799 357 488

3822 5252 3839 5327 i

3824 5376 3835 5403 ο

3815 5408 3835 5476 ἰ
