4078 6348
319 318 434 375 489

1574 306 2048 365 EPISTULARUM
2087 306 2215 361 LIB.
2254 306 2315 361 ll.

3487 301 3598 367 490

320 448 422 491 nec
450 448 479 487 a
505 446 565 488 se
588 417 877 500 praesentia
903 434 1087 482 mutua
1115 424 1249 480 vasti
1284 422 1490 479 itineris
1520 421 1906 492 longinquitate
1928 434 1981 494 Δ
2011 421 2153 490 quod
2186 419 2444 473 invitandi
2477 418 2570 472 tibi
2601 418 2653 472 in
2687 418 3034 487 piscationem
3065 432 3244 472 comes
3274 419 3455 500 venire
3481 420 3593 475 dis-

318 522 802 584 discriminaretur,
851 516 981 571 nihil
1026 516 1239 586 apicum
1275 512 1483 570 raritati
1523 512 1684 568 licere
1713 514 1819 585 55
1845 512 1902 567 in

320 624 511 682 saeptae
554 609 931 668 familiaritatis
959 607 1529 675 oflicia‘permitterem
1553 620 1567 658 :
1591 618 1765 674 neque
1788 603 1901 673 jatn

319 708 484 763 semel
508 706 672 762 missa
698 702 1048 758 fundamenta
1085 698 1343 755 certantis
1380 697 1649 762 amicitiae,
1675 695 1904 752 diversis

318 801 587 856 honorum
616 794 905 868 generibus
935 801 1215 849 exstruere
1233 804 1525 847 cessarem.
1568 788 1674 846 Sed
1699 789 1903 844 animo-

316 908 437 948 rum
483 887 851 961 conjunctioni
880 894 1124 957 separata
1173 886 1440 953 utrimque
1482 880 1904 952 porrectioribus

318 981 573 1037 terminis
612 978 828 1036 obsistit
870 974 1150 1042 habitatio,
1178 974 1424 1044 equidem
1452 972 1617 1028 semel
1641 970 1903 1026 devinctis

319 1090 507 1145 parum
541 1072 781 1128 nocitura
810 1068 1141 1140 pectoribus.
1171 1065 1277 1122 Sed
1303 1073 1478 1121 tamen
1521 1078 1588 1119 ex
1617 1063 1731 1133 ipsa
1755 1077 1903 1119 com-

231 1195 235 1198 ν
318 1166 567 1219 munium
617 1160 1033 1231 municipiorum
1079 1156 1410 1214 discretione
1458 1150 1901 1225 procedit,'quod

316 1267 437 1311 cum
470 1253 784 1310 amicissimi
813 1253 1005 1319 simus,
1028 1250 1299 1305 raritatem
1320 1245 1570 1317 colloquii
1598 1248 1665 1300 de
1695 1244 1903 1315 prolixa

316 1358 585 1403 terrarum
616 1343 987 1415 interjectione
1010 1341 1336 1408 venientem,
1363 1339 1414 1393 in
1434 1346 1637 1393 reatum
1657 1336 1902 1392 volumus

319 1438 615 1494 transferre
645 1449 1021 1502 communem,
1077 1448 1199 1489 cum
1246 1431 1313 1488 de
1353 1429 1671 1486 naturalium
1717 1442 1900 1483 rerum

315 1528 637 1584 difﬁcultate
660 1542 762 1582 nec
786 1525 939 1596 culpa
970 1538 1070 1580 nos
1096 1522 1291 1579 debeat
1335 1535 1555 1577 manere
1581 1534 1681 1575 nec
1720 1518 1897 1575 venia.

316 1620 549 1675 Domine
597 1616 844 1682 illustris,
892 1614 1110 1686 gerulos
1152 1613 1451 1669 litterarum
1494 1611 1562 1666 de
1603 1608 1901 1679 disciplina:

316 1718 427 1767 tua
454 1710 787 1766 institutione
816 1708 1099 1772 formatos,
1147 1714 1201 1761 et
1230 1719 1437 1761 morum
1472 1702 1719 1758 herilium
1752 1715 1900 1756 vere-

2007 509 2223 564 simulo.
2268 508 2508 577 Namque
2555 523 2641 564 me
2690 508 2861 563 multo
2906 508 3350 564 decumbentibus
3396 497 3594 568 nostris

2006 601 2263 655 validiora
2319 602 2571 655 maeroris
2627 602 2763 656 retia
2817 612 3034 667 tenent;
3085 618 3206 672 qua:
3257 614 3379 658 sunt
3406 606 3593 664 amicis

2003 710 2216 766 quoque
2255 706 2309 751 et
2358 694 2600 749 externis
2654 694 3053 751 indolescenda.
3099 694 3253 752 Unde
3282 704 3333 751 te
3381 713 3594 768 quoque

2005 794 2134 856 puto
2152 827 2169 853 ,
2198 786 2244 842 si
2272 786 2374 841 rite
2401 801 2658 855 germano
2686 787 2922 842 moveris
2948 787 3169 853 aﬂectu,
3202 805 3309 859 quo
3331 794 3591 859 temporis

2006 886 2202 945 puncto
2233 876 2477 946 paginam
2521 876 2659 930 hanc
2703 878 2811 948 56
2833 879 3154 948 sumpseris,
3182 880 3251 936 de
3292 884 3465 939 reditu
3495 901 3591 954 po-

2006 967 2112 1021 tius
2156 968 2539 1037 cogitaturum.
2600 966 2891 1023 Severiana
2931 971 3239 1027 sollicitudo
3267 978 3587 1041 communis,

2003 1055 2296 1126 inquietata
2343 1058 2573 1126 primum
2616 1058 2777 1113 lentae
2833 1060 2991 1115 tussis
3037 1062 3292 1132 impulsu,
3342 1067 3586 1124 febribus

2003 1163 2218 1219 quoque
2242 1148 2352 1218 jam
2386 1148 2658 1218 fatigatur,
2693 1148 2866 1219 iisque
2894 1166 2987 1219 per
3009 1160 3195 1208 noctes
3217 1158 3588 1225 ingravescen—

2004 1242 2146 1297 tibus
2177 1259 2191 1297 :
2223 1252 2446 1312 propter
2475 1242 2619 1311 quod
2643 1251 2793 1311 optat
2812 1242 2962 1298 exire
2986 1246 3039 1298 in
3062 1246 3427 1304 suburbanum
3459 1268 3472 1304 :
3502 1252 3590 1307 lit-

2003 1341 2144 1388 teras
2172 1342 2288 1387 tuas
2315 1331 2550 1401 denique
2576 1346 2699 1388 cum
2733 1347 3094 1398 sumeremus,
3121 1336 3303 1405 egredi
3341 1340 3406 1394 ad
3436 1341 3590 1396 villu-

2004 1422 2109 1477 lam
2149 1422 2260 1493 jam
2307 1423 2653 1493 parabamus.
2684 1424 2944 1491 Quocirca
2992 1439 3089 1480 seu
3136 1434 3194 1481 tu
3242 1429 3448 1499 venias,
3493 1448 3588 1488 seu

2002 1517 2263 1583 moreris,
2318 1530 2506 1585 preces
2542 1524 2755 1571 nostras
2785 1516 3119 1572 orationibus
3140 1518 3290 1587 juva,
3344 1533 3401 1575 ut
3452 1523 3591 1578 ruris

2000 1623 2185 1663 auram
2235 1605 2563 1663 desideranti
2613 1606 2905 1663 salubriter
2947 1607 3105 1664 cedat
3145 1611 3257 1680 ipsa
3302 1616 3587 1682 vegetatio.

1999 1698 2159 1755 Certe
2182 1713 2303 1769 ego,
2349 1698 2428 1753 vel
2455 1705 2549 1753 tua
2577 1712 2753 1766 soror,
2786 1699 2926 1753 inter
2952 1715 3100 1770 spem
3142 1714 3447 1773 metumque
3499 1721 3591 1761 su-

284 1860 285 1863 η
316 1799 566 1856 cundiam
615 1798 984 1869 pra-ferentes,
1031 1806 1330 1873 opportune
1369 1786 1585 1854 admisi.
1631 1791 1896 1863 patienter
1925 1800 1975 1861 Β
2001 1789 2203 1859 spensi,
2254 1789 2579 1844 credidimus
2608 1789 2724 1858 ejus
2756 1790 2970 1845 tmdium
2999 1794 3318 1859 augendum,
3352 1796 3397 1851 si
3440 1798 3591 1853 rqu-

316 1892 518 1958 audivi,
550 1897 918 1961 competenter
944 1886 1192 1958 explicui.
1227 1885 1374 1940 Vale.

876 1978 1209 2037 EPISTOLA
1246 1978 1363 2034 XII.

626 2073 877 2129 Sidonius
908 2082 935 2111 ει
963 2073 1214 2143 Agricon
1237 2088 1331 2127 suo
1361 2070 1592 2125 salutem.

388 2167 579 2224 “sisti
608 2174 665 2223 tu
688 2166 903 2238 quidem
931 2165 1167 2222 lembum
1195 2164 1471 2231 mobilem,
1494 2162 1748 2229 solidum,
1772 2162 1892 2217 lecti

316 2273 597 2333 capacem,
628 2258 848 2328 jamque
891 2272 1012 2313 cum
1045 2256 1297 2326 piscibus.
1345 2255 1480 2311 Tum
1512 2263 1769 2323 praeterea
1798 2268 1895 2323 gu-

317 2354 661 2413 bernatorem
692 2352 851 2423 longe
892 2352 1120 2422 peritum
1140 2390 1156 2414 ,
1203 2349 1434 2420 remiges
1456 2348 1617 2403 etiam
1649 2346 1895 2401 robustos

319 2448 727 2519 expeditosque,
756 2444 846 2513 qui
883 2443 1093 2499 scilicet
1118 2457 1180 2498 ea
1209 2440 1495 2510 rapiditate
1516 2436 1896 2511 praetervolant

318 2540 495 2594 amnis
522 2537 733 2593 adversi
780 2544 950 2605 terga,
978 2548 1082 2604 qua
1112 2531 1320 2587 deﬂuit.
1350 2530 1454 2586 Sed
1478 2528 1635 2584 dabis
1664 2527 1894 2591 veniam,

322 2697 460 2753 rium
503 2692 784 2756 eumdem,
831 2688 1035 2745 nescio.
1082 2688 1194 2744 lloc
1243 2698 1419 2744 tamen
1471 2688 1578 2761 θη
1625 2690 1898 2761 Ioco,_ne

322 2766 520 2823 diutius
548 2766 729 2825 lateat,
760 2775 865 2815 non
901 2762 1188 2830 ingratum,
1214 2769 1467 2829 utspero,
1483 2757 1686 2816 lectori
1715 2757 1899 2816 embo-

325 2839 437 2893 lum
468 2832 803 2907 producenda
833 2832 1032 2902 putavi.

626 2940 869 2981 ενιετοω
912 2938 1115 2978 κυδτιει
1156 2938 1223 2977 AD
1261 2937 1615 2979 EUCUEBIUI.’

397 3019 614 3073 Domino
647 3033 755 3071 vere
790 3025 965 3070 sancto
996 3031 1143 3086 papa:
1166 3014 1417 3069 Eucherio
1441 3014 1698 3069 Rusticus.
1732 3015 1897 3068 Tran-

2006 1878 2142 1950 ptati
2167 1880 2396 1949 jacentis
2420 1879 2833 1935 obstitissemus.
2860 1880 3025 1950 Igitur
3044 1882 3222 1939 ardori
3250 1886 3481 1943 civitatis
3504 1901 3590 1943 at-

2005 1985 2109 2041 que
2137 1970 2362 2039 torpori,
2398 1980 2503 2025 tam
2553 1985 2652 2025 nos
2694 1985 2855 2040 quam
2902 1972 3120 2029 domum
3171 1986 3354 2043 totam,
3388 1982 3591 2050 praesit

2002 2063 2254 2130 Christo,
2303 2063 2503 2132 pariter
2556 2063 2844 2118 eximimus
2885 2082 2898 2118 :
2944 2065 3208 2135 simulque
3256 2070 3587 2129 medicorum

2003 2153 2227 2209 consilia
2289 2152 2522 2207 vitamus
2573 2152 2903 2209 assidentum
2956 2155 3447 2230 dissidentumque;
3496 2165 3587 2234 qui

2005 2260 2190 2315 parum
2220 2244 2363 2300 docti
2396 2253 2452 2299 et
2489 2245 2618 2299 satis
2644 2245 2815 2301 seduli
2856 2245 3136 2317 languidos
3161 2252 3357 2306 multos
3383 2252 3587 2310 ofﬁcio-

2004 2339 2215 2395 sissime
2234 2338 2507 2394 occidunt.
2535 2338 2677 2394 Sane
2698 2339 3054 2396 contubernio
3094 2353 3280 2399 nostro
3302 2345 3424 2415 jure
3450 2348 3587 2404 ami-
3614 2388 3617 2389 ν

2004 2432 2144 2489 citiae
2170 2430 2200 2471 ι’
2226 2431 2411 2487 Justus
2433 2430 2797 2496 adhibebitur,
2835 2447 2993 2504 quem
3014 2472 3028 2497 ,
3058 2433 3101 2488 si
3124 2434 3291 2503 jocari
3320 2437 3512 2496 liberet
3532 2442 3585 2497 in

2007 2524 2249 2581 tristibus
2269 2564 2285 2591 ,
2314 2523 2467 2579 facile
2486 2523 2865 2579 convincerem
2883 2564 2899 2589 ,
2934 2534 2957 2563 ο
2987 2525 3277 2582 Chironica
3306 2532 3476 2601 magis
3502 2532 3585 2588 iu-

2009 2683 2135 2766 dum
2180 2683 2329 2767 doces
2374 2690 2631 2767 posteros.
2676 2682 2783 2767 (ira
2806 2701 2913 2767 .pro
2953 2701 3065 2767 me,_
3095 2703 3206 2767 vere
3237 2699 3410 2746 sancte
3436 2705 3586 2767 atque

2008 2755 2170 2807 amice
2210 2751 2328 2821 Dei,
2369 2761 2415 2807 et
2451 2753 2579 2806 mihi
2612 2755 2665 2807 in
2692 2752 2895 2810 Christo
2925 2758 3065 2810 omni
3098 2759 3239 2812 cultu
3268 2751 3585 2834 suscipiende

2006 2840 2221 2977 Ραξῗλά
2266 2908 2425 2977 quem
2467 2892 2596 2977 libri
2638 2909 2677 2958 t,
2729 2894 2888 2977 epist.
2926 2895 2969 2977 ἓ
2998 2895 3311 2977 Papianillae
3359 2902 3581 2963 fratrem

2003 2963 2514 3046 conjice‘rejicet'ex
2540 2963 2839 3046 hiant-Verbis
2857 2980 2890 3046 ἐ
2916 2963 3128 3045 Egone!
3151 2979 3239 3022 tua
3264 2988 3430 3046 soror,
3458 2980 3580 3044 qui-

2004 3030 2396 3101 bus'iutelligit
2424 3030 2796 3102 Papianillam.
2857 3030 3147 3093 Severiana
3195 3054 3325 3096 vero
3375 3030 3579 3103 Sidonii

322 3091 530 3175 “Eripit;
553 3086 1713 3175 grauanterAacryptini‘qufedeprecaatsnff
1921 3098 1968 3162 C
2003 3086 2133 3168 lilia,
2150 3086 2389 3173 sedda,
2413 3086 2523 3157 aut'
2548 3086 2718 3160 altera
2728 3086 3582 3175 "aogﬁéhiiiiafiuéithis"iiii;

322 3154 517 3230 pianda
544 3158 745 3231 misisti,
769 3156 919 3231 _illi_c_o
936 3156 1008 3231 ad
1030 3154 1387 3231 beatitudinem
1414 3165 1631 3231 uestram
1660 3154 1893 3231 volumen
1929 3154 1968 3162 “

322 3225 593 3296 utrumque
615 3229 798 3281 direxi.
844 3225 1008 3281 Unica
1036 3241 1152 3280 vero
1181 3225 1274 3279 illa
1298 3241 1359 3279 ac
1384 3228 1490 3279 sine
1520 3226 1896 3296 comparatione

323 3301 579 3363 doctrina,
607 3313 722 3366 quas
746 3314 807 3351 ex
833 3307 1046 3367 utroque
1067 3296 1386 3351 Testamento
1410 3311 1712 3367 magnorum
1734 3295 1894 3367 anig—

324 3381 513 3423 matum
542 3369 908 3422 absolutissime
935 3369 1166 3436 aperiens
1193 3367 1516 3431 qutestiones,
1561 3375 1729 3420 amoto
1754 3370 1894 3420 vela-

324 3443 459 3494 mine
488 3440 645 3493 oculis
675 3439 845 3491 cordis
866 3454 1035 3509 rerum
1067 3437 1313 3509 spiritalis
1343 3436 1894 3509 intelligentitelumen

321 3511 567 3580 infundit,
609 3525 763 3579 quam
805 3507 1133 3580 admirationi
1173 3507 1296 3560 mihi
1343 3507 1523 3576 fuerit,
1576 3507 1892 3580 manifestius

321 3578 746 3634 declarasse'non
785 3579 945 3648 potui,
992 3594 1145 3647 quam
1173 3587 1228 3631 ut
1260 3592 1443 3648 eama
1481 3594 1561 3631 me
1602 3578 1766 3645 fatear
1792 3592 1894 3630 non

321 3652 475 3720 digne
502 3666 647 3718 posse
676 3647 912 3720 laudari.
937 3649 1240 3717 Quanquam
1262 3647 1396 3720 quid
1423 3664 1514 3717 ego
1547 3648 1613 3720 ad
1651 3649 1892 3720 attollen-

320 3717 441 3774 dum
462 3717 577 3790 quis
604 3718 809 3790 edidisti
838 3718 1001 3790 solum
1026 3734 1104 3770 me
1129 3734 1235 3771 esse
1256 3717 1501 3790 imparem
1521 3718 1728 3790 dicunt?
1758 3717 1895 3790 Pace

320 3787 515 3844 dictum
540 3791 604 3844 sit
642 3789 865 3843 omnium
902 3789 988 3858 qui
1016 3798 1135 3842 sunt
1159 3790 1342 3858 Optime
1381 3789 1460 3841 his
1498 3803 1611 3855 quae
1660 3787 1894 3842 liberalia

321 3862 584 3931 appellant
612 3859 781 3913 studia
818 3857 1055 3931 instituti,
1098 3874 1188 3931 nec
1216 3857 1383 3931 abhis
1422 3860 1626 3931 quidem
1665 3859 1796 3912 mira
1827 3860 1892 3931 li-

321 3927 529 3985 brorum
566 3941 767 3983 tuorum
793 3930 1047 3999 preconia
1085 3928 1205 3981 satis
1224 3927 1391 3999 digne
1419 3928 1579 3982 excoli
1612 3944 1759 3999 posse
1787 3929 1895 3982 exi-

322 4002 500 4055 stimo.
534 4002 668 4064 Quia
697 3996 811 4053 licet
836 3999 1036 4069 [acilius
1064 4014 1169 4051 esse
1199 3996 1465 4051 decernam
1480 3996 1717 4070 judicare
1741 4014 1893 4066 quam

323 4072 517 4138 dicere,
561 4072 683 4123 mihi
729 4081 895 4123 tamen
941 4072 1068 4122 adeo
1106 4084 1405 4139 persuasum
1442 4078 1645 4121 estnon
1676 4070 1894 4123 essehoc

325 4143 499 4209 facile,
525 4151 575 4193 ut
604 4142 784 4194 merito
805 4140 1064 4208 deﬁniam,
1086 4138 1221 4209 quod
1248 4154 1393 4191 nemo
1416 4140 1598 4191 rectius
1629 4152 1732 4192 tam
1761 4154 1895 4207 pra:-

321 4212 454 4264 clari
478 4212 641 4281 operis
672 4211 971 4276 pradicator
996 4211 1249 4281 existeret,
1280 4224 1429 4275 quam
1456 4211 1567 4280 ejus
1596 4209 1824 4262 inventor
1847 4219 1894 4261 rt

323 4279 589 4351 cognitor;
612 4281 748 4351 quia
784 4282 918 4351 quod
957 4296 1100 4351 nemo
1138 4279 1211 4351 sic
1246 4282 1408 4351 potuit
1442 4279 1681 4343 invenire,
1725 4282 1896 4349 utique

324 4347 472 4404 nemo
506 4352 579 4403 sic
602 4347 833 4402 laudare.
875 4349 981 4404 Sed
1007 4349 1127 4401 dum
1151 4347 1260 4402 hac
1293 4350 1477 4402 tacitus
1506 4366 1698 4402 mecum
1728 4347 1891 4415 volto,

327 4423 549 4473 occurrit
574 4421 699 4473 mihi
727 4422 863 4487 quod
899 4421 951 4472 in
986 4418 1283 4473 bibliotheca
1320 4420 1536 4473 studiosi
1571 4420 1893 4473 swcularium

328 4492 615 4544 litterarum
637 4475 762 4561 puer
785 4490 1057 4561 quondam,
1098 4500 1152 4542 ut
1177 4502 1228 4561 se
1255 4492 1417 4543 wtatis
1451 4491 1591 4542 illius
1627 4490 1892 4544 curiositas
1920 4475 1975 4538 1)

327 4561 494 4622 habet.
519 4558 869 4631 praetereundo
894 4561 1140 4629 legissem.
1173 4558 1309 4631 Nam
1325 4576 1440 4612 cum
1466 4576 1620 4631 supra
1648 4577 1899 4631 memora-

328 4641 396 4684 ιω
422 4630 545 4684 ωάῦ
575 4632 836 4683 ordinutor
871 4646 931 4681 ac
960 4631 1219 4696 dominus,
1264 4630 1395 4683 inter
1415 4630 1674 4697 expressas
1705 4630 1898 4698 lapillis

326 4710 419 4754 aut
449 4702 575 4754 ceris
617 4698 974 4763 discoloribus,
1014 4700 1355 4768 [armatusque
1389 4700 1584 4771 efﬁgies
1623 4702 1699 4755 νει
1728 4712 1895 4754 orato-

325 4787 464 4834 rum,
497 4774 572 4825 uel
599 4772 753 4825 etiam
784 4780 1079 4840 poetarum,
1115 4770 1359 4839 specialia
1398 4770 1716 4840 singulorum
1747 4780 1899 4823 auto-

327 4842 465 4911 typis
488 4842 858 4912 epigrammata
877 4839 1221 4912 subdidisset;
1250 4840 1332 4892 ubi
1352 4841 1421 4893 ad
1451 4839 1771 4912 prwjudicati
1799 4841 1902 4895 elo-

326 4909 437 4982 quii
465 4909 597 4967 venit
620 4920 837 4977 poetam,
867 4909 964 4963 hoc
993 4910 1145 4962 modo
1168 4926 1313 4963 orsus
1336 4921 1408 4965 est
1437 4925 1456 4963 :

457 5019 711 5086 Yirgilium
735 5026 897 5086 vatem
920 5020 1094 5086 melius
1113 5032 1197 5069 sua
1219 5022 1428 5086 carmina
1451 5020 1663 5086 laudant,

457 5081 511 5144 In
533 5081 658 5144 freta
680 5082 792 5130 dum
816 5082 951 5131 ﬂuvii
968 5087 1187 5144 current,
1210 5082 1323 5129 dum
1344 5083 1585 5131 montibus
1602 5081 1786 5134 umbra:

458 5142 751 5205 Lustrabunt
782 5155 1019 5202 convexa,
1046 5142 1184 5205 polus
1199 5144 1312 5191 dum
1334 5143 1491 5192 sidera
1509 5152 1692 5205 pascet.

455 5207 667 5267 Semper
683 5204 853 5262 honos,
866 5204 1145 5265 nomenque
1165 5211 1318 5264 tuutn,
1346 5204 1612 5267 laudesque
1627 5206 1907 5256 manebunt.

335 5308 401 5361 Et
428 5323 559 5380 uere,
593 5306 869 5360 dummodo
908 5308 1223 5380 orationibus
1264 5309 1362 5362 tuis
1399 5307 1552 5378 culpa
1592 5326 1692 5363 non
1719 5319 1906 5380 teneat,

331 5379 467 5447 quod
506 5379 637 5429 inter
683 5392 853 5448 sacros
892 5378 1060 5445 apices
1088 5381 1680 5448 commemoratiouesque
1706 5378 1898 5436 sancto§

333 5445 450 5503 rum
487 5445 825 5519 mundialium
859 5464 891 5498 a
926 5464 1004 5519 me
1039 5450 1405 5519 scripturarum
1441 5445 1696 5519 ponuntur
1739 5470 1906 5506 exem-

336 5522 442 5583 pla.
484 5518 664 5571 merito
703 5516 828 5570 mihi
858 5518 1119 5571 dominum
1152 5516 1459 5573 Eucherium
1486 5537 1648 5573 ruente
1668 5525 1907 5579 recolenti

334 5596 669 5642 memoratum
715 5589 768 5640 in
818 5589 1110 5642 memoriam
1153 5606 1279 5657 opus
1322 5594 1555 5643 recurrit.
1610 5591 1746 5646 Nam
1786 5595 1907 5648 dum

334 5669 481 5712 erunt
522 5657 757 5725 superius
802 5660 1185 5725 comprehensa,
1232 5662 1457 5713 omnium
1504 5663 1907 5719 Christianorum

336 5746 421 5785 ore
466 5736 511 5783 st
557 5743 729 5779 amore
767 5729 1114 5789 celebraberit,
1167 5730 1523 5796 prtedicamfus
1565 5734 1614 5783 in
1652 5745 1905 5803 postera.»

616 5821 890 5882 Pareas.
941 5821 1155 5883 LVIII.

2070 3245 2097 3285 ι»
2147 3246 2252 3316 35
2304 3243 2575 3316 Admonet
2624 3244 2763 3299 Justi
2806 3244 2965 3316 hujus
3016 3248 3205 3303 medici
3250 3266 3581 3313 commemo-

1997 3316 2138 3397 ratio
2154 3312 2466 3397 'pErautiqpi
2500 3312 3233 3397 euelegantisAepitapbiiAL.
3270 3321 3580 3397 Primigenii

1998 3386 2192 3469 medici
2250 3384 2602 3469 nspt'o'dturoii,
2656 3387 2882 3469 hoc_est
2922 3384 3380 3469 'circumforauei,
3435 3384 3575 3469 quod

1998 3456 2167 3528 Iguvii
2196 3455 2336 3525 apud
2364 3455 2597 3528 Umbros
2621 3464 2743 3511 ante
2772 3456 3047 3528 biennium
3072 3460 3172 3515 hoc
3198 3455 3577 3528 eﬂ'ossum'est.

1999 3527 2129 3596 Ejus
2158 3540 2321 3597 porro
2347 3526 2673 3595 exemplum,
2704 3527 2845 3596 quod
2895 3542 2962 3583 ex
3010 3528 3155 3586 Urbe
3193 3532 3257 3586 ad
3306 3549 3406 3593 nos
3434 3526 3581 3595 misit

1998 3596 2188 3653 Petrus
2214 3597 2486 3652 Marionus
2507 3637 2523 3662 ,
2558 3597 2834 3667 praestanti
2861 3596 3079 3667 juvenis
3118 3602 3335 3672 ingenio
3381 3618 3436 3664 et
3478 3610 3579 3667 do-

1998 3669 2190 3723 ctrina.
2222 3668 2300 3723 sic
2326 3668 2488 3723 habet
2511 3684 2526 3721 :

1998 3676 2190 3732 ctrina,
2222 3676 2300 3723 sic
2328 3676 2488 3723 habet
2511 3684 2526 3721 :

2280 3757 2342 3812 L.
2376 3755 2666 3811 SABINUS
2689 3755 2751 3809 L.
2785 3757 2846 3811 L.

2278 3825 2718 3881 PRIMIGENIUS

2138 3894 2365 3951 ORTUS
2392 3894 2718 3951 ABlGUVlO
2748 3894 3049 3955 MEDICUS
3080 3900 3260 3959 FORA

2184 3964 2415 4020 MULTA
2446 3964 2759 4022 SECUTUS

2088 4035 2273 4090 ARTE
2303 4034 2534 4089 FEROR
2565 4035 2748 4090 NOTA
2778 4034 3142 4097 NOBILIORE
3172 4039 3345 4097 FIDE.

2091 4104 2763 4187 bII'iCQiS'S-‘UEQENTEM
2801 4106 3048 4162 vsuos
3080 4108 3334 4168 romu-

2116 4175 2208 4230 ΝΑ
2230 4175 2540 4230 JUVENTA

2155 4246 2470 4315 DESTIVIT
2502 4245 2773 4301 RAPIDIS
2806 4245 3268 4315 IMPOSUITQUE
3300 4252 3524 4315 ROGIS.

2068 4314 2354 4371 CLUSINO
2382 4314 2671 4372 CINERES
2700 4315 3007 4373 FLAMME
3036 4314 3347 4377 CESSERE

2105 4385 2461 4442 SEPULCRO

2535 4456 2789 4514 PATRIO
2815 4457 3133 4515 CONDIDIT
3159 4461 3272 4517 OS-

2078 4629 2101 4659 c
2133 4617 2368 4696 Uterque
2409 4618 2631 4696 insignis
2656 4618 3009 4696 :_ac_Cliiron_
3040 4611 3255 4696 quidem
3286 4623 3423 4696 adeo
3445 4642 3578 4696 pm-

2004 4698 2155 4764 stans
2184 4690 2424 4764 medicus
2443 4730 2458 4754 ,
2489 4688 2629 4764 quod
2660 4688 2847 4764 Junius
2872 4688 3258 4764 ‘Pbilargyrius
3304 4688 3577 4764 obseivat,

2004 4770 2067 4832 ut
2092 4760 2454 4832 Esculapium
2504 4762 2675 4832 ipsum
2727 4760 2978 4832 docuisse
3026 4760 3253 4817 dicatur.
3284 4763 3460 4832 Quare
3500 4760 3579 4823 Si;

2006 4830 2199 4906 donius
2219 4829 2293 4906 _de
2312 4829 2569 4906 Qbironis
2604 4838 2721 4884 arte
2750 4830 2881 4906 nihil
2906 4832 3138 4885 detrahit
3162 4849 3175 4885 :
3198 4834 3292 4888 sed
3308 4829 3379 4906 ἰιι
3406 4836 3579 4906 impc-

2005 4901 2183 4955 ritiam
2211 4899 2350 4972 Justi
2379 4899 2571 4955 medici
2602 4908 2769 4965 notet,
2792 4901 2969 4970 jocum
2996 4910 3176 4972 captat
3203 4920 3265 4958 ex
3296 4905 3461 4960 altera
3486 4899 3581 4962 ho-

2011 4972 2161 5053 tione
2207 4970 2353 5024 vocis
2399 4973 2611 5053 χιίθων,
2659 4970 3129 5053 (ιυειλόθιειιίρι-ὁςῃ
3168 4972 3490 5053 significat,
3532 4989 3583 5036 et

2010 5041 2193 5096 multis
2217 5054 2360 5109 saepe
2389 5040 2589 5095 similes
2626 5042 2863 5109 argutias
2895 5043 3137 5107 prmbuit.
3168 5040 3261 5096 Ita'
3286 5046 3428 5099 enim
3462 5048 3584 5101 Diu-

2010 5126 2173 5181 genes
2192 5109 2444 5180 Cynicus,
2468 5120 2683 5164 auctore
2706 5112 2939 5177 Laertio,
2959 5111 3090 5167 uss»
3118 5133 3241 5169 ποτε
3264 5112 3355 5170 δύο
3381 5119 3587 5175 κενταύ-

2012 5202 2135 5257 ρους
2162 5184 2376 5259 κάκιστος
2400 5182 2860 5259 ἐζωγραῖῃμίνουις,
2890 5182 3000 5259 ἔφη,
3024 5184 3237 5258 Πότερος
3256 5187 3450 5242 τούτων
3474 5194 3588 5259 χεί-

2013 5247 2149 5325 19s»;
2190 5247 2539 5325 conspicatus:
2568 5247 2853 5325 aliquando
2895 5247 3024 5325 duos
3069 5247 3333 5309 centauros
3377 5247 3588 5325 pessime

2014 5319 2192 5397 pictos,
2224 5319 2366 5397 Uter,
2399 5321 2580 5388 inquit,
2612 5319 2794 5397 harum
2823 5330 2894 5374 est
2925 5321 3124 5397 Chiron
3138 5325 3162 5377 ?
3185 5325 3287 5380 hoc
3312 5319 3396 5381 est
3438 5332 3588 5397 pejor

2015 5400 2069 5465 et
2100 5390 2325 5465 ineptior
2351 5407 2380 5465 :_
2400 5406 2503 5444 non
2526 5391 3013 5465 centattri_nt_)mett,
3034 5394 3125 5448 sed
3150 5397 3376 5465 pictura:
3399 5390 3581 5453 vitium

2014 5460 2321 5537 designans.
2351 5462 2452 5515 Par
2477 5461 2660 5537 etiam,
2690 5470 2745 5517 et
2764 5462 3059 5537 Sidoniano
3084 5460 3306 5537 propior
3334 5468 3586 5537 Aristidis

2015 5530 2256 5603 rhetoris
2283 5531 2438 5603 jocus
2455 5532 2711 5603 oratione
2768 5535 2817 5586 iu
2850 5530 3216 5603 Asclepiades,
3268 5551 3404 5603 quos
3434 5536 3507 5590 ait
3557 5553 3585 5588 a

2016 5610 2166 5723 patre
2194 5599 2505 5669 lEsculapio
2537 5602 2853 5657 medicinam
2883 5599 3116 5658 edoctus.
3152 5604 3258 5658 Nec
3283 5599 3424 5659 enim
3454 5620 3588 5674 opus

2042 5671 2185 5723 uisse
2225 5681 2281 5723 ut
2321 5672 2372 5723 in
2404 5670 2654 5723 Chironis
2675 5672 3010 5723 disciplinam
3055 5674 3415 5723 traderentur-
3465 5689 3588 5723 cum

2042 5671 2185 5743 uisse
2225 5681 2281 5725 ut
2318 5672 2372 5743 in
2404 5670 2654 5743 Chironis
2675 5672 3010 5743 disciplinam
3055 5674 3415 5739 traderentur,
3465 5670 3588 5734 cum

2019 5740 2161 5797 domi
2192 5742 2501 5812 magistrum
2531 5740 2826 5811 haberent,
2841 5760 2945 5816 quo
2966 5743 3164 5800 Cb'ron
3204 5745 3355 5813 juxla
3396 5760 3587 5804 nomen

3124 5836 3197 5895 16
