4078 6348
364 421 475 481 495

1596 423 2077 493 EPISTOLARUM
2115 433 2243 491 LIB.
2284 434 2348 490 ill

3534 432 3639 499 491'

361 542 576 596 tissime
623 541 783 605 rexit,
832 540 972 594 inter
1005 540 1263 595 tumultus
1294 552 1551 610 multum,
1584 547 1941 615 popularium,
1963 587 1971 602 .
1992 554 2027 607 λ
2052 550 2216 603 nabat
2236 548 2501 617 exemplo,
2536 564 2601 604 ne
2623 550 2726 606 cibi
2755 550 2979 622 ingressu
3012 566 3108 622 per
3139 566 3255 619 ora,
3288 568 3385 624 per
3415 570 3627 611 vumera

358 634 774 699 foederatorum,
801 632 947 701 quod
987 641 1041 687 et
1071 632 1245 688 exitus
1292 634 1522 703 prodidit
1550 651 1749 701 novus,
1782 638 1945 700 celer,

357 728 630 783 acerbus:
665 740 821 795 quem
865 726 1172 780 cruentavit
1202 726 1431 781 fortuna:
1475 729 1565 784 diu
1597 730 1948 784 lenocinantis

357 818 600 888 perfidus
648 816 791 880 finis,
837 831 957 885 qua:
988 816 1184 883 virum,
1218 822 1274 872 tit
1319 820 1583 890 scorpius,
1634 822 1814 876 ultima
1865 823 1945 876 Sui

356 922 513 980 pirte
554 909 836 979 percussit.
872 909 1064 963 Dicere
1111 910 1316 965 solebat
1345 912 1428 965 vir
1471 912 1755 977 litteratus,
1788 922 1947 981 atque

354 1003 429 1057 ob
480 1002 681 1073 ingenii
712 1002 899 1056 merita
932 1002 1275 1072 quaestorius,
1311 1003 1539 1074 partium
1586 1014 1734 1061 certe
1783 1008 1947 1061 bona-

355 1110 479 1149 rum
521 1109 644 1164 pars
688 1108 900 1163 magna,
937 1103 962 1129 λ
994 1091 1329 1162 Fulgentius,
1377 1111 1471 1151 ore
1500 1110 1558 1151 se
1602 1112 1667 1151 ex
1696 1097 1811 1166 ejus
1839 1097 1946 1152 frc-

355 1195 587 1257 quentcr
616 1187 852 1253 audisse,
880 1202 999 1241 cum
1052 1201 1276 1255 perosus
1305 1188 1514 1255 pondus
1535 1188 1764 1258 imperii,
1794 1198 1937 1245 vetes

354 1294 471 1333 rem
496 1277 839 1332 securitatem
864 1277 1216 1342 desideraret,
1247 1277 1477 1333 Felicem
1526 1288 1596 1346 te,
1644 1279 1940 1347 Damocles,

355 1368 446 1437 qui
470 1364 582 1421 non
608 1384 713 1422 uno
749 1368 957 1438 longius
984 1369 1210 1440 prandio
1236 1374 1382 1437 regni
1409 1371 1780 1427 necessitatem
1804 1372 1938 1426 tole-

354 1459 564 1514 ravisti.
600 1459 703 1514 lste
741 1460 911 1524 enim,
946 1471 1003 1514 ut
1052 1462 1305 1533 legimus,
1335 1463 1618 1519 Damocles
1668 1465 1940 1533 provincia

352 1550 590 1615 Siculus,
616 1551 748 1606 urbe
770 1550 1162 1622 Syracusanus,
1191 1554 1466 1611 familiaris
1495 1565 1721 1626 tyranno
1744 1556 1940 1628 Diony-

354 1642 439 1696 sio
470 1640 571 1695 fuit
600 1659 613 1696 :
647 1642 735 1711 qui
784 1657 905 1696 cum
937 1644 1113 1699 nimiis
1145 1645 1388 1699 laudibus
1432 1646 1569 1700 bona
1620 1645 1851 1715 patroni,
1883 1658 1941 1701 ut

356 1745 592 1800 caetera,
641 1735 844 1791 scilicet
892 1738 1232 1809 inexpertus,
1278 1738 1543 1795 efferret:
1592 1741 1713 1807 Vis,
1768 1742 1940 1810 inquit

354 1829 668 1901 Dionysius,
723 1830 880 1887 hodie
910 1833 1100 1889 saltem
1132 1835 1184 1889 in
1231 1834 1331 1890 hac
1376 1852 1560 1891 mensa
1604 1836 1758 1892 bonis
1803 1841 1939 1897 meis

351 1926 557 1993 pariter
585 1939 648 1978 ac
691 1925 846 1979 malis
875 1927 992 1980 uti?
1016 1927 1125 1997 59
1153 1927 1426 1994 Libenter,
1465 1930 1655 2000 inquit.
1685 1930 1819 1985 Tum
1851 1933 1939 1988 ille

352 2018 636 2075 confestim
670 2018 849 2074 laetum
885 2019 1159 2087 clientem,
1191 2036 1495 2092 quanquam
1526 2035 1579 2077 et
1627 2025 1934 2092 attonitum,

351 2111 567 2180 plebeio
588 2111 822 2182 tegmine
843 2122 1052 2181 erepto,
1082 2112 1300 2167 muricis
1326 2114 1495 2183 Tyrii,
1516 2129 1612 2169 seu
1633 2113 1933 2185 Tarentini,

351 2202 695 2272 conchyliato
742 2202 878 2257 ditat
924 2203 1157 2259 indutu:
1197 2214 1252 2260 et
1298 2205 1634 2263 renidentem
1675 2211 1930 2279 gemmis,

351 2294 762 2363 margaritisque
812 2310 977 2349 aureo
1034 2295 1193 2365 lecto,
1251 2297 1587 2367 sericatoque
1652 2300 1933 2354 toreumati

351 2385 600 2455 imponit.
632 2384 877 2457 Cumque
925 2402 1188 2457 pransuro
1225 2388 1703 2460 Sardanapalicum
1736 2391 1787 2444 in
1821 2408 1934 2443 nio-

351 2494 489 2543 rem,
522 2480 672 2547 panis
696 2478 915 2535 daretur
941 2496 971 2535 e
998 2480 1260 2535 Leontina
1297 2492 1479 2550 segete
1513 2484 1818 2548 confectus,
1854 2484 1933 2537 iu-

349 2585 512 2641 super
537 2572 701 2640 dapes
727 2572 887 2627 culta:
920 2572 1138 2628 ferculis
1166 2574 1484 2628 cultioribus
1508 2582 1929 2643 apponerentur,

349 2672 660 2732 spumarent
682 2663 888 2718 falerno
915 2679 1145 2733 gemmae
1173 2680 1397 2736 capaces
1418 2705 1433 2730 ,
1478 2667 1641 2736 inque
1666 2668 1933 2738 crystallis

348 2761 580 2815 calerent
626 2770 892 2830 unguenta
921 2761 1274 2830 glacialibus:
1306 2763 1431 2818 hinc
1468 2762 1642 2818 suffita
1685 2764 1933 2819 cinnamo

349 2866 413 2905 ac
438 2852 597 2906 thure
626 2854 859 2908 cmnatio
904 2863 1180 2922 spargeret
1210 2854 1522 2924 peregrinos
1548 2855 1769 2910 naribus
1800 2857 1934 2911 odo-

350 2956 460 3007 res,
494 2952 549 2997 et
566 2944 939 2998 madescentes
964 2944 1132 2998 nardo
1146 2944 1369 3015 capillos
1396 2944 1715 3001 circumfusa
1738 2947 1928 3002 liorem
1965 2985 1971 2991 η

346 3043 489 3088 serta
533 3033 798 3089 siccarent
831 3053 843 3087 :
878 3036 1043 3103 cmpit
1070 3050 1229 3105 supra
1260 3045 1466 3104 tergum
1493 3036 1573 3092 sic
1616 3038 1932 3092 recumben-

347 3123 414 3175 tis
445 3133 664 3189 repente
694 3125 889 3177 vibrari
945 3139 1130 3178 mucro
1169 3124 1448 3179 districtus
1492 3140 1525 3180 e
1560 3126 1927 3193 lacunaribus,

348 3215 436 3282 qui
463 3215 741 3270 videbatur
772 3217 823 3270 in
850 3216 1092 3287 jugulum
1120 3217 1398 3286 purpurati
1436 3218 1545 3286 jam
1572 3218 1791 3287 jamque
1820 3218 1925 3273 rui-

347 3316 501 3360 turus
535 3325 545 3357 :
583 3322 703 3362 nam
730 3309 816 3362 iilo
845 3310 1056 3379 equina:
1086 3321 1214 3364 setae
1244 3309 1460 3379 ligatus,
1502 3321 1557 3365 et
1584 3309 1657 3364 ita
1687 3310 1924 3378 pondere

345 3397 546 3463 minax,
579 3407 631 3451 ut
680 3399 923 3454 acumine
962 3400 1143 3469 gulam
1171 3400 1508 3456 formidolosi
1534 3401 1791 3456 Tantaleo
1814 3400 1923 3456 [ιθσ

416 3556 556 3629 τιουί
582 3558 717 3611 sacri
747 3558 924 3628 palatii
947 3569 1183 3629 quaastor
1204 3559 1396 3615 iuerat.
1413 3559 1689 3626 Quaestum
1715 3566 1915 3625 autem,

345 3628 462 3701 quia
497 3629 761 3684 litteratos
784 3628 1038 3701 postulat,
1082 3630 1299 3701 iignitas
1320 3631 1459 3686 dicta
1485 3639 1567 3686 est
1592 3630 1914 3698 litterarutn,

344 3713 373 3751 a
402 3698 705 3753 Senatoret
736 3701 942 3754 Variar.
976 3699 1064 3754 12.

412 3766 442 3806 δ
462 3767 537 3823 ita
565 3769 683 3841 libri
702 3784 916 3835 omnes,
930 3786 1065 3841 quos
1084 3771 1337 3827 vidimus.
1351 3772 1617 3827 Caeterum
1642 3771 1745 3826 vici
1764 3769 1921 3839 hujus

344 3849 534 3893 nomen
567 3839 884 3895 hodiernum
928 3839 1101 3898 adhuc
1150 3843 1432 3898 incertum.
1466 3841 1600 3898 Cum
1631 3852 1811 3897 autem
1843 3842 1920 3895 si-

2052 643 2281 697 cxirent.
2305 638 2458 697 Unde
2483 651 2603 712 post
2630 646 2821 699 mixtas
2850 645 3064 702 ﬂetibus
3100 662 3289 714 preces
3314 659 3474 721 atque
3499 653 3625 708 inul-

2053 734 2249 787 timoda
2292 734 2546 804 suspiria,
2593 730 2699 789 vix”
2729 737 3002 792 absolutus
3045 738 3422 807 emicatimque
3455 744 3627 810 prosi~

2052 825 2211 892 liens,
2246 827 2334 881 illa
2380 827 2574 897 refugit
2600 827 2881 883 celeritate
2910 828 3128 883 divitias
3172 829 3499 901 deliciasque
3545 848 3628 887 re—

2050 919 2217 986 gales,
2265 934 2367 989 qua
2414 918 2592 974 solent
2645 919 2827 989 appeti
2874 936 2888 972 :
2936 918 3190 974 reductus
3245 921 3312 974 ad
3362 920 3627 977 desideria

2050 1010 2402 1065 mediocrium
2446 1011 2641 1066 timore
2667 1024 2998 1064 summorum
3022 1052 3036 1077 ,
3065 1019 3120 1064 et
3156 1013 3285 1066 satis
3312 1027 3530 1080 cavens,
3565 1030 3628 1069 ne

2051 1102 2262 1156 beatunt
2287 1104 2423 1157 ultra
2448 1103 2657 1159 diceret
2684 1102 3032 1173 duceretque,
3062 1106 3151 1172 qui
3180 1114 3363 1174 septus
3384 1106 3548 1161 armis
3566 1123 3628 1160 ac

2049 1193 2391 1261 satellitibus,
2418 1202 2471 1248 et
2502 1209 2596 1263 per
2620 1194 2723 1248 hoc
2764 1194 2931 1263 raptis
2963 1193 3221 1250 incubans
3243 1194 3456 1264 opibus,
3488 1195 3627 1250 ferrn

2047 1299 2287 1354 pressus,
2323 1293 2594 1354 premeret
2622 1299 2833 1339 aurum.
2858 1284 3195 1355 Quapropter
3223 1286 3288 1339 ad
3319 1295 3515 1340 Statum
3538 1286 3626 1339 hu-

2042 1377 2299 1447 jusmodi,
2344 1378 2564 1433 domine
2606 1377 2793 1445 frater,
2832 1379 3017 1434 nescio
3058 1393 3124 1432 an
3169 1388 3376 1434 constet
3407 1378 3626 1435 tendere

2046 1472 2231 1529 beatos
2262 1489 2276 1527 :
2310 1481 2454 1543 patet
2480 1482 2628 1529 certe
2656 1473 2881 1529 miseros
2911 1473 3212 1543 pervenire.
3238 1471 3387 1528 Vale.

2504 1607 2621 1677 eo
2649 1606 2982 1663 EPISTOLA
3025 1600 3159 1663 XIV.

2362 1718 2609 1773 Sidonius
2641 1717 2909 1774 Maurusio
2935 1737 3027 1775 suo
3060 1722 3293 1777 salutem.

2114 1828 2285 1883 Audio
2317 1822 2592 1884 industria:
2624 1842 2725 1885 tua:
2762 1833 3005 1901 votisque
3054 1838 3459 1905 communibus,
3494 1840 3621 1897 ube-

2046 1923 2191 1977 riore
2221 1932 2485 1991 proventu
2526 1938 2682 1992 quam
2718 1923 3019 1979 minabatur
3063 1928 3265 1983 sterilis
3294 1945 3495 1998 annus,
3540 1948 3622 1988 re-

2042 2015 2313 2085 spondere
2340 2014 2687 2070 vindemiam.
2719 2015 2870 2072 Unde
2900 2028 2952 2072 et
2980 2018 3030 2073 in
3055 2017 3082 2055 δ
3111 2036 3242 2088 pago
3271 2022 3621 2091 Vialoscensi,

2042 2109 2130 2177 qui
2163 2108 2415 2163 Martialis
2448 2117 2606 2163 astate
2659 2109 2914 2165 citeriore
2966 2114 3228 2167 vocitatus
3273 2123 3356 2169 est
3404 2126 3622 2187 propter

2042 2199 2261 2255 hiberna
2309 2199 2576 2269 legionum
2618 2199 2969 2267 Julianarum,
3022 2206 3269 2273 suSpicor
3309 2206 3617 2263 diuturnius

2041 2300 2093 2345 te
2143 2302 2492 2345 moraturum.
2529 2292 2645 2357 Quo
2698 2292 2817 2346 loco
2849 2293 2943 2346 tibi
2974 2308 3095 2348 cum
3146 2296 3294 2349 ferax
3328 2299 3479 2353 vinea
3510 2311 3617 2367 est,

2040 2391 2149 2436 tum
2179 2391 2440 2453 praeterea
2485 2384 2742 2451 przrdium
2792 2399 2984 2454 magno
3026 2402 3131 2439 non
3178 2388 3354 2444 minus
3379 2390 3619 2457 domino,

2037 2476 2179 2545 quod
2212 2486 2263 2531 te
2318 2486 2543 2546 tuosque
2583 2460 2856 2546 plurifaria
2910 2478 3120 2548 frugum
3171 2481 3618 2552 mansionumque

2037 2569 2163 2623 dote
2213 2578 2533 2624 remoretur.
2576 2569 2726 2624 Ilicet
2750 2571 2791 2625 si
2825 2569 3033 2626 horreis
3076 2574 3479 2647 apothecisque,
3524 2594 3616 2633 seu

2036 2679 2176 2732 penu
2219 2663 2469 2732 impleta,
2496 2662 2736 2723 destinas
2772 2661 2880 2718 illic
2909 2678 3077 2734 usque
3104 2666 3181 2719 'ad
3222 2666 3508 2723 adventum
3540 2669 3619 2725 hi-

2036 2756 2381 2822 rundineum,
2411 2754 2491 2809 vel
2520 2755 2843 2822 ciconinum,
2864 2757 2983 2811 Jani
3016 2757 3307 2827 Numaque
3334 2761 3617 2833 ninguidos

2036 2860 2249 2900 menses
2276 2845 2331 2899 in
2360 2846 2471 2900 otio
2504 2845 2813 2915 fuliginoso,
2839 2862 2935 2901 seu
2960 2849 3196 2904 tunicata
3224 2852 3407 2920 quiete
3438 2863 3617 2910 trans-

2035 2939 2268 3002 mittere,
2319 2938 2470 2991 nobis
2512 2953 2724 3008 quoque
2753 2953 2939 3008 parum
2987 2941 3037 2993 in
3088 2941 3283 3011 oppido
3330 2944 3616 3004 fructuosa

2034 3029 2279 3097 protinus
2338 3029 2755 3096 amputabuntur
2808 3044 2983 3084 causae
3034 3046 3338 3098 morarum;
3385 3043 3443 3090 ut
3487 3037 3615 3094 dum

2033 3120 2149 3189 ip<c
2210 3121 2458 3173 nimirum
2491 3119 2689 3174 frueris
2713 3135 2862 3185 rure,
2893 3135 2991 3176 nos
3040 3131 3091 3178 te
3130 3122 3389 3193 fruamur,
3423 3129 3615 3198 quibus

2035 3225 2092 3267 ut
2134 3214 2510 3283 recognoscis,
2558 3227 2661 3267 non
2712 3215 2879 3283 magis
2908 3214 3058 3269 cordi
3105 3225 3188 3271 est
3236 3226 3328 3273 aut
3358 3220 3615 3291 voluptati

2033 3320 2160 3375 ager
2186 3319 2307 3358 cum
2354 3303 2613 3358 reditibus
2660 3304 2877 3372 amplis,
2928 3320 3089 3375 quam
3137 3307 3349 3363 vicinus
3395 3313 3616 3382 aequalis

2039 3415 2159 3454 cum
2192 3396 2345 3451 bonis
2370 3394 2628 3449 moribus.
2664 3395 2809 3450 Vale.

2032 3557 2249 3625 gniticet
2278 3552 2612 3625 iattt‘iquunn
2640 3549 2777 3625 illius
2828 3567 3035 3625 nomen
3071 3552 3232 3625 fuisse
3272 3553 3610 3625 _Vialnscum,

2030 3620 2217 3696 postea
2241 3624 2309 3677 ob
2337 3623 2556 3677 hiberna
2587 3620 2711 3675 Julii
2736 3620 2965 3696 Cresaris
2986 3622 3181 3696 dictum
3211 3623 3377 3696 fuisse
3404 3620 3613 3681 Martia-'-

2027 3692 2133 3752 iem
2158 3737 2172 3761 ,
2205 3711 2308 3749 non
2342 3696 2679 3761 aspernanda
2708 3702 2791 3746 est
2819 3692 3114 3765 Savaronis
3158 3695 3491 3765 conjectura,
3521 3697 3611 3765 qui

2030 3768 2510 3837 Martiacumesse
2565 3772 2743 3831 putat,
2799 3763 2971 3816 vicum
3024 3765 3135 3832 agri
3185 3763 3607 3837 Bicomagensis,

2032 3839 2254 3893 Volvico
2283 3835 2588 3889 finitimum.

342 3976 3581 4003 ΗΜ

1295 4091 1776 4201 LIBER
1884 4084 2211 4197 TER
2236 4078 2410 4188 TI
2422 4077 2644 4186 US.

752 4277 859 4351 ει
894 4278 1225 4335 EPISTOLA
1264 4277 1497 4333 PRIMA.

695 4371 937 4427 Sidonius
968 4369 993 4407 ά
1025 4373 1166 4425 Avito
1206 4388 1300 4425 suo
1331 4372 1564 4425 salutem.

409 4461 587 4517 Multis
608 4464 822 4532 quidem
855 4464 1078 4518 vinculis
1106 4463 1345 4517 caritatis
1383 4462 1451 4516 ab
1494 4463 1710 4517 ineunte
1738 4460 1917 4528 pueri-

341 4553 435 4620 tia,
463 4554 716 4623 quidquid
741 4556 982 4610 venimus
1005 4557 1056 4609 in
1076 4556 1431 4625 juventutem,
1455 4555 1637 4625 gratiae
1658 4568 1779 4608 sese
1805 4568 1921 4606 mu-

2026 4266 2194 4330 snnis,
2227 4266 2335 4336 62
2360 4265 2441 4319 vel
2471 4261 2784 4331 expetendis
2815 4261 3090 4331 aequaliter
3110 4264 3193 4318 vel
3219 4264 3489 4333 cavendis,
3517 4266 3606 4335 ju-

2026 4362 2149 4417 dicii
2179 4361 2441 4429 parilitate
2469 4358 2811 4413 certavimus.
2841 4356 3065 4425 Propter
3091 4372 3208 4427 qua:
3237 4359 3436 4425 omnia,
3464 4375 3605 4429 pra:-

2029 4463 2112 4509 ter
2141 4453 2525 4509 conscientiam
2557 4466 2675 4520 qua:
2706 4450 2929 4503 interius
2964 4449 3058 4503 tibi
3089 4449 3245 4520 longe
3269 4454 3608 4519 praestantior

2026 4546 2480 4612 eminentioriwe,
2534 4544 2761 4595 multum
2795 4540 3096 4595 voluntates
3146 4552 3356 4596 nostras
3392 4545 3608 4613 copula-

340 4652 448 4700 tuae
491 4660 614 4699 cura
666 4656 940 4701 nexuerat.
978 4647 1211 4700 Primum
1243 4648 1366 4716 quia
1416 4645 1675 4699 matribus
1720 4644 1919 4698 nostris
1946 4684 2001 4745 Β
2030 4650 2180 4695 verat
2227 4640 2572 4693 decursarum
2619 4635 2919 4691 forinsecus
2969 4636 3238 4690 actionum
3294 4638 3606 4725 similitudo.

338 4752 548 4792 summa
591 4738 861 4807 sanguinis
888 4739 1058 4808 juncti
1094 4737 1455 4793 necessitudo.
1486 4737 1619 4791 Dein
1647 4736 1787 4806 quod
1822 4735 1919 4803 ipsi

337 4831 524 4885 iisdem
558 4831 888 4901 temporibus
914 4833 1048 4896 nati,
1095 4830 1363 4900 magisu‘is
1396 4833 1496 4895 usi,
1530 4829 1732 4882 artibus
1763 4828 1916 4882 insui-

340 4923 455 4981 tuti.
484 4924 687 4977 lusibus
715 4922 887 4987 otiati,
918 4922 1248 4992 principibus
1279 4921 1472 4985 evecti,
1505 4918 1785 4987 stipendiis
1811 4934 1919 4986 per-

338 5012 503 5066 functi
550 5028 736 5068 sumus
771 5030 787 5068 :
820 5026 874 5067 et
903 5013 1044 5083 quod
1072 5023 1153 5067 est
1191 5012 1256 5066 ad
1298 5010 1556 5065 amiciLa»~
1589 5010 1919 5078 ampliandas

335 5103 369 5156 h
394 5121 418 5155 s
448 5106 675 5159 validius
706 5104 1108 5175 efﬁcaciusque,
1143 5106 1193 5159 in
1218 5103 1444 5173 singulis
1473 5102 1771 5172 quibusque
1797 5117 1920 5171 per-

407 5310 430 5335 α
456 5300 813 5364 Cnnsobrino,
864 5309 920 5352 ut
948 5310 1159 5355 vroetur
1194 5317 1207 5354 :
1236 5301 1319 5355 cui
1345 5302 1546 5367 gratias
1583 5303 1693 5368 agit
1720 5299 1787 5353 de
1812 5300 1915 5353 Cu-

334 5371 604 5424 ticiacensi
639 5370 839 5435 praedio
882 5373 1210 5435 suburbano,
1243 5373 1386 5439 quod
1429 5371 1516 5425 ille
1547 5372 1913 5424 Arvernorum

334 5440 591 5495 Ecclesia:
618 5440 771 5508 cujus
807 5442 1233 5510 episcOpusjanr
1261 5452 1379 5496 erat
1407 5442 1683 5509 Sidwuius,
1729 5456 1792 5493 ex
1828 5456 1915 5494 so-

333 5515 469 5564 roria
515 5514 824 5565 inmeditate
862 5514 1153 5565 donaverat.

402 5581 427 5619 δ
451 5583 579 5649 Quae
603 5585 720 5634 urbs
768 5582 997 5634 Arverna
1028 5583 1185 5648 epist.
1218 5584 1306 5648 1'2,
1341 5584 1590 5652 oppidum
1633 5584 1914 5636 Arvernum

332 5650 425 5705 lib.
469 5669 516 5703 Vl
568 5654 725 5720 epist.
762 5670 792 5704 tt
822 5662 936 5705 lim.
983 5663 1034 5704 et
1068 5655 1156 5704 iih.
1204 5670 1292 5718 Vtt,
1341 5650 1495 5720 epist.
1548 5652 1598 5706 5.
1632 5654 1721 5707 Sic
1751 5653 1909 5706 etiam

329 5721 620 5789 Gregorius
652 5724 854 5775 'l'urott.
891 5722 980 5772 urb
1016 5740 1063 5772 nt
1104 5722 1431 5775 Arvaruicaut
1472 5735 1643 5777 vocat.
1677 5722 1903 5777 Joruatt-

456 5797 627 5846 urbem
663 5793 1013 5855 Arvernatem,
1043 5804 1093 5844 et
1122 5793 1368 5845 civitatem
1402 5797 1693 5857 Arvernam,
1721 5809 1909 5847 omnes

326 5862 449 5918 cum
488 5862 717 5917 adiecto.
775 5872 1067 5916 Arvernam
1116 5866 1375 5928 absolute,
1414 5874 1470 5917 ut
1501 5866 1744 5922 Romam.
1784 5882 1913 5923 uno-

2027 4731 2129 4785 Srd
2164 4732 2302 4799 quod
2333 4728 2406 4782 fat
2443 4729 2607 4782 ndum
2627 4736 2731 4793 est,
2762 4728 2853 4781 diu
2877 4731 3073 4782 erectis
3101 4730 3382 4798 utriusque
3409 4734 3604 4785 amoris

2032 4823 2314 4883 machinls,
2360 4825 2473 4891 ipse
2499 4821 2731 4875 culmina
2763 4822 2996 4889 pretiosa
3038 4822 3284 4891 posuisti,
3326 4824 3608 4878 eetlesiam

2028 4911 2056 4950 δ
2088 4912 2311 4967 Arverni
2345 4911 2677 4980 municipioli
2707 4952 2721 4976 ,
2752 4911 2835 4965 cui
2867 4915 3180 4981 przrpositus
3212 4914 3312 4966 etsi
3346 4915 3609 4968 immerito

2029 5005 2236 5073 videor,
2270 5016 2661 5073 peropportuna
2692 5004 2967 5059 oblatione
3011 4989 3385 5073 locupletando
3412 5023 3426 5059 :
3456 5008 3608 5075 cujus

2031 5100 2358 5170 possessioni
2391 5100 2678 5168 plurimum
2709 5099 2978 5154 contulisti
3016 5099 3400 5154 Cuticiacensis
3425 5101 3607 5171 praedii

2022 5302 2184 5355 modo
2216 5316 2355 5355 nunc
2396 5315 2424 5353 a
2466 5299 2783 5368 quibusdam
2839 5298 3084 5367 usurpari
3115 5294 3301 5369 ccepit,
3344 5312 3604 5368 vetet-mn,

2024 5374 2237 5439 opinor,
2268 5385 2425 5423 n-mo
2456 5370 2610 5432 dixit,
2641 5370 2735 5440 s_ed
2780 5374 3045 5423 Arvernos
3078 5373 3283 5440 integro
3312 5376 3484 5440 gentis
3517 5392 3606 5423 m-

2024 5438 2234 5505 cabulo,
2268 5450 2322 5494 ut
2356 5440 2607 5502 Parisios,
2658 5438 3015 5503 Petrocorios,
3062 5438 3275 5505 Remos,
3318 5438 3606 5510 postquam

2026 5529 2151 5567 usus
2186 5510 2425 5578 invaluit,
2460 5521 2517 5563 ut
2552 5510 2797 5578 princeps
2828 5512 3085 5579 cujusque
3115 5514 3290 5579 populi
3332 5520 3384 5564 et
3413 5514 3604 5564 citita-

2030 5588 2096 5634 tis
2136 5583 2385 5648 oppdum
2435 5581 2705 5634 communi
2750 5580 2868 5647 cjus
2916 5584 3129 5634 nomine
3179 5590 3477 5635 ornaretur.
3538 5588 3604 5635 tta

2027 5654 2169 5705 enim
2207 5652 2426 5717 Primus,
2480 5651 2841 5714 Marcellinus,
2873 5656 3114 5714 Orosius,
3160 5650 3428 5710 Paulinus,
3460 5650 3601 5704 Notis

2014 5723 2080 5776 tiu
2109 5723 2419 5775 Occidentis
2452 5730 2505 5773 et
2536 5722 2621 5773 a|.i
2663 5722 3024 5775 Arvernomm
3057 5719 3262 5781 urbem,
3294 5734 3453 5785 quam
3483 5722 3577 5774 Cia

2013 5810 2128 5847 rum
2184 5794 2413 5845 Montem
2468 5792 2725 5856 dicimus,
2761 5799 3029 5843 Arvernos
3075 5788 3368 5855 appellant,
3413 5791 3625 5860 Arvcrg

2018 5880 2138 5918 lliiill
2178 5879 2465 5917 ηιιιιιιυιιιη.
