4078 6348
484 376 593 437 tas

1719 373 1965 433 SIDONII
2006 374 2459 436 APOLLINARIS

3634 385 3739 445 496

484 488 905 555 suburbanitate,
936 503 1039 544 non
1063 502 1234 542 minus
1258 496 1456 543 nostra:
1486 487 1833 557 prmessionis
1857 488 2045 544 frater-
2077 494 2131 551 Α
2161 490 2476 546 ambiendus
2514 491 2729 547 affectu.
2772 466 2915 548 deus
2958 492 3125 548 boue!
3159 491 3303 563 quod
3342 495 3597 564 gaudium
3644 499 3740 555 fuit

483 583 706 641 nitatem
748 583 847 637 loci
897 582 1231 651 proximitate
1259 581 1504 651 dignatus
1544 580 1737 647 ditare,
1784 597 1941 651 quam
1976 596 2061 637 re-

484 675 617 730 ditu.
650 674 716 728 Et
745 673 867 728 licet
894 672 1113 727 sororia:
1136 671 1464 727 Inereditatis
1493 672 1600 727 duo
1632 684 1909 729 consortes
1936 687 2058 729 esse

482 765 787 829 videamini,
812 764 1058 833 exemplo
1091 772 1266 819 tamen
1309 764 1428 819 fidei
1474 774 1598 830 tum,
1635 774 1909 833 superstes
1936 780 2058 834 ger-

480 872 636 911 mana
671 862 938 911 commota
972 864 1056 909 est
1079 854 1143 910 ad
1178 855 1302 911 boni
1337 857 1519 925 operis
1546 855 1925 912 imitationem.
1958 855 2058 911 Ita-

479 964 581 1018 que
628 948 720 1002 tibi
748 945 954 1002 ctelitus
978 946 1101 1016 jure
1142 945 1453 1001 redhibetur
1495 947 1571 1000 tui
1605 945 1729 1001 facti
1777 947 2053 1014 meritum,

478 1038 640 1095 alieni
678 1039 1099 1093 incitamentum.
1133 1038 1249 1105 Quo
1286 1038 1345 1093 tit
1384 1047 1443 1093 ut
1496 1038 1767 1107 reperiare
1806 1035 2060 1106 dignissi-

480 1147 616 1198 mus,
651 1145 810 1201 quem
842 1131 1097 1186 divinitas
1128 1131 1387 1185 inusitato
1416 1130 1817 1185 successionum
1857 1143 2057 1199 genere

480 1223 731 1279 sublimet
761 1240 773 1274 :
801 1238 921 1292 quae
948 1231 1125 1278 tamen
1148 1237 1245 1278 nec
1274 1222 1366 1277 diu
1387 1221 1591 1277 distulit
1618 1221 1922 1291 religiosam
1956 1221 2056 1277 de-

479 1314 750 1368 votionem
778 1310 1151 1382 centuplicatis
1182 1312 1497 1382 opulentare
1528 1312 1842 1366 muneribus
1867 1330 1881 1367 :
1911 1327 2057 1381 qua:-

478 1422 582 1474 que
613 1413 671 1459 ut
698 1405 1037 1471 confidimus,
1067 1404 1237 1459 nihilo
1263 1403 1481 1473 segnius
1506 1402 1744 1458 cmlestia
1778 1402 2052 1473 largietur,

478 1514 600 1553 cum
630 1505 843 1553 terrena
873 1498 987 1568 jam
1027 1497 1266 1552 solverit.
1296 1496 1567 1552 Nicetiana
1594 1511 1846 1567 namque,
1875 1499 1921 1553 si
1953 1510 2051 1552 ne-

478 1590 608 1655 seis,
663 1587 1258 1649 haereditasCuticiaci
1311 1603 1599 1659 supernum
1654 1589 1881 1658 pretium
1929 1587 2050 1645 fuit.

478 1683 631 1752 Quod
671 1690 837 1738 restat
865 1683 1223 1752 exposcimus,
1266 1690 1326 1738 ut
1364 1683 1503 1738 sicut
1540 1682 1793 1738 Ecclesia:
1833 1691 2049 1747 nostrae,

478 1776 551 1830 ita
576 1775 737 1831 etiam
758 1774 988 1831 civitatis
1015 1789 1168 1844 aeque
1196 1773 1292 1829 tibi
1312 1773 1382 1828 sit
1406 1787 1535 1829 cura
1563 1774 1862 1831 communis
1888 1789 1903 1829 :
1932 1788 2053 1843 quae

2162 581 2466 648 laboriosis,
2489 597 2609 637 eum
2634 590 2689 637 tu
2708 592 2948 638 sanctum
2968 582 3155 651 pedem
3180 585 3452 641 semirutis
3473 588 3740 647 moenibus

2163 673 2423 728 intulisti?
2448 688 2605 743 quam
2636 682 2688 728 tu
2719 674 2787 729 ab
2825 674 2973 729 omni
3004 674 3212 741 ordine,
3264 692 3417 745 sexu,
3449 688 3607 735 aetate
3648 681 3742 735 sti-

2162 765 2474 834 patissimus
2506 765 2850 819 ambiebare?
2880 780 2998 835 quze
3024 766 3149 822 salsi
3181 782 3308 837 erga
3337 768 3581 839 singulos
3607 770 3738 827 libra

2162 855 2459 910 sermonis?
2500 870 2656 925 quam
2681 862 2735 910 te
2760 855 3011 911 blandum
3045 857 3217 924 pueri,
3246 873 3457 916 comem
3485 860 3735 929 juvenes,

2164 959 2378 1014 gravem
2402 958 2557 999 senes
2582 945 2974 1000 metiebantur?
3004 947 3145 1014 Quas
3169 957 3225 1002 tu
3251 949 3534 1019 lacrymas,
3566 962 3625 1007 ut
3650 968 3737 1021 pa-

2160 1053 2286 1093 rens
2315 1040 2575 1104 omnium,
2617 1052 2779 1107 super
2805 1038 2947 1093 aedes
2987 1038 3237 1094 incendio
3266 1050 3514 1110 prorutas
3561 1051 3617 1098 et
3642 1044 3737 1099 do-

2160 1130 2356 1185 micilia
2404 1129 2664 1186 semiusta
2709 1131 2937 1186 fudisti?
2974 1141 3230 1202 quantum
3275 1134 3489 1190 doluisti
3523 1150 3738 1206 campos

2157 1222 2402 1291 sepultos
2432 1222 2644 1277 ossibus
2667 1222 2984 1293 insepultis?
3007 1240 3126 1294 quae
3152 1234 3239 1281 tua
3268 1225 3524 1296 deinceps
3546 1228 3741 1284 exhor-

2160 1310 2309 1378 tatio,
2343 1328 2459 1379 quae
2506 1313 2896 1379 reparationem
2939 1314 3214 1371 suadentis
3248 1318 3604 1372 animositas?
3652 1320 3739 1374 llis

2157 1400 2429 1471 adjicitur,
2459 1403 2602 1472 quod
2634 1418 2753 1457 cuin
2794 1403 3063 1459 inveneris
3097 1406 3365 1460 civitatem
3412 1424 3516 1463 non
3565 1408 3738 1464 minus

2156 1494 2323 1548 civica
2360 1494 2651 1561 simultate,
2691 1510 2849 1563 quam
2882 1496 3157 1553 barbarica
3205 1497 3511 1554 incursione
3549 1516 3737 1555 vat-ua-

2155 1591 2286 1651 tam,
2327 1583 2437 1655 65
2477 1599 2661 1654 pacem
2703 1586 2953 1642 omnibus
2988 1587 3255 1657 suadens,
3309 1590 3588 1646 caritatem
3631 1592 3734 1647 illis

2157 1675 2278 1730 illos
2318 1678 2500 1743 patria:
2531 1677 2834 1732 reddidisti.
2886 1678 3092 1745 Quibus
3124 1688 3212 1734 tuo
3258 1682 3463 1737 monitu
3494 1698 3600 1738 non
3645 1684 3737 1739 mi-

2158 1782 2257 1823 nus
2287 1767 2339 1822 in
2370 1784 2531 1823 unum
2562 1768 2868 1833 consilium,
2895 1785 3055 1839 quam
3088 1771 3138 1825 in
3176 1786 3339 1827 unum
3369 1773 3625 1844 oppidum
3657 1790 3736 1831 re-

476 1882 599 1923 cum
620 1867 771 1934 olim,
803 1877 912 1921 tum
941 1865 1155 1922 debebit
1181 1881 1251 1922 ει
1278 1865 1380 1921 hoc
1402 1866 1667 1937 pracipue
1698 1877 1961 1936 tempore,
1986 1867 2054 1922 ad
2084 1864 2133 1925 Β
2160 1861 2509 1925 vertentibus,
2535 1862 2670 1937 muri
2694 1861 2788 1917 tibi
2809 1860 3005 1917 debent
3033 1862 3242 1932 plebem
3266 1864 3564 1932 reductam,
3588 1868 3735 1935 plebs

477 1967 625 2011 tuum
660 1957 1009 2027 patrocinium
1050 1957 1133 2011 vel
1169 1956 1239 2012 ob
1270 1965 1416 2011 tuum
1464 1957 1843 2025 patrimonium
1890 1958 2053 2026 perti-

476 2063 629 2103 nere.
659 2048 811 2115 Quod
836 2048 990 2119 cujus
1022 2047 1197 2103 meriti
1222 2061 1340 2103 esse
1372 2050 1559 2118 possit,
1584 2047 1780 2119 quippe
1803 2047 1849 2101 si
1877 2056 2053 2102 vestra

476 2140 670 2195 crebro
701 2139 829 2194 illud
861 2142 1139 2209 praesentia
1176 2139 1389 2206 invisat,
1424 2139 1511 2194 vel
1540 2147 1566 2176 ι
1595 2139 1787 2195 Gothis
1826 2139 2050 2204 credite,

475 2233 568 2304 qui
609 2248 978 2304 saepenumero
1006 2231 1111 2304 63
1145 2230 1307 2288 etiam
1331 2232 1357 2270 δ
1378 2231 1761 2301 Septimaniam
1791 2247 1941 2287 suam
1975 2232 2054 2287 fa-

474 2327 701 2383 stidiunt
730 2326 813 2383 vel
850 2326 1163 2392 refundunt,
1201 2325 1363 2381 modo
1390 2325 1639 2381 invidiosi
1683 2326 1840 2394 hujus
1870 2325 2051 2394 anguli

473 2418 636 2474 etiam
680 2416 923 2472 desolata
967 2416 1293 2485 proprietate
1338 2415 1630 2485 potiantur.
1677 2416 1782 2471 Sed
1830 2414 1909 2471 fas
1945 2424 2049 2481 est,

476 2508 707 2579 praesule
737 2508 866 2573 Deo,
904 2508 1072 2575 vobis
1109 2509 1249 2561 inter
1276 2521 1373 2561 eos
1416 2516 1472 2562 et
1513 2506 1902 2575 rempublicam
1934 2522 2050 2561 me-

475 2600 599 2663 diis,
627 2600 806 2654 animo
831 2598 1093 2668 quietiora
1128 2598 1433 2667 concipere.
1461 2598 1595 2666 Quia
1624 2598 1724 2653 etsi
1756 2597 1858 2662 illi,
1894 2605 2048 2652 vete-

474 2706 593 2747 rum
632 2690 814 2744 finium
846 2688 1103 2743 limitibus
1133 2687 1388 2755 effractis,
1433 2688 1578 2743 omni
1616 2688 1703 2743 vel
1734 2687 1930 2742 virtute
1960 2686 2048 2743 vel

474 2783 643 2847 mole,
673 2780 1025 2850 possessionis
1061 2779 1286 2834 turbida:
1326 2788 1495 2835 metas
1534 2780 1587 2835 in
1616 2779 1932 2835 Rhodanum
1962 2778 2049 2834 Li-

474 2874 749 2942 gerimque
802 2870 1192 2941 proterminant
1244 2887 1258 2925 :
1308 2880 1487 2925 vestra
1534 2880 1711 2924 tamen
1760 2870 2049 2927 auctoritas

471 2977 571 3035 pro
597 2964 854 3034 dignitate
881 2963 1159 3018 sententiae
1186 2962 1265 3017 sic
1308 2975 1511 3033 partem
1541 2976 1821 3032 utramque
1858 2965 2045 3020 mode-

472 3055 694 3121 rabitur,
727 3064 784 3109 ut
814 3064 866 3109 et
894 3065 1074 3109 nostra
1105 3055 1299 3119 discat,
1331 3055 1455 3124 quid
1479 3054 1672 3110 debeat
1702 3071 1898 3128 negare
1923 3072 2045 3113 cum

471 3148 691 3216 petitur,
738 3155 794 3202 et
830 3160 1053 3216 poscere
1091 3145 1315 3201 adversa
1359 3146 1586 3211 desinat,
1631 3162 1753 3202 eum
1800 3158 2043 3219 negatur.

473 3234 617 3296 Vale.

1047 3310 1373 3367 EPISTOLA
1413 3312 1478 3366 II.

746 3400 995 3456 Sidonius
1026 3410 1047 3439 ε
1080 3400 1374 3456 Constantio
1402 3418 1494 3456 suo
1530 3403 1745 3458 salutent

543 3490 753 3545 Salutat
777 3500 829 3545 te
860 3491 1084 3559 populus
1123 3494 1424 3558 Arvernus,
1452 3493 1605 3562 cujus
1642 3509 1800 3563 parva
1838 3496 2043 3566 tuguria

473 3597 695 3654 magnus
726 3582 921 3651 hoSpes
951 3583 1201 3652 implesti,
1246 3598 1349 3638 non
1379 3584 1613 3639 ambitus
1646 3586 1919 3652 comitatu,
1952 3588 2045 3645 sed

546 3767 570 3794 ο
618 3758 748 3823 Qua:
829 3758 898 3814 de
962 3757 1383 3829 Vesogothorum
1460 3762 1509 3815 in
1573 3764 1738 3819 Gallia
1816 3769 2044 3823 motibus

475 3829 582 3898 33
636 3830 861 3896 sparsim
927 3844 956 3882 a
1018 3830 1236 3884 Sidonio
1292 3833 1639 3900 sequentibus
1687 3835 1835 3890 libris
1898 3854 2044 3894 com-

476 3910 859 3973 memorantur,
905 3914 965 3952 ea
1004 3900 1113 3973 fere
1153 3903 1420 3968 pertinent
1449 3904 1512 3957 ad
1541 3902 1665 3959 Julii
1697 3908 1911 3973 Nepotis
1941 3910 2042 3963 im-

476 3970 704 4047 perium,
739 3970 1031 4047 h_tu:_t_:st_ad
1064 3987 1258 4025 annum
1289 3972 1491 4047 _Cliris_ti
1521 3973 1646 4047 I74,
1672 3970 1785 4046 quo.
1805 3989 2042 4047 tempore

476 4045 705 4113 nrt-erui
733 4040 801 4093 ab
849 4040 1041 4095 Eurico
1081 4056 1205 4110 rege
1251 4044 1477 4098 obsessi.
1519 4040 1741 4101 I'Zuricus
1770 4040 1933 4113 enim,
1983 4060 2043 4105 ut

473 4110 771 4187 Jornandes
798 4123 997 4175 narrat,
1030 4127 1150 4165 cum
1183 4114 1364 4187 paucis
1402 4114 1557 4187 annis
1596 4120 1812 4171 crebras
1844 4110 2038 4187 princi-

476 4196 603 4257 ptuu
635 4180 996 4257 Romanorum
1034 4183 1357 4257 mutationes
1386 4186 1624 4257 ivideret,
1670 4189 1743 4257 rei
1785 4180 1920 4244 bene
1948 4206 2041 4257 ge-

474 4251 656 4328 rendae
677 4264 824 4317 spem
846 4250 1090 4328 adeptus,
1107 4253 1366 4328 continuo
1385 4256 1435 4307 in
1456 4270 1642 4328 egrum
1669 4256 1800 4312 lines
1829 4250 2036 4328 irrupit.

477 4319 669 4396 Missus
698 4328 779 4396 est
804 4334 831 4369 a
854 4318 1073 4396 _Nepote
1096 4322 1229 4396 Aug.
1254 4321 1455 4390 legatus
1477 4324 1804 4396 [Epiphanius
1829 4318 2039 4396 episeo-

476 4402 574 4459 pus
602 4388 897 4459 fl‘icinensis
924 4388 1012 4456 qui
1055 4388 1454 4456 pactione'cutn
1489 4388 1685 4448 E'urico
1714 4388 1953 4459 feliciter,
1983 4409 2039 4454 ut

476 4457 775 4531 videbatur,
823 4459 948 4531 inita
992 4459 1148 4531 rediit
1188 4460 1268 4531 ad
1291 4460 1568 4527 Nepotem.
1600 4463 1728 4517 Acta
1761 4457 2037 4531 legationis

479 4524 809 4597 persequitur
833 4527 1103 4581 Enuodius
1134 4528 1185 4580 in
1227 4528 1343 4583 Vita
1371 4524 1674 4597 Epiphanii.
1712 4524 1902 4589 Verum
1933 4537 2039 4591 Eu-

478 4595 662 4668 ricus,‘
681 4605 834 4668 rupto
866 4610 988 4649 mox
1028 4597 1254 4663 fmdere,
1283 4595 1726 4668 cum—imperium
1759 4604 1810 4658 in
1835 4605 2046 4662 Ithoda-

476 4680 602 4719 num
645 4665 981 4744 bigerimque
1035 4683 1345 4732 promovere
1392 4665 1683 4744 statuisset,
1737 4674 2043 4744 interjeetas

516 4744 666 4789 entes
694 4737 856 4811 armis
877 4752 1177 4811 aggressus,
1202 4754 1384 4794 earum
1410 4743 1691 4811 episcopos
1712 4745 1835 4798 odio
1862 4737 2046 4804 catho-

503 4821 608 4887 tear.
624 4805 788 4887 partis
810 4806 969 4860 homo
986 4807 1250 4887 barbarus
1276 4819 1331 4864 et
1358 4805 1801 4887 Arianus'partim
1832 4818 2039 4887 exsilio,

476 4878 668 4999 Rarum
712 4878 850 4930 ferro
892 4878 1098 4931 multat.
1141 4878 1430 4945 Arvernos,
1464 4882 1553 4949 qui
1584 4878 1769 4953 reliqui
1808 4898 1961 4941 erant
1988 4878 2039 4944 ni

528 4961 839 4999 omanorum
870 4946 971 4999 fide
992 4947 1221 4999 obsidet.
1256 4949 1463 4999 fortiter
1491 4966 1857 4999 nrmmmtzmle
1888 4958 2039 4999 Enna-

528 4961 839 5023 omanorum
870 4946 971 5000 fide
992 4947 1233 5023 obsidet,
1256 4949 1471 5023 fortiter
1482 4946 1857 5023 propugnante
1888 4958 2042 5015 Ecdi-

476 5017 560 5087 cio
585 5018 779 5070 comite
804 5025 869 5087 Vet
894 5019 1145 5087 magistro
1166 5020 1411 5081 militum,
1446 5017 1906 5081 Sidonii'sororio.
1934 5028 2035 5087 80°.

477 5086 584 5138 luta
613 5087 722 5152 jam
763 5086 1042 5142 obsidione
1078 5088 1258 5144 hostes
1301 5090 1353 5144 in
1384 5090 1603 5146 hiberna
1634 5094 1989 5153 discesserant
2019 5086 2033 5154 ξ

475 5169 597 5235 eum
629 5154 934 5210 Licinianus
985 5167 1219 5235 quirestor
1254 5159 1322 5235 ad
1371 5161 1575 5235 Gothos
1624 5163 1787 5235 lintna
1821 5167 2034 5235 missus,

474 5227 745 5279 Arvernos
772 5240 835 5299 ex
866 5237 1020 5299 pacto
1038 5228 1160 5283 dedi
1189 5228 1359 5299 jubet,
1393 5230 1429 5287 S
1451 5232 1611 5285 dunio
1639 5234 1834 5288 frustra
1864 5227 2037 5292 recla;

476 5302 675 5371 mante,
696 5297 1241 5371 qui_s_olum_vertere
1269 5311 1484 5371 coaetus
1529 5304 1832 5371 aliquandiu
1873 5308 2039 5364 abluit

474 5364 659 5442 astris.
694 5365 934 5442 Ecdicius
964 5368 1028 5421 ad
1062 5370 1485 5437 Burgundionum
1515 5364 1666 5442 reges
1698 5388 1757 5427 se
1791 5378 2034 5435 contulit.

477 5434 703 5511 Ebrietas
734 5434 1297 5511 Victorium‘comitem
1335 5434 1601 5496 Arvernis
1614 5443 1884 5511 imposuit.
1916 5447 2039 5505 Haec

474 5504 722 5584 Sidonius
760 5507 990 5584 epistola
1021 5509 1159 5584 I,._5,
1192 5512 1248 5574 4,
1282 5510 1334 5573 7,
1367 5510 1523 5579 hujus
1549 5504 1706 5578 libri}
1736 5524 1791 5569 et
1819 5517 1911 5571 lib.
1945 5533 2039 5584 vn,

476 5576 635 5655 epist.
670 5576 720 5639 1,
752 5580 809 5655 (i,_
837 5578 1019 5655 7,.12;
1051 5579 1279 5655 Ιὶὺηγιιε,
1312 5576 1469 5655 epist.
1494 5576 1781 5655 9;7llb.le,
1805 5587 1960 5655 epist.
1981 5576 2035 5642 ‘2.

548 5644 573 5682 δ
606 5646 924 5723 Imperisui
955 5650 1116 5723 lines.
1137 5644 1430 5721 Gothorum
1459 5652 1509 5707 in
1538 5654 1708 5708 Gallia
1737 5644 1923 5723 primae
1950 5673 2037 5714 se-

474 5715 573 5768 des
607 5718 657 5768 in
692 5717 1035 5791 Septinninia.
1084 5716 1212 5785 Quo~
1244 5726 1456 5776 nomine
1506 5715 1929 5791 prinnnn'dictus
1956 5741 2037 5784 est

476 5798 640 5850 pagus
670 5797 720 5840 et
747 5803 870 5857 ager
900 5789 1232 5845 Bitet‘t‘eusis.
1268 5792 1396 5845 Nam
1442 5789 1731 5849 ut‘Arelate
1771 5798 2034 5855 Sextano—

2160 1952 2376 2007 reducta
2412 1953 2769 2019 concordiam.
2801 1955 3061 2022 Quocirca
3083 1957 3215 2011 satis
3243 1966 3294 2013 te
3316 1958 3415 2013 toti
3440 1976 3619 2028 suum,
3650 1976 3733 2016 ss-

2158 2044 2228 2099 tis
2250 2059 2309 2099 se
2335 2046 2430 2099 toti
2463 2054 2582 2100 tuos
2607 2046 2871 2100 aestimant
2904 2065 2915 2098 :
2941 2056 3016 2110 et,
3040 2064 3158 2117 qum
3180 2050 3348 2119 gloria
3387 2060 3473 2106 tua
3506 2052 3731 2107 maxima

2161 2142 2267 2199 est,
2320 2135 2535 2190 minime
2578 2136 2853 2191 falluntur.
2898 2136 3224 2193 Obversatur
3260 2140 3457 2195 etenim
3500 2156 3594 2212 per
3619 2142 3734 2199 dies

2162 2228 2428 2281 mentibus
2478 2228 2846 2294 singulorum;
2895 2228 3034 2297 quod
3080 2244 3303 2299 persona
3343 2240 3501 2285 relate
3530 2234 3728 2303 gravis,

2155 2318 2468 2373 infirmitate
2498 2317 2721 2388 fragilis,
2748 2319 3026 2375 nobilitate
3056 2321 3317 2385 sublimis,
3348 2322 3607 2392 religione
3639 2339 3729 2379 ve-

2154 2411 2432 2474 nerabilis,
2458 2412 2625 2466 solius
2653 2411 2960 2467 dilectionis
2981 2413 3221 2479 obtentu,
3250 2416 3507 2491 abrupisti
3540 2425 3615 2471 tot
3645 2434 3726 2474 re-

2154 2501 2364 2571 pagula,
2412 2510 2489 2556 tot
2516 2501 2751 2571 obiectas
2781 2504 3027 2559 veniendi
3064 2504 3404 2560 difficultates
3434 2524 3447 2560 :
3482 2508 3729 2564 itinerum

2151 2593 2399 2649 videlicet
2445 2594 2850 2664 longitudinem,
2898 2596 3213 2651 brevitatem
3251 2598 3482 2665 dierum,
3528 2601 3728 2656 nivium

2154 2686 2386 2755 copiam,
2428 2685 2707 2751 penuriam
2750 2687 3089 2755 pabulorum,
3133 2688 3439 2743 latitudines
3480 2690 3725 2745 solitudi-

2152 2771 2301 2841 num,
2349 2779 2623 2847 angustias
2651 2780 3009 2845 mansionum,
3058 2780 3264 2835 viarum
3301 2784 3603 2852 voragines,
3635 2794 3723 2840 aut

2131 2867 2378 2924 .hlmore
2410 2870 2659 2925 imbrium
2692 2880 2897 2939 putres,
2935 2880 3024 2925 aut
3068 2870 3322 2939 frigorum
3364 2873 3606 2929 siccitate
3634 2877 3727 2930 tri-

2152 2960 2372 3016 bulosas
2406 2976 2419 3012 :
2448 2960 2514 3015 ad
2553 2960 2654 3016 hoc
2695 2972 2782 3015 aut
2812 2976 3034 3031 aggeres
3064 2962 3208 3017 saxis
3236 2977 3480 3032 asperos,
3506 2974 3599 3019 aut
3630 2964 3724 3021 ﬂu-

2150 3050 2267 3107 vios
2296 3050 2413 3120 gelu
2444 3050 2699 3116 lubricos,
2725 3060 2814 3106 aut
2842 3052 3008 3107 colles
3035 3067 3260 3108 ascensu
3282 3055 3607 3123 salebrosos,
3633 3067 3724 3112 aut

2151 3145 2316 3200 valles
2350 3145 2593 3214 lapsuum
2636 3144 2947 3201 assiduitate
2975 3146 3194 3201 derasas
3226 3165 3237 3199 :
3268 3162 3363 3215 per
3402 3165 3520 3219 quae
3545 3152 3722 3205 omnia

2075 3225 2123 3289 ο
2153 3238 2510 3303 incommoda,
2561 3239 2680 3307 quia
2717 3253 2820 3293 non
2865 3239 3126 3308 privatum
3165 3241 3504 3296 commodum
3540 3243 3721 3313 requi-

2150 3328 2347 3395 rebas,
2400 3343 2642 3383 amorem
2694 3328 2964 3398 publicum
3015 3330 3265 3386 retulisti.
3310 3332 3459 3400 Quod
3514 3344 3719 3399 restat,

2149 3418 2316 3472 Deum
2350 3432 2647 3486 precamur,
2694 3427 2753 3472 ut
2795 3421 2891 3473 εθνὶ
2923 3420 3082 3475 metis
3118 3421 3411 3476 secundum
3442 3431 3568 3478 vota
3599 3439 3721 3493 pro~

2154 3508 2334 3575 metis,
2384 3508 2641 3562 bonorum
2678 3509 2941 3565 amicitias
2989 3509 3299 3566 indefessim
3336 3521 3575 3582 expetas,
3633 3529 3721 3568 ca-

2147 3603 2287 3674 pias,
2324 3602 2565 3659 referas:
2596 3615 2952 3674 sequaturque
2999 3614 3049 3661 te
3084 3605 3313 3671 affectio,
3358 3623 3516 3678 quam
3561 3608 3722 3664 relin-

2144 3797 2285 3849 rum,
2316 3790 2369 3838 et
2392 3782 2587 3836 Forum
2618 3781 2815 3836 Julium
2838 3784 3227 3838 Oetavanorum
3255 3799 3548 3852 cognomen
3584 3784 3717 3839 tule-

2145 3861 2272 3908 runt
2300 3869 2327 3905 a
2372 3854 2689 3923 militaribus
2730 3856 2953 3907 coloniis
3000 3864 3165 3907 sextre
3197 3854 3279 3908 vel
3313 3865 3514 3907 octava:
3547 3856 3717 3923 legio-

2146 3925 2263 3989 nis;
2305 3924 2382 3977 sic
2418 3922 2637 3977 Biterrre
2682 3939 2773 3977 seu
2820 3925 3023 3977 Bmtirm
3065 3925 3515 3989 Septimanorum,
3553 3922 3720 3979 Plinio

2145 4004 2301 4054 teSte,
2343 4004 2396 4047 et
2426 3992 2668 4047 subditus
2706 3994 2819 4047 urbi
2850 4010 2975 4061 ager
3003 3995 3368 4061 Septimanize.
3406 3997 3577 4064 Atque
3620 3999 3719 4048 hoc

2144 4078 2304 4118 sensu
2328 4063 2703 4135 Aphrodisium
2739 4064 3139 4119 Bitterrensium
3165 4066 3215 4118 in
3251 4063 3574 4134 Septimania
3608 4067 3718 4134 pri—

2144 4135 2624 4205 mumiepiscoputn
2668 4147 2965 4205 memorant
2990 4135 3206 4204 antiqua
3234 4136 3635 4205 tnartyrologia,
3666 4144 3719 4190 et

2146 4202 2261 4256 Vita
2290 4204 2543 4257 Ludovici
2569 4204 2643 4258 Pii
2680 4204 2933 4258 Vadalatn
2962 4202 3340 4259 monasterium
3373 4202 3425 4260 in
3458 4202 3719 4273 Septima-

2143 4274 2251 4327 nia.
2282 4274 2449 4345 Porro
2497 4275 2699 4327 Gothos
2738 4275 2795 4345 in
2832 4289 2897 4329 eo
2928 4274 3155 4342 primum
3192 4276 3483 4345 provinciae
3514 4276 3719 4329 Narbo-

2143 4344 2323 4413 nensis
2352 4352 2521 4396 trartu
2552 4344 2880 4408 consedisse,
2913 4360 3012 4400 nec
3040 4344 3233 4400 desunt
3256 4347 3347 4413 qui
3373 4347 3629 4406 scribant,
3665 4354 3720 4399 et

2142 4410 2298 4487 iidem
2336 4413 2536 4487 faciunt
2563 4426 2682 4487 qua:
2710 4413 2778 4468 de
2801 4414 2904 4487 illis
2934 4425 3119 4487 narrat
3138 4410 3551 4487 Olympiodorus
3580 4415 3719 4469 The-

2146 4481 2292 4554 Iimus
2323 4481 2473 4554 apud
2498 4482 2764 4536 Photium.
2790 4483 2965 4550 Quare
3006 4485 3120 4540 haec
3150 4481 3375 4554 primum
3403 4487 3502 4540 fuit
3542 4488 3719 4554 Septi-

2070 4580 2121 4639 D
2148 4551 2692 4639 [naniaGothorumt
2725 4562 2906 4639 postea
2947 4551 3240 4639 nomen‘ad
3284 4565 3447 4639 totam
3496 4551 3719 4639 primam

2150 4620 2582 4697 Narbonensem_
2606 4624 2924 4697 transfusum
2962 4635 3065 4697 est,
3107 4642 3264 4695 quam
3300 4620 3558 4697 hodieque
3597 4626 3719 4680 Lin-

2188 4690 2459 4744 uaduciam
2486 4709 2513 4745 a
2543 4690 2729 4765 Gothis
2756 4693 2857 4765 diei
2891 4695 3093 4765 volunt,
3125 4690 3274 4765 quasi
3310 4690 3716 4765 Laudgothiam.

2177 4777 2207 4812 n
2235 4763 2752 4838 testantento_Caroli
2782 4763 2951 4838 Magni
2982 4783 2992 4818 :
3020 4763 3237 4838 Partem
3266 4763 3585 4838 Burgundio:
3606 4783 3668 4819 cu
3692 4785 3719 4816 η

2147 4832 2423 4906 provincia,
2453 4842 2498 4906 et
2530 4833 2848 4906 Septimania
2870 4832 2976 4906 sive
3007 4835 3214 4898 Gothia,
3245 4832 3403 4906 usque
3428 4838 3496 4890 ad
3530 4837 3719 4904 Hispa-

2148 4901 2287 4975 niam
2321 4900 2571 4975 Pippinus
2603 4900 2836 4975 accipiet.
2867 4904 2939 4959 Ita
2982 4915 3035 4958 et
3072 4900 3365 4975 Gregorius
3396 4900 3717 4969 'I'uronic'us,

2145 4969 2613 5045 JonashAurelian.
2646 4969 2954 5038 Nithardus,
2986 4969 3218 5030 Joannes
3249 4975 3378 5040 VIII,
3409 4976 3568 5045 epist.
3595 4978 3716 5041 111,

2144 5048 2202 5164 ﬁt
2242 5041 2355 5162 ςίιὶἱ,
2410 5042 2789 5123 Septimaniam
2838 5055 3091 5115 perpetuo
3135 5057 3353 5100 sumunt
3397 5041 3493 5116 pro
3551 5047 3716 5116 prima

2197 5126 2498 5164 iriouensn

2197 5126 2498 5166 πυοιιεηει.

2222 5190 2255 5256 °_
2280 5180 2643 5256 Lugdunensi,
2671 5192 2741 5256 ut
2787 5184 3099 5256 adnotatum
3145 5195 3226 5239 est
3260 5186 3355 5240 lib.
3396 5202 3436 5253 t,
3477 5187 3634 5256 epist.
3672 5187 3716 5241 I.

2145 5248 2521 5320 Scripta'post
2566 5253 2897 5307 obsidionem
2939 5255 3084 5309 urbis
3136 5248 3432 5319 Arvernae,
3492 5248 3613 5311 cum
3657 5271 3716 5311 eo

2144 5317 2783 5396 Constant—iusLugdune
2821 5324 3071 5377 venisset.
3108 5325 3283 5393 Quare
3325 5317 3428 5381 iter
3474 5342 3716 5396 asperum

2149 5390 2288 5465 quod
2331 5390 2625 5465 discribit,
2661 5394 2786 5446 illud
2832 5404 2913 5446 est
2952 5398 3089 5464 quod
3133 5390 3256 5465 '39
3303 5390 3616 5465 Lugdunum
3664 5406 3715 5451 et

2149 5463 2420 5532 Arvernos
2462 5462 2740 5529 iuterjacet
2773 5480 2783 5516 ε
2817 5462 3299 5532 qttod‘quideui'iu
3342 5462 3544 5521 Tabula
3589 5469 3716 5521 l’eu-

2146 5530 2463 5598 tingeriaua,
2499 5532 2593 5585 sed
2624 5530 2879 5601 longiore,
2934 5542 2991 5588 ut
3020 5530 3071 5588 iu
3101 5536 3200 5588 viis
3246 5536 3564 5591 militaribus
3605 5553 3715 5589 Inus

2143 5607 2244 5677 est,
2274 5601 2519 5677 anfractu
2563 5602 2870 5677 designatur
2899 5606 2998 5677 hoc
3038 5606 3194 5660 modo
3225 5621 3237 5658 :
3270 5606 3545 5677 Lugdune,
3586 5606 3715 5659 Foro

2146 5667 2565 5742 Segusianorunt
2604 5667 2721 5737 xvt,
2768 5674 3064 5728 Mediolano
3110 5692 3210 5742 xv,
3271 5667 3558 5731 Raldomn-i
3602 5694 3715 5737 xxi.

2144 5738 2367 5790 Ariolica
2392 5754 2484 5805 xu,
2527 5740 2751 5813 Vorogio
2781 5760 2887 5811 xiv,
2916 5746 3073 5811 Aquit
3103 5738 3297 5800 Calidis
3328 5762 3442 5812 vm,
3470 5750 3716 5803 Auaus'o-

2142 5822 2285 5861 κονηι
2308 5822 2439 5863 χιιι.
