4078 6348
360 344 460 406 O97

1586 340 2062 398 EPIS'I‘OLARUM
2105 341 2234 397 LIB.
2277 342 2363 399 III.

3526 347 3632 404 ιρις

358 460 476 530 quis
508 475 523 511 τ
556 465 611 512 et
654 455 874 510 initiatae
911 464 1007 523 per
1051 458 1104 507 te
1142 447 1448 520 ubicunque
1476 453 1683 520 grati-.12,
1717 454 1934 523 longum
1968 457 2017 517 Α
2046 456 2234 509 strium
2284 455 2581 512 madeLcta
2632 448 2921 512 sudoribus
2964 454 3130 511 fulcra
3180 457 3510 527 resupinant,
3544 460 3630 513 alii

360 549 453 605 tibi
501 547 881 603 redhibeantur
921 558 1082 613 quam
1126 541 1487 607 fundamenta,
1543 552 1647 597 tam
1682 544 1939 598 culmina.

362 640 511 696 Vale.

859 728 967 800 εδ
996 726 1331 784 EPISTULA
1360 728 1451 784 Ill.

680 820 928 877 Sidonius
958 830 984 856 ει
1012 819 1221 875 Ecdicio
1257 837 1353 875 suo
1382 821 1619 875 salutem.

432 918 486 973 Si
514 916 748 987 quando,
779 930 920 970 nunc
958 916 1187 970 maxime
1219 916 1476 971 Arvernis
1512 915 1647 970 meis
1669 914 1949 970 desidera-

364 1016 456 1076 r's,
485 1010 678 1082 quibus
694 1007 909 1064 dilectio
934 1008 1009 1063 tui
1039 1008 1273 1063 immane
1300 1008 1624 1072 dominatur,
1651 1017 1706 1063 et
1735 1008 1947 1077 quidem

364 1103 751 1176 multiplicibus
790 1118 855 1158 ex
902 1103 1103 1158 causis.
1157 1104 1393 1158 Primum
1440 1102 1581 1173 quod
1622 1118 1856 1157 summas
1897 1103 1950 1157 in

366 1199 559 1251 all‘ectu
605 1204 782 1266 partes
822 1195 946 1264 jure
984 1195 1085 1248 sibi
1134 1209 1282 1261 usuri
1304 1203 1357 1247 at
1405 1203 1546 1249 terra
1591 1210 1710 1264 qua:
1746 1196 1949 1264 genuit.

368 1291 500 1347 Dein
525 1290 666 1360 quod
696 1288 896 1344 sarcqu
921 1297 1011 1342 tuo
1035 1288 1179 1343 solus
1212 1286 1381 1343 ferme
1406 1289 1710 1341 mortalium
1749 1302 1829 1352 es,
1861 1289 1950 1357 qui
1996 1308 2003 1311 ·

369 1381 557 1453 patria:
583 1396 691 1436 non
733 1379 909 1435 minus
937 1378 1191 1434 desiderii
1234 1380 1553 1440 nasciturus.
1589 1394 1746 1449 quam
1777 1376 1951 1447 gaudii

370 1483 527 1531 natus
549 1472 761 1529 feceris.
794 1471 1168 1540 Astipulantur
1189 1473 1411 1525 assertis
1430 1471 1657 1525 materni
1683 1468 1951 1539 quondam

372 1566 644 1639 puerperii
692 1574 952 1633 tempora,
1004 1578 1124 1633 qua}
1170 1562 1481 1633 proficiente
1522 1572 1785 1632 conceptu
1827 1577 1954 1616 con-

373 1656 720 1714 cordantibus
748 1654 945 1710 civium
988 1655 1128 1707 votis
1166 1654 1605 1710 numerabantur.
1636 1652 1834 1708 Omitto
1864 1654 1954 1708 illa

375 1748 679 1805 communia
709 1746 947 1817 quidem,
981 1744 1075 1800 sed
1108 1760 1226 1815 qua:
1263 1761 1368 1800 non
1398 1745 1689 1801 mediocria
1718 1746 1956 1801 caritatis

2054 548 2119 601 de
2141 563 2375 601 concavo
2405 547 2495 599 tibi
2528 548 2750 602 cassidis
2781 549 2991 602 exituro
3024 546 3280 601 flexilium
3314 549 3628 602 laminarum

2054 640 2260 693 vincula
2301 640 2623 704 diffibulant,
2666 641 2756 694 alii
2788 640 3127 710 explicandis
3168 656 3446 695 ocrearum
3489 645 3635 696 nexi-

2055 731 2152 786 bus
2199 732 2561 800 implicantur,
2608 733 2696 787 alii
2739 732 3109 787 hebetatorum
3150 733 3299 788 caede
3338 734 3633 802 gladiorum

2054 827 2223 882 latera
2255 826 2467 881 dentata
2520 836 2923 895 pernumerant,
2968 826 3057 879 alii
3085 828 3264 880 cresim
3296 837 3455 894 atque
3500 844 3635 894 pun-

2056 920 2181 974 etim
2217 920 2565 972 foraminatos
2590 916 2824 971 circulos
2855 918 3137 972 loricarum
3171 918 3352 988 digitis
3380 920 3638 972 livescen-

2057 1011 2197 1065 tibus
2230 1011 2541 1064 metiuntur.
2576 1009 2672 1063 IIic
2700 1009 2825 1064 licet
2847 1009 2999 1064 multi
3030 1010 3394 1078 coiizplexibus
3426 1020 3634 1064 tuorum

2057 1103 2412 1170 tripudiantes
2440 1103 2543 1173 67
2594 1099 3050 1165 adhaerescerent,
3100 1103 3149 1155 in
3183 1111 3234 1156 te
3267 1103 3529 1155 maximus
3562 1113 3638 1153 ta-

2057 1210 2178 1248 mrn
2232 1194 2428 1247 laetitirc
2472 1191 2745 1261 popularis
2797 1190 3027 1260 impetus
3071 1192 3461 1260 congerebatur
3489 1212 3498 1242 :
3528 1202 3639 1245 tan-

2058 1287 2287 1356 demque
2318 1286 2367 1339 in
2394 1285 2602 1339 turbam
2636 1285 2893 1338 inermem
2926 1284 3141 1353 quidem
3172 1299 3418 1347 veneras,
3446 1284 3538 1337 sed
3568 1283 3637 1337 de

2057 1396 2159 1450 qua
2202 1388 2254 1433 te
2285 1394 2383 1433 nec
2428 1386 2665 1432 armatus
2694 1376 2968 1431 evolveres
2997 1395 3008 1428 :
3044 1376 3359 1445 ferebasque
3389 1376 3637 1431 nimirum

2058 1473 2331 1541 eleganter
2375 1472 2602 1539 ineptias
2642 1468 3029 1539 gratulantum;
3076 1478 3131 1522 et
3176 1468 3301 1522 dum
3344 1472 3639 1523 irruentuut

2060 1564 2387 1617 tumultuoso
2423 1561 2671 1630 diriperis
2700 1560 2979 1629 amplexu,
3011 1574 3077 1614 co
3107 1558 3433 1613 conditionis
3462 1574 3640 1614 acces-

2059 1670 2231 1721 seras,
2266 1656 2538 1725 pilssinms
2572 1654 2765 1721 publici
2795 1654 2991 1707 amoris
3014 1654 3299 1721 interpres,
3333 1660 3389 1706 ut
3423 1667 3642 1707 necesse

2061 1756 2209 1805 esset
2238 1747 2311 1802 illi
2346 1748 2649 1802 uberiorem
2682 1748 2882 1801 referre
2914 1758 2963 1800 te
2985 1748 3234 1816 gratiam,
3268 1746 3356 1814 qui
3389 1744 3482 1799 tibi
3516 1745 3645 1799 libe—

376 1843 723 1899 incitamenta
766 1848 909 1903 sunt,
938 1838 1091 1893 istius
1121 1837 1212 1893 tibi
1244 1847 1478 1907 reptatas
1507 1838 1725 1907 cespitis
1750 1837 1951 1907 glebas.

2077 1846 2258 1897 iorem
2291 1843 2504 1897 fecisset
2546 1842 2818 1911 injuriam.
2855 1840 3033 1896 Taceo
3064 1840 3319 1910 deinceps
3360 1840 3646 1909 collegi~se

378 1935 651 1990 Praetereo
699 1929 839 2001 quod
884 1931 998 1985 lucc
1042 1930 1272 2000 primum
1315 1931 1555 1999 gramina
1598 1929 1832 1997 incessu,
1862 1928 1961 1983 flu-

378 2025 523 2082 mina
555 2032 762 2089 natatu,
807 2031 1000 2077 venatu
1042 2036 1260 2076 nemora
1302 2020 1529 2091 fregisti.
1576 2020 1777 2076 Omitto
1819 2020 1961 2091 quod

320 2150 330 2159 -
380 2116 466 2172 hic
495 2118 723 2185 primum
752 2111 846 2168 tibi
872 2113 998 2183 pila,
1022 2127 1241 2183 pyrgus,
1264 2112 1540 2182 accipiter,
1564 2114 1739 2179 eanis,
1771 2126 1959 2179 equus,

381 2222 539 2265 arcus
572 2208 699 2263 ludo
728 2206 900 2262 fuere.
926 2205 1076 2261 Mitto
1099 2206 1216 2260 istic
1248 2205 1318 2260 ob
1339 2206 1563 2275 gratiam
1596 2206 1837 2274 pueritia:
1860 2214 1965 2259 tua:

383 2302 619 2371 undique
646 2299 883 2370 gentium
917 2296 1241 2353 confluxisse
1275 2298 1448 2352 studia
1481 2296 1801 2361 litterarum,
1836 2303 1964 2349 tua:-

385 2408 491 2465 que
514 2405 761 2463 persona:
786 2388 1053 2460 quondam
1083 2388 1343 2454 debitum,
1376 2388 1516 2459 quod
1551 2389 1818 2443 sermonis
1848 2386 1969 2444 Cel-

389 2486 476 2541 tici
492 2497 764 2554 squamam
779 2481 1086 2551 depositura
1105 2480 1376 2548 nobilitas,
1396 2494 1535 2534 nunc
1554 2479 1786 2534 oratorio
1804 2478 1964 2549 stylo,

360 2606 363 2609 -
389 2594 530 2636 nunc
555 2577 716 2632 etiam
742 2574 1128 2631 cammnalibus
1158 2572 1332 2628 modis
1357 2573 1716 2628 imbuebatur.
1751 2572 1884 2627 Illud
1915 2572 1968 2627 in

393 2681 446 2727 te
472 2671 718 2725 affectum
749 2666 1119 2738 principaliter
1145 2665 1515 2721 universitatis
1537 2665 1801 2731 accendit,
1827 2663 1969 2736 quod

389 2776 525 2833 quos
548 2759 677 2815 olim
708 2760 927 2814 Latinos
958 2757 1072 2813 fieri
1099 2772 1383 2827 exegeras,
1424 2758 1685 2813 barbaros
1716 2757 1972 2825 deinceps

390 2868 510 2907 esse
533 2853 768 2908 vetuisti.
801 2850 917 2906 Non
942 2851 1084 2906 enim
1111 2860 1288 2921 potest
1312 2864 1548 2919 unquam
1576 2848 1760 2905 civicis
1792 2860 1974 2919 pecto-

394 2945 541 3001 ribus
566 2943 727 3012 elabi,
754 2957 912 3013 quem
936 2949 1010 3007 te,
1035 2949 1399 3012 quantumque
1426 2955 1594 3011 nuper
1617 2941 1791 2995 omnis
1814 2948 1965 3005 retas,

393 3035 547 3101 ordo,
575 3050 735 3091 sexus
766 3049 797 3089 e
824 3032 1096 3089 semirutis
1126 3046 1397 3088 murormn
1436 3030 1716 3103 aggeribus
1748 3031 1965 3100 conspi-

392 3126 674 3194 cabantur,
723 3139 845 3180 cum
885 3123 1179 3194 interiectis
1210 3125 1513 3194 aequoribus
1572 3124 1625 3178 in
1684 3124 1968 3177 adversum

2067 1946 2121 1991 te
2146 1936 2366 2007 privatis
2398 1935 2602 1989 vitibus
2641 1933 2838 2001 publici
2868 1933 3139 1988 exercitus
3179 1933 3437 2002 speciem,
3472 1934 3647 2000 parvis

2066 2029 2405 2082 extrinsecus
2437 2026 2695 2095 majorum
2739 2027 2931 2095 Opibus
2969 2024 3228 2094 adjutum,
3275 2032 3328 2078 ct
3369 2022 3650 2078 inferiores

2070 2120 2302 2174 hostium
2332 2129 2453 2173 ante
2480 2116 2755 2172 discursus
2791 2116 3061 2185 castigatis
3087 2116 3395 2170 coercuisse
3426 2114 3651 2184 popula~

2072 2214 2233 2268 tibus.
2275 2211 2450 2266 Taceo
2508 2222 2561 2267 te
2600 2211 2807 2279 aliquot
2845 2211 3256 2279 superventibus
3291 2225 3491 2265 cuneos
3540 2226 3651 2264 ma-

2073 2314 2248 2359 classe
2277 2304 2555 2370 turmales,
2588 2318 2619 2357 e
2647 2317 2871 2356 nurnero
2903 2310 3112 2356 tuorum
3144 2302 3231 2355 vix
3255 2301 3390 2355 binis
3418 2301 3653 2355 ternisve

2077 2406 2197 2468 post
2222 2398 2463 2467 praelium
2495 2394 2816 2450 desideratis
2843 2410 2857 2446 :
2881 2404 2934 2448 et
2966 2404 3168 2448 tantum
3215 2393 3536 2447 calamitatis
3561 2391 3655 2447 ad~

2072 2503 2239 2543 versa:
2265 2488 2427 2556 partis
2451 2484 2738 2555 inopinatis
2761 2484 3147 2541 certaminibus
3178 2484 3459 2543 inflictunt.
3484 2492 3541 2536 ut
3566 2497 3659 2535 oc-

2072 2581 2251 2636 culere
2280 2594 2543 2633 caesorum
2585 2578 3024 2632 numerositatem
3069 2576 3297 2630 consilio
3327 2574 3659 2629 deformiore

2075 2673 2487 2728 meditarentur.
2520 2670 2798 2740 Siquidem
2829 2685 2965 2739 quos
3005 2668 3216 2723 humari
3249 2683 3354 2722 nos
3391 2666 3660 2722 succincta

2079 2764 2451 2838 prohibuerat,
2480 2763 2834 2819 decervicatis
2875 2763 3077 2832 liqui-re
3117 2762 3467 2817 cadaveribus
3496 2779 3509 2815 :
3544 2771 3661 2815 tan-

2077 2877 2234 2930 quam
2272 2860 2496 2914 tuinoris
2541 2860 2721 2913 indicii
2754 2858 2915 2923 foret,
2957 2873 3113 2927 quam
3146 2858 3287 2929 villis
3314 2856 3529 2925 agnosci
3555 2856 3665 2909 cri-

2081 2954 2277 3015 nitum,
2310 2948 2581 3004 dimisisse
2614 2958 2937 3003 truncatum.
2971 2947 3073 3015 Qui
3119 2956 3394 3017 postquam
3423 2948 3539 2998 luce
3581 2958 3661 2998 re-

2083 3046 2282 3105 voluta,
2327 3042 2708 3098 intellexerunt
2739 3042 2936 3095 furtum
2970 3042 3140 3094 ruina:
3166 3054 3278 3093 sua:
3315 3037 3520 3093 crudeli
3550 3037 3664 3090 vili-

2084 3147 2193 3192 tate
2224 3134 2494 3205 patuisse;
2527 3142 2637 3187 tum
2669 3132 2882 3187 demum
2916 3131 3093 3201 palam
3123 3129 3316 3185 officiis
3344 3127 3663 3199 exsequiali~

392 3220 796 3293 perambulatis,
822 3228 877 3274 et
906 3219 991 3274 vix
1024 3216 1051 3258 δ
1094 3217 1460 3289 duodeviginti
1482 3218 1592 3289 66
1622 3216 1861 3288 equitum
1892 3231 1981 3271 δυο
2006 3216 2053 3279 C
2096 3230 2192 3281 l.us
2221 3225 2643 3294 occupabantur,
2688 3240 2793 3278 non
2844 3224 3014 3293 magis
3041 3224 3247 3277 cladem
3296 3219 3481 3275 fraude
3508 3234 3667 3289 quam

399 3313 623 3369 dalitate
664 3313 974 3378 comitatus,
1022 3313 1227 3383 aliquot
1280 3312 1444 3367 millia
1490 3310 1819 3375 Gothorum;
1872 3325 1977 3366 non

397 3411 577 3464 minus
599 3408 685 3463 die
732 3421 889 3477 quam
920 3419 1112 3476 campo
1141 3404 1319 3460 medio
1347 3403 1509 3477 (quod
1538 3402 1758 3458 difﬁcile
1786 3404 1855 3461 sit
1885 3418 1981 3472 pu-

396 3502 610 3557 steritas
657 3499 949 3570 creditura)
992 3499 1249 3554 transisti.
1293 3499 1373 3554 Ad
1406 3498 1639 3553 nominis
1678 3497 1752 3551 tui
1796 3511 1978 3552 rumo-

397 3608 512 3648 rem
556 3607 906 3663 personazque
955 3601 1324 3661 conspectum,
1364 3592 1661 3646 exercitum
1716 3590 1979 3645 exercita-

398 3686 659 3741 tissimum
706 3696 893 3757 stupor
921 3686 1099 3742 obruit
1126 3702 1139 3738 :
1174 3686 1243 3740 ita
1272 3695 1326 3739 ut
1361 3700 1473 3753 prte
1499 3684 1852 3738 admiratione
1882 3700 1979 3736 ne-

399 3778 599 3833 scirent
627 3776 793 3833 duees
823 3777 991 3847 partis
1031 3776 1282 3842 inimicae,
1311 3790 1468 3846 quam
1507 3790 1565 3831 se
1586 3776 1761 3842 multi,
1794 3790 1984 3846 quam-

399 3884 502 3937 que
530 3878 581 3925 te
609 3870 764 3939 pauci
806 3870 1211 3924 comitarentur.
1246 3870 1517 3924 Subducta
1558 3878 1641 3923 est
1681 3877 1787 3923 tota
1816 3870 1984 3938 proti-

401 3979 500 4019 nus
541 3965 687 4019 acies
725 3964 778 4018 in
827 3963 1173 4034 supercilium
1214 3963 1371 4018 collis
1405 3962 1616 4033 abrupti
1651 3981 1662 4015 ε
1695 3978 1816 4033 qua:
1862 3977 1981 4017 cum

403 4056 551 4126 prius
593 4056 857 4125 applicata
902 4063 1048 4110 esset
1076 4054 1481 4126 oppugnationi,
1532 4063 1583 4110 te
1609 4055 1725 4109 viso
1764 4069 1869 4107 non
1904 4062 1986 4108 est

402 4148 660 4217 explicata
710 4149 1046 4217 congressui.
1116 4147 1321 4202 Interea
1378 4156 1432 4201 tu
1487 4147 1642 4201 caesis
1687 4145 1987 4215 quibusque

404 4240 639 4310 optimis,
672 4256 827 4311 quos,
861 4241 1181 4295 novissimos
1228 4239 1425 4311 agmini
1471 4254 1575 4295 non
1620 4238 1851 4311 ignavia,
1891 4239 1984 4293 sed

402 4333 623 4387 audacia
677 4333 899 4397 fecerat,
952 4331 1112 4387 nullis
1150 4342 1361 4387 tuorum
1411 4332 1705 4387 certamine
1748 4347 1811 4386 ex
1841 4341 1988 4385 tanto

402 4424 742 4490 desideratis,
788 4425 933 4479 solus
962 4425 1179 4495 planitie
1220 4441 1380 4495 quam
1425 4425 1786 4495 patentissima
1819 4427 1987 4493 potie-

404 4518 555 4583 bare,
586 4533 707 4573 cum
737 4518 830 4572 tibi
874 4533 978 4573 non
1012 4519 1167 4573 daret
1196 4528 1273 4573 tot
1303 4534 1475 4589 pugna
1509 4519 1705 4584 socios,
1742 4528 1873 4588 quot
1900 4534 1989 4571 so-

2083 3316 2325 3374 fraudem
2363 3316 2702 3371 festinatione
2734 3315 2970 3370 celantes
3001 3330 3015 3368 :
3048 3314 3126 3368 sic
3164 3323 3363 3377 tamen,
3393 3310 3533 3381 quod
3572 3326 3670 3364 uec

2085 3427 2209 3468 ossa
2254 3410 2583 3465 tumultuarii
2620 3409 2842 3479 cespitis
2882 3408 3023 3463 mole
3069 3406 3447 3462 tumulabant:
3476 3403 3669 3474 quibus

2086 3518 2188 3560 nec
2216 3502 2376 3558 elutis
2404 3502 2750 3566 ve~timenta,
2794 3515 2893 3555 nec
2932 3498 3141 3556 vestitis
3185 3498 3428 3568 sepulcra
3469 3497 3673 3551 tribue-

2086 3597 2234 3659 bant,
2263 3595 2405 3665 juste
2458 3594 2535 3649 sic
2581 3594 2806 3649 mortuis
2836 3595 2961 3648 talia
2992 3593 3136 3663 justi
3182 3593 3473 3647 solves-tes.
3511 3589 3670 3645 Iace-

2094 3688 2229 3742 bant
2277 3701 2504 3755 corpora
2548 3686 2782 3754 undique
2826 3668 3074 3741 locorum
3112 3685 3368 3755 plaustris
3415 3696 3674 3737 convecra

2094 3779 2399 3836 rorantibus
2432 3796 2443 3831 :
2472 3794 2590 3847 quae
2630 3778 2878 3847 quoniam
2915 3778 3178 3847 perculsis
3208 3777 3318 3847 68
3361 3776 3673 3830 indesinen-

2096 3879 2178 3926 ter
2204 3868 2565 3932 incumberes,
2597 3870 2788 3937 raptim
2819 3870 3094 3923 succensis
3115 3870 3364 3922 conclusa
3389 3866 3675 3921 domiciliis

2094 3963 2386 4019 culminum
2431 3961 2891 4029 superlabentium
2940 3962 3209 4031 rogalibus
3246 3958 3555 4030 fragmentis
3597 3959 3675 4012 [ιι⁴

2093 4053 2437 4109 nerabantur.
2472 4051 2578 4107 Sed
2608 4050 2734 4120 quid
2781 4067 2880 4121 ego
2912 4051 3009 4105 ista
3046 4051 3160 4105 haec
3184 4050 3330 4119 justo
3374 4046 3674 4116 plusculum

2088 4146 2305 4217 garrio?
2331 4143 2422 4213 qui
2467 4142 2706 4196 laborum
2743 4152 2953 4196 tuorum
2990 4156 3098 4195 non
3127 4157 3190 4194 ex
3240 4154 3362 4195 asse
3393 4137 3671 4193 historiam

2092 4248 2304 4302 texere,
2336 4235 2431 4291 sed
2464 4248 2560 4306 pro
2598 4246 2749 4304 parte
2780 4237 3093 4295 memoriam
3132 4231 3309 4287 facere
3336 4228 3674 4299 praesumpsi,

2090 4349 2195 4402 quo
2220 4330 2391 4399 magis
2422 4328 2674 4383 crederes
2708 4328 2845 4381 votis
2874 4338 3119 4391 tuorum;
3145 4339 3369 4395 quorum
3406 4328 3678 4391 exspecta-

2091 4429 2230 4482 tioni
2261 4426 2575 4497 (egresceuti
2608 4425 2754 4479 nulla
2798 4424 3068 4480 salubrius
3112 4425 3389 4491 ociusque,
3422 4436 3577 4491 quam
3606 4419 3680 4476 tui

2093 4522 2361 4577 adventus
2393 4519 2631 4575 remedia
2674 4518 3105 4573 medicabuntur.
3156 4517 3319 4586 Igitur
3351 4517 3395 4570 si
3422 4515 3548 4585 quid
3581 4528 3683 4568 no~

408 4610 485 4665 let
532 4625 715 4665 mensa
747 4611 1023 4666 convivas.
1075 4610 1341 4680 "inciam
1382 4627 1477 4680 per
1522 4610 1690 4665 otium
1721 4609 1772 4663 in
1804 4609 1985 4664 urbem
2016 4589 2072 4651 θ
2097 4620 2340 4671 sti-auum
2377 4615 2682 4685 precatibus
2726 4613 3042 4682 acquiescis,
3088 4621 3323 4667 actutum
3373 4611 3423 4665 in
3460 4608 3683 4678 patriam

414 4700 619 4768 reduci,
640 4701 763 4771 quid
784 4702 880 4757 tibi
904 4702 1114 4757 obviam
1142 4703 1465 4771 processerit
1486 4702 1809 4767 officiorum,
1840 4701 1989 4771 plau-

408 4808 587 4859 suum,
618 4795 860 4861 tlctuum,
889 4794 1229 4865 gaudiorum,
1271 4795 1439 4864 magis
1483 4803 1691 4849 tentant
1717 4804 1839 4848 vota
1868 4809 1991 4848 con-

407 4887 592 4958 jicere,
626 4903 782 4958 quam
815 4888 978 4943 verba
1004 4900 1269 4943 reserare.
1297 4885 1573 4953 Siquidem
1614 4900 1841 4941 cernere
1876 4895 1991 4940 erat

410 4979 617 5034 refertis
643 4979 1008 5048 capacissimae
1040 4978 1231 5033 domus
1272 4978 1446 5044 atriis,
1492 4978 1635 5032 illam
1665 4976 1836 5047 ipsam
1870 4976 1989 5032 feli-

409 5072 677 5127 cissimam
718 5072 899 5141 stipati
950 5071 1152 5128 reditus
1197 5071 1271 5127 tui
1318 5072 1625 5126 ovationem
1661 5088 1675 5127 ε
1718 5071 1846 5127 dum
1896 5072 1984 5126 alii

409 5166 608 5219 osculis
638 5167 912 5235 pulverem
935 5176 1084 5220 tuum
1114 5166 1348 5235 rapiunt,
1377 5165 1466 5219 alii
1496 5166 1754 5235 sanguine
1779 5181 1841 5221 ac
1863 5182 1989 5236 spu-

409 5255 511 5309 mis
546 5255 757 5327 piuguia
808 5256 986 5327 lupata
1029 5256 1345 5330 suscipiunt,
1387 5256 1479 5312 alii
1529 5257 1779 5312 sellarum
1826 5274 1991 5330 eque-

483 5388 800 5462 f‘Arverno,
850 5390 990 5445 Aviti
1029 5392 1159 5461 imp.
1199 5391 1331 5462 filio,
1362 5402 1418 5447 ut
1458 5393 1656 5447 dictum
1685 5402 1769 5448 est
1795 5393 1892 5448 lib.
1929 5409 1985 5460 II,

412 5460 568 5533 epist.
596 5461 647 5515 I.
677 5462 725 5515 Is
754 5475 935 5516 comes
979 5464 1080 5517 hoc
1105 5460 1348 5530 tempore
1379 5468 1737 5533 magisterque
1767 5464 1991 5519 militum

412 5531 990 5605 Arvertrorumgurbem
1030 5549 1058 5605 ξι
1088 5534 1273 5588 Gothis
1306 5531 1579 5589 obsessam
1610 5531 1990 5605 propugnarat.

412 5603 685 5676 multaque
727 5604 985 5658 adversus
1020 5603 1224 5659 Gotltos
1265 5607 1471 5661 fortiter
1506 5603 1763 5675 gesserat,
1786 5603 1918 5676 qua:
1962 5623 1992 5662 a

414 5672 634 5729 Sidonio
662 5674 964 5728 laudantur.

485 5742 511 5781 ³³
542 5743 707 5815 Apud
737 5745 1054 5815 Gregorium
1078 5744 1281 5799 Turon.
1326 5747 1511 5803 decem
1558 5759 1760 5804 tantum
1806 5764 1995 5803 nume-

413 5822 624 5877 rantur.
657 5814 748 5870 Sic
778 5814 918 5871 cnim
949 5816 1018 5871 de
1044 5817 1141 5870 hac
1172 5817 1284 5882 ipsa
1315 5814 1610 5874 Gothorum
1652 5821 1769 5888 luga
1806 5821 1996 5874 scribit

2034 4752 2045 4763 κ
2100 4706 2337 4776 receptui
2368 4721 2569 4761 canere
2612 4706 2827 4769 festina,
2870 4713 2924 4759 ct
2954 4702 3320 4759 assiduitatem
3367 4712 3508 4756 tuam
3544 4700 3683 4771 peri-

2100 4801 2299 4856 culosa:
2334 4808 2354 4836 ο
2393 4813 2578 4865 regum
2622 4796 2972 4851 familiaritati
3021 4796 3167 4850 celer
3207 4799 3418 4859 exime;
3453 4810 3683 4862 quorum

2100 4889 2543 4946 consuetudinem
2594 4888 3023 4959 spertatissirnus
3076 4888 3300 4958 quisque
3348 4886 3686 4942 flammarum

2102 4993 2307 5039 natura:
2333 4983 2471 5037 bene
2494 4991 2799 5050 comparat,
2827 4998 2944 5053 qua}
2974 4981 3109 5035 sicut
3147 4981 3415 5050 panlnlnrn
3441 4994 3469 5033 a
3508 4995 3565 5034 si:
3596 4994 3684 5035 re-

2102 5087 2244 5131 mota
2288 5074 2613 5141 illuminant,
2658 5075 2728 5130 ita
2773 5076 2903 5129 satis
2935 5075 3035 5129 sibi
3082 5075 3292 5130 admom
3338 5072 3682 5129 comburunt.

2100 5167 2251 5224 Vale.

2103 5398 2195 5452 lib.
2230 5412 2286 5463 tt,
2320 5411 2437 5465 cap.
2465 5395 2563 5450 2‘:
2584 5395 2742 5461 Quem
2769 5393 3035 5449 Ecdicium
3063 5397 3207 5450 mine
3228 5395 3503 5450 velocitatis
3525 5393 3685 5464 fuisse

2102 5469 2251 5522 multi
2282 5479 2701 5522 commemorant.
2754 5467 2890 5519 Nam
2918 5468 3138 5533 quadam
3170 5468 3277 5520 vice
3309 5467 3683 5518 multitudinem

2102 5536 2391 5593 Gothorum
2416 5554 2533 5591 cum
2558 5538 2732 5591 decem
2760 5539 2875 5591 viris
2902 5542 3107 5607 fugasse
3134 5539 3479 5607 perscribitur.

2180 5620 2201 5647 ε
2229 5609 2697 5678 Burgundionum,
2745 5605 2937 5677 quibus
2970 5605 3244 5661 familiaris
3271 5618 3387 5678 erat
3417 5605 3680 5678 licdicius.

2105 5680 2289 5750 Itaque
2338 5674 2388 5733 in
2437 5674 2795 5749 Burgundiatit
2841 5689 3056 5747 postea,
3109 5682 3242 5750 urbe
3270 5674 3457 5727 Gothis
3501 5677 3679 5750 dedita

2104 5746 2351 5808 secessit.
2383 5753 2434 5804 in
2461 5746 2630 5820 caque
2660 5746 2938 5813 habitavt,
2971 5759 3025 5801 ut
3055 5746 3343 5820 ostendunt
3370 5761 3489 5815 quae
3518 5747 3585 5803 de
3614 5764 3683 5804 co

2107 5831 2285 5877 narrat
2316 5818 2603 5891 Gregorius
2634 5820 2752 5875 loco
2784 5836 2944 5890 supra
2975 5818 3189 5887 scripto.
