4078 6348
370 259 469 319 ιος

924 365 1253 421 EPISTOLA
1304 362 1389 416 IV.

742 458 989 515 Sidonius
1022 453 1183 509 Felici
1209 471 1303 508 suo
1331 454 1571 509 salutem.

444 569 468 595 η
502 555 726 614 Gozolas
774 552 988 606 natione
1035 548 1281 614 Judaaus,
1336 548 1503 603 cliens
1552 545 1801 602 culminis
1836 543 1950 613 tui,

377 650 523 716 cujus
550 646 677 701 mihi
708 656 917 714 quoque
943 648 1087 695 esset
1119 654 1343 708 persona
1384 638 1531 694 cordi
1554 681 1570 705 ,
1600 638 1643 692 si
1676 652 1780 691 non
1812 642 1957 691 esset

377 749 520 795 secta
552 733 849 805 despectui,
878 730 1052 787 defert
1078 730 1282 787 litteras
1311 745 1485 795 meas,
1523 744 1655 798 quas
1681 727 1958 798 granditer

378 833 566 886 anxius
609 829 851 885 exaravi.
882 824 1148 895 Oppidum
1195 823 1461 894 siquidem
1500 829 1772 887 nostrum,
1805 817 1959 887 quasi

379 920 661 992 quemdam
687 920 767 975 sui
802 917 984 973 limitis
1009 918 1235 987 Oppositi
1255 915 1485 983 obicem,
1515 912 1960 969 circumfusarum

381 1015 534 1069 nobis
573 1014 808 1084 gentium
845 1026 995 1067 arma
1024 1010 1337 1066 terrificant.
1372 1008 1461 1064 Sic
1500 1006 1813 1063 seruulorum
1860 1002 1960 1057 sibi

384 1109 433 1160 in
467 1105 642 1161 medio
669 1105 824 1175 positi
857 1101 1174 1173 populorum
1203 1098 1561 1170 lacrymabilis
1605 1096 1782 1167 prteda
1808 1136 1822 1159 ,
1872 1107 1963 1147 su-

385 1199 553 1268 specti
582 1194 1075 1265 Burgundionibus,
1110 1191 1339 1263 proximi
1392 1190 1612 1249 Gothis.
1648 1202 1747 1242 nec
1792 1187 1963 1255 impu-

383 1300 637 1360 gnantum
677 1290 753 1345 ira
773 1336 788 1359 ,
820 1304 918 1344 nec
942 1286 969 1326 δ
1004 1293 1430 1357 propugnantum
1462 1296 1710 1338 caremus
1742 1278 1963 1335 invidia.

384 1384 491 1439 Sed
522 1382 717 1437 isthinc
743 1381 894 1435 alias.
927 1380 1134 1434 Interea
1157 1377 1202 1432 si
1228 1376 1307 1431 vel
1332 1389 1494 1446 penes
1520 1388 1616 1428 vos
1646 1380 1792 1427 recta
1816 1378 1964 1431 sunt,

387 1478 523 1533 bene
542 1484 645 1531 est.
676 1475 857 1544 Neque
882 1473 1023 1528 enim
1047 1469 1351 1541 ltujusmodi
1385 1477 1604 1538 pectore
1623 1466 1731 1536 69
1756 1479 1963 1528 sumus,

387 1580 445 1626 ut
491 1570 618 1625 licet
667 1567 866 1639 apertis
892 1565 991 1637 ipsi
1024 1566 1227 1635 poenis,
1284 1570 1503 1632 propter
1541 1560 1825 1614 criminum
1878 1572 1970 1609 oc-

388 1664 529 1719 culta
549 1703 563 1727 ,
592 1661 914 1731 plectamur;
946 1674 1053 1714 non
1085 1659 1167 1727 agi
1200 1670 1487 1726 prospere.
1539 1653 1623 1708 vel
1671 1652 1970 1718 ubicunque

1643 244 1884 304 S‘IDONII
1924 239 2324 301 APOLLlNRlS

1977 359 2032 418 Α

3594 234 3747 303 5ί10

2620 358 2948 416 ΕΡΙΒΤΟΙ.Α
2988 358 3071 412 γι.

2354 454 2599 509 Sidonius
2630 451 2655 488 ἀ
2691 452 2945 519 Eutropio
2974 464 3071 505 suo
3100 452 3337 505 salutem.

2130 547 2185 602 Si
2220 549 2415 600 veteris
2457 544 2791 609 commilitii,
2841 544 2885 599 si
2933 543 3186 611 deinceps
3231 543 3533 597 innovatae
3602 550 3735 610 per

2061 640 2179 695 dies
2204 640 2391 710 gratia:
2428 640 2563 694 bene
2602 639 3088 708 imprtrsentiarum
3123 637 3254 692 fides
3281 647 3464 693 veStra
3507 632 3732 691 remi-

2062 736 2302 798 niscitur,
2343 732 2580 799 profecto
2614 732 2908 801 intelligitis
2956 741 3013 791 ut
3051 745 3146 786 vos
3176 729 3244 791 ad
3292 728 3725 799 dignitatum,

2063 830 2140 883 sic
2197 843 2294 884 nos
2339 827 2403 883 ad
2454 827 2844 893 desideriorum
2905 824 3137 881 culmina
3196 822 3535 885 ascendere.
3622 820 3727 873 Ita

2065 937 2295 992 namque
2323 922 2551 976 fascibus
2582 920 2773 975 vestris
2800 930 3072 989 gratamur
3099 926 3393 979 omnesaut
3411 921 3726 976 erectam

2067 1030 2161 1084 per
2189 1016 2308 1077 illos
2340 1028 2444 1069 non
2499 1012 2667 1083 magis
2699 1018 2927 1066 vestram
2970 1009 3187 1067 domum
3220 1022 3378 1077 quam
3402 1014 3723 1065 nostram

2067 1104 2355 1160 amicitiam
2406 1117 2743 1158 censeamus.
2798 1101 2975 1155 Testis
3022 1107 3105 1155 est
3133 1098 3222 1153 ille
3242 1106 3570 1162 tractatus,
3651 1095 3722 1149 in

2067 1211 2174 1266 quo
2201 1194 2586 1250 exhortationis
2642 1208 2776 1248 mea:
2825 1207 2930 1247 non
2982 1190 3259 1251 minimum
3311 1190 3715 1245 incitamenta

2068 1288 2348 1345 valuerunt
2381 1304 2393 1339 :
2423 1285 2615 1355 quibus
2646 1284 2731 1338 vix
2760 1282 3006 1353 potuistis
3032 1280 3244 1347 adduci,
3284 1287 3341 1335 ιιι
3368 1278 3709 1349 ιιι-πεδαυ-

2072 1396 2184 1435 ram
2240 1377 2588 1447 philosophia:
2629 1374 2961 1445 jungeretis,
3010 1388 3130 1437 cum
3178 1385 3272 1426 vos
3315 1368 3712 1429 consectanei

2072 1471 2234 1526 vestri
2266 1470 2453 1525 Plotini
2486 1466 2826 1538 dogmatibus
2857 1466 3200 1527 inhrerentes,
3234 1462 3302 1517 ad
3329 1460 3711 1531 profundum

2075 1562 2460 1631 intempestiva:
2495 1560 2691 1627 quietis
2736 1558 2905 1613 otium
2961 1556 3360 1627 Platonicorum
3409 1554 3707 1624 palaestra

2076 1656 2340 1724 rapuisset
2373 1672 2386 1709 :
2421 1654 2570 1724 cujus
2597 1651 2895 1721 disciplinae
2920 1661 3044 1713 tunc
3066 1648 3181 1704 fore
3205 1648 3412 1707 astruxi
3436 1650 3707 1704 liberam

389 1757 637 1812 velimus.
662 1753 791 1810 Nam
812 1760 1015 1809 certum
1040 1760 1142 1818 est,
1173 1765 1279 1805 non
1310 1749 1486 1804 minus
1507 1746 1780 1805 vitiorum.
1808 1758 1966 1813 quam
2000 1734 2050 1811 Β
2079 1746 2471 1818 professionem
2498 1787 2513 1811 ,
2544 1761 2663 1801 cum
2700 1744 2771 1801 ni]
2801 1743 3015 1797 familia;
3045 1741 3338 1799 debuisset,
3373 1741 3543 1796 pom)
3580 1756 3703 1795 ου-

390 1846 622 1903 hostium
651 1860 770 1901 esse
797 1843 1106 1915 captivum,
1153 1841 1242 1912 qui
1291 1854 1395 1895 non
1440 1839 1607 1895 etiam
1650 1838 1790 1891 inter
1834 1834 1969 1888 mala

391 1951 634 2005 tempora
665 1938 802 1993 bona
836 1944 958 1991 vota
978 1934 1295 1990 servaverit.
1320 1932 1469 1987 Vale.

965 2022 1297 2082 EPISTOLA
1339 2022 1400 2078 V.

740 2118 988 2175 Sidonius
1014 2116 1243 2186 Hypatio
1270 2131 1363 2169 suo
1391 2116 1627 2167 salutem.

468 2213 522 2268 Si
555 2213 633 2267 vir
663 2209 993 2281 spectabilis,
1027 2221 1345 2275 morumque
1367 2214 1667 2260 vestrorum
1697 2208 1975 2270 suspector

394 2303 792 2370 admiratorque
836 2298 1097 2355 Donidius
1146 2298 1314 2352 solam
1356 2296 1618 2350 rationem
1666 2291 1976 2346 domesticae

396 2394 640 2450 utilitatis
672 2392 980 2452 habuisset,
1031 2390 1162 2442 satis
1192 2388 1510 2455 abundeque
1542 2384 1815 2438 sufficeret
1845 2383 1978 2435 fides

395 2498 573 2540 vestra
598 2483 895 2538 commodis
917 2482 1048 2542 suis,
1081 2481 1179 2533 etsi
1214 2480 1388 2531 nullus
1413 2481 1735 2531 intercessor
1758 2475 1980 2529 accede-

399 2585 499 2630 t'et.
538 2574 643 2629 Sed
671 2587 853 2626 amore
883 2586 1003 2625 meo
1030 2571 1224 2624 ductus
1251 2578 1361 2633 est,
1397 2579 1454 2622 ut
1481 2566 1621 2637 quod
1654 2567 1767 2632 ipse
1796 2580 1893 2635 per
1919 2580 1980 2619 se

397 2669 800 2736 impetraverat,
835 2678 919 2716 tne
950 2662 1145 2715 faceret
1181 2660 1470 2728 postulare.
1508 2657 1689 2725 Itaque
1719 2672 1857 2710 nunc
1882 2656 1978 2707 lto-

398 2758 516 2813 nori
548 2765 727 2811 vestro
761 2756 845 2808 hic
873 2768 1085 2821 quoque
1117 2752 1360 2805 cumulus
1390 2751 1672 2812 accrescit,
1703 2748 1841 2814 quod
1876 2748 1981 2799 duo

397 2849 662 2906 efficimur
689 2847 980 2910 debitores,
1012 2860 1130 2897 cum
1159 2854 1331 2896 tamen
1373 2857 1508 2894 tttttts
1537 2857 1566 2894 e
1598 2841 1750 2892 nobis
1776 2840 1981 2893 benefi-

399 2944 540 2998 cium
570 2951 951 3011 consequutur.
986 2950 1005 2976 ι·
1038 2937 1442 2990 Eborolacensis
1470 2933 1652 3003 prmtli‘t
1675 2934 1834 2986 etiam
1859 2942 1982 2986 ante

401 3034 664 3090 barbaros
706 3031 997 3088 desolatam
1044 3029 1383 3083 medietatem
1405 3068 1418 3092 ,
1453 3044 1568 3095 quze
1599 3026 1788 3078 domus
1820 3028 1983 3095 patri-

2075 1850 2181 1895 tcm
2210 1839 2431 1895 desidia:
2461 1838 2684 1893 \‘iciniOr
2712 1838 3000 1907 putabatur
3029 1845 3375 1903 contemptus
3402 1835 3494 1891 ille
3526 1834 3702 1890 mili~

2076 1932 2183 1993 tite,
2215 1930 2278 1984 ad
2309 1946 2467 2000 quam
2494 1930 2738 1998 jactitant
2782 1930 2886 2001 71
2931 1927 3111 1993 lividi,
3144 1928 3404 1984 bonarum
3434 1927 3696 1995 partium

2076 2023 2219 2075 viros
2269 2038 2372 2074 non
2422 2035 2581 2090 posse
2631 2020 2807 2089 potius
2862 2034 3018 2087 quam
3079 2018 3223 2077 nolle
3273 2017 3693 2075 conscendere.

2078 2114 2240 2184 lgitut-
2272 2112 2413 2182 quod
2450 2112 2567 2166 loco
2602 2113 2837 2187 ptitnore
2882 2110 2999 2166 fieri
3041 2124 3136 2181 par
3164 2118 3268 2175 est,
3303 2110 3509 2178 agimus
3538 2124 3692 2179 gra-

2081 2208 2179 2261 tias
2212 2207 2405 2261 uheres
2449 2204 2695 2271 Christo,
2726 2204 2815 2273 qui
2845 2212 3044 2275 statum
3074 2202 3411 2261 celsitudinis
3441 2212 3578 2268 tuae,
3619 2209 3693 2256 ut

2083 2300 2342 2355 hactenus
2371 2312 2652 2375 parentum
2689 2296 2969 2355 nobilitate
3016 2294 3333 2362 decnrabat,
3380 2294 3451 2350 ita
3494 2295 3687 2371 etiam

2084 2407 2224 2449 nunc
2258 2374 2533 2445 titulorum
2581 2388 2847 2456 parilitate
2899 2386 3113 2457 faStigat
3146 2404 3160 2441 :
3192 2387 3350 2445 simul
3381 2396 3435 2447 et
3460 2368 3689 2443 animo-

2083 2503 2198 2540 rntn
2229 2486 2427 2555 spebus
2458 2484 2650 2538 erectis
2680 2483 2756 2537 fas
2788 2490 2868 2536 est
2894 2482 2963 2536 de
3002 2492 3199 2536 cretero
3228 2495 3451 2551 sperare
3480 2482 3689 2538 melio-

2083 2594 2161 2633 ra.
2193 2579 2350 2631 Certe
2381 2577 2571 2630 creber
2617 2574 3022 2644 provincialium
3073 2588 3253 2628 sermo
3299 2582 3413 2639 est,
3467 2589 3685 2629 annum

2086 2671 2278 2722 [illum
2308 2668 2374 2721 de
2406 2667 2615 2735 magnis
2637 2711 2649 2729 ,
2687 2683 2791 2721 nott
2827 2675 2930 2719 tam
2962 2664 3228 2719 fructibus
3257 2679 3413 2731 quam
3435 2674 3686 2734 potesta-

2091 2762 2234 2815 tibus
2284 2759 2677 2813 :rstitnaudunt.
2711 2758 2823 2825 Qua
2855 2758 2922 2812 de
2952 2773 3010 2812 re
3040 2767 3276 2813 vestrum
3306 2765 3420 2823 est,
3454 2757 3683 2812 domine

2088 2856 2274 2923 major,
2320 2851 2779 2921 exspcmationetn
2831 2858 3068 2917 nostram
3120 2848 3542 2916 competentibus
3591 2850 3684 2904 dic

2089 2946 2467 3015 spositionibus
2525 2945 2813 2999 munerari.
2859 2943 2988 2999 Nam
3040 2957 3247 3002 memor
3294 2940 3516 3010 originis
3567 2950 3682 2995 tua;

2090 3039 2195 3094 nob
2223 3040 2347 3093 lintn
2404 3038 2503 3091 sibi
2558 3035 2825 3106 persuasit
2873 3035 3192 3093 universitas
3240 3052 3250 3085 :
3293 3032 3525 3101 quandiu
3570 3046 3679 3088 nos

400 3127 497 3181 οίω
537 3124 657 3193 illm
708 3122 867 3176 ηιοάο
917 3120 1167 3190 “spiclis
1217 3118 1469 3177 Sumit-4”
1527 3129 1705 3170 "05"“)
1740 3116 1845 3183 ἱυτί
1886 3132 1984 3170 SUO
2012 3099 2059 3163 Ο
2091 3130 2271 3186 Sabitti
2299 3128 2738 3193 fatniliarexerit,
2765 3126 3039 3183 Sabiniani
3065 3099 3322 3183 familiam
3346 3140 3449 3181 non
3478 3124 3679 3183 timen-

401 3224 549 3284 optat
571 3213 806 3283 adjungi.
850 3210 1030 3280 Neque
1051 3210 1115 3263 ad
1142 3210 1277 3261 hanc
1300 3209 1737 3261 nuntiantionent
1767 3208 1983 3261 stimulo

405 3306 744 3377 cupiditatis,
794 3305 888 3359 sed
934 3312 1175 3373 respectu
1208 3304 1363 3355 avita!
1396 3301 1778 3355 recordationis
1810 3300 1980 3354 addu-

405 3399 565 3455 citur.
614 3398 887 3466 Siquidem
921 3395 1067 3450 fuudi
1109 3394 1273 3464 ipsius
1321 3394 1598 3462 integritas
1631 3394 1840 3449 familim
1871 3408 1983 3447 suae

403 3491 720 3553 dominium,
772 3503 938 3557 usque
983 3488 1035 3541 in
1066 3488 1268 3541 obitum
1295 3487 1463 3540 vitrici
1496 3502 1664 3555 nuper
1689 3486 1791 3540 vita
1822 3486 1981 3551 dece-

403 3584 601 3648 dentis,
635 3582 860 3651 aSpexit.
896 3581 1044 3635 Nunc
1090 3590 1267 3635 autem
1319 3581 1400 3633 vir
1451 3580 1612 3635 alieni
1665 3596 1768 3634 non
1824 3594 1985 3649 appe-

403 3689 543 3743 tens,
578 3676 657 3729 sui
688 3690 878 3745 parcus
901 3720 913 3742 ,
950 3690 997 3743 pt
1020 3673 1302 3727 ssessionis
1333 3674 1563 3742 antiqua:
1593 3688 1622 3727 a
1654 3687 1712 3727 se
1740 3674 1983 3726 alienatae

404 3785 511 3823 non
580 3776 686 3821 tam
749 3766 946 3821 damno
1017 3765 1228 3836 angitur
1271 3780 1431 3835 quam
1490 3765 1694 3835 pudore
1749 3780 1764 3818 :
1825 3780 1982 3835 quam

405 3871 465 3915 ut
514 3859 779 3914 redimere
807 3868 1052 3923 conetur,
1085 3873 1188 3912 non
1218 3858 1459 3912 avaritia:
1491 3858 1651 3923 vitio,
1690 3859 1782 3913 sed
1833 3874 1985 3914 vere-

407 3953 616 4009 cundiae
668 3960 985 4008 necessrtate
1030 3952 1388 4019 compellitur.
1451 3950 1712 4005 Tribuere
1767 3951 1987 4021 dignare

406 4046 547 4099 votis
573 4045 681 4115 70
710 4046 848 4110 suis,
888 4043 1133 4113 precibus
1175 4043 1308 4097 meis
1328 4082 1341 4106 ,
1392 4041 1629 4098 moribus
1662 4043 1765 4096 tuis
1786 4084 1800 4107 ,
1833 4053 1890 4097 ut
1920 4042 1986 4098 ad

404 4135 727 4191 soliditatem
786 4134 924 4189 ruris
982 4135 1134 4189 istius
1185 4145 1234 4189 te
1276 4135 1645 4203 patrocinante
1678 4140 1984 4205 perveniat,

410 4231 493 4284 cui
526 4245 635 4283 rem
663 4238 967 4297 parentum,
997 4227 1204 4295 sibique
1234 4242 1337 4280 non
1367 4227 1539 4280 solum
1569 4238 1769 4293 notam,
1804 4245 1986 4283 verum

411 4320 573 4373 etiam
608 4320 745 4372 inter
776 4318 1019 4371 lactentis
1062 4316 1299 4370 infantite
1346 4317 1643 4371 rudimenta
1693 4329 1985 4387 reptatam,

411 4412 552 4463 sicut
576 4407 843 4475 recepisse
864 4420 1050 4474 parum
1083 4406 1432 4472 fructuosum,
1459 4410 1534 4460 sic
1560 4424 1662 4460 non
1694 4410 1989 4464 emeruisse

414 4499 573 4554 nimis
606 4498 819 4551 videtur
852 4497 1121 4567 ignavum.
1156 4497 1266 4565 Ego
1296 4512 1424 4551 vero
1455 4507 1658 4550 tantum
1689 4499 1991 4569 obstringar
2016 4477 2071 4553 Ῑ)

413 4588 653 4654 indultis,
682 4602 745 4642 ac
770 4589 814 4642 si
845 4603 977 4643 mem
1017 4587 1260 4657 proficiat
1287 4588 1627 4657 peculiariter
1654 4591 1986 4659 proprietati,

411 4681 665 4752 quidquid
698 4695 850 4735 meus
882 4689 1040 4735 tetate
1072 4681 1253 4748 frater,
1286 4680 1624 4751 professione
1670 4684 1809 4738 filius
1829 4728 1841 4752 ,
1878 4688 1992 4742 loco

410 4772 567 4838 civis,
601 4770 702 4828 fide
730 4771 954 4840 amicus,
987 4774 1272 4843 acceperit.
1313 4772 1458 4830 Vale.

488 4933 647 5009 {Per
665 4946 824 5009 quem
868 4930 1027 4986 Felici
1055 4930 1228 5009 eidem
1254 4933 1441 5009 scribit
1468 4935 1561 4989 lib.
1590 4952 1661 5001 tv,
1692 4941 1916 5009 epistola
1941 4944 1992 4999 5.

411 5004 455 5059 Ν
476 5004 925 5075 urbonensisergo
953 5001 1118 5075 patria
1146 5003 1262 5069 fuit,
1290 5014 1347 5075 ut
1378 5004 1600 5075 Magnus
1623 5001 1797 5065 Felix.

486 5074 510 5111 δ
544 5073 975 5141 Burgundionum
1010 5072 1157 5136 item,
1183 5075 1268 5140 qtti
1296 5072 1657 5131 Romanorum
1684 5080 1733 5135 in
1759 5080 1863 5139 fide
1885 5093 1999 5140 ste-

416 5154 591 5220 terant
616 5152 738 5220 post
762 5156 946 5212 pacem
975 5142 1222 5220 abnAetio
1247 5144 1381 5220 duce
1402 5146 1601 5205 datam.
1636 5150 1814 5220 Itaque
1840 5154 1998 5208 Aetio

414 5211 791 5290 adfuerantiti
820 5228 990 5290 pugna
1032 5211 1513 5290 Catalaunicaact
1559 5211 1741 5290 nuper'
1757 5223 1857 5279 sub
1888 5227 2000 5279 An-

419 5284 622 5357 themio
654 5281 981 5357 Riotltintum
1016 5298 1192 5357 regem
1226 5286 1533 5355 reipublicrc
1583 5281 1922 5357 lmderatum,
1965 5311 1993 5348 a

414 5355 607 5416 Gothis
628 5424 631 5425 ν
654 5353 769 5425 acie
800 5350 989 5425 fusum
1020 5350 1365 5424 fugatumque
1394 5372 1718 5425 exctepcrant
1755 5382 1768 5416 :
1802 5376 1860 5419 ut
1890 5350 1994 5421 hoc

418 5426 577 5480 etiam
625 5422 761 5479 bello
813 5422 1295 5479 Arvernisauxilio
1341 5427 1503 5483 fuisse
1534 5422 1739 5487 'tnirum
1768 5452 1873 5491 non
1904 5437 1992 5492 sit.

422 5498 706 5563 l'ropterea
733 5493 959 5571 E‘uricus
980 5497 1223 5571 gentibus
1252 5498 1314 5549 ad
1350 5499 1662 5555 Rhodanum
1697 5521 1867 5569 usque
1899 5523 1995 5571 po-

419 5571 569 5643 t'ttns,
603 5581 724 5619 mox
750 5564 1160 5643 _Burgundioucs
1190 5582 1401 5635 quoque
1428 5576 1592 5625 armis
1623 5564 1843 5643 appetiit
1869 5620 1880 5639 ,
1901 5564 1997 5632 Ite-

381 5646 387 5653 ’
421 5647 504 5695 ste
528 5635 817 5692 Jornande.

498 5718 519 5746 ο
567 5703 841 5761 Ehrolium
873 5705 1033 5762 hodie
1077 5707 1385 5774 Oppidulum
1422 5717 1779 5772 Arvernorum
1815 5720 1879 5774 ad
1911 5719 1996 5775 SI-

2088 3224 2229 3278 datn.
2268 3221 2411 3275 Vale.

2639 3308 2969 3367 EPISTOLA
3016 3307 3123 3364 VII.

2462 3402 2708 3462 Sidonius
2739 3400 2905 3461 Felici
2932 3417 3026 3454 suo
3056 3399 3292 3453 salutem.

2159 3499 2398 3569 Longum
2446 3511 2474 3551 a
2520 3494 2712 3550 litteris
2752 3492 3081 3563 temperatis.
3119 3490 3281 3558 Igitur
3312 3491 3520 3557 utr‘que
3570 3501 3669 3545 no-

2088 3606 2256 3648 Slrltm
2312 3605 2429 3646 mos
2471 3603 2601 3645 suus
2646 3588 2869 3657 agitur:
2917 3600 3017 3655 ego
3071 3584 3285 3654 garrio,
3319 3597 3411 3637 vos
3460 3580 3670 3637 tacetis.

2090 3685 2242 3743 Unde
2270 3685 2454 3748 etiam,
2487 3682 2569 3737 vir
2598 3681 2663 3737 ad
2694 3680 2898 3749 reliqua
2932 3678 3052 3733 fidei
3099 3676 3272 3730 officia
3303 3669 3546 3743 ittisigttis,
3578 3689 3672 3742 ge.-

2093 3795 2191 3834 nns
2224 3792 2345 3832 reor
2387 3791 2508 3831 esse
2550 3772 2795 3837 virtutis,
2843 3780 2992 3826 tanto
3023 3780 3074 3824 te
3100 3769 3209 3822 otio
3240 3783 3346 3822 non
3381 3782 3537 3834 posse
3569 3766 3674 3819 las-

2090 3874 2218 3928 sari.
2254 3869 2493 3939 Ecquid?
2551 3882 2891 3937 nunquamne
2923 3874 3167 3937 respectu
3199 3862 3483 3916 movebere
3524 3859 3674 3913 fanti-

2091 3964 2337 4020 liaritatis
2370 3962 2636 4032 antiquat,
2689 3970 2745 4015 ut
2802 3957 3015 4012 tandem
3064 3972 3093 4010 a
3142 3956 3435 4009 continuati
3479 3952 3672 4008 silentii

2092 4058 2366 4129 proposito
2399 4056 2587 4125 pedem
2620 4054 2863 4108 referas?
2913 4060 3005 4106 aut
3057 4050 3254 4113 nescis,
3300 4050 3421 4117 quia
3464 4048 3673 4114 gat-rn'o

2092 4164 2197 4203 non
2226 4146 2550 4215 rcSpondere
2574 4142 2872 4203 (onvicittm
2895 4141 3010 4195 est?
3037 4141 3115 4195 Tu
3138 4140 3352 4203 retices,
3379 4138 3460 4191 vel
3488 4137 3677 4195 btltlio-

2093 4239 2371 4292 theearutn
2418 4234 2646 4295 medius,
2682 4232 2761 4285 vel
2796 4241 3069 4299 togarum;
3125 4240 3174 4283 et
3225 4245 3254 4283 a
3304 4244 3389 4283 nte
3440 4228 3673 4282 O'ﬁt'itittl

2094 4328 2394 4399 paupertini
2421 4324 2685 4378 sermonis
2710 4332 3011 4389 exspectas,
3040 4325 3123 4376 cui
3153 4321 3443 4381 Stribeudi,
3472 4321 3513 4373 si
3532 4320 3674 4374 liene

2096 4420 2389 4491 perspicis,
2425 4416 2592 4486 magis
2622 4426 2702 4470 eSt
2747 4414 2975 4470 facilitas
3019 4432 3176 4485 quant
3229 4416 3467 4469 facultas.
3519 4413 3675 4466 (λιι-ιιι

2096 4513 2179 4567 vel
2230 4522 2404 4566 mutus
2452 4518 2635 4563 noster
2685 4508 2962 4562 materiam
3017 4520 3106 4563 tuo
3158 4510 3297 4581 ston
3326 4510 3431 4581 72
3483 4507 3679 4561 faciat:

2101 4613 2478 4670 mementoque
2509 4602 2769 4654 viatorum
2803 4614 2989 4653 manus
3020 4616 3242 4668 gravare
3290 4600 3419 4654 chat-
3448 4600 3487 4651 is
3508 4642 3522 4664 ,
3555 4612 3683 4660 qna-

2101 4707 2254 4752 tenus
2282 4694 2573 4749 amicorum
2603 4708 2728 4748 cura
2764 4692 3033 4748 relevetur
3064 4713 3077 4747 :
3113 4705 3164 4747 ct
3194 4692 3432 4746 indicare
3469 4693 3682 4753 festina,

2037 4780 2052 4795 ’
2097 4795 2140 4849 si
2174 4805 2334 4862 quam
2367 4787 2566 4859 praevio
2597 4787 2726 4857 Deo,
2773 4796 2795 4824 υ
2839 4798 3077 4857 qumstor
3118 4785 3421 4839 Licinianus
3454 4784 3685 4849 trepidu-

2103 4944 2311 5001 caulam
2361 4942 2609 5003 fluvium,
2658 4951 2868 4995 vetusto
2922 4937 3380 4993 Beuetlictinotmn
3435 4937 3685 4989 cantabit.

2103 5027 2310 5070 notum.
2346 5015 2476 5068 Hinc
2508 5014 2764 5067 oriundus
2804 5020 2916 5063 erat
2946 5006 3199 5061 Donidius
3222 5046 3233 5061 .
3270 5015 3393 5058 tunc
3422 5005 3682 5071 clericus,

2103 5097 2157 5153 et
2195 5086 2364 5141 incola
2418 5085 2561 5139 urbis
2600 5075 3352 5153 Arvorum.“ldco__Sidunius
3403 5076 3688 5147 epi~cuptts

2105 5148 2222 5212 loco
2251 5156 2417 5210 civem
2438 5198 2453 5218 ,
2485 5152 2815 5220 professimtc
2842 5149 3003 5220 fllitttn
3038 5147 3181 5199 dicit.

2178 5226 2205 5263 ἀ
2238 5227 2363 5281 Viro
2406 5215 2565 5279 nobili
2607 5233 2661 5276 et
2691 5215 3271 5290 phileophitestudiis
3294 5216 3687 5290 rdeditotttuuc

2107 5298 2363 5365 pratfccto
2390 5286 2981 5365 prmtorioxcalliarum.
3025 5286 3173 5365 lianc
3217 5289 3359 5345 enim
3400 5287 3685 5365 illidigni-

2109 5358 2271 5422 iatcm
2296 5358 2610 5437 gratulatur.
2642 5364 2705 5414 Et
2730 5358 2854 5428 quia
2882 5358 3127 5437 eumdem
3158 5360 3331 5437 ipsum
3350 5358 3415 5413 ad
3441 5360 3683 5413 militiam

2107 5428 2390 5507 palntinvrtm
2443 5446 2495 5489 ct
2544 5434 2776 5507 honores
2828 5428 3188 5507 capessendos
3236 5430 3485 5507 hortatus
3525 5439 3684 5507 antea

2106 5499 2273 5562 fuerat
2307 5507 2395 5558 llil.
2430 5522 2466 5563 ι,
2494 5503 2648 5572 epist.
2685 5501 2716 5555 6
2739 5545 2752 5569 ,
2802 5503 2916 5569 ejus
2949 5499 3032 5555 hic
3056 5502 3297 5570 epistolae
3328 5501 3600 5564 meminit,
3632 5506 3688 5553 et

2105 5576 2493 5633 exhortationis
2519 5582 2798 5627 tractatum
2830 5572 3084 5641 appellat.

2180 5659 2201 5684 θ
2245 5650 2413 5714 Quem
2461 5664 2487 5699 ιι
2530 5656 2722 5712 ιιθρπθ
2772 5640 3007 5708 Augusto
3038 5644 3269 5713 legatum
3317 5642 3386 5714 ad
3433 5640 3686 5714 Euricum

2105 5710 2287 5781 regem
2320 5733 2475 5782 supra
2507 5710 2828 5771 monuimus.
2861 5713 2939 5770 Ex
2971 5713 3069 5770 hac
3094 5710 3275 5773 autem
3306 5710 3532 5779 epistola
3568 5719 3688 5775 ιιιω
