4078 6348
333 397 453 449 50!

1598 400 2072 457 LPISTOLARUM
2112 404 2243 459 LIB.
2288 409 2371 456 Ill.

3518 418 3619 476 30;),

334 503 481 555 tiuu't
531 514 728 556 mutum
765 515 983 571 ,anuam
1011 502 1317 560 securitatis
1356 507 1647 573 aperuerit.
1700 508 1933 563 Persona
1961 514 2013 572 Α
2042 522 2249 566 constat
2298 513 2502 566 ineonei
2529 515 2653 578 ini,
2686 516 2725 567 μί
2762 516 2810 569 lo
2834 529 3041 584 piatur;
3078 535 3322 588 peccare,
3352 522 3395 575 si
3430 532 3620 577 taceat.

334 593 614 661 siquidem
642 601 753 660 est,
785 602 845 647 ut
883 592 1205 662 perhibent,
1253 610 1447 666 magna
1499 600 1932 667 exspectatione,

335 683 523 753 major
567 684 801 737 adventu
831 724 845 747 ,
876 684 1051 738 relatu
1078 684 1358 752 sublimis,
1406 689 1740 758 inspectione
1769 692 1937 749 subli-

336 777 509 836 mior.
544 784 599 831 et
622 776 692 833 ob
721 776 901 830 omnia
948 776 1220 832 felicitatis
1254 790 1575 851 naturaeque
1600 782 1738 837 dona
1784 800 1941 839 mon-

336 870 608 925 strabilis.
632 869 851 923 Summa
878 882 1129 937 censura,
1164 886 1258 941 par
1285 874 1543 942 comitas,
1572 883 1629 930 et
1658 875 1937 943 prudentia

340 961 592 1028 fidesque
619 958 788 1015 misso
818 960 1161 1032 mittentique
1182 963 1528 1019 conveniens.
1557 965 1695 1021 Nihil
1723 966 1939 1033 allecta-

340 1065 459 1103 inin
477 1051 919 1122 simulatumque,
942 1053 1271 1122 ponderique
1287 1068 1739 1127 sermonumvera
1762 1060 1940 1127 potius

336 1146 617 1199 severitas
666 1160 826 1214 quam
871 1146 1177 1201 severitatis
1226 1147 1480 1212 imitatio;
1509 1156 1562 1202 et
1604 1162 1707 1202 non
1742 1159 1797 1204 ut
1826 1149 1939 1216 plu-

337 1236 507 1301 rimi,
557 1237 649 1307 qui
698 1251 819 1293 cum
867 1237 1072 1295 credita
1103 1236 1410 1293 diffidenter
1456 1239 1722 1309 allegant,
1754 1240 1942 1297 volunt

339 1329 519 1385 videri
563 1328 737 1399 egisse
762 1343 825 1384 se
852 1330 1081 1385 cautius.
1133 1329 1241 1385 Sed
1289 1346 1460 1400 neque
1494 1348 1560 1387 ex
1602 1331 1812 1391 illorum
1835 1374 1850 1397 ,
1884 1340 1942 1388 ut

341 1422 555 1488 ferunt,
589 1440 853 1489 numero,
897 1424 987 1494 qui
1022 1435 1231 1479 secreta
1261 1425 1604 1495 dirigentium
1636 1428 1938 1497 principum

346 1516 719 1582 venditantes,
749 1516 990 1571 ambiunt
1018 1531 1047 1569 a
1078 1516 1324 1572 barbaris
1346 1517 1484 1575 bene
1506 1520 1590 1588 agi
1614 1535 1735 1575 eum
1766 1520 1940 1589 legato

347 1609 528 1678 potius
553 1624 713 1678 quam
740 1622 867 1667 cum
903 1608 1188 1677 legatione.
1232 1609 1385 1665 Hunc
1415 1611 1569 1666 nobis
1598 1627 1807 1669 morum
1834 1613 1939 1669 viri

345 1708 597 1757 tenorem
626 1701 893 1756 secundus
915 1718 1098 1757 rumor
1124 1702 1344 1758 invexut.
1363 1703 1607 1759 Mandate
1630 1705 1938 1774 perniciter,

348 1794 394 1849 si
456 1808 585 1847 vero
632 1793 770 1847 dicta
824 1795 1219 1865 conquadrant;
1262 1804 1319 1850 ut
1352 1796 1666 1865 tantispera
1697 1796 1939 1867 pervigili

349 1888 586 1943 statione
636 1890 929 1958 respirent,
980 1904 1113 1958 quos
1143 1904 1173 1942 a
1206 1890 1497 1943 muralibus
1540 1891 1780 1945 excubiis
1829 1881 1935 1945 no'n
1966 1881 2016 1943 Β

348 1979 471 2033 dies
521 1978 804 2048 ninguidus
826 2020 839 2042 ,
873 1994 977 2034 non
1021 1995 1127 2033 nox
1159 1979 1336 2035 illunis
1364 1990 1417 2035 et
1446 1981 1653 2037 turbida
1702 1982 1938 2050 receptui

350 2086 543 2126 canere
592 2074 916 2142 persuadent
953 2090 966 2125 :
999 2071 1118 2141 quia
1163 2072 1263 2127 etsi
1304 2073 1562 2128 barbarus
1613 2074 1663 2128 in
1714 2074 1938 2129 hiberna

350 2167 631 2231 concedat,
667 2181 818 2234 mage
846 2165 1098 2221 diﬂ'ertlnt
1131 2184 1290 2236 quam
1322 2169 1627 2238 relinquunt
1652 2171 1818 2226 semel
1850 2186 1936 2223 ra-

350 2258 581 2312 dicatam
630 2259 790 2314 corda
824 2257 1185 2313 formidinem.
1231 2259 1450 2329 Palpate
1490 2276 1590 2315 nos
1635 2263 1936 2331 prosperis,

350 2353 473 2418 quia
507 2360 685 2404 nostra
720 2365 824 2405 non
854 2359 958 2404 tam
988 2351 1171 2420 procul
1201 2359 1283 2406 est
1313 2367 1341 2405 a
1375 2352 1526 2406 vobis
1554 2368 1711 2408 causa
1730 2395 1744 2418 ,
1778 2370 1937 2425 quam

353 2444 548 2512 patria.
576 2442 728 2497 Vale.

821 2534 926 2607 73
970 2533 1298 2591 EPISTOLA
1340 2534 1476 2589 VIII.

602 2696 603 2699 η
654 2627 903 2683 Sidonius
934 2636 962 2665 ἰ
996 2627 1246 2682 Eucherio
1273 2646 1371 2684 suo
1400 2629 1635 2685 salutem.

428 2719 664 2774 Veneror
694 2718 963 2789 antiquos,
991 2736 1096 2774 non
1132 2730 1304 2775 tamen
1349 2721 1421 2774 ita
1450 2731 1510 2777 ut
1539 2724 1627 2792 qui
1674 2739 1939 2793 aequaevo-

354 2827 469 2864 rum
506 2826 747 2866 meorum
770 2811 998 2866 virtutes
1027 2820 1119 2865 aut
1158 2812 1345 2866 merita
1390 2822 1726 2882 postponam.
1757 2814 1940 2886 Neque

354 2907 399 2955 si
450 2901 685 2956 Romana
738 2900 1035 2972 reSpuinca
1087 2902 1139 2956 in
1184 2912 1425 2960 extrema
1456 2904 1569 2959 ha-c
1599 2907 1936 2964 miseriarum

356 2994 595 3060 deﬂuxit,
626 3007 681 3049 ut
711 2996 980 3051 studiosos
1001 2998 1081 3050 sui
1106 3014 1376 3066 nunquam
1404 3010 1803 3068 remuneretur,
1832 3020 1936 3059 non

354 3089 551 3144 idcirco
612 3091 804 3145 llrutns
857 3088 1263 3161 Torquatosque
1323 3108 1427 3146 nou
1479 3097 1691 3162 pariunt
1739 3097 1935 3151 smcula

355 3197 491 3233 mea.
524 3180 785 3248 Quorsum
829 3182 925 3235 ista
976 3181 1131 3235 huic?
1172 3182 1365 3252 inquis.
1414 3183 1488 3239 De
1534 3195 1586 3239 te
1615 3186 1679 3239 ad
1728 3196 1777 3240 te
1806 3187 1933 3241 mihi

2044 606 2148 661 Sed
2172 616 2225 661 et
2256 607 2352 672 ipsi
2382 613 2642 661 sarcinam
2679 612 2838 665 veswi
2869 612 3085 680 pudoris
3111 614 3441 685 inspicimus,
3470 616 3617 683 cujus

2044 699 2157 751 lucc
2187 713 2400 767 semper
2424 702 2744 756 verecundia
2772 704 2859 756 fuit
2883 744 2898 768 ,
2924 715 2989 759 aut
3018 722 3112 774 pro
3141 707 3313 775 culpis
3340 707 3620 761 erubesce-

2043 792 2172 844 retis
2198 793 2410 846 alienis.
2441 791 2666 853 Gerulus
2689 795 3055 863 epistolarum,
3082 798 3315 869 humilis,
3340 801 3622 856 obscurus.

2042 882 2489 951 despicabilisque
2518 886 2679 940 etiam
2725 901 2890 954 usque
2928 888 2993 942 ad
3023 889 3275 945 damnum
3324 891 3622 945 innocenti;

2043 972 2290 1039 ignavia‘,
2321 974 2581 1043 mancipia
2608 990 2709 1030 sua
2731 1016 2746 1041 ,
2794 976 3064 1032 Britannis
3109 982 3244 1035 clam
3284 981 3623 1036 sollicitante

2043 1063 2162 1129 bus,
2192 1066 2418 1119 abducta
2449 1066 2713 1133 deplorat.
2744 1067 3010 1124 Incertum
3035 1070 3160 1124 milii
3187 1082 3268 1129 est
3287 1088 3354 1128 an
3384 1075 3451 1127 sit
3473 1084 3625 1129 certa

2040 1157 2323 1212 causatio:
2353 1158 2447 1215 sed
2496 1158 2543 1215 si
2596 1158 2739 1215 inter
2783 1174 2964 1215 coram
3010 1162 3213 1229 positos
3253 1164 3622 1234 aequanimiter

2041 1247 2250 1315 objecta
2280 1248 2612 1319 discingitis,
2664 1250 2898 1307 arbitror
2928 1239 3067 1311 hunc
3097 1254 3419 1310 laboriosum
3462 1272 3621 1326 posse

2044 1340 2301 1405 probare,
2336 1340 2491 1408 quod
2512 1341 2711 1410 objicit
2742 1358 2756 1395 :
2784 1343 2830 1397 si
2862 1350 3039 1399 tamen
3070 1345 3208 1400 inter
3238 1357 3485 1416 argutos,
3529 1364 3619 1402 ar-

2028 1441 2244 1495 ;matos,
2276 1431 2633 1491 tumultuosos
2653 1433 2929 1501 “virtute,
2982 1450 3205 1489 numero
3226 1477 3240 1500 ,
3271 1437 3623 1492 contubernio

2042 1528 2418 1589 contumaces,
2456 1524 2762 1591 poteritex
2792 1536 3031 1594 tequotet
3073 1527 3211 1581 bono
3255 1527 3432 1595 solus,
3480 1529 3622 1584 inerc

2032 1610 2144 1671 ,mis
2170 1652 2184 1676 ,
2210 1610 2455 1679 abjectus
2474 1654 2489 1680 ,
2524 1614 2790 1680 rusticus,
2826 1618 3167 1686 peregrinus,
3201 1632 3403 1687 pauper
3427 1619 3623 1677 audiri.

2042 1701 2195 1756 Vale.

2606 1799 2935 1861 EPISTOLA
2977 1800 3042 1863 Χ.

2380 1892 2627 1949 Sidonius
2656 1892 2901 1949 Tetradio
2929 1911 3020 1948 suo
3051 1895 3286 1957 salutem.

2114 1980 2405 2038 Plurimum
2438 1984 2609 2042 laudis
2645 1984 2875 2054 juvenes
2920 1986 3089 2043 nostri
3112 1986 3360 2055 moribus
3388 1986 3498 2057 suis
3524 2001 3623 2055 ap-

2045 2074 2272 2143 plicant,
2324 2076 2535 2145 quoties
2560 2078 2627 2132 de
2660 2080 2991 2148 t‘egotiorum
3034 2079 3245 2135 meritis
3294 2077 3626 2148 ambigentes

2042 2167 2109 2222 ad
2159 2170 2451 2234 peritorum
2493 2170 2715 2223 consilia
2764 2170 3052 2229 decurrunt
3097 2186 3109 2221 :
3157 2169 3307 2223 sicuti
3357 2183 3496 2222 nunc
3544 2168 3626 2220 vir

2042 2257 2374 2319 clarissimus
2421 2261 2767 2326 Theodorus,
2811 2260 3197 2328 domiquidem
3253 2259 3477 2325 nobilis,
3528 2258 3624 2314 sed

2043 2350 2455 2407 modestissimae
2508 2352 2934 2407 conversationis
2988 2354 3238 2420 opinione
3289 2353 3623 2422 generosior,

2042 2444 2131 2513 qui
2163 2458 2258 2511 per
2286 2445 2496 2499 litteras
2524 2459 2670 2505 meas
2700 2444 2767 2499 ad
2798 2454 2913 2498 tuas
2935 2444 3170 2509 litteras,
3217 2442 3266 2495 id
3304 2452 3387 2497 est
3414 2441 3479 2497 ad
3508 2456 3625 2496 me-

2030 2536 2377 2593 ,racissimum
2394 2537 2641 2597 scientiae
2664 2538 2861 2597 fontem
2886 2582 2898 2597 .
2922 2537 3183 2593 laudabili
3213 2535 3466 2589 aviditate
3496 2550 3624 2604 pro-

2040 2624 2321 2693 ﬁciscitur,
2354 2643 2460 2681 nun
2492 2627 2654 2683 modo
2694 2636 3007 2697 reperturus
3058 2628 3164 2682 illic
3200 2628 3321 2695 ipse
3349 2627 3489 2696 quod
3540 2626 3625 2679 di-

2039 2728 2175 2783 scat,
2198 2720 2292 2775 sed
2323 2730 2377 2775 et
2399 2719 2621 2775 forsitan
2645 2720 2913 2776 relaturus
2951 2720 3075 2775 inde
3118 2718 3258 2789 quod
3290 2719 3498 2773 doceat.
3528 2717 3627 2774 Cui

2040 2820 2224 2866 contra
2258 2821 2501 2879 potentes
2552 2811 2940 2882 factiososque,
2990 2811 3034 2864 si
3079 2819 3255 2866 vestra
3296 2810 3401 2881 75
3433 2807 3626 2877 peritia

2041 2902 2372 2957 abundanter
2400 2918 2503 2958 non
2532 2904 2907 2969 Opitularetur,
2938 2903 3216 2972 prudentia
3240 2902 3482 2959 consulta
3509 2899 3625 2955 suf-

2042 2996 2242 3050 ﬁceret.
2277 2996 2651 3063 Respondete,
2683 2998 3058 3056 obsecramus,
3116 2995 3215 3049 nisi
3262 2994 3411 3048 vobis
3443 3002 3622 3047 tamen

2041 3087 2318 3158 utriusque
2343 3098 2586 3142 nostrum
2614 3088 2777 3143 socia:
2806 3103 2995 3159 preces
3037 3089 3187 3143 oneri
3228 3086 3505 3142 fasxidiove
3534 3100 3621 3141 re-

2040 3182 2388 3250 putabuntur,
2429 3180 2630 3251 judicio
2672 3196 2805 3250 suo,
2851 3181 3158 3237 testimonio
3209 3195 3365 3244 meo;
3411 3188 3466 3234 et
3494 3178 3622 3233 sub-

356 3289 534 3326 sermo
563 3282 677 3337 est,
721 3274 798 3327 \ir
837 3274 1242 3339 efficacissime,
1276 3276 1360 3329 cui
1405 3276 1563 3331 debet
1596 3280 1893 3348 respublica
1915 3322 1931 3347 ,
1952 3253 2009 3321 xc
2039 3273 2288 3329 stantiam
2314 3288 2639 3348 causamque
2665 3274 2917 3345 supplicis
2948 3276 3292 3331 fluctuantem
3326 3272 3622 3329 mvdieabi-

357 3364 499 3433 quod
533 3366 846 3433 supradictis
868 3367 1101 3421 solutum
1133 3368 1311 3421 laudat
1334 3370 1574 3423 historia.
1600 3371 1935 3443 Quapropter

355 3458 525 3527 ignari
554 3475 728 3514 rerum
756 3462 1035 3515 temeraria
1066 3460 1263 3531 judicia
1292 3464 1657 3531 suspendant,
1686 3481 1785 3522 nec
1815 3484 1935 3537 per-

354 3560 605 3605 severent
626 3550 752 3605 satis
782 3562 875 3605 aut
897 3552 1169 3622 suspicere
1198 3555 1521 3622 praeteritos,
1548 3559 1935 3628 autdespicere

310 3660 318 3668 ·
354 3654 646 3711 pra-sentes
688 3664 702 3703 :
735 3646 1163 3717 quandoquidem
1208 3647 1363 3703 facile
1400 3648 1682 3716 clarescit,
1720 3666 1935 3722 tempu-

354 3734 546 3791 blieam
580 3737 607 3775 δ
640 3740 837 3794 morari
886 3739 1180 3803 beneficia,
1232 3756 1326 3795 vos
1372 3744 1587 3797 mereri.
1622 3742 1933 3815 Quanquam

357 3830 656 3889 mirandum
685 3833 961 3902 granditer
1004 3849 1112 3889 non
1160 3834 1261 3900 sit,
1312 3835 1527 3890 natione
1572 3837 1932 3893 feneratorum

355 3940 462 3987 non
494 3925 667 3980 solum
716 3925 1001 3991 inciviliter
1022 3926 1299 3997 ,llomanas
1326 3928 1466 3987 vires
1491 3928 1894 3989 administrante
1915 3972 1931 3997 ,

354 4032 537 4072 verum
585 4002 745 4072 etiam
800 4018 1271 4073 fundamentaliter
1300 4028 1557 4087 eruente,
1592 4023 1633 4073 si
1676 4022 1932 4077 nobilium

344 4110 586 4171 virorum
638 4109 1056 4179 militariumque
1077 4152 1091 4173 ,
1122 4121 1176 4167 et
1206 4126 1362 4180 supra
1411 4113 1493 4165 vel
1518 4127 1669 4181 spem
1702 4126 1930 4183 nostrae,

352 4200 437 4255 vel
466 4201 772 4269 opinionem
808 4204 972 4269 partis
993 4203 1233 4256 adversa:
1258 4202 1662 4271 bellicosorum,
1691 4221 1794 4259 non
1828 4218 1931 4260 tam

351 4292 621 4346 defuerint
648 4292 787 4347 facta
816 4308 973 4362 quam
1004 4294 1244 4361 praemia.
1280 4292 1427 4348 .Valr.

909 4386 1234 4442 EPISTOIA
1282 4387 1368 4442 IX.

643 4477 891 4533 Sidonius
925 4488 947 4517 ι·
978 4479 1249 4534 Riothamo
1279 4498 1373 4533 suo
1394 4483 1628 4535 salutem.

423 4569 679 4625 Servatur
720 4571 892 4624 nostri
945 4572 1277 4625 consuetudo
1328 4575 1641 4637 sermonis;
1701 4590 1931 4645 namque

2037 3372 2103 3427 lis
2130 3375 2371 3442 responsi
2402 3372 2715 3430 salubritate
2746 3370 2942 3425 fulcite.
2976 3369 3128 3423 Vale.

2632 3461 2963 3521 EPISTOLA
3004 3461 3095 3517 XI.

2323 3556 2571 3615 Sidonius
2601 3553 2627 3592 ά
2660 3554 2932 3623 Simplicio
2962 3571 3056 3609 suo
3085 3556 3321 3609 salutem.

2110 3650 2225 3706 Etsi
2272 3648 2596 3705 desiderium
2634 3657 2875 3703 nostrum
2921 3646 3242 3702 sinisteritas
3277 3655 3420 3700 tanta
3449 3645 3620 3700 comi-

2040 3753 2198 3806 tatur,
2236 3752 2292 3797 ut
2322 3742 2483 3798 etiam
2530 3756 2676 3796 nunc.
2727 3740 2926 3795 neSIris
2970 3740 3260 3796 invidearis
3303 3729 3618 3795 obtutibus:

2040 3852 2144 3890 non
2174 3835 2373 3890 idcirco
2405 3836 2448 3889 is
2474 3849 2553 3895 es.
2583 3835 2816 3889 virorum
2844 3834 3064 3901 optime,
3100 3834 3167 3888 de
3194 3833 3349 3903 cujus
3380 3847 3477 3887 nos
3506 3847 3621 3888 mo-

2039 3926 2185 3978 rilnu;
2214 3926 2408 3979 lateant
2445 3924 2588 3977 celsa
2635 3932 2953 3979 memoratu.
3000 3926 3071 3977 ita
3113 3925 3287 3978 cuncti
3320 3934 3617 3987 nostrates,

2040 4019 2307 4087 iidemque
2339 4026 2627 4071 summates
2661 4018 2780 4080 viri,
2816 4020 3137 4087 optimarum
3171 4028 3221 4071 te
3248 4017 3619 4071 exactissima-

2030 4124 2265 4175 .rumque
2324 4109 2551 4175 partium
2612 4108 3110 4175 pra'stantissimum
3178 4106 3621 4176 patremfamilias

2035 4214 2275 4253 consono
2311 4200 2582 4269 praconio
2632 4207 3047 4269 prosequuntur.
3110 4200 3437 4268 Astipulatur
3496 4198 3621 4254 huic

2037 4293 2104 4347 de
2138 4302 2187 4348 te
2228 4293 2507 4348 sententiae
2538 4294 2831 4358 bonorum,
2866 4293 2949 4347 vel
2979 4293 3057 4348 sic
3085 4292 3285 4348 electus
3315 4308 3499 4363 gener,
3531 4292 3621 4346 vel

2037 4389 2225 4445 educta
2255 4391 2333 4443 sic
2366 4388 2470 4442 lilia
2507 4406 2520 4444 :
2553 4390 2605 4442 in
2634 4402 2863 4456 quorum
2908 4387 3095 4454 copula
3139 4396 3243 4440 tam
3274 4386 3484 4440 felicem
3528 4384 3622 4439 tibi

2037 4482 2461 4536 controversiam
2492 4490 2613 4534 vota
2653 4490 3007 4549 pepererunt,
3052 4487 3112 4532 ut
3138 4477 3409 4547 ambigas,
3440 4485 3621 4530 utrum

2036 4554 2258 4641 judicio,
2286 4589 2351 4625 an
2385 4572 2721 4626 institutione
2766 4570 3121 4639 superaveris.
3154 4566 3258 4622 Sed
3290 4574 3466 4620 tamen
3498 4564 3623 4619 hinc

354 4662 644 4716 miscemus
672 4676 789 4723 cum
838 4662 1158 4721 salutatione
1204 4666 1592 4733 querimoniam
1631 4684 1643 4719 :
1680 4682 1784 4722 non
1813 4684 1930 4722 om-
1958 4635 2013 4695 θ
2036 4666 2120 4721 vel
2153 4666 2382 4720 maxime
2408 4670 2657 4733 parentes
2687 4662 2846 4717 ambo
2871 4660 3208 4717 venerabiles
3244 4668 3359 4713 este
3397 4657 3571 4711 securi
3606 4674 3618 4708 :

348 4750 480 4804 nino
513 4751 634 4807 huic
664 4752 738 4806 rei
764 4742 1062 4817 studentes,
1091 4762 1150 4807 ut
1173 4754 1343 4825 stylns
1374 4764 1554 4809 noster
1577 4755 1685 4827 74
1708 4759 1775 4811 sit
1805 4758 1929 4814 offi-

344 4844 524 4895 ciosus
562 4843 611 4896 in
647 4842 834 4911 titulis,
866 4858 1025 4913 asper
1054 4844 1105 4898 in
1133 4845 1368 4913 paginis;
1409 4849 1501 4900 sel
1531 4848 1671 4917 quod
1702 4865 1761 4903 ea
1786 4866 1927 4905 sein-

347 4950 443 5005 per
464 4936 737 5004 eveniunt,
757 4936 825 4992 de
850 4936 1043 5006 quibus
1065 4936 1166 4991 loci
1196 4936 1299 4991 mei
1328 4946 1418 4991 aut
1435 4937 1637 4993 ordinis
1657 4940 1927 4996 hominem

348 5072 559 5129 venisse
592 5073 787 5143 liquet,
828 5088 947 5129 cum
980 5073 1137 5128 Gothi
1170 5074 1237 5128 ab
1264 5073 1542 5129 obsidione
1571 5078 1932 5133 Arvernorum

348 5144 398 5196 in
435 5143 652 5197 hiberna
684 5147 1101 5203 concessissent.
1126 5144 1198 5198 De
1223 5144 1498 5199 Liciniano
1523 5148 1712 5201 iterum
1737 5150 1935 5204 scribet

345 5214 451 5284 lib.
477 5231 525 5277 ν,
560 5214 781 5280 epistola
814 5217 874 5270 I6
906 5219 969 5268 ad
1004 5214 1373 5284 Papianillam.

415 5283 522 5355 40
554 5292 579 5321 ⁸
619 5284 801 5341 Virum
852 5283 1113 5341 illustrem
1156 5298 1310 5342 vocat
1349 5286 1400 5340 in
1442 5289 1701 5342 concione
1733 5288 1929 5345 Bituri-

346 5360 533 5423 censi,
568 5366 874 5411 senatorem
909 5357 1201 5426 Gregorius
1229 5356 1433 5411 Turon.
1464 5359 1612 5413 liune
1639 5360 1781 5413 enim
1814 5376 1933 5415 esse

346 5427 575 5494 conjicio
596 5426 922 5497 Eucherium
946 5439 1275 5492 senatorem,
1300 5444 1455 5497 quem
1478 5444 1509 5485 a
1532 5429 1772 5485 Victoria
1800 5432 1933 5487 duce

347 5498 487 5551 lictis
527 5496 810 5570 calumniis
843 5514 1155 5568 oppressum
1180 5541 1194 5564 ,
1239 5496 1590 5570 necatumque
1617 5514 1799 5557 narrat
1834 5502 1927 5557 lib.

316 5582 553 5638 _n,rcap.
584 5569 676 5624 20.

416 5637 441 5676 ιι
474 5637 527 5692 ιη
552 5640 765 5710 aliquot
792 5656 903 5695 mss
933 5684 948 5708 ,
982 5642 1255 5695 moderari.

418 5720 439 5749 α
477 5709 752 5766 Britiinum
785 5714 914 5782 regi,
949 5722 1003 5768 ut
1028 5712 1219 5782 Opinor
1246 5731 1255 5764 :
1288 5730 1443 5778 quem
1476 5714 1699 5769 Euricns
1723 5713 1928 5767 Anthe-

344 5781 451 5834 mio
474 5797 593 5836 eum
628 5783 695 5837 12
721 5781 953 5839 millibus
981 5781 1252 5851 suppetias
1286 5781 1544 5840 ferentem
1578 5784 1630 5838 in
1666 5797 1799 5853 pago
1840 5783 1926 5837 lii-

344 5854 545 5918 turico,
572 5862 629 5908 ut
651 5853 951 5917 Jornandes
982 5856 1032 5907 in
1064 5853 1221 5908 rebus
1258 5853 1456 5911 Geticis
1485 5855 1675 5913 refert.
1709 5856 1921 5911 collatis

538 5982 541 5985 “
562 5986 563 5989 ‘
584 5986 824 6004 ‘r‘lW‘O"
834 5991 891 6001 νντ
904 5993 957 6002 καί

2040 4758 2239 4811 idcirco
2283 4768 2509 4810 caeteros
2554 4754 2796 4817 vincitis,
2841 4752 2981 4822 quod
3014 4766 3108 4805 vos
3140 4751 3233 4805 lilii
3274 4750 3619 4804 transierunt.

2032 4849 2202 4919 igitur
2231 4848 2369 4901 dona
2395 4847 2546 4902 venia
2596 4846 2799 4899 litteras
2844 4844 3075 4915 primas;
3122 4858 3254 4913 quas
3295 4854 3353 4897 ut
3394 4844 3621 4897 necdum

2039 4941 2253 4996 mittere
2283 4938 2486 4995 desidia
2518 4937 2725 5001 fuerat,
2761 4938 2831 4991 ita
2863 4952 3055 4992 vereor
3082 4952 3146 4993 ne
3173 4936 3241 4991 sit
3265 4934 3474 4991 misisse
3494 4951 3620 5003 gar-

2038 5078 2206 5147 signis
2258 5076 2575 5143 proﬂigavit.
2625 5076 2731 5131 Nec
2782 5091 2909 5131 vero
2951 5076 3139 5147 mirum
3180 5084 3482 5147 e-t_regem
3515 5090 3620 5147 neu

2043 5144 2297 5215 appellari
2330 5146 2704 5207 liiotbamnm.
2754 5149 2896 5211 sive,
2955 5156 3010 5203 ut
3060 5144 3359 5199 Jornandes
3403 5146 3620 5208 scribit,
3682 5208 3685 5209 ν

2042 5218 2392 5283 Riotbininm,
2420 5235 2539 5271 eum
2566 5233 2662 5272 nec
2692 5217 3045 5273 Gunduicium
3091 5215 3301 5271 Ililarus
3335 5231 3489 5285 papa,
3525 5232 3623 5272 nec
3682 5222 3690 5278 ξ

2040 5288 2397 5357 (ἶΙιῐΙιμιτῑίειιηι
2433 5288 2686 5342 Sidonius
2727 5302 2878 5357 roges
2912 5294 3137 5352 vocent;
3181 5301 3406 5357 quorum
3441 5295 3618 5343 tamen

2042 5370 2264 5428 uterque
2290 5375 2379 5414 rex
2414 5360 2509 5413 luit
2538 5360 2990 5425 Burgundionum.

2114 5429 2136 5466 ἀ
2176 5432 2248 5484 Illi
2301 5430 2397 5496 ipsi
2431 5433 2687 5491 fortasse.
2729 5433 2816 5499 qui
2853 5430 3034 5497 paucis
3067 5438 3185 5497 post
3217 5429 3370 5484 annis
3400 5428 3623 5484 Sidonio
3711 5428 3715 5432 ’

2043 5500 2357 5567 designante
2388 5517 2599 5554 errans
2642 5511 2723 5554 est
2752 5501 3036 5570 episcopus
3066 5499 3431 5555 Bituricensis.
3465 5499 3625 5570 Juvat

2040 5573 2405 5639 conjecturam
2437 5575 2576 5641 quod
2622 5572 2688 5625 de
2722 5567 2978 5637 Simplicii
3010 5572 3168 5641 hujus
3201 5570 3334 5641 filiis
3363 5570 3435 5623 ait
3470 5588 3481 5621 :
3518 5567 3621 5621 Vos

2036 5644 2134 5709 ﬁlii
2180 5639 2489 5695 transierunt
2520 5660 2537 5696 .·
2564 5644 2630 5697 de
2671 5642 2932 5710 Simplicii
2976 5639 3213 5711 episcopi
3246 5639 3372 5711 filiis
3412 5640 3462 5694 in
3495 5654 3626 5711 con-

2036 5714 2222 5777 cione,
2274 5712 2466 5773 Utribus
2499 5709 2828 5783 comparatus
2866 5709 3023 5781 pater
3048 5710 3244 5783 felicior
3282 5709 3403 5765 inde
3447 5709 3621 5780 incipit

2033 5800 2140 5836 esse
2171 5786 2305 5853 quod
2337 5785 2574 5841 vincitur.
