4078 6348
404 388 510 475 nos

1663 392 1903 452 SlDONll
1942 364 2392 448 APOLLiNARtS

402 498 607 597 rulitas.
641 529 857 587 Carebit
880 539 1012 581 sane
1042 529 1285 578 nostrum
1316 531 1467 572 naevo
1499 511 1837 581 loquacitatis
1866 507 1985 563 offi-
2012 511 2065 570 Α
2088 505 2295 576 geries,
2353 516 2509 572 quam
2546 498 2785 565 ιωγῑετιιει
2820 494 3010 563 pagina
3057 499 3216 561 tegat.
3246 487 3359 557 Ego
3390 486 3691 542 venerabili

404 628 575 689 cium,
600 622 645 677 si
672 619 914 688 exemplo
940 610 1273 669 recursantis
1296 606 1547 678 alloquii,
1596 602 1983 674 impudentiam

406 716 608 785 pagina:
632 709 906 781 prazsentis
936 701 1252 760 absolveris.
1282 698 1427 753 Vale.

876 799 985 869 76
1024 790 1352 849 EPiSTOLA
1395 787 1508 843 xtl.

622 814 721 915 ὖ
876 814 985 869 76
1024 814 1352 849 lanatum;
1395 814 1508 843 Jul.

717 893 965 949 Sidonius
991 898 1017 924 ἰ
1049 884 1284 941 Secundo
1312 898 1406 937 suo
1435 882 1672 935 salutem.

473 987 568 1042 Avi
599 985 722 1049 mei,
750 980 931 1052 proavi
956 979 1031 1033 tui
1062 977 1322 1031 tumulum
1348 973 1621 1037 hesterno,
1646 968 1780 1040 proh
1802 966 1980 1022 dolor!

400 1085 487 1135 de
538 1092 725 1132 manus
774 1073 993 1145 profana
1046 1083 1179 1139 pene
1232 1072 1583 1121 temeraverat
1633 1078 1645 1114 :
1698 1059 1792 1115 sed
1842 1058 1985 1114 Deus

402 1172 594 1233 adfuit,
612 1184 675 1224 ne
700 1170 848 1223 nefas
876 1172 1083 1219 tantum
1108 1153 1781 1230 perpetraretur.Campus
1804 1160 1984 1204 autem

404 1269 517 1333 ipse
557 1261 759 1316 dudum
802 1258 1031 1312 refertus
1075 1262 1182 1307 tam
1235 1247 1564 1305 bustualibus
1607 1243 1799 1298 favillis
1824 1256 1985 1312 quam

401 1331 775 1415 cadaveribus,
803 1348 1001 1403 nullam
1023 1342 1228 1414 jamdiu
1253 1338 1500 1396 scrobem
1526 1334 1850 1405 recipiebat!
1877 1331 1984 1387 Sed

407 1457 582 1498 tamen
615 1441 796 1506 tellus,
830 1436 1064 1492 humatis
1092 1449 1210 1505 quae
1240 1429 1637 1503 superducitur,
1672 1424 1903 1481 redierat
1932 1424 1986 1477 in

403 1537 686 1607 pristinam
738 1534 966 1588 distenta
1016 1526 1338 1600 planitiem,‘
1378 1522 1618 1595 pondere
1659 1518 1858 1583 nivali,
1890 1531 1987 1573 seu

402 1631 657 1684 diuturno
690 1625 937 1681 imbrium
967 1623 1113 1677 fluxu
1140 1617 1440 1675 sidentibus
1465 1613 1691 1671 acervis.
1717 1612 1849 1679 Quae
1888 1608 1990 1664 fuit

404 1740 560 1778 causa
596 1730 655 1777 ut
683 1722 859 1775 locum
889 1718 1181 1783 auderent,
1225 1722 1479 1783 tanquam
1511 1716 1821 1770 vacantem,
1870 1716 1989 1757 cor-

405 1831 594 1883 porum
624 1811 792 1882 bajuli
813 1810 1003 1865 rastris
1026 1805 1337 1863 funebribus
1365 1802 1610 1873 impiare.
1640 1797 1777 1867 Quid
1801 1792 1987 1867 plura?

405 1907 520 1959 iam
575 1906 725 1974 niger
769 1915 959 1972 cespes
1002 1916 1065 1955 ex
1111 1896 1295 1962 viridi;
1337 1896 1444 1966 jam
1504 1908 1662 1964 supra
1713 1891 1988 1960 antiquum
2020 1893 2069 1954 Β

404 1997 709 2066 sepulcrum
733 1994 901 2063 glebae
928 1998 1197 2057 recentes,
1231 2002 1353 2044 cum
1384 1985 1524 2041 forte
1545 1994 1774 2055 pergens
1801 1980 1988 2036 urbem

405 2090 472 2144 ad
519 2089 852 2153 Arvernam,
895 2083 1166 2154 publicum
1215 2078 1391 2135 scelus
1430 2093 1462 2132 e
1501 2074 1790 2146 supercilio
1829 2070 1990 2126 vieini
2060 2102 2061 2105 η

406 2181 563 2235 collis
597 2181 810 2249 aspexi;
864 2189 1056 2245 meque
1089 2186 1227 2242 equo
1262 2169 1434 2225 eﬂ'uso
1488 2178 1595 2222 tam
1642 2181 1739 2236 per
1784 2172 1992 2234 aequata

406 2288 565 2345 quam
617 2286 712 2341 per
738 2270 964 2340 abrupta
1012 2264 1347 2336 proripiens,
1383 2270 1437 2316 et
1472 2272 1638 2314 morae
1667 2257 1874 2327 exiguae
1912 2255 1992 2309 sic

406 2378 619 2434 quoque
666 2361 989 2431 impatiens,
1035 2366 1322 2425 antequam
1371 2352 1741 2421 pervenirem,
1786 2346 1993 2401 facinus

406 2458 581 2511 audax
612 2454 812 2525 praevio
837 2454 1072 2507 clamore
1118 2445 1443 2516 compescui.
1485 2442 1618 2497 Dum
1658 2441 1903 2495 dubitant
1940 2438 1993 2492 in

406 2550 634 2604 crimine
679 2546 900 2616 reperti,
932 2543 1298 2599 dilaberentur
1325 2554 1391 2593 an
1423 2544 1650 2601 starent,
1682 2525 1989 2603 superveni.

409 2640 682 2697 Confiteor
710 2651 983 2701 errorem;
1027 2632 1287 2703 supplicia
1317 2639 1597 2701 captorum
1636 2626 1856 2682 differre
1888 2640 1993 2680 non

409 2730 560 2799 potui
621 2746 633 2783 :
684 2728 779 2783 sed
816 2741 973 2797 supra
1027 2727 1198 2795 ipsum
1251 2724 1398 2778 senis
1443 2721 1608 2776 nostri
1660 2719 1993 2790 opertorium

411 2825 543 2878 torsi
588 2823 855 2887 latrones,
883 2830 1139 2889 quantum
1164 2816 1417 2870 sufficere
1446 2814 1615 2884 possit
1646 2813 1994 2882 superatitum

408 2930 553 2970 curae
577 2956 590 2978 ,
624 2922 953 2967 mortuorum
1002 2908 1297 2964 securitati.
1328 2906 1595 2961 Caeterum
1628 2912 1813 2960 nostro
1854 2902 1995 2973 quod

409 3006 679 3066 sacerdoti
703 3005 774 3060 nil
802 3004 1102 3067 reservavi;
1127 3017 1260 3056 meae
1288 3014 1486 3064 causae,
1512 3013 1729 3069 suaeque
1753 3011 1996 3063 personae

412 3101 671 3172 praesrins
694 3145 709 3169 ,
755 3100 805 3153 in
845 3112 1130 3152 commune
1159 3095 1436 3159 consului;
1480 3109 1549 3147 ne
1579 3092 1662 3147 vel
1696 3093 1812 3146 haec
1851 3091 1997 3160 justo

412 3196 730 3249 clementius
752 3191 1135 3255 vindicaretur,
1160 3190 1241 3241 vt-l
1266 3188 1356 3241 illa
1381 3188 1528 3255 justo
1553 3186 1802 3239 severius
1828 3183 1999 3239 vindi-

412 3296 579 3341 caret.
633 3286 735 3355 77
783 3283 877 3338 Cni
922 3298 1041 3336 cum
1093 3291 1269 3335 tamen
1302 3288 1468 3333 totum
1501 3278 1747 3333 ordinem
1778 3282 1853 3332 rei
1881 3317 1895 3342 ,
1942 3284 1998 3333 ut
2024 3279 2071 3342 C

374 3442 377 3445 _
413 3375 749 3432 satisfaciens
791 3390 854 3427 ex
901 3373 1093 3427 itinere
1143 3369 1515 3434 mandassem;
1557 3370 1639 3423 vir
1678 3377 1897 3423 sanctus
1943 3378 1998 3424 et

372 3526 381 3535 ,
439 3475 587 3521 ustus
610 3465 900 3520 iracundiae
923 3479 1055 3518 meae
1079 3463 1224 3517 dedit
1249 3462 1497 3531 gloriam,
1525 3476 1646 3516 cum
1669 3462 1743 3517 nil
1767 3461 1997 3531 amplius

415 3576 517 3629 ego
541 3557 747 3613 veniam
781 3557 1103 3625 postularem
1124 3597 1139 3620 ,
1172 3555 1527 3624 pronuntians
1554 3570 1707 3611 more
1734 3556 1997 3625 majorum

416 3665 537 3705 reos
564 3657 723 3703 tantae
756 3647 1071 3702 temeritatis
1092 3648 1211 3717 jure
1236 3661 1405 3701 caesos
1429 3646 1619 3702 videri.
1647 3648 1754 3704 Sed
1777 3662 1845 3703 ne
1870 3648 1999 3719 quid

386 3752 387 3755 ‘
413 3744 467 3797 in
504 3758 771 3809 losierum
818 3741 1031 3797 casibus
1063 3741 1253 3806 liceat,
1285 3755 1419 3811 quos
1444 3740 1516 3795 ab
1541 3742 1791 3813 exemplo
1828 3744 1999 3798 vitare

410 3834 667 3889 debemus
688 3876 701 3899 ,
728 3849 760 3904 p
778 3848 888 3888 isco
915 3841 971 3888 nt
996 3842 1255 3901 actutum,
1289 3848 1375 3887 me
1399 3848 1611 3904 quoque
1640 3834 1880 3901 absente,
1911 3843 1999 3890 tua

411 3943 559 3995 cura,
590 3928 681 3984 sed
706 3942 825 3983 meo
851 3935 1062 3996 sumptu
1088 3934 1334 3996 resurgat
1355 3926 1406 3980 in
1441 3927 1634 3983 molem
1658 3941 1844 3999 sparsa
1865 3942 2002 3984 con-

485 4120 510 4147 R
541 4109 741 4165 Fratris
776 4108 884 4163 filio
917 4107 1021 4163 :ad
1054 4122 1209 4174 quem
1247 4107 1408 4177 mittit
1450 4106 1770 4177 Apollinaris
1794 4108 1877 4162 avi
1906 4108 1988 4163 sui

411 4181 762 4251 epitaphium,
778 4180 916 4247 quod
931 4187 1089 4234 nocte
1112 4176 1357 4248 proxima
1376 4187 1640 4251 exararat;
1665 4179 1990 4249 mandatque

412 4248 470 4306 ut
496 4248 842 4306 in‘marmore
874 4250 1097 4303 incisum
1136 4251 1253 4319 ejus
1280 4248 1486 4301 tumulo
1512 4248 1751 4319 imponat
1786 4270 1801 4305 :
1829 4248 1992 4319 atquc

411 4323 527 4377 haec
554 4337 615 4377 se
659 4334 869 4389 quoque
892 4320 1114 4389 absente
1137 4360 1149 4379 ,
1172 4388 1175 4389 ν
1196 4317 1249 4371 id
1281 4329 1363 4371 est
1392 4318 1779 4389 antegreditum
1803 4317 1955 4373 suuin
1973 4361 1989 4386 ,

411 4400 471 4446 ιιι
514 4387 965 4446 θυι-ριἸιοτιιιιιιτ.
1011 4388 1142 4442 Cum
1167 4388 1325 4455 igitur
1356 4388 1421 4439 ad
1464 4387 1650 4441 urbem
1694 4391 1989 4444 Arvernam

412 4476 639 4530 pergens
677 4477 742 4514 ex
774 4461 966 4515 itinere
1001 4458 1113 4530 haec
1141 4459 1373 4519 scribat,
1418 4471 1756 4530 consequens
1784 4467 1868 4513 est
1911 4468 1993 4513 tu-

413 4529 613 4586 mulum
640 4531 961 4600 Apollinaris
988 4529 1068 4583 avi
1097 4542 1201 4582 non
1232 4530 1596 4600 Arvernorum
1625 4529 1738 4584 urbi
1758 4529 1988 4584 vicinum

413 4602 577 4684 fuisse
603 4644 617 4663 .
673 4596 768 4684 sed
801 4600 1120 4683 [mg-dnuo}
1156 4596 1295 4680 unde
1341 4597 1616 4684 digressus
1660 4600 1728 4684 in,
1760 4600 1991 4670 sepulcri

412 4671 700 4725 violatores
744 4667 1117 4738 ipso—itineris
1163 4668 1314 4722 initio
1362 4667 1642 4722 inciderat.
1686 4669 1799 4724 Non
1825 4667 1989 4726 'enim

410 4743 597 4809 procul
626 4742 884 4811 Lugduno
916 4741 1149 4795 abfuisse
1182 4740 1442 4793 tumulum
1482 4740 1605 4794 hinc
1636 4749 1814 4810 patet,
1842 4743 1987 4811 quod

414 4828 538 4867 cum
567 4814 633 4867 de
666 4813 904 4866 multatis
934 4813 1041 4865 reis
1069 4811 1134 4865 ad
1167 4811 1476 4878 episcopum
1507 4813 1817 4877 retulisset,
1848 4813 1992 4868 illico

412 4899 727 4952 responsum
753 4886 805 4937 in
828 4883 943 4954 ipso
960 4880 1152 4954 itinere
1174 4881 1399 4954 accepit.
1435 4882 1780 4954 Sacerdotem
1812 4883 1993 4954 itaque

413 4970 566 5009 suum
596 4953 824 5023 appellat
856 4952 1159 5023 Patientem
1193 4952 1504 5023 episcopum
1552 4952 1991 5023 Lugdunensem,

412 5026 549 5094 ctgin
573 5022 846 5093 epitaphio
876 5022 1197 5094 Apollinaris
1222 5024 1443 5091 patriam
1473 5022 1811 5094 Lugdunum.

482 5092 509 5130 δ
542 5092 881 5162 Lapidicidac.
906 5092 1040 5149 Cod.
1065 5094 1131 5147 de
1152 5104 1390 5148 excusat.
1417 5092 1575 5147 artifi
1594 5096 1628 5148 Ι.
1660 5110 1675 5148 ι
1704 5112 1719 5151 :
1751 5095 1993 5161 Quadra-

412 5165 552 5229 tarii,
599 5182 725 5234 quos
756 5163 936 5218 Graeco
979 5163 1221 5217 uocabulo
1260 5163 1551 5234 neaeram;
1579 5167 1843 5234 appellant
1890 5183 1908 5220 :
1947 5178 1994 5221 et

412 5233 654 5306 saxorum
704 5236 1055 5303 quadrntarii,
1087 5233 1438 5306 Cassiodorus
1487 5237 1539 5289 in
1590 5233 1851 5306 psalmos.
1890 5241 1993 5294 Ars

410 5304 749 5373 quadrataria
782 5305 1171 5379 in_Agone_SS.
1205 5304 1629 5379 coronatorum}
1671 5317 1726 5362 et
1766 5308 1818 5361 in
1853 5310 1988 5379 fruge

410 5386 593 5447 mento
614 5376 809 5430 vetusti
833 5376 1025 5445 lapidis
1054 5375 1237 5447 Romae
1269 5377 1318 5428 in
1344 5376 1457 5430 aede
1485 5378 1539 5431 S.
1577 5377 1807 5447 llagnes.

485 5458 506 5483 ο
542 5445 617 5501 De
668 5447 981 5516 praefectura
1019 5445 1468 5521 Apollinaris__avi
1493 5459 1607 5521 ,“et
1645 5445 1712 5504 de
1753 5452 1991 5521 tyrann's

410 5530 545 5586 quos
580 5532 645 5571 eo
672 5526 913 5586 tempore
954 5532 1106 5582 passa
1139 5526 1221 5570 est
1245 5516 1448 5586 Gallia,
1486 5516 1895 5576 dicendum'lib.
1937 5536 1989 5584 v.

410 5590 631 5658 cpistola
659 5588 711 5651 9,
736 5589 801 5641 ad
829 5588 1156 5657 Aquiliuum.

482 5656 515 5731 ά.
537 5658 589 5712 in
620 5660 903 5728 baptismo,
923 5673 1078 5728 quem
1104 5659 1305 5731 primus
1322 5675 1352 5715 e
1378 5661 1570 5716 familia
1596 5677 1690 5715 sua
1711 5663 1947 5731 suscepit
1972 5681 1987 5721 :

410 5728 739 5811 undehpatet
764 5742 916 5811 error
955 5731 1100 5783 Beati
1132 5729 1373 5811 lihepaui
1394 5770 1407 5791 ,
1437 5735 1522 5811 qui
1554 5732 1775 5787 Sidonio
1807 5728 1994 5788 nostro

411 5801 628 5867 tribuit,
659 5801 799 5870 quod
827 5801 948 5871 ejus
972 5815 1072 5854 avo
1114 5799 1429 5855 debebatur.
1456 5799 1595 5857 'lluc
1635 5814 1812 5858 autem
1864 5803 1994 5858 facit

412 5868 690 5951 antiquum
719 5868 871 5932 urbis
894 5872 1249 5944 epigramma,
1282 5874 1423 5943 quod
1455 5875 1673 5946 reliquis
1718 5890 1748 5930 e
1799 5874 2055 5955 biblio..(;.
2100 5884 2268 5923 uxore
2296 5868 2440 5925 filius
2485 5869 2748 5925 Arcadius
2791 5883 2807 5922 a

2092 596 2391 654 Gaudentio
2422 592 2606 661 reliqui
2639 591 2866 659 pretimn
2902 585 3111 654 lapidis,
3144 580 3435 651 operisque
3465 592 3683 633 merce-

2091 692 2235 746 dem.
2283 687 2513 743 Carmen
2557 684 2659 738 hoe
2715 698 2845 737 sane
2892 679 3030 750 quod
3079 682 3471 744 consequetur,
3523 679 3686 726 nocte

2092 782 2331 854 proxima
2378 780 2511 843 feci,
2542 793 2647 831 non
2676 772 2999 844 expolitum,
3031 769 3220 834 credo,
3251 764 3394 836 quod
3427 764 3525 818 viae
3569 778 3682 819 non

2090 889 2280 946 parum
2311 872 2549 927 intentus
2596 886 2610 923 :
2644 866 2783 937 quod
2811 874 2966 936 peto,
3014 874 3071 917 ut
3099 859 3292 915 tabula-
3336 855 3684 928 quantulum-

2054 986 2059 987 ί
2090 983 2302 1038 cunque
2322 976 2426 1035 est,
2456 963 2707 1020 celeriter
2728 958 2962 1014 indatur.
2986 955 3093 1012 Sed
3115 953 3237 1008 vide
3267 962 3325 1006 ut
3356 950 3543 1005 vitium
3573 965 3682 1005 non

2092 1062 2250 1117 faciat
2289 1060 2343 1113 in
2372 1069 2643 1113 marmore
2674 1051 2958 1122 lapidicida
2994 1067 3007 1103 :
3057 1047 3199 1118 quod
3230 1044 3431 1099 factum
3472 1044 3585 1096 sive
3617 1043 3683 1095 al:

2092 1152 2394 1215 industria,
2444 1164 2540 1204 seu
2597 1161 2694 1216 per
2722 1142 3019 1205 incuriam,
3076 1138 3207 1194 mihi
3240 1136 3410 1205 magis
3448 1149 3609 1205 quam
3658 1132 3684 1170 l-

2093 1241 2460 1315 quadratario,
2495 1237 2687 1293 lividus
2720 1234 2887 1290 lector
2914 1231 3169 1287 ascribat.
3205 1229 3315 1299 Ego
3346 1241 3495 1292 vero,
3526 1225 3569 1278 si
3597 1224 3684 1292 pio

2092 1334 2268 1390 studio
2298 1340 2486 1401 rogata
2515 1329 2816 1393 curaveris,
2847 1326 2925 1381 sic
2956 1339 3109 1393 agam
3139 1321 3340 1393 gratias
3361 1362 3375 1385 ,
3411 1318 3563 1387 quasi
3612 1316 3683 1369 nil

2094 1427 2186 1482 tibi
2216 1439 2430 1496 quoque
2461 1421 2635 1477 laudis
2663 1429 2755 1475 aut
2779 1418 2966 1489 gloria:
2996 1415 3254 1479 accedat,
3301 1425 3461 1481 quem
3493 1417 3685 1479 patruo

2094 1530 2203 1583 tuo,
2248 1518 2299 1573 id
2330 1527 2411 1573 est
2438 1521 2787 1577 me-remoto,
2820 1508 2994 1566 solida
3028 1504 3310 1578 praesentis
3338 1501 3501 1558 officii
3531 1499 3683 1556 solli-

2091 1611 2273 1668 citudo
2295 1605 2586 1664 mansisset
2617 1619 2715 1676 pro
2750 1602 2917 1674 gradu
2946 1599 3188 1657 seminis.
3220 1595 3372 1652 Vale.

2216 1745 2394 1793 Serum
2421 1751 2526 1805 post
2547 1746 2763 1802 patruos,
2790 1747 3079 1805 patremque
3110 1744 3310 1784 carmen

2215 1805 2357 1856 Hand
2381 1800 2607 1866 indignus
2630 1815 2718 1852 avo
2739 1800 2890 1863 nepos
2907 1800 3062 1866 dicavi
3084 1809 3097 1847 :

2218 1867 2293 1917 Ne
2317 1866 2417 1915 fors
2440 1862 2661 1928 tempore
2685 1862 2921 1928 postumo,
2950 1862 3124 1928 viator,

2224 1932 2458 1991 Ignorans
2474 1922 2803 1991 reverentiam
2828 1922 3031 1986 sepulti.

2217 1989 2471 2041 Tellurem
2495 1999 2690 2037 tereres
2707 1989 3060 2048 inaggeratam.

2222 2058 2242 2085 ε
2269 2051 2541 2101 Praefectus
2560 2051 2692 2112 jacet
2710 2046 3125 2112 hic'Apollinarls,

2222 2118 2335 2166 Post
2360 2108 2583 2175 praetoria
2608 2119 2741 2161 recta
2759 2108 3038 2166 Galliarum,

2220 2178 2473 2229 merentis
2498 2176 2666 2237 patriae
2684 2175 2795 2223 sinu
2814 2178 3062 2233 receptus.

2207 2243 2316 2362 is
2342 2247 2754 2304 Consultissimus,
2792 2243 3190 2303 utilissimusque,

2265 2317 2384 2362 uris.
2408 2311 2622 2362 militiae.
2663 2307 2857 2362 forique
2882 2304 3037 2354 cultor
3057 2341 3071 2362 ,

2265 2304 2384 2372 u'ris,
2408 2311 2622 2372 militiae,
2650 2307 2857 2372 forique
2882 2304 3037 2372 cultor
3057 2341 3071 2365 ,

2223 2348 3005 2437 ἓῖὲῖἔρῖὁὲίὶιέἒίιιζρξξῖἷέιιιᾶὀζ

2222 2428 2857 2489 ιὶὺθι·’διιὶ›’όοηιίιιειὶιὶι)υς
2878 2428 3108 2491 tyrannis.

2224 2501 2341 2551 Haec
2362 2498 2449 2548 sed
2472 2500 2675 2546 maxima
2700 2492 2909 2555 dignitas
2925 2491 3189 2555 probatur:

2222 2548 2358 2622 Quod
2381 2562 2591 2610 frontem
2615 2548 2787 2617 cruce',
2813 2554 2837 2591 ὁ
2863 2548 3084 2602 membra
3106 2548 3240 2599 fonte
3263 2557 3496 2611 purgans,

2225 2624 2418 2674 Primus
2432 2622 2497 2669 de
2518 2630 2721 2668 numero
2745 2625 2931 2680 patrum
2949 2625 3148 2680 suorum

2224 2686 2388 2736 Sacris
2408 2682 2665 2742 sacrilegis
2688 2678 3001 2742 renuntiavit.

2224 2734 2329 2797 Hoc
2350 2734 2560 2809 primum
2586 2734 2662 2792 Est
2683 2743 2854 2809 decus,
2885 2739 2989 2787 haec
3010 2736 3225 2809 superba
3246 2734 3422 2791 virtus,

2220 2809 2321 2871 Spe
2345 2802 2650 2871 praecedere,
2683 2815 2807 2871 quos
2831 2806 3016 2851 honore
3036 2802 3231 2871 jnugas.

2224 2865 2414 2931 Q'uiq'ne
2441 2871 2516 2918 hic
2537 2874 2644 2931 sunt
2669 2865 2821 2915 titulis
2840 2876 2987 2926 pares
3006 2867 3254 2925 parentes,

2224 2929 2444 2982 Hos’illic
2467 2929 2653 2979 meritis
2668 2937 3011 2990 supervenire.

2100 3057 2231 3114 Novi
2254 3056 2469 3128 quidem
2498 3053 2734 3110 auctoris
2754 3052 2925 3109 nostri
2948 3065 3058 3107 non
3079 3045 3406 3118 respondere
3428 3043 3676 3099 doctrina

2060 3216 2068 3221 α
2101 3149 2366 3221 epitaphii
2404 3149 2748 3221 qualitatem;
2780 3145 2873 3201 sed
2914 3144 3089 3199 anima
3119 3139 3288 3212 perita
3328 3136 3555 3192 musicas
3582 3147 3682 3189 non

2103 3243 2300 3298 refutat
2330 3240 2567 3296 inferias.
2599 3239 2725 3295 Tibi
2765 3251 2979 3308 quoque
3007 3249 3116 3291 non
3170 3232 3324 3287 decet
3372 3230 3578 3285 tardum
3608 3228 3680 3282 vi.

2102 3333 2258 3403 deri,
2290 3333 2430 3405 quod
2479 3333 2649 3389 haeres
2699 3332 2885 3387 tertius
2913 3321 3681 3399 quartusque‘dependimus:

2103 3441 2225 3481 eum
2257 3435 2335 3480 tot
2364 3440 2627 3480 annorum
2658 3438 2790 3495 gyro
2813 3420 2999 3477 voluto
3043 3431 3292 3489 magnum
3324 3412 3685 3471 Alexandrum

2107 3529 2415 3590 parentasse
2457 3517 2703 3572 manibus
2754 3512 3013 3577 Achillis,
3060 3518 3116 3565 et
3166 3507 3365 3564 Julium
3420 3506 3686 3560 Caesarem

2106 3610 2343 3677 Hectori,
2376 3620 2432 3665 ut
2452 3625 2571 3674 suo,
2602 3610 2745 3680 justa
2778 3603 3107 3677 persolvisse
3135 3600 3506 3658 didicerimus.
3538 3595 3686 3652 Vale.

2642 3719 2968 3779 EPISTOLA
3006 3715 3143 3772 Xlll.

2392 3817 2643 3873 Sidonius
2675 3826 2698 3853 ε
2728 3812 3020 3885 Apollinari
3050 3824 3143 3865 suo
3170 3807 3405 3864 salutem.

2184 3931 2353 3989 Unice
2402 3931 2603 4004 probo,
2660 3928 2899 4000 gaudeo,
2947 3924 3187 3983 admiror
3238 3919 3385 3994 quod
3430 3914 3689 3976 castitatis

2096 4115 2250 4185 theca
2282 4114 2522 4170 Palatina
2553 4113 2781 4185 vulgatis
2808 4111 2934 4169 addi
2965 4110 3094 4168 licet
3119 4124 3184 4165 ex
3211 4108 3399 4165 codice
3417 4104 3479 4164 S.
3505 4105 3686 4162 Maria:

2098 4183 2476 4241 Virdunensis.

2097 4272 2204 4345 41
2250 4275 2329 4329 Ad
2359 4275 2627 4339 ecclesiam
2659 4274 2723 4329 S.
2754 4272 3017 4328 Laurentii
3041 4273 3121 4345 in;
3136 4270 3394 4345 Damam,
3422 4284 3538 4341 quae
3580 4267 3686 4324 alio

2445 4346 2648 4399 nomine
2689 4345 2978 4416 appellatur
3004 4345 3060 4398 in
3085 4342 3325 4397 Prasino.

2717 4457 2797 4513 Ad
2820 4457 3059 4514 Famem.

2220 4551 2321 4612 Iste
2342 4550 2554 4612 salutare
2578 4550 2685 4601 fons
2705 4552 2925 4601 continet
2948 4550 3140 4601 inclitus
3158 4550 3328 4610 undas,

2288 4611 2496 4687 Etésolet
2519 4613 2777 4687 humanam
2801 4614 3056 4687 purificare
3078 4612 3231 4687 luem.

2224 4675 2268 4725 Μ
2281 4676 2391 4739 nnia
2417 4678 2587 4725 sacrati
2608 4688 2718 4739 quae
2739 4673 2838 4725 sint
2854 4677 2925 4725 vis
2940 4676 3069 4725 scire
3094 4676 3301 4739 liquoris
3319 4673 3346 4724 ‘l

2288 4737 2414 4787 Dant
2451 4736 2778 4798 regnatricem
2797 4741 2993 4789 ﬂumina
3010 4736 3176 4787 sancta
3194 4736 3357 4785 fidem.

2225 4799 2543 4872 Abl‘uefonte
2568 4813 2706 4872 sacro
2724 4802 2909 4872 veteris
2934 4800 3158 4872 contagia
3184 4800 3316 4872 vitae,

2287 4862 2328 4910 0
2352 4863 2551 4913 nimium
2576 4863 2716 4921 felix,
2737 4865 2846 4913 \ive
2873 4869 3072 4913 renatus
3084 4858 3247 4921 aqua!

2222 4923 2361 4973 Hunc
2380 4924 2565 4974 fontem
2584 4918 2864 4987 quicunque
2889 4926 3031 4987 petit.
3055 4918 3256 4987 teri-qna
3280 4918 3528 4979 relinquit,

2286 4987 2488 5048 Subjicit
2508 4994 2557 5038 et
2582 4982 2932 5051 pedibus'caeca
2957 4982 3245 5031 ministeria.

2172 5100 2196 5128 ⁸
2222 5092 2447 5158 Quidam
2487 5092 2701 5147 codices
2732 5090 3007 5158 ascribunt
3038 5084 3167 5138 filio.
3205 5082 3554 5158 [’atris__enint
3602 5090 3688 5136 est

2099 5163 2164 5215 ad
2201 5153 2365 5217 filium
2396 5164 2707 5230 paramesis,
2735 5169 2789 5215 et
2816 5157 3183 5230 Apollinarem
3211 5153 3418 5230 Sidonii
3444 5154 3556 5230 lilio
3589 5168 3688 5206 no-

2098 5250 2220 5288 men
2253 5223 2435 5301 fuissc,
2461 5234 2611 5287 docet
2642 5223 2750 5285 tum
2770 5223 3215 5301 _epi's_t.9,_lib.__v,
3247 5236 3357 5301 tum
3386 5225 3439 5292 1,
3472 5223 3563 5278 lib.
3597 5238 3686 5301 is;

2097 5314 2152 5357 et
2184 5292 2434 5360 Ruricius
2468 5305 2558 5357 lib.
2603 5317 2669 5359 tt.
2698 5292 2855 5365 epist.
2883 5295 2973 5351 25.
3016 5297 3339 5364 Apollinaris
3387 5305 3564 5350 autem
3598 5292 3686 5347 hic

2038 5412 2041 5415 μ
2099 5374 2330 5440 videtur,
2362 5389 2520 5441 quem
2550 5367 2830 5426 Mediolani
2841 5367 2911 5441 _S.
2938 5366 3296 5441 Victorisope
3330 5365 3569 5441 custodia
3598 5377 3688 5441 so-

2098 5447 2266 5499 lutum
2296 5432 2473 5499 narrat
2512 5441 2798 5511 Gregorius
2839 5437 3104 5511 Turon.it
3144 5432 3336 5511 biit-ae.
3378 5437 3467 5493 45.
3499 5432 3685 5511 Yocla-

2098 5516 2250 5568 densi
2301 5515 2428 5568 dein
2460 5505 2647 5581 praelia
2683 5524 2804 5565 cum
2837 5510 3093 5581 Arvernis
3140 5508 3451 5581 interfuisse
3499 5505 3593 5561 lib.
3641 5517 3685 5581 _tt

2040 5592 2049 5597 ‘
2101 5584 2292 5639 histor.
2321 5585 2410 5650 57,
2446 5574 2553 5638 non
2586 5592 2762 5636 tamen
2791 5577 3127 5645 occubuisse,
3160 5580 3302 5651 quod
3332 5578 3403 5635 de
3430 5593 3542 5651 suo,
3568 5574 3687 5651 qui-

2098 5657 2220 5707 dam
2249 5647 2469 5710 addunt.
2503 5653 2633 5708 Nam
2664 5652 2911 5708 eumdem
2955 5660 3140 5721 postea
3174 5647 3225 5705 in
3254 5647 3548 5719 episcopali
3575 5650 3685 5700 Ar-

2100 5740 2388 5780 vernorum
2417 5725 2669 5780 cathedra
2697 5734 2988 5785 mortuum,
3021 5722 3161 5776 idem
3193 5722 3346 5786 alibi,
3376 5729 3434 5774 ut
3462 5732 3683 5779 censeo.

2100 5797 2254 5851 testis
2284 5808 2366 5851 est
2396 5796 2705 5867 Gregorius.
2736 5793 3067 5867 Apollinaris
3115 5807 3377 5867 porro‘ex
3412 5788 3686 5867 Placidiua

2840 5865 2907 5922 de
2936 5878 3044 5936 quo
3076 5860 3263 5920 scribit
3287 5862 3430 5918 idem
3463 5860 3556 5915 lib.
3600 5874 3682 5925 in,

3579 367 3699 433 608

3722 4964 3754 5009 4
