4078 6348
333 380 449 439 ε·οὲ
1607 373 2085 434 EPISTOLARUM
2129 379 2254 438 LIB.
2302 383 2390 438 Ill.

3527 384 3633 444 506

335 507 547 558 ςιιῐς-ςιυ
591 497 940 555 contubernia
988 495 1125 568 fugis
1166 494 1593 565 impudicorum;
1640 494 1935 561 pr.esertim
1966 497 2016 557 Α
2047 500 2285 556 verrucis
2355 515 2449 570 per
2507 504 2799 572 marginem
2855 515 3076 557 curvum
3134 499 3630 571 protuberantibus.

337 599 549 669 quibus
601 594 728 650 nihil
773 594 920 664 pensi
952 633 966 656 ,
1008 591 1136 645 nihil
1169 590 1334 644 sancti
1365 597 1448 643 est
1472 629 1487 655 ,
1521 590 1572 642 itt
1619 589 1945 660 appetendis

339 689 766 762 garriendisque
811 682 1231 754 turpitudinibus
1281 700 1291 734 :
1331 680 1528 750 quique
1574 681 1714 749 quod
1766 680 1946 735 verbis

343 782 737 840 inverecundis
786 779 994 833 aurium
1028 776 1358 847 publicarum
1390 776 1743 830 reverentiam
1786 775 1947 830 ince-

344 891 530 944 stant,
581 875 857 948 granditer
903 871 1004 926 sibi
1049 870 1300 924 videntur
1329 868 1610 923 facetiari:
1659 868 1767 938 79
1793 867 1944 935 cujus

347 973 581 1028 vilitatis
617 984 736 1026 esse
780 965 1094 1037 signiferum
1141 963 1466 1032 gnathonem
1512 960 1698 1029 patrim
1748 967 1946 1013 nostra:

347 1071 440 1122 vel
497 1065 786 1120 maximum
834 1058 1092 1127 iutellige.
1150 1055 1244 1110 Est
1305 1055 1447 1108 enim
1511 1053 1595 1106 hic
1643 1066 1835 1121 gurges
1881 1051 1949 1104 de

350 1157 636 1214 sutoribus
667 1152 998 1215 fabularum,
1027 1147 1094 1202 de
1129 1144 1600 1201 concinnatoribus
1626 1144 1908 1197 criminum
1932 1182 1946 1205 ,

353 1253 429 1306 de
486 1249 826 1305 sinistrarum
878 1241 1189 1312 Opinionunt
1244 1235 1697 1306 duphcatoribus;
1758 1235 1950 1303 loquax

356 1349 504 1418 ipse,
549 1359 650 1400 nec
687 1343 861 1404 dicax,
898 1337 1281 1405 ridiculusque,
1318 1349 1416 1388 nec
1448 1333 1623 1396 laetus,
1668 1345 1950 1400 arrogans-

355 1457 504 1512 que,
568 1453 665 1493 nec
721 1442 1007 1496 constans,
1049 1430 1439 1498 curiosusque,
1489 1443 1587 1481 nec
1632 1425 1948 1495 perspicax,

358 1543 524 1603 atque
575 1529 887 1584 indecenter
926 1523 1174 1578 affectato
1223 1522 1406 1591 lepore
1434 1562 1448 1585 ,
1497 1520 1615 1590 plus
1658 1519 1890 1573 rusticus
1933 1533 1948 1571 :

363 1637 609 1694 tempora
641 1619 924 1691 prmsentia
957 1616 1166 1679 colens,
1199 1613 1464 1684 praeterita
1496 1625 1743 1680 carpens,
1775 1610 1950 1662 futura

362 1716 664 1772 fastidiens.
708 1710 1002 1774 Beneficii,
1050 1707 1096 1761 si
1127 1715 1407 1776 rogaturus
1445 1716 1566 1769 est,
1613 1703 1950 1770 importunus

362 1809 604 1879 petendi,
633 1807 920 1875 derogator
946 1801 1144 1871 negati,
1175 1798 1456 1853 aemulator
1478 1794 1704 1864 accepti,
1727 1792 1953 1848 callidus

2052 591 2235 646 Portat
2264 601 2317 648 et
2344 607 2550 657 nasum,
2583 593 2668 662 qui
2694 609 2815 647 cum
2849 596 2916 647 sit
2949 593 3155 663 amplus
3177 593 3228 646 in
3259 591 3630 660 foraminibus,

2051 695 2100 740 et
2136 686 2353 740 strictus
2395 687 2446 741 in
2479 687 2648 755 spina,
2684 687 2763 742 sic
2813 689 3038 756 patescit
3070 685 3321 751 horrori,
3350 684 3495 757 quod
3534 697 3635 741 an.

2050 787 2296 846 gustatur
2330 776 2569 832 olfactui.
2613 777 2902 833 Praetendit
2943 795 3005 835 os
3047 781 3210 836 etiam
3248 778 3413 834 labris
3456 778 3653 857 plum-ua

2051 868 2236 936 beum,
2271 870 2406 924 rictu
2440 869 2668 925 ferinum
2687 914 2700 938 ,
2728 871 2954 941 gingivis
2981 873 3318 942 purulentum
3340 915 3355 938 ,
3382 870 3635 928 dentibus

2053 961 2315 1025 buxeum;
2366 961 2506 1032 quod
2542 973 2758 1032 spurcat
2788 965 3093 1034 frequenter
3119 964 3400 1022 exhalatus
3429 979 3460 1021 e
3502 977 3636 1020 con-

2054 1067 2185 1106 cavo
2215 1053 2498 1108 molarium
2531 1057 3074 1124 computrescentium
3119 1059 3438 1127 mephiticus
3473 1060 3634 1130 odor,

2053 1161 2212 1215 quem
2268 1147 2669 1216 supercumulat
2711 1150 2982 1204 esculenta
3026 1152 3254 1206 ructatio
3292 1153 3359 1208 de
3405 1153 3636 1221 dapibus

2056 1239 2323 1295 hesternis
2375 1249 2430 1296 et
2456 1241 2864 1297 redundantium
2913 1243 3120 1297 sentina
3163 1259 3458 1300 coenarum.
3507 1246 3637 1301 Pro-
3703 1291 3716 1300 .

2057 1332 2154 1386 mit
2177 1341 2231 1387 et
2257 1333 2484 1389 frontem
2509 1373 2524 1398 ,
2557 1349 2677 1404 qua:
2719 1334 3016 1390 fmdissimo
3045 1346 3196 1406 gestu
3221 1347 3395 1392 cutem
3429 1339 3634 1409 plicat,
3713 1381 3718 1387 .

2055 1425 2342 1494 supercilia
2388 1426 2665 1481 distendit.
2697 1425 2872 1481 Nutrit
2902 1434 2956 1481 et
2987 1427 3228 1492 barbam,
3259 1444 3379 1497 qum
3404 1429 3514 1497 jam
3553 1445 3627 1486 se-

2057 1528 2274 1575 nectute
2299 1535 2592 1576 canescens
2615 1559 2633 1587 ,
2667 1520 2724 1575 fit
2755 1529 2933 1577 tamen
2977 1522 3164 1577 morbo
3195 1524 3343 1591 nigra
3396 1525 3635 1598 Syllano.
3709 1539 3724 1592 ί

2053 1614 2160 1684 81
2189 1613 2320 1668 Tota
2349 1614 2582 1684 denique
2609 1623 2692 1670 est
2713 1615 2910 1670 misero
2943 1615 3105 1671 facies
3135 1617 3206 1671 ita
3232 1617 3446 1685 pallida.
3477 1619 3637 1679 veluti

2059 1720 2152 1772 per
2184 1712 2342 1760 horas
2370 1707 2573 1760 umbris
2604 1707 2938 1762 maestificata
2964 1707 3268 1764 larvalibus.
3301 1709 3478 1764 Taceo
3516 1710 3640 1765 reli-

2057 1814 2219 1868 quam
2249 1801 2330 1854 sui
2363 1801 2580 1866 molem,
2613 1803 2843 1855 vinctam
2873 1801 3123 1872 podagra,
3153 1801 3473 1873 pinguedine
3495 1803 3642 1859 solu-

363 1898 732 1962 reformandi,
759 1895 1015 1966 querulus
1046 1891 1298 1961 flagitati,
1329 1887 1576 1959 garrulus
1604 1887 1864 1950 restituti;
1897 1893 1951 1938 at
1980 1879 2028 1940 Β
2058 1901 2186 1947 tam.
2211 1892 2389 1948 Taceo
2417 1895 2701 1949 cerebrum
2727 1894 2913 1950 crebra
2938 1896 3113 1951 vibice
3135 1907 3466 1966 peraratum;
3499 1896 3640 1968 quod

361 1997 408 2050 si
441 1992 745 2063 rogandus,
788 1987 1070 2043 simulator
1107 1983 1308 2055 parati,
1350 1981 1714 2036 dissimulator
1765 1978 1947 2049 petiti,

361 2085 613 2142 venditor
669 2080 930 2153 praestiti,
989 2077 1287 2148 publicator
1325 2074 1555 2138 occulti,
1598 2074 1952 2127 calumniator

361 2182 575 2247 morati,
610 2177 876 2232 inficiator
910 2173 1069 2228 soluti
1103 2190 1115 2224 :
1155 2186 1280 2224 osor
1306 2170 1633 2238 jejuniorutn
1661 2208 1675 2229 ,
1719 2175 1952 2222 set-tatur

360 2274 670 2344 epularum;
695 2266 1020 2324 laudabilem
1045 2263 1324 2334 proferens
1345 2278 1449 2316 non
1468 2262 1534 2316 de
1556 2261 1692 2316 bene
1713 2260 1948 2323 vivente,

359 2365 456 2421 sed
484 2365 550 2419 de
596 2364 732 2417 bene
779 2369 1033 2430 pascente
1062 2357 1406 2410 sententiam.
1438 2354 1584 2408 Inter
1615 2353 1730 2406 hzec
1771 2359 1950 2405 tamen

361 2458 477 2528 ipse
511 2455 880 2520 avarissimus,
911 2465 1179 2522 quemque
1202 2463 1306 2503 non
1340 2449 1508 2516 pascit
1538 2457 1644 2500 tam
1675 2445 1824 2516 panis
1856 2444 1952 2500 bo-

363 2567 462 2606 nus
486 2564 645 2619 quam
678 2547 834 2616 panis
856 2545 1065 2599 alienus
1097 2559 1109 2596 :
1135 2541 1238 2597 hoc
1264 2539 1440 2595 solum
1466 2538 1756 2594 comedens
1781 2536 1948 2602 domi,

361 2642 552 2711 siquid
603 2655 634 2694 e
675 2640 844 2704 raptis
889 2637 1028 2690 inter
1057 2635 1331 2703 alaparum
1377 2630 1641 2702 procellas
1692 2628 1950 2698 praemisit

359 2732 620 2790 obsoniis.
649 2729 756 2785 Sed
789 2743 887 2783 nec
919 2736 1002 2782 est
1030 2742 1159 2781 sane
1187 2723 1545 2795 praedicabilis
1572 2722 1672 2778 viri
1704 2723 1754 2776 in
1778 2731 1948 2776 totum

360 2826 564 2882 silenda
598 2822 902 2893 frugalitas;
924 2819 1134 2889 jejunat
1155 2816 1404 2888 quotiens
1435 2832 1539 2871 non
1563 2824 1813 2879 vocatur;
1851 2812 1947 2869 sed

361 2921 441 2975 sic
468 2932 677 2988 quoque
701 2914 917 2969 levitate
961 2910 1272 2981 parasitica,
1301 2910 1347 2964 si
1378 2910 1634 2964 invitetur
1658 2922 1946 2972 excusans,

359 3013 404 3066 si
448 3012 638 3066 vitetur
686 3007 1007 3077 explorans,
1048 3003 1092 3058 si
1134 3001 1454 3058 excludatur
1493 3001 1857 3072 exprobrans,
1900 3001 1945 3055 si

357 3104 670 3160 admittatur
695 3100 993 3162 exsultans,
1029 3097 1072 3152 si
1103 3096 1420 3151 verberetur
1445 3106 1780 3163 exspectans.
1811 3094 1942 3148 Cum

359 3196 707 3260 discubuerit,
742 3192 909 3247 fertur
938 3200 1200 3255 actutum,
1231 3189 1276 3243 si
1300 3189 1451 3243 tarde
1480 3189 1742 3254 comedat,
1775 3190 1826 3243 in
1856 3204 1942 3243 ra-

364 3290 546 3359 pinas;
591 3287 634 3341 si
669 3285 774 3340 cito
813 3291 1107 3350 saturetur,
1151 3281 1202 3335 in
1251 3281 1548 3353 lacrytnas;
1584 3280 1626 3334 si
1667 3281 1844 3345 sitiat,
1889 3280 1942 3333 in

362 3379 642 3450 querelas;
692 3381 734 3431 si
788 3377 1118 3441 inebrietur,
1170 3376 1220 3430 in
1252 3375 1517 3438 vomicas;
1563 3373 1608 3427 si
1638 3373 1857 3442 fatiget,
1889 3373 1940 3426 in

363 3471 738 3533 contumelias,
789 3467 834 3521 si
865 3466 1131 3536 fatigetur,
1182 3466 1232 3520 in
1262 3464 1426 3519 furias
1459 3479 1472 3518 :
1507 3464 1798 3518 fetulentite
1828 3479 1943 3517 om-

359 3567 486 3619 nino
515 3578 608 3631 par
635 3560 876 3627 cloacali,
927 3575 1047 3630 quae
1076 3574 1182 3628 quo
1212 3558 1332 3627 plus
1374 3566 1663 3622 commota,
1697 3555 1813 3625 plus
1832 3555 1943 3626 80

357 3655 518 3712 fetida
547 3665 646 3709 est.
685 3653 756 3706 Ita
802 3653 988 3706 vivens
1015 3650 1194 3720 paucis
1229 3649 1522 3719 voluptati,
1551 3649 1712 3702 nullis
1735 3647 1936 3714 amori,

355 3748 604 3802 omnibus
651 3747 777 3800 tisui
809 3754 892 3799 est
922 3761 935 3796 :
973 3745 1269 3797 vesicarum
1295 3750 1500 3810 ruptor,
1529 3741 1833 3810 fractorque
1868 3740 1944 3794 fe-

359 3845 626 3905 rularum;
662 3839 876 3895 bibendi
903 3838 1114 3901 avidus,
1142 3836 1349 3891 avidior
1373 3835 1719 3902 detrahendi,
1753 3834 1943 3888 rabido

359 3935 554 4005 pariter
585 3949 680 3988 ore
704 3934 915 4001 spirans
942 3946 1176 3996 etenunt,
1200 3944 1455 3997 Spumans
1473 3930 1689 3994 vinum,
1720 3929 1942 3998 loquens

357 4043 654 4091 venenum,
709 4025 833 4078 facit
888 4020 1082 4092 ambigi
1135 4020 1400 4091 pudttior,
1457 4019 1829 4084 temulentior,
1872 4036 1940 4072 an

357 4121 710 4178 facinorosior
764 4118 1120 4172 existimetur.
1173 4114 1280 4170 Sed
1331 4113 1487 4182 dicis,
1529 4113 1693 4166 animi
1743 4112 1940 4182 probra

359 4217 507 4270 vultu
537 4216 763 4276 colorat,
797 4222 851 4268 et
886 4211 1204 4280 deprecatur
1235 4210 1462 4279 ineptias
1491 4210 1686 4263 tuentis
1715 4209 1940 4278 qualitas

355 4307 618 4377 corporis.
661 4305 892 4374 Elegans
934 4302 1184 4357 videlicet
1231 4299 1393 4356 honto
1439 4309 1938 4371 pervenustusque,

353 4401 614 4470 cujusque
665 4399 734 4452 sit
779 4395 1088 4465 spectabilis
1140 4409 1365 4464 persona
1409 4395 1726 4449 visentibus.
1784 4393 1939 4447 Enim

355 4507 486 4548 vero
513 4493 600 4546 illa
629 4488 898 4545 sordidior
917 4498 1078 4558 atque
1107 4485 1403 4542 deformior
1439 4495 1521 4541 est
1547 4485 1809 4541 cadavere
1853 4500 1941 4540 ro-

356 4585 485 4654 gali,
510 4583 649 4653 quod
683 4578 889 4636 lacibus
919 4580 1150 4635 admotis
1179 4577 1675 4644 semicombustum,
1707 4594 1938 4649 moxque

357 4677 570 4732 sidente
590 4684 733 4729 strue
763 4673 983 4729 tertium
1013 4671 1322 4727 devolutum
1349 4713 1364 4737 ,
1395 4669 1621 4727 reddere
1653 4687 1797 4743 pyra:
1823 4673 1933 4741 jatn

355 4769 666 4825 fastidiosus
707 4766 989 4837 pollinctor
1019 4763 1291 4819 exhorret.
1319 4762 1520 4818 Praeter
1551 4765 1663 4818 haec
1685 4804 1702 4830 ,
1736 4766 1935 4821 lumina

351 4864 490 4932 gerit
519 4861 657 4916 idem
686 4861 888 4916 lumine
913 4856 1173 4921 carentia;
1199 4873 1317 4926 quae
1342 4857 1540 4928 Stygiae
1564 4859 1678 4914 vice
1707 4861 1933 4927 paludis,

353 4952 571 5006 volvunt
597 4952 865 5022 lacrymas
896 4965 990 5020 per
1021 4948 1289 5004 tenebras.
1314 4948 1464 5004 Gerit
1489 4958 1543 5003 et
1567 4965 1725 5004 aures
1751 4952 1943 5006 imma-

350 5048 515 5099 nitate
553 5043 828 5106 barrinas;
860 5056 1088 5111 quarum
1119 5039 1352 5094 ﬁstulam
1397 5039 1622 5096 biforem
1666 5045 1821 5113 pellis
1853 5045 1940 5100 ul-

349 5151 536 5192 cerosa
577 5135 964 5200 circumvenit,
1003 5133 1180 5186 saxeis
1210 5132 1365 5186 nodis
1395 5139 1449 5186 et
1499 5134 1685 5189 tofosis
1716 5136 1942 5196 humore

350 5316 500 5368 οψῃ.
533 5299 585 5361 9,
619 5296 704 5359 1‘2,
739 5295 826 5368 178.
861 5292 1069 5368 Arcadii
1103 5290 1215 5368 filia
1243 5290 1545 5368 P‘lacidina,
1591 5312 1727 5352 ttxor
1756 5314 1932 5366 quon-

351 5361 468 5423 dam
511 5369 716 5422 Leontii
763 5367 990 5435 junioris
1039 5361 1498 5437 Btn'tligalensiunt
1544 5361 1802 5437 episcopi.
1850 5371 1930 5426 Ex

349 5444 541 5510 quibus
600 5433 777 5492 Illt'eltt
815 5437 1042 5502 accipiet
1099 5433 1453 5510 Fortunatus.
1506 5433 1596 5506 qui
1644 5433 1932 5497 Placidia-ae

349 5505 506 5578 tiujus
557 5512 818 5566 originem
854 5511 1014 5563 refert
1049 5507 1114 5560 ad
1146 5505 1359 5559 Avitum
1405 5505 1726 5579 Augustum,
1759 5513 1850 5569 lib.
1887 5531 1930 5580 t,

347 5588 580 5637 sarmlne
614 5582 678 5636 M
709 5602 720 5635 :

468 5697 624 5759 Cogor
647 5709 812 5746 amore
839 5697 985 5745 etiam
1014 5695 1265 5745 Placidinae
1287 5710 1433 5758 pauca
1451 5698 1665 5755 referre,

535 5766 653 5817 Quae
678 5759 763 5807 tibi
789 5767 903 5807 tunc
923 5759 1152 5818 conjunx,
1182 5766 1258 5807 est
1281 5760 1421 5808 modo
1445 5773 1551 5808 cara
1577 5774 1730 5808 soror.

468 5824 660 5874 Lumen
686 5822 746 5868 ab
771 5820 978 5869 Arcadio
1003 5821 1207 5868 veniens
1230 5823 1454 5880 genitore
1479 5823 1716 5883 refulget,

533 5892 636 5948 Quo
657 5891 824 5933 manet
850 5884 1122 5942 Augustum
1157 5896 1382 5943 germen,
1414 5885 1570 5944 Avite,
1602 5892 1756 5934 tuum.

2057 2003 2241 2056 parum
2267 1987 2494 2058 amplius
2517 1989 2622 2058 tegi
2648 1999 2858 2044 constat
2875 1990 3081 2059 capillis
3101 2007 3256 2059 quam
3281 1991 3638 2046 cicatricibus.

2055 2079 2232 2135 Taceo
2255 2096 2364 2150 prie
2386 2081 2647 2137 brevitate
2672 2082 2920 2149 cervicis,
2947 2083 3157 2152 occipiti
3182 2083 3430 2153 supinato
3451 2099 3641 2154 scapu-

2057 2173 2227 2227 lartnn
2279 2173 2558 2228 adhaerere
2587 2175 2844 2229 coitfinia.
2871 2175 3047 2230 Taceo
3073 2174 3216 2244 quod
3244 2174 3443 2229 decidit
3469 2175 3641 2232 honor

2056 2267 2292 2322 humeris
2316 2309 2331 2333 ,
2365 2267 2528 2322 decor
2566 2267 2822 2333 brachiis,
2855 2268 3019 2321 robur
3050 2267 3286 2322 lacertis.
3313 2268 3490 2323 Taceo
3518 2268 3638 2324 chi-

2056 2361 2294 2430 ragricas
2345 2373 2534 2413 manus
2576 2359 2752 2413 unctis
2798 2359 3245 2428 cataplasmatum
3271 2361 3496 2428 pannis.
3522 2369 3638 2414 tan-

2053 2468 2212 2521 quam
2242 2453 2494 2507 ctestibus
2526 2452 2816 2508 involutas.
2850 2453 3026 2508 Taceo
3056 2453 3198 2524 quod
3221 2455 3422 2508 alarum
3447 2469 3639 2524 specu-

2055 2543 2152 2598 bus
2167 2545 2392 2599 hircosis
2405 2556 2562 2615 atque
2578 2545 2947 2600 acescentibus
2973 2547 3138 2600 latera
3162 2549 3368 2616 captiva
3385 2547 3636 2614 vallatus,

2054 2652 2214 2692 nares
2241 2638 2748 2693 circumsedentiutn
2782 2639 3033 2694 ventilata
3065 2638 3296 2708 duplicis
3329 2640 3638 2709 Ampsancti

2053 2737 2203 2798 peste
2234 2729 2484 2785 funestat.
2527 2731 2701 2785 Taceo
2729 2732 2921 2786 fractas
2965 2730 3204 2802 pondere
3231 2733 3433 2788 arvinae
3459 2733 3639 2803 jacere

2052 2839 2311 2878 mammas
2332 2868 2345 2888 ,
2380 2836 2622 2894 quasque
2651 2819 2852 2879 foedum
2877 2834 3023 2880 esset
3055 2827 3107 2881 in
3136 2836 3356 2896 pectore
3393 2826 3530 2882 virili
3554 2825 3638 2882 vel

2051 2917 2391 2984 prominere,
2427 2916 2522 2969 has
2563 2927 2617 2970 ut
2649 2917 2814 2971 ubera
2863 2926 3104 2972 materna
3135 2919 3412 2974 cecidisse.
3461 2921 3636 2976 Taceo

2053 3008 2256 3060 ventris
2287 3005 2469 3061 inﬂexi
2516 3006 2778 3076 pendulos
2822 3022 3003 3062 casses
3036 3009 3262 3077 partium
3285 3010 3594 3079 genitalium
3615 3053 3632 3077 ,

2047 3101 2170 3169 quia
2203 3099 2470 3154 debilibus
2498 3099 2790 3168 pudendm,
2823 3099 3066 3170 turpibus
3096 3102 3242 3169 rugis
3264 3100 3470 3172 turpius
3501 3116 3634 3172 pra:-

2047 3193 2175 3248 bere
2198 3194 2462 3248 velamen.
2485 3191 2601 3247 Jatn
2625 3192 2751 3263 quid
2781 3192 2868 3248 hic
2889 3202 3119 3265 terguzn,
3148 3194 3465 3264 spinamque
3486 3208 3634 3248 com-

2049 3283 2381 3339 memorem?
2424 3284 2492 3338 de
2521 3284 2676 3353 cujus
2718 3284 2845 3339 licet
2887 3285 3310 3340 internodiorum
3362 3284 3633 3342 fomitibus

2047 3391 2340 3446 erumpens
2363 3392 2543 3431 aream
2577 3379 2810 3446 pectoris
2840 3385 2986 3432 texat
3014 3389 3301 3433 curvatura
3328 3388 3630 3444 costarum;

2047 3478 2156 3524 tota
2207 3470 2557 3524 nihilominus
2595 3469 2712 3524 haec
2753 3471 2958 3526 ossium
2995 3485 3205 3525 ramosa
3236 3486 3496 3544 compago
3533 3474 3633 3528 sub

2047 3579 2153 3620 uno
2178 3565 2321 3620 velut
2347 3565 2678 3621 exundantis
2707 3565 3008 3622 abdominis
3041 3566 3227 3635 pelago
3258 3567 3404 3623 latet.
3455 3567 3632 3623 Taceo

2047 3657 2348 3712 lumborum
2399 3657 2785 3726 corpulentiam
2806 3699 2822 3722 ,
2854 3657 3182 3727 cliniumque
3208 3698 3222 3722 ,
3250 3661 3332 3712 cui
3377 3659 3632 3714 crassitu-

2045 3751 2156 3804 dini
2209 3758 2515 3818 comparata
2559 3759 2808 3804 censetur
2834 3748 2985 3803 alvus
3015 3748 3190 3803 exilis.
3237 3749 3413 3804 Taceo
3458 3750 3630 3805 femur

2045 3842 2250 3895 aridum
2284 3850 2339 3895 et
2367 3840 2598 3908 pandum
2622 3881 2634 3905 ,
2670 3856 2842 3909 genua
2875 3850 3018 3894 vasta
3039 3882 3054 3907 ,
3086 3842 3314 3910 peplites
3340 3843 3626 3912 delicatos,

2044 3946 2199 3986 crura
2253 3945 2445 3985 cornea
2468 3970 2483 3995 ,
2509 3930 2707 3986 vitreos
2741 3931 2874 3985 talos
2905 3977 2917 3997 ,
2969 3946 3162 4000 parvos
3194 3932 3388 4001 digitos
3415 3974 3428 3995 .
3467 3934 3629 4003 pedes

2043 4025 2296 4093 grandes.
2344 4023 2585 4092 Cinnque
2615 4023 2856 4078 distortis
2893 4024 3110 4077 horreat
3155 4024 3223 4076 ita
3267 4024 3624 4091 liniamentis,

2045 4134 2138 4188 per
2165 4133 2285 4187 qute
2316 4117 2664 4184 multiplicem
2705 4115 3062 4186 pestilentiam
3094 4115 3381 4185 exsanguis
3409 4117 3627 4172 semivi-

2044 4228 2269 4282 vusque,
2304 4226 2402 4266 nec
2432 4224 2518 4280 p0t
2536 4219 2674 4262 tatus
2703 4209 2928 4271 sentiat,
2977 4223 3075 4263 nec
3103 4217 3433 4264 sustentatus
3476 4208 3626 4265 inco-

2043 4305 2164 4368 dat,
2195 4307 2305 4375 82
2334 4302 2516 4358 verbis
2541 4310 2718 4355 tamen
2747 4309 2828 4354 est
2857 4299 2950 4354 ille
2989 4315 3148 4369 quam
3181 4299 3438 4355 membris
3465 4315 3625 4356 exse-

2042 4397 2316 4452 crabilior.
2349 4395 2480 4450 Nam
2529 4406 2833 4462 quanquam
2883 4392 3087 4460 pruritu
3126 4392 3333 4447 laborat
3362 4394 3627 4448 sermonis

2044 4490 2348 4554 inhonesti,
2378 4499 2486 4542 tum
2530 4495 2879 4556 patronorum
2923 4494 3008 4540 est
3049 4486 3317 4556 prmcipue
3360 4485 3628 4542 cavendus

2042 4582 2285 4647 arcanis;
2342 4595 2572 4651 quorum
2598 4587 2680 4633 est
2709 4577 2955 4632 laudator
2985 4577 3037 4632 in
3065 4579 3370 4648 prosperis,
3419 4579 3628 4635 delator

2047 4677 2101 4730 in
2146 4673 2372 4728 dubiis:
2421 4680 2475 4726 at
2501 4671 2543 4724 si
2570 4670 2636 4724 ad
2665 4671 2869 4726 occulta
2920 4667 3260 4725 familiarium
3309 4671 3628 4740 publicanda

2048 4769 2304 4839 temporis
2332 4768 2470 4822 ratio
2515 4765 2796 4830 sollicitet,
2843 4779 2966 4818 mox
2997 4779 3094 4834 per
3128 4765 3268 4818 hunc
3314 4763 3628 4833 Spartacum

2045 4873 2378 4934 quaecunque
2399 4867 2524 4912 sunt
2557 4857 2734 4910 clausa
2764 4855 3097 4921 franguntur,
3121 4870 3348 4926 qumque
3382 4858 3628 4913 obserata

2045 4963 2354 5010 reserantur
2387 4967 2400 5002 :
2435 4952 2503 5003 ita
2534 4948 2676 5018 quod
2707 4962 2838 5016 quas
2867 4945 3148 5002 domorum
3181 4947 3487 5014 nequiverit
3511 4963 3630 5003 tua-

2046 5045 2220 5102 chinis
2243 5050 2444 5112 aperta:
2471 5038 2762 5095 simultatis
2792 5038 3071 5109 impetere,
3102 5037 3363 5093 cuniculis
3389 5038 3630 5097 clandes-

2049 5143 2174 5198 tinte
2212 5134 2532 5208 proditionis
2574 5134 2868 5204 impugnat.
2921 5132 3033 5187 Hoc
3080 5130 3342 5188 fabricatu
3386 5131 3631 5190 Daedalus

2165 5291 2358 5368 Imperii
2381 5288 2530 5368 fas'l‘us
2555 5290 2761 5368 totonqul
2795 5287 2926 5368 rexit
2950 5289 2995 5336 in
3024 5287 3166 5368 orbe2

2227 5348 2377 5415 Cujus
2401 5348 2770 5415 adhucpollens
2791 5349 2902 5415 jura
2923 5357 3123 5398 senatus
3151 5349 3318 5400 habet.

2167 5410 2375 5467 Humani
2401 5410 2603 5474 generis
2625 5413 2669 5459 si
2687 5410 2892 5475 culmina
2919 5415 3066 5473 prima
3091 5417 3334 5475 requiras,

2230 5477 2434 5527 Nomine
2453 5475 2676 5524 Caesareo
2701 5474 2766 5522 nil
2792 5487 3055 5535 superesse
3085 5485 3266 5536 potest.

2049 5589 2186 5643 Vere
2213 5581 2608 5654 prorsus.Nam
2641 5579 2887 5648 abneptis
2917 5579 3025 5654 fuit_
3053 5579 3288 5654 Avitiex
3338 5574 3624 5641 Papianilla

2047 5661 2152 5714 filia
2192 5649 2243 5710 et
2289 5653 2532 5710 Sidonio.
2584 5653 2763 5720 Itaque
2809 5651 2948 5718 apud
2988 5649 3300 5717 Gregorium
3338 5659 3625 5720 corruptus

2048 5742 2129 5786 est
2155 5731 2336 5782 locust
2372 5725 2548 5796 Ilirac_.
2570 5717 2762 5796 _b5_,'in
2795 5717 2934 5796 hunc
2985 5721 3199 5796 modum
3226 5717 3622 5796 restituendus,

2049 5802 2246 5856 Alcime
2270 5813 2415 5851 soror
2437 5804 2480 5847 et
2513 5793 2787 5846 Placiditta
2809 5795 2998 5862 ronjux
3024 5787 3336 5862 Apollinaris
3362 5787 3586 5862 ςηίεεορὲ
3601 5829 3621 5859 ,

2048 5871 2189 5946 quod
2219 5867 2558 5940 perspicuum
2587 5873 2760 5918 estex
2798 5857 2916 5916 libr'.
2949 5876 3028 5929 ιιι,
3059 5874 3177 5929 cap.
3211 5858 3244 5912 2
3283 5865 3338 5912 et
3365 5857 3453 5912 η.
