4078 6348
478 302 583 371 ,507

1743 299 1981 359 SIDONII
2024 303 2475 361 APOLLINARIS
3656 301 3748 360 593

483 428 1034 494 tr=steratusmttaruat
1067 430 1275 475 culmen
1304 417 1533 472 mallicat
1574 436 1582 469 :
1619 417 1707 487 qui
1732 418 1871 472 sicut
1897 418 2058 473 soda-

2170 436 2329 489 nugas
2362 422 2474 476 sive
2518 420 2790 475 confectas
2819 431 2985 487 opere
3024 420 3288 488 prosario,
3336 432 3429 471 seu
3476 426 3743 485 poetarum

482 513 620 593 illius
642 511 790 585 ,velut
815 511 1055 589 {flreseus
1086 510 1225 577 inter
1248 508 1481 573 secunda
1509 510 1767 574 sociatur;
1800 511 1877 564 sic
1898 511 1964 564 ab
1996 512 2089 581 iis_

456 604 817 685 Jtpsttttodutn
868 602 1016 681 velut
1057 601 1282 674 Proteus
1330 604 1466 658 inter
1507 601 1730 656 adversa
1779 602 2059 667 dilabitur.

482 695 643 779 Igitur
668 710 730 763 ex
754 702 879 773 voto
896 706 1021 755 meo
1051 692 1263 757 feceris,
1283 693 1325 747 si
1342 692 1522 751 talium
1541 692 1811 755 sodalitati
1838 708 1903 748 ne
1928 708 2060 748 con-

459 758 905 868 :gi‘essp.qiiitlem
922 784 1168 855 primore
1186 785 1413 849 sociere,
1435 785 1667 839 maxime
1690 785 2077 856 illorumquo-'

470 891 595 955 trutt‘t
620 866 955 944 Sermonibus
988 876 1281 944 prostitutis
1304 870 1367 930 ac
1400 876 1749 931 theatralibus
1771 866 1941 932 nullas
1967 877 2059 931 ha-

475 954 675 1033 benas,
703 966 843 1037 nulla
868 954 1164 1037 praemittit
1194 967 1444 1037 repagula
1476 967 1663 1037 pudor.
1705 967 1835 1022 Nam
1869 969 2062 1037 quibus

435 1052 613 1113 "citra
646 1060 939 1114 honestatis
980 1060 1206 1114 nitorem
1233 1060 1619 1129 jactitabundis
1648 1060 1887 1137 loquacis
1931 1060 2062 1117 faece

468 1151 788 1227 petulantiae
820 1151 994 1220 lingua
1033 1151 1286 1218 polluitur
1332 1149 1551 1205 infrenis
1575 1192 1591 1218 ,
1621 1150 1703 1213 his
1734 1152 2059 1207 conscientia

482 1260 694 1316 quoque
720 1243 1138 1299 snrdidatissima
1161 1254 1261 1298 est.
1297 1244 1537 1314 Denique
1568 1244 1774 1298 facilius
1800 1244 2059 1315 obtingit,

482 1348 539 1391 ut
569 1336 829 1406 quispiam
861 1336 997 1390 seria
1030 1335 1252 1405 loquens
1290 1337 1433 1391 vivat
1455 1335 1720 1401 obscene,
1772 1328 1929 1411 quam
1973 1353 2062 1391 va-

483 1430 588 1483 leat
632 1429 870 1496 ostendi,
924 1428 1012 1498 qui
1046 1428 1245 1497 pariter
1272 1428 1467 1483 existat
1495 1427 1769 1499 improbus
1798 1429 1973 1493 dictis,
2007 1437 2063 1485 et

470 1537 532 1592 pi
547 1522 683 1577 obus
712 1521 973 1577 moribus.
1006 1520 1161 1577 Vale.

1000 1610 1332 1668 EPISTOLA
1374 1612 1512 1667 XIV.

830 1703 1077 1761 Sidonius
1106 1703 1322 1761 Placido
1356 1722 1448 1759 suo
1468 1703 1704 1760 salutem.

2162 512 2304 582 stylo
2328 510 2708 578 cantilenosas,
2748 508 2865 577 plus
2892 509 3219 562 voluminum
3268 507 3497 561 lectione
3535 507 3745 575 dignere

2161 604 2540 672 repositorum.
2574 602 2792 657 Gaudeo
2827 602 2928 656 hoc
2955 602 3094 671 ipso,
3116 601 3257 675 quod
3284 600 3570 669 recognovi
3599 600 3744 655 char-

2163 694 2287 750 tulis
2309 695 2554 763 occupari
2592 694 2788 749 nostris
2817 694 2982 748 otium
3020 701 3188 748 tuum.
3239 693 3345 747 Sed
3382 694 3552 761 probe
3598 693 3745 746 intel-

2164 788 2288 856 ligo,
2319 788 2458 860 quod
2486 786 2859 847 moribustuis
2891 787 3029 842 hanc
3059 786 3390 853 voluptatem
3423 800 3530 838 non
3577 785 3745 854 operis

2162 880 2383 936 allectus
2411 880 2645 946 excudit,
2676 879 2767 933 sed
2806 879 3040 934 auctoris
3071 879 3312 933 allectus.
3356 876 3590 946 Ideoque
3638 878 3744 944 plus

2163 970 2356 1038 debeo,
2390 973 2512 1040 quia
2546 970 2734 1041 gloriae
2765 980 3015 1041 punctqu
3049 969 3190 1039 quod
3237 968 3458 1023 dictioni
3502 983 3742 1036 negares,

2163 1064 2254 1118 das
2284 1063 2551 1119 amicitiae.
2586 1063 2661 1118 De
2688 1062 2899 1118 cazteris
2923 1077 3048 1116 vero
3074 1061 3231 1115 studii
3265 1062 3433 1115 nostri
3470 1061 3747 1128 derogatu-

2144 1156 2331 1235 rribus,
2362 1157 2489 1225 quid
2520 1172 2583 1211 ex
2616 1170 2735 1211 asse
2764 1156 3126 1224 pronuntiem,
3169 1153 3402 1207 nondum
3437 1151 3747 1207 deliberati.

2165 1248 2295 1301 Nam
2327 1248 2415 1317 qui
2449 1247 2679 1301 maxime
2716 1246 2815 1299 sibi
2847 1246 3035 1299 doctus
3066 1244 3297 1308 videtur,
3331 1243 3622 1297 dictimtem
3668 1256 3750 1293 sa-

2166 1356 2288 1396 nam
2332 1349 2386 1394 et
2422 1341 2664 1395 insanam
2706 1339 2875 1394 ferme
2922 1340 3158 1409 appetitu
3193 1338 3307 1407 pari
3353 1336 3597 1397 revolvit,
3645 1351 3747 1388 non

2165 1431 2399 1501 amplius
2440 1433 2826 1501 concupiscens
2854 1439 3029 1484 erecta
3070 1444 3187 1499 qua:
3225 1426 3426 1492 laudet,
3459 1442 3619 1497 quam
3659 1426 3747 1479 de.

2166 1534 2348 1595 Specta
2380 1540 2499 1593 qua:
2522 1525 2713 1579 rideat.
2750 1526 2923 1593 Atque
2954 1524 3005 1576 in
3049 1523 3192 1577 hunc
3237 1521 3454 1575 modum
3506 1519 3744 1583 scientia,

2134 1602 2380 1693 pompa,
2412 1618 2707 1687 proprietas
2751 1616 2945 1686 lingua:
2982 1615 3184 1669 Latinae
3214 1612 3430 1683 judiciis
3458 1612 3747 1665 otiosorum

2167 1710 2400 1765 maximo
2425 1708 2625 1777 spretui
2656 1717 2777 1763 est:
2810 1721 3037 1776 quorum
3072 1703 3377 1760 scurrilitati
3430 1702 3746 1771 negligentia

549 1798 859 1868 Quanquam
893 1809 942 1853 te
982 1807 1072 1854 tua
1118 1808 1262 1855 tenet
1301 1808 1328 1837 ει
1358 1800 1751 1871 Gratianopolis
1773 1841 1789 1868 ,
1822 1800 2063 1870 comperi
2082 1811 2139 1875 ,Β
2166 1815 2367 1863 comes,
2396 1804 2495 1853 hoc
2518 1798 2702 1854 volens
2727 1807 2927 1853 tantum
2956 1796 3132 1866 legere
3152 1794 3291 1865 quod
3313 1804 3521 1863 carpat.
3546 1794 3625 1846 sic
3648 1807 3747 1848 non

470 1897 655 1973 tamen
689 1890 977 1963 hospitium
1000 1903 1236 1947 veterum
1265 1891 1369 1947 lido
1390 1892 1583 1953 relatu.
1614 1893 1722 1969 83
1748 1894 1889 1965 quod
1913 1909 2061 1950 meas

555 2074 579 2101 °
610 2065 814 2121 Nomen
852 2064 1077 2121 inditum
1110 2081 1139 2118 a
1172 2066 1445 2120 Gratiana.
1485 2065 1646 2120 Vetus
1682 2080 1822 2119 enim
1854 2074 1907 2120 et
1947 2080 2072 2134 pro-

440 2142 445 2147 ’
482 2136 653 2206 prium
687 2135 1022 2191 fuitCularo.
1054 2136 1204 2191 Unde
1228 2136 1361 2189 muri
1385 2135 1775 2190 Cularonenses
1802 2135 2068 2205 hodieque

444 2251 446 2255 .
477 2208 723 2278 leguntur
752 2206 804 2262 in
834 2209 1051 2277 antiqua
1092 2206 1437 2278 inscriptione
1459 2217 1649 2278 pot-tte
1678 2208 1927 2278 civitatis.
1954 2207 2062 2260 No-

466 2276 715 2357 f{uitiatur
741 2276 1519 2357 itetnin’l'abulaultineraria
1550 2276 1879 2357 Peutingeri,
1912 2280 2063 2357 e_t__in

479 2348 671 2404 Notitia
705 2348 936 2418 imperii,
978 2364 1097 2419 quae
1136 2348 1405 2402 tribunum
1438 2347 1679 2419 cohortis
1710 2349 1893 2417 primm
1941 2347 2064 2402 Fla-

438 2436 445 2441 '
479 2421 577 2475 vite
609 2421 875 2476 Cu'arone
913 2418 1196 2474 stationem
1230 2420 1482 2473 habuisse
1521 2418 1701 2473 docet.
1745 2419 1801 2472 lu
1834 2419 2061 2487 epistola

2171 1895 2335 1949 utitur
2360 1894 2575 1958 litteris,
2607 1891 2747 1962 quod
2775 1890 3030 1946 abutitur.
3056 1887 3205 1943 Vale.

2175 2066 2243 2121 50
2284 2065 2461 2120 I’lanci
2491 2064 2556 2119 ad
2586 2064 2923 2127 Ciceronem,
2961 2078 3082 2134 quas
3108 2072 3189 2117 est
3219 2061 3292 2116 25
3329 2060 3451 2134 libri
3495 2076 3521 2112 χ
3553 2058 3629 2134 ad
3658 2056 3748 2134 Ea.

2175 2136 2568 2220 IIIIIIOI‘CSI,.42
2598 2136 2878 2220 legendum
3063 2133 3525 2220 olintncensuimus
3552 2130 3604 2185 in
3633 2129 3750 2220 ul)!!-

2174 2186 2784 2272 ἇέζίέῖἑιῖιίίὶἷῗαὶὶιῖόἧὲ
2796 2186 2874 2260 “in
2903 2186 3093 2277 itaita;
3120 2186 3489 2277 gramm,
3519 2216 3621 2255 ιιοη
3637 2269 3652 2277 _
3671 2186 3749 2277 (ὶξέ

2171 2294 2380 2342 vat'one,
2410 2288 2468 2333 ut
2493 2269 2667 2347 'vulgo
2702 2278 2786 2332 edi
2836 2269 2992 2331 solet.
3039 2274 3198 2330 Fines
3229 2269 3600 2347 Allobrog'rum
3626 2269 3750 2347 facit

2168 2342 2627 2419 Gratianopolim:
2645 2347 2764 2417 quia
2807 2347 2873 2402 ad
2903 2348 3097 2419 Isaram
3131 2346 3300 2419 posita
3332 2353 3435 2408 est,
3457 2342 3579 2413 qua:
3615 2342 3749 2397 Allo-

2169 2420 2359 2488 hroges
2385 2417 2606 2486 claudit,
2632 2428 2951 2489 Separatque
2976 2433 3007 2472 a
3033 2417 3323 2472 Vocontiis.

488 2564 3736 2597 Wm

1450 2687 1912 2803 LIBER
1996 2681 2790 2815 QUARTUS.

893 2897 1004 2972 8E,
1040 2896 1369 2953 EPISTOLA
1410 2893 1647 2951 PRIMA.

834 3039 1086 3099 Sidonius
1105 3044 1133 3075 ι
1163 3034 1335 3097 Probo
1361 3050 1456 3097 suo
1472 3031 1718 3091 salutent.

558 3174 721 3233 Soror
750 3172 878 3228 mihi
913 3184 1032 3241 qua:
1062 3183 1199 3224 uxor
1223 3166 1314 3223 tibi
1342 3182 1355 3218 :
1393 3165 1516 3220 hinc
1545 3164 1686 3219 inter
1728 3177 1825 3217 nos
1855 3176 2065 3217 summa

440 3272 443 3277 ’
487 3278 541 3325 et
588 3266 892 3339 principalis
924 3261 1285 3325 necessitudo.
1327 3271 1381 3316 et
1429 3274 1491 3315 ea
1529 3259 1743 3329 quidem
1786 3257 2061 3329 patruelis,

489 3375 593 3414 non
638 3370 891 3427 germana
924 3352 1249 3420 fraternitas,
1281 3365 1399 3420 quae
1444 3350 1760 3421 plerumque
1797 3364 1853 3401 se
1886 3349 2069 3417 purius

443 3446 447 3451 ’
488 3450 699 3516 fortius,
727 3447 990 3503 meracius
1017 3456 1177 3501 amat.
1204 3444 1335 3499 Nam
1356 3443 1666 3499 facultatum
1697 3445 1836 3497 inter
1853 3455 2065 3512 germa-

2176 2894 2285 2948 Ium
2316 2902 2367 2949 te
2392 2891 2571 2949 facere
2592 2891 2732 2963 quod
2759 2905 2963 2961 posses,
2996 2898 3090 2946 sed
3121 2898 3175 2946 et
3197 2888 3485 2958 vellquuod
3513 2888 3750 2943 faceres:

2173 2985 2294 3040 ideo
2315 3001 2400 3050 pte
2423 2996 2474 3040 te
2505 2986 2700 3039 bonum
2734 2998 2837 3038 non
2876 2983 3052 3038 minus
3073 2997 3231 3052 quam
3258 2982 3485 3049 peritum
3517 2997 3749 3051 pronun-

2172 3076 2327 3130 tiari?
2351 3076 2414 3129 Et
2436 3091 2565 3130 vere
2596 3075 2730 3129 intra
2758 3074 3087 3130 Eusebianos
3128 3074 3264 3128 lares
3296 3074 3477 3127 talium
3516 3083 3569 3127 te
3610 3088 3752 3141 quae.

2172 3166 2292 3221 dam
2324 3176 2535 3222 moneta
2563 3177 2869 3236 susceperat
2889 3165 3312 3235 disciplinarum,
3341 3164 3492 3233 cujus
3521 3164 3755 3233 philosoa

2173 3258 2329 3328 phica
2355 3259 2545 3314 incude
2571 3258 2862 3313 formatus:
2895 3272 3039 3312 nunc
3060 3259 3230 3312 varias
3254 3256 3408 3310 nobis
3434 3270 3612 3310 rerum
3642 3268 3752 3309 ser-

2174 3367 2500 3421 monumque
2545 3353 2800 3415 rationes,
2843 3353 2957 3421 ipso
2980 3352 3139 3407 etiam
3178 3352 3267 3421 qui
3314 3350 3588 3415 docuerat,
3630 3363 3757 3418 pro-

2176 3444 2336 3499 bante
2368 3443 2634 3512 pandebas
2661 3462 2672 3495 :
2703 3459 2843 3499 nunc
2866 3451 2926 3497 ut
2949 3443 3099 3498 Plato
3124 3442 3417 3513 discipulus
3446 3441 3556 3510 jam
3593 3455 3757 3510 prope

445 3539 447 3547 “
490 3562 587 3602 nos
617 3547 762 3616 prius
793 3545 883 3600 lite
906 3544 1101 3612 sopita,
1128 3542 1239 3611 jam
1262 3540 1353 3611 qui
1385 3550 1677 3594 nascuntur
1697 3555 1760 3595 ex
1794 3538 2064 3603 fratribus,
2095 3522 2142 3585 C
2177 3537 2350 3606 potior
2372 3536 2471 3591 sub
2513 3536 2756 3605 Socrate,
2786 3538 2863 3592 sic
2887 3537 2997 3607 jam
3047 3545 3102 3591 tu
3140 3536 3239 3591 sub
3276 3536 3507 3591 Eusebio
3549 3545 3754 3600 nostro,

489 3637 621 3693 nihil
650 3636 872 3690 invicem
908 3640 1416 3690 controversantur:
1446 3640 1499 3687 et
1544 3629 1669 3685 hinc
1708 3645 1851 3699 saepe
1875 3629 2071 3685 caritas

490 3728 542 3784 in
572 3726 897 3798 patruelibus
924 3725 1116 3794 major,
1143 3722 1265 3793 quia
1289 3721 1498 3777 desistit
1531 3723 1639 3793 85
1667 3720 1910 3775 simultas
1931 3736 1959 3773 a
1984 3720 2070 3775 di-

487 3819 714 3884 visione,
748 3833 847 3872 nec
872 3824 1048 3872 cessat
1080 3813 1301 3871 affectus
1340 3830 1369 3867 a
1399 3813 1623 3868 semine.
1661 3812 1940 3868 Secundus
1972 3826 2070 3866 no-

490 3911 573 3966 bis
601 3908 903 3965 animorum
929 3923 1097 3963 nexus
1121 3908 1347 3962 accessit
1364 3905 1431 3960 de
1451 3904 1747 3959 studiorum
1778 3903 2068 3973 parilitate,

474 4002 607 4077 quia
630 4001 769 4056 idem
798 4001 1082 4067 sentimus,
1116 3999 1417 4067 culpamus,
1442 3996 1725 4051 laudamus
1764 3997 1814 4049 in
1858 3994 2069 4061 litteris,

487 4104 540 4148 et
562 4107 716 4163 aeque
746 4090 901 4146 nobis
933 4089 1183 4160 qutelibet
1210 4089 1375 4144 dictio
1406 4088 1577 4156 placet
1608 4087 2068 4157 improbaturque.

485 4183 799 4252 Quanquam
833 4182 962 4236 mihi
989 4182 1145 4236 nimis
1175 4195 1369 4250 arrogo
1395 4195 1572 4233 meum
1598 4178 1858 4247 judicium
1888 4176 2073 4232 confe-

488 4290 616 4332 rens
645 4286 756 4330 tuo.
785 4275 916 4342 Quis
945 4274 1085 4329 enim
1133 4274 1391 4343 juvenum
1433 4272 1637 4329 nesciat
1668 4270 2070 4338 seniorumque,

489 4376 542 4422 te
582 4367 711 4421 mihi
758 4369 1069 4437 magistrum
1100 4364 1265 4421 fuisse
1293 4366 1590 4436 proprium,
1625 4378 1745 4416 cum
1771 4361 2075 4415 videremur

440 4470 444 4475 '
489 4459 691 4514 habere
741 4460 1117 4516 communem?
1156 4468 1211 4514 et
1250 4460 1293 4514 si
1348 4458 1474 4529 quid
1526 4458 1772 4511 heroicus
1821 4455 2069 4521 arduum,

474 4555 724 4621 comicus
754 4554 1014 4625 lepidum,
1041 4554 1241 4627 lyricus
1265 4551 1677 4609 cantinelosum,
1697 4559 1876 4601 orator
1900 4558 2075 4600 matu-

488 4662 631 4712 rum,
678 4647 963 4702 historicus
1005 4652 1210 4709 verum,
1263 4644 1510 4698 satiricus
1552 4643 1855 4710 figuratum,
1897 4654 2075 4709 gram-

487 4742 715 4795 maticus
763 4740 1031 4809 regulare,
1093 4737 1430 4807 panegyrista
1481 4733 1784 4804 plausibile,
1833 4733 2073 4801 sophista

487 4830 707 4896 serium,
752 4831 1147 4901 epigrammista
1194 4829 1469 4891 lascivum,
1510 4835 1900 4882 commentator
1939 4826 2073 4882 luci-

2176 3630 2315 3683 intcr
2341 3628 2715 3682 Aristotelicas
2744 3629 3043 3700 categorias
3072 3628 3261 3684 artifex
3292 3628 3604 3683 dialecticus
3635 3628 3757 3681 atti-

2174 3724 2441 3787 cissabas,
2471 3737 2593 3778 cum
2624 3722 2713 3778 ille
2749 3721 2921 3777 adhuc
2957 3722 3222 3776 attatulatn
3272 3731 3531 3787 nostram,
3585 3720 3758 3775 mobi-

2176 3817 2300 3879 lem,
2335 3826 2597 3881 teneram,
2631 3814 2873 3878 crudam,
2900 3814 3060 3869 modo
3096 3813 3435 3884 castigatoria
3473 3816 3757 3871 severitate

2174 3908 2520 3978 decoqueret,
2546 3906 2705 3961 modo
2732 3906 2844 3977 86
2875 3905 3246 3960 mandatorum
3282 3906 3593 3961 salubritate
3631 3922 3757 3960 con-

2175 4000 2332 4056 diret.
2379 4000 2444 4054 At
2495 4000 2751 4070 qualium,
2794 3998 2936 4053 Deus
2987 3999 3146 4064 bone,
3197 4013 3464 4069 quamque
3502 4000 3756 4066 pretioso-

2175 4111 2292 4148 rum
2316 4096 2399 4149 !...
2429 4110 2547 4165 qum
2578 4094 2621 4147 si
2668 4092 2784 4161 quis
2811 4092 3120 4161 deportaret
3151 4090 3640 4161 philosophaturus,
3668 4100 3757 4145 aut

2174 4187 2237 4239 ad
2271 4187 2598 4256 paludicolas
2634 4184 2964 4247 Sicambros,
2996 4194 3087 4238 aut
3113 4183 3179 4238 ad
3219 4182 3610 4254 Caucasigenas
3637 4182 3758 4238 Αιδ-

2177 4294 2294 4343 nos,
2328 4289 2414 4331 aut
2444 4277 2507 4330 ad
2540 4277 2872 4346 equimulgas
2918 4263 3172 4342 Gelonos,
3219 4277 3518 4332 bestialium
3562 4276 3758 4346 rigida-

2177 4385 2399 4438 rumque
2431 4369 2704 4422 nationum
2745 4369 2905 4422 corda
2949 4384 3166 4433 cornea,
3212 4370 3465 4439 libraeque
3508 4367 3758 4437 glaciales

2179 4460 2365 4529 procul
2396 4460 2558 4514 dubio
2587 4459 2959 4515 emollirentur
2996 4462 3495 4531 egelidarentur-que
3527 4477 3541 4514 :
3587 4474 3760 4530 neque

2177 4553 2386 4607 illorum
2420 4551 2672 4606 feroc‘am
2699 4551 3155 4623 stoliditatemque
3186 4569 3303 4624 quae
3334 4552 3625 4613 secundum
3647 4551 3762 4607 bel—

2181 4644 2292 4698 luas
2332 4645 2542 4713 ineptit,
2578 4644 2855 4711 brutescit,
2903 4645 3233 4709 accenditur,
3277 4644 3596 4710 rideremus,
3634 4658 3762 4699 con-

2179 4745 2559 4801 temneremus,
2589 4736 3112 4805 pertimesceremus.
3146 4738 3307 4807 Igitur
3323 4738 3448 4808 quia
3481 4752 3582 4793 nos
3602 4746 3661 4792 ut
3682 4736 3761 4791 εἷς

2132 4862 2135 4871 ι
2181 4829 2375 4897 ﬁnitas,
2412 4831 2478 4884 ita
2522 4831 2696 4886 studia
2732 4832 3046 4901 junxerunt,
3080 4845 3290 4900 precor,
3312 4844 3527 4899 quoquo
3552 4830 3656 4886 loci
3681 4845 3761 4899 es,

487 4924 636 4987 dum,
663 4923 1078 4993 jurisconsultus
1102 4922 1409 4985 obscurum,
1440 4920 1779 4975 multifariam
1811 4920 2067 4976 condide-
2091 4907 2146 4968 Β
2170 4908 2416 4979 amicitia:
2439 4926 2555 4993 jura
2600 4925 2913 4980 inconcussa
2947 4922 3260 4978 custodias:
3291 4920 3617 4990 longumque
3639 4923 3759 4989 tibi,

433 5021 441 5028 '
489 5027 641 5080 runt;
671 5016 721 5067 id
768 5024 819 5069 te
857 5014 1196 5069 omnifariam
1244 5012 1486 5081 singulis,
1530 5012 1629 5067 nisi
1673 5012 1757 5066 cui
1800 5012 2072 5083 ingenium

432 5124 437 5130 ·
490 5108 699 5174 sibique
725 5106 843 5172 quis
862 5103 1030 5159 defuit
1080 5103 1400 5159 tradidisse?
1422 5105 1560 5160 Dens
1590 5105 1759 5160 bone!
1790 5120 1950 5175 quam
1971 5101 2092 5160 sibi'

493 5199 615 5251 hinc
647 5205 825 5265 patres
870 5199 1036 5253 nostri
1066 5199 1464 5267 gloriabantur,
1496 5214 1617 5254 cum
1666 5198 1928 5264 viderent,
1976 5199 2078 5255 sub

492 5303 591 5356 ope
620 5286 838 5353 Christi,
871 5298 921 5344 te
941 5289 1141 5346 docere
1162 5306 1338 5361 posse,
1369 5306 1454 5348 me
1479 5292 1721 5349 discere:
1746 5301 1807 5359 et
1849 5306 1954 5346 non
1984 5306 2077 5348 so-

567 5494 592 5522 ι
623 5484 791 5555 Magni
824 5485 1024 5559 Felicis
1058 5485 1228 5559 fratri,
1270 5489 1572 5559 praesumis
1599 5488 1859 5544 doctrinae
1886 5504 1951 5544 ac
1981 5490 2073 5559 ju-

496 5556 617 5613 dicii
644 5561 779 5613 viro.
811 5558 901 5614 Sic
920 5558 1060 5613 enim
1096 5556 1327 5614 Felicem
1358 5560 1645 5629 alloquitur
1671 5561 1720 5615 in
1743 5556 2075 5617 carmine—9:

618 5722 913 5773 Germanum
940 5730 1101 5771 tamen
1133 5729 1245 5771 ante
1266 5720 1352 5771 sed
1380 5728 1627 5772 memento

623 5784 863 5836 Doctrina.
887 5784 1108 5835 columen
1138 5785 1343 5834 Probum
1364 5785 1619 5834 advocare.

2172 5028 2228 5073 et
2257 5018 2299 5071 si
2328 5016 2457 5072 sede
2487 5016 2757 5077 absumus,
2790 5016 3027 5070 adsimus
3062 5010 3254 5065 affectu
3296 5026 3310 5062 :
3340 5009 3492 5079 cujus
3531 5010 3761 5067 inteme~

2175 5120 2303 5166 rata:
2337 5121 2537 5180 partes,
2591 5117 2847 5179 quantum
2892 5105 2960 5159 ad
3009 5117 3109 5157 nos
3153 5109 3379 5170 spectat,
3433 5117 3464 5157 a
3506 5103 3660 5159 nobis
3709 5104 3762 5163 in

2179 5219 2373 5269 aevum,
2422 5204 2465 5256 si
2514 5201 2638 5272 quid
2684 5210 2771 5255 est
2810 5199 2929 5252 vitae
2970 5194 3253 5264 reliquum,
3302 5198 3759 5266 perennabuntur.

2180 5294 2326 5350 Vale.

2184 5490 2340 5543 Probi
2395 5502 2521 5542 vero
2576 5500 2708 5541 uxor
2752 5481 2978 5551 Eulalia,
3014 5485 3254 5541 carmine
3298 5486 3392 5553 24,
3436 5485 3537 5541 sub
3581 5484 3760 5542 liuent.

2183 5562 2364 5626 Quare
2395 5558 2596 5613 Eulalia
2630 5556 2833 5612 Sidonii
2861 5571 3019 5611 soror
3049 5555 3150 5610 hoc
3190 5556 3330 5623 loco,
3370 5557 3463 5611 sed
3491 5571 3642 5610 soror
3673 5571 3758 5623 pa.

2184 5630 2392 5683 truelis.
2433 5629 2563 5687 Nam
2598 5638 2655 5693 ut
2699 5626 2865 5683 frater
2912 5627 3181 5683 interdum
3224 5627 3416 5682 dicitur
3445 5643 3549 5683 non
3589 5630 3759 5682 solum

2184 5716 2488 5770 germanus,
2514 5715 2697 5754 verum
2726 5700 2887 5755 etiam
2910 5700 3198 5766 patruelis;
3227 5699 3483 5770 sicsoror
3511 5706 3619 5751 tum
3643 5711 3758 5766 ger-n

2186 5768 2363 5839 mana,
2392 5779 2500 5825 tum
2528 5770 2797 5841 patruelis.
2835 5780 2923 5826 aut
2945 5771 3104 5825 etiam
3132 5768 3473 5825 consobrina.
