4078 6348
746 480 856 553 37
897 477 1227 536 EPISTOLA
1282 475 1348 529 ιι.

528 582 550 609 ⁸
567 571 884 628 Claudianus
915 570 1133 626 Sidonio
1161 582 1310 638 papa
1337 563 1576 620 salutem.

382 712 551 775 (Hanc
582 709 835 775 epistolam
868 708 1109 775 edidimus
1130 705 1419 775 Patrologisa
1453 713 1567 755 tom.
1590 699 1719 758 Llll,

761 771 851 821 col.
877 769 989 829 779,
1011 771 1095 819 ubi
1118 766 1341 827 Videsis.)

746 980 861 1050 εδ
898 974 1231 1032 EPISTULA
1274 973 1353 1028 ιιι.

588 1072 834 1127 Sidonius
855 1067 1142 1123 Claudiano
1170 1081 1262 1120 suo
1289 1064 1528 1117 salutem.

260 1212 430 1274 (lianc
453 1211 601 1261 etiam
623 1205 875 1272 epistolam
895 1204 1075 1256 videsis
1096 1199 1277 1252 Patrol.
1302 1207 1417 1250 tom.
1437 1194 1571 1257 Llll,
1601 1191 1693 1243 col.
1716 1188 1851 1252 78L)

750 1524 857 1593 92
898 1516 1232 1575 EPISTOLA
1272 1514 1362 1570 IV.

360 1616 611 1673 Sidonius
635 1612 662 1652 δ
684 1612 955 1683 Simplicio
983 1619 1030 1665 et
1070 1607 1362 1679 Apollinari
1388 1606 1493 1659 suis
1515 1605 1752 1659 salutem.

339 1730 559 1793 Eccum,
590 1726 676 1781 vel
718 1723 930 1778 tandem
962 1720 1116 1775 adest
1165 1716 1447 1788 promissio
1487 1728 1627 1777 mea,
1658 1726 1854 1780 exspe-

1516 347 1988 413 EPISTOLARUM
2198 345 2284 399 IV.

1872 470 1921 527 Α
1949 461 2165 516 eximite
2191 474 2545 515 commttn...o.
2580 471 2708 510 nam
2739 454 2785 509 si
2822 454 3112 511 etiamnum
3151 450 3311 507 silere
3356 448 3524 503 medi-

3417 332 3524 391 BlO

1952 554 2156 618 tetu-iui,
2191 567 2376 607 omnes
2404 562 2457 606 et
2490 565 2573 603 me
2599 554 2707 611 cui,
2739 555 2796 604 et
2818 548 2964 602 illum
2990 561 3082 615 per
3102 560 3257 613 quem
3288 541 3526 597 scribere

1951 646 2208 708 debeatis,
2227 643 2496 713 indignum
2521 639 2942 694 arbitrabuntur.
2970 638 3041 691 De
3065 646 3358 703 temporum
3384 644 3524 687 statu

1950 743 2057 808 jam
2081 737 2234 801 nihil,
2257 746 2307 791 ut
2332 734 2499 804 prius,
2521 732 2760 797 consulo,
2789 747 2854 785 ue
2872 733 2941 784 sit
2958 729 3195 783 tuoribus
3221 728 3322 780 tuis
3350 726 3521 790 oneri,

1951 833 1997 885 si
2028 832 2245 884 adversa
2292 825 2575 897 signiﬁces,
2607 840 2726 877 cum
2770 838 3022 892 prospera
3057 837 3159 874 non
3211 828 3521 887 sequantur.

1956 923 2085 976 Nam
2113 935 2233 975 cum
2266 927 2317 972 te
2355 934 2459 971 non
2489 917 2673 969 deceat
2720 914 2847 966 falsa
2890 913 3162 974 mandare,
3197 921 3353 978 atque
3400 911 3524 967 item

1954 1015 2129 1069 desint
2152 1014 2323 1067 votiva
2357 1019 2689 1071 memoratu;
2742 1006 2886 1075 fugio
2927 1004 3176 1074 quidquid
3236 1003 3360 1056 illud
3404 1019 3454 1055 tn
3495 999 3526 1053 li

1953 1114 2055 1169 est,
2083 1119 2175 1173 per
2204 1103 2460 1157 bonorum
2484 1099 2677 1153 indicia
2700 1110 3041 1166 cognoscere.
3075 1094 3217 1146 Val».

2550 1231 2876 1287 EPISTULA
2925 1229 2992 1284 Vl

2240 1348 2485 1404 Sidonius
2513 1358 2535 1385 ο
2564 1344 2851 1416 Apollinari
2878 1360 2970 1397 suo
2998 1341 3233 1396 salutem.

2029 1463 2131 1517 Per
2166 1462 2472 1516 Faustinum
2505 1458 2814 1519 antistitem,
2844 1471 2947 1509 noa
2980 1454 3154 1507 minus
3183 1450 3306 1505 milii
3340 1450 3533 1503 veteris

1959 1554 2297 1610 contubernii
2327 1551 2610 1604 sodalitate
2633 1563 2790 1615 quam
2829 1561 2978 1599 nov:e
3021 1541 3366 1612 professionis
3395 1554 3535 1593 com~

1961 1647 2213 1700 munione
2266 1644 2590 1697 devinctum.
2644 1640 2808 1693 verbo
2854 1638 3113 1707 qumpiam
3155 1632 3266 1704 94
3303 1631 3537 1687 cavenda

1962 1735 2371 1789 mandaveram:
2402 1734 2542 1784 dicto
2582 1730 2822 1799 paruisse
2864 1743 2959 1782 vos
2990 1726 3213 1795 gaudeo.
3261 1723 3535 1789 Siquidem

264 1824 430 1880 οίίηίο
459 1829 661 1885 “Strat
688 1818 968 1873 F"“5li"“3
990 1813 1368 1884 Paterfamilias
1389 1810 1534 1865 domi
1563 1807 1774 1867 "Obi'is'
1800 1810 1857 1859 εί
1886 1831 1936 1893 Β
1963 1825 2312 1897 prudentibus
2350 1822 2638 1877 cortlicitus
2677 1821 2892 1874 insitum
2926 1828 3028 1881 cst,
3074 1817 3238 1868 vitare
3283 1813 3493 1867 fortuita
3520 1827 3537 1869 :

265 1913 408 1967 inter
435 1911 671 1967 maxima
710 1908 919 1977 patriae,
956 1906 1065 1977 jam
1103 1904 1232 1959 mihi
1290 1902 1496 1972 sibique
1532 1897 1851 1965 communis,

270 2015 586 2062 ornamenta
631 2000 1016 2058 numerandus.
1066 1997 1163 2053 llic
1208 2010 1358 2050 meus
1396 1992 1560 2048 frater
1604 1989 1855 2045 natalium

268 2101 556 2172 parilitate,
590 2096 791 2152 amicus
818 2094 1115 2147 animorum
1143 2085 1495 2143 similitudine
1520 2101 1532 2137 :
1558 2097 1702 2150 saepe
1731 2095 1855 2135 cum

273 2171 376 2246 boc
407 2190 570 2253 seria,
597 2202 742 2256 saepe
768 2186 927 2241 etiam
955 2184 1075 2253 joca
1116 2179 1324 2243 miscui,
1353 2190 1584 2244 cumque
1619 2174 1687 2226 ab
1732 2171 1857 2225 hinc

254 2294 416 2342 retro
434 2285 657 2354 juvenes
684 2293 920 2341 eramus,
952 2277 1003 2331 in
1031 2275 1157 2345 pila,
1183 2274 1233 2326 in
1260 2270 1498 2336 tesseris,
1535 2268 1585 2321 in
1611 2266 1850 2329 saltibus,

271 2393 459 2443 cursu,
484 2383 702 2437 venatu,
736 2380 940 2435 natatu,
966 2375 1147 2422 sancta
1178 2380 1393 2435 semper
1427 2361 1706 2423 ambobus,
1734 2359 1857 2427 quia

276 2479 525 2524 manente
550 2466 796 2529 caritate,
830 2461 1126 2518 contentio.
1159 2459 1281 2514 Mihi
1311 2457 1527 2529 quidem
1558 2456 1730 2520 major
1773 2453 1858 2505 liic

275 2576 425 2626 natu,
459 2570 659 2615 tantum
694 2568 892 2618 tamen,
922 2562 980 2607 ut
1011 2567 1132 2607 eum
1174 2566 1279 2605 non
1323 2558 1429 2603 tam
1470 2544 1723 2600 honorari
1764 2556 1858 2596 ne-

277 2672 432 2711 cesse
467 2663 630 2716 esset,
660 2666 817 2720 quam
850 2647 1140 2701 delectaret
1176 2644 1367 2698 imitari
1407 2659 1419 2694 :
1465 2640 1623 2694 simul
1670 2648 1721 2694 et
1744 2640 1858 2706 ipse

275 2749 401 2802 binc
431 2745 662 2814 amplius
686 2740 1015 2811 capiebatur,
1047 2738 1185 2808 quod
1217 2751 1275 2790 se.
1294 2734 1439 2804 diligi
1477 2733 1664 2802 magis,
1698 2744 1856 2799 quam

272 2840 427 2909 quasi
454 2837 553 2891 coli
576 2832 927 2901 intelligebat.
951 2828 1057 2885 Sed
1083 2836 1339 2897 provectu
1360 2824 1552 2887 aetatis,
1579 2839 1643 2877 ex
1671 2820 1857 2876 militia

253 2931 535 2996 clericali,
566 2945 684 2984 cum
714 2935 857 2982 esset
886 2923 1131 2978 amabilis
1163 2921 1330 2990 prius,
1363 2918 1525 2987 coepit
1550 2915 1711 2970 modo
1739 2927 1860 2968 esse

273 3022 621 3081 venerabilis.
651 3020 753 3074 Per
787 3021 928 3072 hunc
949 3015 1175 3069 salutem
1208 3011 1349 3076 dico,
1377 3009 1561 3063 videre
1604 3021 1719 3069 vos,
1759 3003 1861 3058 sub

256 3134 379 3187 'opc
400 3115 617 3181 Christi,
648 3126 807 3185 quam
839 3105 1221 3169 maturissime,
1251 3102 1295 3157 si
1327 3117 1420 3169 per
1447 3108 1645 3155 statum
1688 3096 1859 3167 publi-

1960 1920 2096 1972 sicut
2126 1916 2307 1971 itidem
2353 1914 2642 1967 absurdum
2672 1919 2776 1973 est,
2819 1910 2863 1965 si
2902 1910 3091 1975 emptis
3133 1905 3420 1959 audacibus
3448 1902 3542 1957 ad-

1961 2022 2203 2065 versetur
2231 2015 2473 2068 eventus,
2503 2017 2829 2071 consurgere
2860 2002 2911 2055 iu
2940 1997 3324 2069 querimonias,
3362 2004 3414 2048 et
3460 1996 3543 2047 in-

1960 2103 2321 2158 consultarum
2353 2099 2761 2168 dispositionum
2798 2093 3090 2162 culpabiles
3130 2092 3302 2146 exitus
3348 2088 3414 2142 ad
3465 2092 3541 2143 in-

1962 2194 2238 2249 formanda
2268 2207 2433 2245 casuu
2459 2211 2486 2241 η
2528 2190 2729 2243 incerta
2765 2196 3101 2243 convertere.
3133 2184 3396 2249 Quorsum
3439 2181 3539 2233 istri

1964 2287 2113 2343 lucc?
2139 2288 2237 2341 ais.
2272 2284 2466 2339 Fateor
2506 2297 2591 2336 me
2632 2281 2789 2334 nimis
2813 2280 3063 2341 veritum,
3108 2292 3173 2329 ne
3208 2285 3444 2343 tempore
3469 2273 3540 2327 .ti-

1961 2378 2126 2432 moris
2154 2375 2348 2445 publici
2377 2389 2481 2428 non
2513 2370 2789 2433 timeretis,
2825 2378 2879 2424 et
2903 2367 3091 2421 solida:
3132 2366 3320 2420 domus
3345 2364 3409 2416 ad
3441 2362 3540 2415 lioc

1961 2470 2058 2522 aivi
2110 2470 2421 2522 inconcussa
2456 2463 2735 2524 securitas,
2768 2460 2830 2513 ad
2873 2465 3263 2527 tempestuosos
3309 2452 3541 2507 hostium

1961 2564 2208 2618 incursus
2253 2573 2349 2626 pro
2392 2554 2762 2624 intempestiva
2796 2550 3080 2605 devotione
3110 2545 3421 2615 trepidaret,
3466 2543 3543 2596 iu-

1962 2653 2285 2719 cboaretque
2315 2648 2451 2717 apud
2491 2647 2790 2699 animorum
2825 2638 3198 2694 matronalium
3228 2634 3544 2689 teneritudi-

1962 2758 2085 2797 nem
2131 2740 2440 2803 soleiunitas
2479 2736 2713 2805 expetita
2762 2734 3022 2788 vilescere
3069 2747 3083 2785 :
3133 2742 3433 2798 quanquam
3493 2726 3546 2780 in

1964 2833 2270 2903 pectoribus
2320 2827 2623 2885 earumdem
2666 2828 2734 2880 ita
2766 2824 2867 2879 sibi
2909 2825 2979 2877 sit
3019 2821 3248 2891 genuina
3294 2817 3547 2872 sanctitas

1972 2926 2239 2996 peculiare
2271 2933 2465 2978 metata
2491 2918 2839 2981 domicilium,
2869 2925 2925 2968 ut
2951 2915 2993 2968 si
3026 2912 3149 2981 quid
3181 2924 3336 2965 secus
3360 2908 3548 2962 vianti-

1952 3020 2063 3073 bus
2085 3017 2385 3082 accidisset,
2408 3016 2663 3069 limatum:
2694 3010 2891 3063 fuerint
2916 3005 3179 3077 quoddam
3198 3018 3255 3057 se
3280 3015 3376 3071 pro
3404 3015 3548 3053 mar-

1967 3122 2081 3183 tyre
2108 3112 2368 3163 tolerasse
2399 3104 2732 3174 martyrium.
2786 3102 2881 3154 Ast
2910 3113 3010 3167 ego
3040 3097 3123 3151 cui
3155 3095 3409 3163 majorem
3451 3091 3551 3146 dita

275 3186 401 3263 eum
427 3206 602 3271 liceat,
632 3202 873 3271 cupiens.
902 3198 1165 3266 Quocirca
1196 3192 1300 3248 nisi
1324 3190 1650 3246 desiderium
1681 3202 1858 3243 meum

1972 3202 2242 3258 ﬁdentiam
2278 3200 2450 3252 minor
2482 3195 2783 3250 innocentia
2812 3192 2959 3256 facit,
2983 3205 3147 3258 super
3181 3189 3281 3241 lioc
3301 3186 3552 3254 ambiguo

258 3300 494 3353 videtur
520 3309 831 3361 onerosum,
868 3296 1141 3348 remeante
1186 3287 1425 3356 prmfato,
1457 3284 1580 3338 tiam
1623 3283 1863 3336 locorum
1906 3284 1910 3289 '

278 3399 581 3446 vestrorum
611 3396 665 3442 et
695 3397 991 3456 temporum
1043 3396 1260 3452 gnarus.
1295 3380 1411 3436 Stat
1452 3375 1718 3433 sententia
1751 3374 1868 3429 elu-

258 3482 411 3537 ctari
435 3481 705 3551 appositas
728 3479 1052 3548 privatarum
1076 3472 1482 3543 occupationum
1505 3468 1863 3531 difﬁcultates;

278 3584 335 3630 et
372 3572 793 3641 complectendis
834 3570 1139 3640 pectoribus
1183 3568 1379 3624 vestris
1416 3564 1709 3635 quamlibet
1755 3564 1867 3616 lon—

278 3662 401 3739 ‘gum
430 3666 664 3721 ofﬁcium
703 3665 999 3733 deputare:
1033 3662 1076 3716 si
1108 3671 1309 3724 tamm,
1348 3658 1489 3729 quod
1521 3657 1681 3712 etiam
1723 3668 1868 3708 nunc

284 3774 553 3827 veremur,
579 3773 684 3814 non
705 3758 788 3811 vis
813 3756 985 3824 major
1006 3752 1262 3823 disposita
1285 3750 1609 3805 confundat:
1631 3762 1751 3817 quas
1777 3760 1870 3799 vos

284 3867 495 3923 quoque
520 3866 626 3907 non
639 3851 749 3921 93
772 3849 1143 3920 periudignum
1164 3855 1248 3902 est
1265 3860 1386 3903 cum
1410 3843 1572 3900 fratre
1589 3840 1867 3906 Faustino,

285 3955 443 4016 prout
471 3955 710 4015 tempora
741 3949 979 4003 monent,
1006 3947 1230 3995 tractatu
1252 3936 1647 3992 communicato
1670 3932 1872 3988 delibr-

286 4051 445 4092 rare:
472 4053 629 4106 quem
652 4050 751 4105 ego
779 4035 900 4105 quia
932 4034 1114 4101 diligo,
1148 4041 1397 4100 tanquam
1434 4028 1523 4098 qui
1553 4043 1638 4081 me
1667 4025 1869 4089 diligat,

286 4129 427 4183 misi.
458 4127 513 4184 Si
544 4130 833 4198 respondet
872 4125 1075 4195 judicio
1114 4139 1256 4185 meo,
1304 4121 1504 4193 gratias
1539 4133 1658 4188 ago.
1703 4116 1872 4170 Porro

284 4229 487 4286 autem,
515 4237 634 4277 cum
668 4222 749 4283 vir
794 4220 963 4273 bonus
1003 4219 1070 4272 ab
1114 4215 1365 4270 omnibus
1409 4220 1719 4273 censeatur,
1765 4221 1873 4261 non

294 4321 380 4369 est
409 4314 567 4369 homo
591 4312 830 4383 pejor,si
860 4326 963 4365 non
988 4320 1070 4363 est
1092 4308 1345 4378 optimus.
1378 4306 1586 4360 Valete.

853 4399 1186 4457 EPISTULA
1232 4399 1295 4453 V.

662 4493 908 4548 Sidonius
941 4489 1103 4545 Felici
1129 4506 1221 4544 suo
1250 4490 1487 4544 salutem.

1969 3294 2248 3350 Sententia:
2268 3289 2489 3344 cautiori
2516 3285 2763 3341 libentius
2782 3282 3112 3343 adbmresco,
3139 3294 3237 3333 nec
3261 3276 3554 3331 difficulter

1968 3384 2207 3455 app‘icor
2226 3384 2383 3437 etiam
2411 3388 2517 3433 tuta
2543 3377 2921 3433 metuentibus.
2938 3373 3168 3428 Proinde
3194 3372 3391 3425 factum
3417 3368 3557 3422 bene

1950 3484 2075 3539 'est,
2119 3472 2259 3541 quod
2306 3486 2504 3539 anceps
2560 3469 2655 3523 iter
2706 3466 2993 3520 salubriter
3042 3461 3342 3523 distulistis,
3384 3471 3559 3527 neque

1973 3570 2109 3624 intra
2126 3568 2328 3637 jactnm
2362 3573 2524 3617 tanta:
2552 3564 2683 3615 alea:
2705 3570 2875 3613 status
2901 3567 3064 3614 tanta:
3087 3556 3298 3610 familia:
3331 3552 3447 3606 fu't.
3498 3552 3561 3605 lit

1973 3662 2100 3716 licet
2146 3658 2393 3713 inclinata
2432 3655 2516 3707 via
2564 3651 2797 3717 potuerit
2851 3647 3176 3717 prosperari,
3224 3660 3326 3713 ego
3382 3652 3563 3698 tamen

1975 3749 2274 3820 liujusmodi
2296 3747 2525 3801 consilio
2543 3744 2720 3797 album
2741 3741 3003 3794 calculum
3033 3737 3251 3791 minime
3274 3748 3561 3803 apponam,

1973 3846 2125 3911 cujus
2160 3840 2431 3899 temeritas
2456 3836 2657 3897 absolvi
2707 3833 2910 3901 nequit,
2958 3831 3055 3883 nisi
3100 3827 3361 3883 beneﬁcio
3396 3826 3564 3879 felici-

1976 3937 2122 3992 tatis.
2153 3934 2305 3987 Dabit
2331 3929 2544 4000 quidem
2573 3927 2693 3980 talia
2720 3936 2838 3978 vota
2868 3921 3120 3976 divinitas
3145 3919 3320 3987 dignis
3342 3930 3565 3973 succosa

1978 4028 2127 4082 sibus
2156 4021 2469 4093 promoveri
2501 4037 2512 4071 :
2558 4016 2848 4080 licebitque
2890 4014 3063 4068 adhuc
3108 4012 3363 4065 horumce
3398 4018 3563 4061 terro~

1978 4136 2094 4176 rum
2130 4118 2233 4172 sub
2264 4118 2407 4183 pacis
2444 4106 3123 4169 amoenitatememinisse;
3166 4098 3566 4171 sedprazsentia

1984 4212 2187 4269 faciunt
2213 4216 2423 4268 cautos,
2456 4219 2587 4273 quos
2617 4200 2865 4267 videbunt
2892 4197 3064 4251 futut‘a
3088 4206 3324 4253 securos.
3350 4188 3570 4248 Interim

1977 4304 2042 4359 ad
2066 4314 2335 4371 ,prtescns.
2367 4298 2577 4365 apicum
2600 4292 2708 4362 95
2731 4290 2940 4347 oblator
2971 4287 3159 4341 damna
3183 4284 3281 4343 sibi
3300 4281 3570 4352 quaepiam

1976 4411 2076 4466 per
2108 4390 2394 4448 Genesium
2423 4396 2656 4441 vestium
2683 4383 2879 4443 iullicta
2915 4379 3172 4447 suspirat.
3208 4374 3263 4437 Si
3298 4372 3570 4442 .pcrspicis

1980 4504 2009 4542 a
2041 4502 2169 4543 vero
2214 4497 2319 4537 non
2358 4480 2669 4546 discrepare
2707 4472 3131 4544 querimoniam,
3182 4466 3341 4523 tribui
3386 4478 3573 4533 quaeso

366 4589 527 4642 Iterat
582 4586 888 4654 portitorem
943 4582 1277 4639 salutationis
1336 4583 1568 4638 iteratio.
1642 4575 2311 4653 Gozolaspeouviuceuti
2360 4568 2827 4631 reformationem,
2884 4561 3164 4634 peregrino
3214 4557 3569 4621 celeritatem.

250 4694 477 4757 :vesger
503 4678 666 4749 (Deus
692 4678 885 4732 tribuat
916 4685 973 4729 ut
1013 4674 1215 4744 noster)
1259 4675 1467 4743 apicvim
1512 4687 1749 4727 meorum
1782 4684 1867 4724 se—

284 4772 470 4827 cundo
498 4769 711 4840 gerulus
752 4767 1002 4823 efﬁcitur.
1045 4767 1204 4836 Igitur
1236 4766 1609 4820 verecundiam
1659 4765 1865 4833 utrique

365 4979 390 5004 ⁸
420 4968 710 5021 Mamertus
738 4963 1062 5018 Claudianus
1099 4959 1419 5013 Viennensis
1458 4961 1703 5014 ecclesim
1728 4975 1875 5029 prus.

290 5044 467 5111 liyter,
516 5037 756 5111 Mamerti
807 5035 1041 5111 episcopi
1088 5030 1272 5111 frater.
1342 5031 1685 5111 Discernepdi
1731 5033 1872 5084 cuitu

287 5101 417 5162 sunt
440 5108 674 5176 germani
703 5101 1149 5170 dum—Mamertus
1180 5102 1464 5176 cpiscOpus
1502 5109 1555 5154 et
1591 5101 1913 5164 Mamertus,

287 5170 623 5233 Claudianus
644 5176 947 5245 presbyter,
968 5176 1117 5240 cujus
1139 5185 1220 5226 est
1247 5173 1358 5224 haec
1378 5170 1625 5245 epistola.
1657 5173 1878 5240 Utrique

287 5263 581 5304 commune
613 5243 953 5309 vocabulum,
994 5246 1317 5298 Mamertus:
1350 5243 1442 5294 sed
1476 5245 1725 5310 episcopo
1756 5258 1880 5312 pro-

290 5323 469 5389 prium
517 5320 566 5371 id
614 5331 806 5371 nomen
853 5316 973 5389 fuit,
1021 5315 1711 5389 presbyteru_cognomen:
1753 5327 1876 5364 nam

290 5382 568 5461 proprium
595 5399 648 5441 et
677 5402 858 5439 verum
888 5386 1041 5461 liujus
1072 5382 1665 5461 ntllllen.ACllllldlallllS.

369 5452 533 5513 b'llos
562 5461 752 5512 iterum
780 5452 1054 5523 coujnugit
1076 5456 1236 5523 epist.
1268 5454 1351 5517 12,
1372 5455 1434 5506 ad
1461 5454 1698 5523 singulos
1721 5452 1880 5505 ctiam

289 5533 524 5585 seorsim
562 5532 693 5582 alias
732 5527 936 5580 scribit.
994 5524 1253 5579 Videntur
1300 5525 1492 5578 fratres
1537 5526 1719 5583 fuisse.
1761 5538 1882 5576 cum

292 5602 521 5658 Sidonio
545 5597 954 5654 necessitudinis
979 5596 1188 5650 vinculo
1207 5596 1435 5663 colligati
1463 5613 1476 5647 :
1501 5596 1641 5661 quod
1667 5593 1882 5664 quidem
1908 5635 1919 5645 .

291 5677 365 5726 de
393 5670 687 5739 Apollinari
722 5670 887 5737 liquet
917 5683 979 5720 cx
1010 5669 1166 5736 epist.
1201 5667 1254 5727 9,
1286 5667 1377 5719 lib.
1410 5682 1465 5719 ll.

374 5754 395 5780 ο
431 5742 637 5796 Eidem.
675 5739 886 5792 Invitati
924 5739 990 5791 ad
1036 5741 1286 5807 martyris
1320 5740 1457 5803 apud
1500 5740 1767 5791 Arvernos
1798 5751 1887 5788 so-

292 5815 631 5872 lemnitatem
683 5810 987 5874 Simplicius
1023 5816 1078 5863 et
1132 5809 1478 5875 Apollinaris,
1525 5809 1591 5862 ab
1643 5809 1886 5861 instituto

1976 4648 2033 4728 Si
2066 4684 2193 4724 vero
2224 4664 2540 4719 calumniam
2584 4656 2839 4730 plectibili
2883 4649 3208 4713 sufllaiumat
3252 4648 3567 4713 iiividia,;in

1974 4779 2038 4819 eo
2060 4762 2170 4831 jam
2206 4755 2477 4826 praecessit
2501 4751 2730 4805 vindicta
2775 4745 2990 4817 pulsati,
3015 4742 3153 4814 quod
3201 4756 3398 4812 procax
3429 4740 3564 4809 pelio

1980 4960 2169 5010 itinere
2200 4964 2341 5007 metu
2374 4948 2604 5003 hostium
2632 4946 2969 5000 destiterant.
3006 4944 3220 4997 Factum
3252 4940 3430 4995 laudat
3471 4942 3555 4993 Si-

1978 5029 2188 5090 donius,
2222 5025 2520 5093 gaudetque
2552 5026 2788 5093 domum,
2817 5018 2865 5069 id
2889 5028 2968 5068 031
2994 5015 3285 5093 ξίιιιιιμὶςιιιιη
3306 5011 3557 5093 nullisail

1987 5100 2036 5153 id
2089 5082 2299 5163 tempus
2353 5082 2593 5144 adversis
2656 5088 2940 5163 turbatam,
2994 5086 3222 5163 hostium
3276 5082 3577 5135 lllClll‘allllH

1990 5186 2099 5222 non
2135 5153 2297 5219 fuisse
2327 5164 2641 5229 expositam.
2669 5162 2810 5213 tlave
2848 5158 3004 5227 igitur
3033 5156 3099 5229 ad
3132 5170 3306 5207 arci-tn
3337 5153 3582 5229 ΔΙ’‹›1ἱιιί;ι-

1981 5256 2104 5294 cam
2134 5252 2251 5290 eum
2292 5224 2410 5287 viro
2447 5234 2609 5285 docto
2646 5232 2846 5283 referas
2872 5224 2903 5279 ἐ
2945 5240 3031 5279 aut
3073 5227 3139 5279 ile
3181 5240 3303 5278 arce
3337 5224 3425 5275 illa
3487 5224 3581 5274 tibi

1994 5310 2316 5378 persuadeas
2347 5304 2429 5357 vel
2462 5302 2613 5378 Apoll
2641 5302 2850 5353 uariunt
2883 5301 3007 5378 oliui
3050 5297 3235 5377 fuisse,
3267 5297 3349 5346 vel
3388 5311 3580 5346 nomen

1992 5366 2057 5433 2m
2104 5378 2349 5447 Apolline
2397 5366 2667 5447 derivasso
2722 5388 2730 5424 :
2784 5370 2921 5438 quod
2972 5366 3184 5421 Gabriel
3213 5438 3221 5447 ‘
3255 5366 3581 5422 Sitnconius,

1994 5438 2165 5503 bouio'
2202 5449 2453 5501 Etruscus
2491 5443 2766 5510 ingenioso
2806 5452 3111 5493 commento
3153 5438 3261 5510 Asibi
3312 5439 3451 5486 vi~us
3505 5442 3584 5482 est

1993 5522 2288 5575 divinasse.
2335 5518 2465 5568 Nam
2513 5506 2663 5566 votos
2712 5528 2906 5565 nomen
2959 5513 3099 5563 arcis
3148 5506 3576 5562 l’odotuoiacus:

1992 5591 2134 5661 quod
2176 5591 2371 5655 passim
2392 5588 2584 5661 legere
2614 5594 2696 5661 est
2724 5593 2835 5661 tum
2878 5583 2928 5661 in
2974 5581 3095 5661 aliis
3125 5577 3368 5660 antiquis“
3397 5587 3584 5661 tuonu-

2000 5646 2216 5725 mentis,
2250 5670 2357 5711 tttnt
2392 5646 2681 5710 in'litleris
2724 5652 2921 5707 Utbani
2957 5652 2991 5702 ν
3029 5666 3175 5725 papa:
3220 5650 3284 5725 ad
3331 5646 3583 5697 Catulum

1996 5748 2171 5803 regem
2205 5717 2300 5793 pro
2326 5726 2595 5783 Armando
2621 5725 2955 5782 vicccomite.
2985 5721 3081 5776 loci
3112 5717 3325 5772 domino
