4078 6348
520 330 617 432 in

1799 361 2040 420 SIDONII
2080 358 2534 419 APOLLlNARIS

522 499 606 547 tor
637 498 847 560 sumptu
887 496 941 544 et
980 487 1171 542 itinere
1213 483 1509 547 confectus.
1564 489 1766 539 temere
1812 480 2101 552 proposita:
2130 481 2180 538 A
2204 478 2311 550 97
2336 480 2580 535 subditus
2606 493 2733 550 ager
2762 475 2941 535 herbis
2965 475 3264 543 abundans,
3286 477 3481 534 fluvius
3508 487 3638 535 ante
3662 495 3793 538 ocu-

523 583 632 637 litis
671 582 894 636 exsudat
941 577 1277 633 incommoda
1314 593 1327 631 :
1376 587 1535 646 atque
1582 574 1682 630 hoc
1721 576 1774 629 in
1817 584 1841 610 *ι
1871 575 2104 627 maxime

524 674 713 727 hiemis
742 680 986 736 accentu,
1008 670 1339 738 summisque
1368 668 1595 724 cumulis
1632 666 1854 731 nivium,
1879 665 2102 719 crustis-

523 780 625 834 que
648 762 938 831 glacierum
967 778 979 815 :
1004 760 1144 831 quod
1176 769 1406 830 tempus,
1434 771 1687 830 quantum
1719 759 1784 813 ad
1813 766 2105 813 sectatores

522 855 689 911 litium
720 866 948 925 spectat,
976 856 1139 911 breve
1166 856 1378 924 quidem
1401 871 1546 925 saepe
1569 865 1651 911 est
1678 854 1983 920 audientize,
2012 852 2106 909 sed

524 946 832 1003 diuturnum
860 963 1077 1020 semper
1099 948 1331 1017 injuriae.
1366 947 1518 1003 Vale.

1080 1037 1408 1094 EPISTOLA
1435 1037 1548 1097 V'll.

842 1130 1096 1186 Sidonius
1137 1130 1406 1199 Simplicio
1434 1146 1527 1185 suo
1549 1130 1784 1184 salutem.

596 1223 744 1281 Solet
772 1224 977 1291 dicere,
998 1234 1305 1280 currentem
1335 1238 1543 1293 mones,
1573 1225 1663 1295 qui
1703 1233 1921 1294 rogatur
1948 1230 2006 1277 ut
2035 1222 2110 1275 fa-

519 1318 626 1373 ciat
650 1316 794 1388 quod
827 1317 1067 1372 tacturus
1098 1316 1270 1371 fuerat
1295 1317 1458 1372 etiam
1482 1331 1586 1372 non
1610 1325 1847 1387 rogatus.
1877 1314 2110 1370 Pereun-

521 1420 673 1467 ttere
706 1411 954 1479 forsitan,
984 1425 1090 1481 quo
1109 1418 1315 1482 Spectet
1342 1410 1439 1465 ista
1459 1409 1733 1481 praemitti.
1756 1409 1972 1479 Bajulus
1997 1407 2112 1478 api-

522 1520 643 1558 cum
669 1503 859 1559 sedulo
891 1513 1160 1571 precatur,
1189 1511 1247 1557 ut
1274 1504 1341 1558 ad
1377 1518 1473 1558 vos
1508 1520 1539 1559 a
1586 1519 1672 1559 me
1700 1503 1910 1559 litteras
1939 1505 2108 1558 ferat:

469 1648 479 1670 θ
524 1596 677 1664 cujus
706 1611 736 1650 a
768 1596 921 1651 nobis
948 1596 1138 1653 itinere
1160 1607 1458 1666 comperto,
1488 1596 1538 1652 id
1569 1599 1740 1666 ipsum
1770 1607 1886 1654 erat
1908 1598 2111 1667 utique,

525 1687 569 1740 si
599 1687 870 1757 tacuisset,
911 1689 1188 1744 orandus;
1238 1704 1465 1759 namque
1506 1688 1607 1745 hoc
1653 1689 1886 1745 officium
1937 1698 2113 1745 vester

524 1780 703 1849 potius
723 1796 895 1847 amor,
929 1797 1086 1851 quam
1108 1784 1278 1852 geruli
1309 1791 1587 1852 respectus
1611 1783 1813 1839 elicuit.
1845 1781 2111 1838 Caeterum
2149 1823 2153 1827 η

2212 573 2292 626 los
2319 572 2503 627 avibus
2530 586 2593 626 ac
2618 572 2763 642 pisce
2790 571 2959 625 multo
2993 570 3220 625 refertus
3250 589 3263 624 :
3292 580 3491 641 praeter
3537 572 3656 627 [nec
3679 573 3798 643 jun-

2210 672 2348 719 ctam
2378 664 2579 719 habens
2612 665 2742 735 ripre
2770 666 2991 721 domum
3024 678 3219 718 novam
3252 673 3405 719 vetus
3439 665 3672 733 amicus,
3710 682 3798 724 cu-

2207 758 2294 830 jus
2332 760 2605 815 immensa:
2644 759 2985 822 humanitati,
3019 774 3118 813 nec
3162 759 3208 814 si
3246 760 3581 829 acquiescas,
3619 777 3719 818 nec
3753 761 3796 819 si

2212 864 2450 916 recuses,
2482 850 2697 906 modum
2722 866 2909 922 ponas.
2942 852 3105 921 Igitur
3132 850 3235 907 huc
3257 853 3454 908 nostris
3481 855 3799 911 antecedem

2210 943 2375 1007 tibus,
2405 958 2527 998 cum
2562 944 2635 997 tui
2665 958 2825 999 causa
2872 942 3321 1009 substitissemus,
3350 959 3458 1015 quo
3486 959 3625 1016 puer
3652 948 3799 1005 ocius

2212 1033 2294 1087 vel
2317 1047 2348 1088 e
2370 1034 2547 1102 capite
2576 1035 2675 1089 vici
2701 1034 3086 1105 remitteretur,
3113 1046 3135 1074 ε
3154 1035 3266 1106 jam
3298 1036 3419 1092 duae
3447 1038 3704 1094 secunda:
3727 1040 3799 1095 fa-

2211 1125 2316 1181 cile
2344 1137 2741 1195 processerant,
2769 1126 2879 1197 jam
2909 1128 2989 1182 sol
3012 1128 3223 1184 adultus
3242 1129 3467 1185 roscida:
3498 1132 3676 1187 noctis
3707 1132 3800 1186 lni-

2213 1234 2418 1273 morem
2446 1219 2596 1274 radio
2622 1229 2901 1276 crescente
2933 1210 3236 1287 sorbuerat,
3264 1232 3427 1278 aestus
3462 1238 3526 1278 ac
3562 1225 3683 1280 sitis
3722 1225 3801 1281 in-

2213 1312 2574 1378 valescebant,
2628 1324 2790 1383 atque
2836 1314 2891 1368 in
2951 1312 3212 1384 profunda
3267 1315 3562 1371 serenitate
3617 1327 3800 1373 contra

2212 1403 2444 1457 calorem
2480 1404 2594 1458 sola
2634 1418 2753 1473 quae
2782 1412 2985 1474 tegeret
3025 1403 3221 1459 nebula
3264 1403 3333 1459 de
3379 1404 3618 1475 pulvere.
3669 1406 3800 1465 Tum

2213 1496 2574 1567 longinquitas
2595 1497 2716 1563 viae,
2744 1512 2840 1568 per
2852 1498 3037 1553 virens
3057 1513 3242 1568 aequor
3261 1500 3433 1569 campi
3452 1501 3692 1569 patentis
3716 1517 3802 1557 εις

2214 1589 2385 1658 posita
2418 1590 2733 1654 visentibus,
2766 1590 2964 1661 quippe
2986 1590 3058 1644 ob
3089 1592 3191 1646 hoc
3221 1591 3393 1662 ipsum
3425 1606 3549 1646 sero
3574 1608 3797 1660 pransu-

2215 1683 2315 1748 ris,
2348 1683 2721 1753 ingemebatur
2747 1701 2761 1738 :
2794 1699 2914 1739 nam
2939 1684 3176 1741 viaturos
3199 1696 3252 1740 et
3273 1686 3319 1740 si
3343 1685 3580 1741 nondum
3604 1694 3803 1747 terebat

2217 1773 2426 1839 labore,
2444 1776 2551 1844 jam
2576 1783 2753 1832 tamen
2770 1779 3175 1849 exspectatione
3189 1779 3446 1834 terrebat.
3461 1778 3594 1847 Quae
3617 1790 3803 1836 cuncta

530 1870 617 1925 hic
647 1872 763 1940 ipse
797 1851 1208 1929 beneﬁciumise
1234 1851 1509 1944 comptum
1547 1877 1830 1941 meruisse,
1862 1876 1951 1945 qui
1979 1892 2117 1946 pra)-
2148 1851 2192 1911 Β
2223 1868 2521 1938 praemissa,
2545 1866 2764 1924 domine
2806 1869 2993 1934 frater,
3028 1869 3133 1923 huc
3165 1868 3409 1939 leﬂdttltl,
3456 1879 3513 1924 ut
3540 1869 3634 1923 ιίιιί
3682 1884 3806 1940 pro-

526 1961 692 2028 stitit;
725 1979 1027 2035 quanquam
1056 1966 1350 2021 identidem
1379 1968 1518 2037 quod
1544 1969 1787 2038 poposcit
1815 1971 2113 2040 acceperit;

526 2055 620 2111 sed
651 2072 771 2127 quae
802 2056 957 2111 nobis
985 2057 1502 2127 amicitiarumjura,
1547 2060 1767 2114 minime
1798 2074 2113 2131 agnoscens.

528 2144 702 2212 Unde,
727 2161 1027 2216 quanquam
1050 2148 1264 2214 absens,
1296 2144 1452 2204 facile
1474 2149 1739 2220 conjecto,
1763 2166 1870 2221 quo
1896 2162 2116 2221 repente

524 2248 746 2306 stupore
783 2238 1028 2309 ferietur,
1076 2256 1197 2296 cum
1250 2242 1440 2297 intuitu
1491 2245 1657 2298 nostri
1693 2245 1977 2316 dignanter
2022 2247 2117 2301 ad-

526 2331 742 2396 missus,
775 2330 1099 2387 intellexerit
1141 2347 1201 2389 se
1242 2334 1487 2405 paginam
1528 2352 1700 2392 meam
1745 2323 1918 2408 magis
1945 2336 2116 2395 otiuse

526 2420 795 2491 ﬂagitasse
836 2425 946 2495 96
971 2440 1131 2494 quam
1165 2427 1396 2483 tradere.
1434 2426 1628 2483 Videre
1662 2429 1790 2484 mihi
1822 2430 2030 2498 videor,
2060 2442 2116 2487 ut

527 2511 731 2569 homini
764 2531 869 2570 non
904 2532 1074 2587 usque
1104 2518 1171 2573 ad
1202 2519 1455 2574 invidiam
1482 2522 1772 2591 perfaceto,
1803 2539 1936 2579 nova
1958 2535 2115 2581 erunt

528 2604 729 2671 omnia,
750 2620 871 2660 cum
895 2606 1209 2663 invitabitur
1224 2610 1538 2681 peregrinus
1554 2612 1620 2668 ad
1636 2614 1986 2684 domicilium,
2006 2624 2114 2673 tre-

530 2694 685 2765 pidus
713 2696 781 2753 ad
813 2698 1160 2770 colloquium,
1188 2705 1419 2759 rusticus
1442 2704 1507 2759 ad
1536 2703 1805 2770 laetitiam,
1823 2723 2022 2777 pauper
2044 2710 2113 2765 ad

527 2801 791 2842 mensam.
839 2790 1044 2853 Etcum
1085 2793 1225 2863 apud
1252 2796 1450 2852 crudos
1481 2782 1844 2869 ceparumque
1880 2802 2113 2870 crapulis

525 2881 829 2937 esculentos
844 2881 933 2939 hic
950 2896 1071 2954 agat
1086 2886 1294 2957 vulgus,
1310 2888 1419 2945 illic
1431 2905 1492 2946 ea
1505 2892 1759 2946 comitate
1776 2894 2112 2960 tractabitur,

526 2983 589 3025 ac
605 2970 649 3025 si
666 2971 805 3028 inter
818 2973 1033 3044 Apicios
1047 2977 1307 3047 epulones
1329 2989 1382 3034 et
1396 2980 1716 3052 Byzantinos
1729 2976 2114 3041 chironomon-

529 3071 611 3117 tas
632 3065 906 3135 hucusque
925 3071 1233 3124 ructaverit.
1254 3074 1506 3128 Attamen
1522 3074 1699 3144 qualis
1717 3077 1832 3145 ipse
1852 3087 2112 3148 quantus-

510 3168 630 3222 que
658 3163 760 3220 est,
789 3160 1103 3228 percepiose
1125 3176 1213 3217 me
1240 3162 1406 3218 officii
1439 3165 1601 3221 votivi
1642 3178 1945 3238 compotem
1965 3171 2109 3227 fecit.

525 3242 631 3299 Sed
644 3260 943 3317 quanquam
960 3249 1326 3320 hujuscemodi
1340 3269 1485 3325 saepe
1498 3271 1742 3325 personae
1754 3228 2110 3331 despicabiles
2139 3228 2186 3291 Ο

525 3344 650 3389 sunt
668 3337 859 3405 ferme,
881 3340 933 3394 in
948 3342 1221 3398 sodalibus
1241 3354 1417 3403 tamen
1442 3363 1537 3418 per
1560 3349 1763 3407 litteras
1777 3355 2107 3425 excolendis,

525 3425 790 3495 dispendii
813 3431 1036 3487 multum
1063 3436 1262 3492 caritas
1291 3440 1540 3506 sustinet,
1569 3444 1613 3497 si
1641 3444 1711 3498 ab
1739 3460 1835 3500 usu
1862 3447 2113 3518 frequen-

529 3517 681 3574 u’oris
700 3520 921 3592 alloquii
953 3527 1271 3595 portitorum
1305 3532 1510 3589 vilitate
1554 3547 1853 3594 revocetur.
1891 3517 2036 3596 Vale.

1065 3617 1398 3677 EPISTULA
1431 3624 1559 3679 Vill.

870 3707 1118 3766 Sidonius
1138 3710 1166 3751 ι’
1192 3713 1391 3771 Evodio
1416 3734 1510 3773 suo
1538 3721 1774 3779 salutem.

600 3817 731 3873 Cum
758 3818 1065 3879 tabellarius
1105 3827 1234 3881 mihi
1268 3829 1476 3888 litteras
1514 3842 1629 3889 tuas
1659 3836 1909 3905 reddidit,
1937 3839 2029 3910 qui
2064 3854 2113 3898 te

537 3910 800 3976 Tolosam.
822 3930 947 3986 rege
963 3919 1271 3989 mandante,
1292 3938 1416 3980 mox
1439 3926 1776 3996 profecturus
1794 3934 1953 3988 certis
1974 3937 2079 3990 ami
2096 3963 2113 3978 ο

531 4003 610 4060 cis
640 4006 1031 4077 confitebatur;
1062 4026 1161 4068 nos
1186 4029 1397 4087 quoque
1417 4034 1484 4073 ex
1520 4022 1718 4091 Oppido
1754 4012 1908 4096 longe
1932 4042 2113 4082 remo-

531 4103 642 4152 tum
660 4112 751 4153 rus
774 4102 1105 4170 petebamus.
1131 4105 1217 4161 Me
1243 4109 1459 4178 quidem
1484 4128 1641 4169 mane
1666 4115 1841 4183 primo
1872 4134 2112 4174 remora-

532 4197 665 4257 tum,
690 4193 819 4247 vixe
833 4197 1006 4251 tenaci
1028 4207 1241 4255 caterva
1262 4213 1666 4270 prosecutorum
1687 4210 1892 4277 paginae
1907 4221 2010 4265 tuac
2024 4227 2116 4268 oc-

530 4283 678 4336 casio
701 4287 955 4355 excussit,
996 4299 1055 4343 ut
1093 4291 1408 4350 satisfacere
1431 4300 1685 4353 mandato
1708 4302 1882 4356 saltim
1918 4304 2112 4369 viator,

529 4375 705 4429 saltim
721 4391 887 4445 eques
899 4395 1133 4450 possem.
1151 4384 1417 4442 Caeterum
1432 4390 1668 4446 diluculo
1681 4395 1876 4451 familia
1892 4414 2117 4467 praeces-

529 4474 695 4535 serat,
711 4469 776 4522 ad
791 4469 1153 4544 duodeviginti
1169 4478 1330 4534 millia
1344 4497 1596 4550 passuum
1612 4487 1680 4540 ιιι
1694 4504 1785 4543 ura
1802 4492 2110 4560 tentorium,

528 4573 636 4628 quo
660 4562 873 4629 quidem
913 4565 1013 4620 loci
1059 4571 1343 4627 sarcinulis
1379 4576 1681 4635 relaxandis
1722 4583 1885 4639 multa
1923 4601 2111 4643 succe-
2143 4608 2197 4671 D

535 4649 658 4671 Au...
697 4666 773 4671 _-_
806 4654 825 4671 λ
852 4670 857 4671 ,
903 4656 935 4671 ι.
958 4658 1012 4671 ιι.
1145 4662 1166 4671 ,ι
1370 4666 1400 4671 --
1426 4668 1434 4671 Α

532 4649 663 4706 dunt
690 4654 1045 4714 conducibilia
1084 4679 1096 4713 :
1140 4662 1261 4719 fons
1297 4666 1506 4735 gelidus
1549 4671 1598 4725 in
1630 4675 1766 4730 colle
1806 4693 2113 4750 nemoroso,

542 4896 713 4991 [λοξὰ
743 4899 943 4991 cf???“
972 4906 1149 4991 θέρους
1186 4915 1274 4965 καὶ
1314 4922 1569 4991 “AN-#53309:
1603 4920 1757 4991 ἀκμή.
1800 4920 1944 4978 Nova
1975 4928 2121 4984 vocis

538 4978 683 5052 notio
726 4989 740 5026 :
780 4988 936 5042 quam
974 4978 1168 5034 iterum
1212 4978 1432 5054 usurpat
1468 4978 1562 5042 lib.
1598 4978 1792 5074 ﬂ“
1833 4978 1993 5063 epist.
2018 4978 2117 5063 i7,

538 5039 598 5074 nl-
620 5053 828 5074 ιιι-ροηιη
858 5046 964 5074 ’.ηιξ
988 5064 1000 5074 .
1024 5057 1071 5074 Α.
1098 5050 1168 5074 In.
1224 5068 1294 5074 -.__
1384 5058 1395 5074 ι

534 5039 598 5092 ab
608 5039 828 5125 nocente
855 5046 969 5125 ludi
981 5064 1000 5113 ;
1022 5057 1075 5125 et
1088 5050 1191 5125 lib.
1224 5068 1316 5118 vti,
1342 5039 1618 5125 plausit—uin

606 5109 635 5200 ξ
664 5112 889 5200 Quidam
913 5109 1035 5200 iibri
1075 5109 1459 5200 Ennodioialii
1495 5130 1754 5200 Euliodio,
1798 5151 1945 5189 inore
1975 5109 2119 5193 Qui}:
2152 5146 2155 5147 ⁷

536 5183 1015 5274 quo—.‘iliiicunittit
1042 5183 1367 5274 epigramma
1393 5216 1406 5251 :
1431 5203 1581 5274 quod
1600 5183 1952 5274 'ej'ué'rngéin
1976 5183 2117 5264 -

539 5261 1305 5347 pariant-inmargentea.conclia
1340 5261 1884 5347 incidendutiimuain
1919 5261 2115 5347 regina:

535 5320 831 5412 Gothorum
859 5320 1198 5412 Ragnahildie
1226 5320 1420 5393 Euriei
1433 5320 2109 5412 c&1jﬁ§i“6iii§iiir'u's‘SHE

575 5462 585 5474 .
610 5393 820 5476 {liora}
846 5393 1073 5476 qua'tuor
1100 5404 1169 5476 ab
1196 5419 1317 5462 ortu
1348 5393 1494 5467 solis.
1533 5393 1776 5470 'A—l'ieran-i

533 5460 669 5553 dixit
697 5466 747 5553 in
779 5460 1055 5553 Naibotte_:
1084 5460 2116 5553 cumjuiuit?Eise37éi'55iizlm73"22}:

531 5548 675 5589 scen:
696 5537 871 5597 horam
897 5543 977 5595 sol
1005 5542 1161 5600 dabat
1189 5548 1404 5604 alteram
1424 5537 1739 5612 secundum;
1755 5537 1944 5614 anest
1985 5537 2112 5617 lini-va

533 5618 718 5695 nostra
730 5623 835 5695 per
858 5624 1095 5695 aestatem
1126 5622 1285 5695 paulo
1308 5626 1535 5692 amplius
1556 5642 1713 5695 quam
1738 5644 1894 5684 noua.

604 5673 630 5711 ἀ
653 5673 913 5764 §trinatam
940 5686 1053 5764 fieri
1083 5673 1993 5764 cénctiani'6;£.Fi.ii§"ii(§iiiiam
2024 5719 2109 5757 ri:-

533 5744 716 5839 ferret.
744 5753 892 5839 §u.nt
928 5758 1322 5839 enimfonchte
1370 5744 2110 5839 m’a'rinis'iluléd'iﬁ'"uitiis

532 5814 705 5877 Plinio
733 5832 787 5878 et
814 5825 1056 5896 Apuleio.
1082 5828 1240 5887 Stria:

2219 1960 2364 2027 bern,
2391 1975 2567 2030 neque
2595 1960 2775 2015 animo
2811 1976 3030 2017 vacasse
3068 1977 3152 2017 me
3189 1962 3439 2028 multum,
3491 1977 3667 2033 neque
3692 1977 3809 2016 cor-

2221 2065 2371 2118 pore,
2412 2065 2586 2121 neque
2632 2058 2896 2121 tempore,
2939 2067 3045 2122 quo
3089 2053 3370 2122 postulatis
3416 2052 3808 2122 obtemperavi.

2223 2142 2374 2198 Ilicet
2414 2153 2470 2198 ut
2510 2145 2574 2198 ad
2624 2144 2868 2215 epistolae
2897 2156 3092 2202 vestra:
3137 2157 3377 2203 tenorem
3420 2147 3529 2218 jam
3572 2158 3811 2205 reverta-

2219 2252 2359 2300 mur.
2393 2247 2511 2307 post
2533 2238 2694 2293 verba
2718 2254 2836 2308 qua:
2858 2240 3087 2310 primum
3119 2242 3267 2297 salve
3293 2241 3558 2313 ferebant,
3591 2245 3692 2300 hoc
3713 2260 3841 2316 ρος.

2219 2328 2464 2397 poscisti,
2498 2339 2555 2385 ut
2580 2330 2909 2401 epigramma
2935 2335 3353 2390 transmitterem
3384 2335 3663 2391 duodecim
3689 2354 3811 2394 ver.

2217 2422 2366 2477 sibus
2393 2424 2759 2490 terminatum,
2791 2424 2931 2494 quod
2958 2426 3126 2495 possit
3154 2426 3327 2497 aptari
3351 2423 3575 2483 conchaé
3598 2430 3808 2498 capaci,

2220 2531 2340 2586 quae
2369 2533 2463 2587 per
2484 2530 2734 2572 ansarum
2765 2518 2901 2572 latus
2927 2528 3212 2590 utrumque
3236 2522 3289 2576 in
3312 2531 3611 2578 extremum
3635 2524 3753 2596 gyri
3775 2539 3811 2580 ι

2219 2618 2333 2661 rota
2383 2608 2530 2664 fundi
2569 2606 2595 2646 ἀ
2628 2609 2774 2664 senis
2809 2619 3031 2665 cavatur
3065 2612 3355 2668 Striaturis.
3397 2613 3631 2681 Quarum
3680 2624 3813 2687 puto

2219 2699 2460 2756 destinas
2507 2703 2590 2757 vel
2629 2702 2906 2758 ventribus
2957 2703 3146 2774 pandis
3182 2706 3421 2776 singulos
3465 2722 3669 2773 versus,
3724 2708 3812 2766 vel

2218 2794 2417 2860 curvis,
2444 2795 2666 2850 meliore
2692 2796 2939 2861 consilio,
2972 2797 3016 2850 si
3042 2797 3092 2853 id
3125 2798 3295 2868 magis
3315 2799 3521 2867 deccat,
3546 2800 3811 2871 capitibus

2219 2886 2513 2942 inscribere
2547 2905 2562 2943 :
2614 2888 2821 2958 istoque
2863 2888 3010 2943 cultu
3048 2890 3343 2959 expolitam
3396 2900 3418 2929 ε
3457 2891 3655 2963 regina:
3702 2891 3812 2947 Ra-

2218 2979 2486 3049 gnahildae
2510 2980 2752 3049 disponis
2778 2982 2996 3049 offerre,
3029 2984 3166 3038 votis
3189 2984 3444 3039 nimirum
3480 2988 3585 3040 tuis
3605 2984 3813 3056 pariter

2218 3084 2379 3142 atque
2429 3072 2634 3128 actibus
2685 3074 3040 3141 patrocinium
3082 3075 3340 3131 invictum
3390 3087 3808 3148 praeparaturus.

2218 3161 2600 3235 Famulor98
2622 3164 2876 3235 injunCtis
2905 3166 3409 3237 quomodocunque,
3442 3184 3547 3224 non
3578 3178 3637 3226 ut
3660 3164 3811 3225 mle;

2218 3255 2371 3309 bam:
2409 3256 2501 3310 sed
2531 3266 2633 3311 tua:
2661 3256 2833 3326 culpas
2867 3259 3068 3327 primus
3102 3260 3346 3329 ignosce,
3376 3259 3466 3330 qui
3496 3260 3654 3332 spatii
3688 3260 3809 3331 plus

2215 3347 2512 3414 praestitisti
2555 3349 2862 3417 argentario
2893 3364 3053 3419 quam
3085 3361 3287 3420 poetzn;
3323 3368 3446 3409 cum
3493 3353 3678 3423 procul
3708 3354 3811 3409 du-

2214 3441 2301 3498 bio
2328 3457 2432 3496 non
2468 3453 2518 3498 tc
2544 3444 2755 3514 lateret,
2802 3444 2941 3501 intra
2972 3446 3241 3503 ofﬁcinam
3279 3447 3637 3504 litteratorum
3685 3463 3811 3505 car-

2215 3532 2375 3587 minis
2408 3532 2453 3587 si
2486 3534 2611 3604 qnid
2656 3536 2808 3591 incus
2847 3538 3065 3593 metrica
3109 3539 3451 3609 produxerit,
3476 3556 3578 3596 non
3629 3540 3812 3596 minus

2214 3626 2341 3681 forti
2387 3637 2442 3683 et
2489 3640 2703 3700 asprata
2751 3630 2873 3685 lima
2925 3631 3101 3702 poliri.
3160 3632 3269 3689 Sed
3326 3634 3425 3690 ista
3474 3634 3557 3690 vel
3610 3632 3809 3690 similia

2215 3722 2509 3788 quorsum?
2539 3721 2793 3791 eccejam
2820 3734 2994 3778 canta.

2340 3854 2617 3924 Pistrigero
2639 3869 2747 3924 quae
2767 3858 2945 3907 concha
2971 3859 3109 3909 vehit
3128 3859 3332 3924 Tritone
3355 3859 3617 3924 Cytheren,

2404 3919 2504 3968 Hac
2522 3921 2611 3968 Sibi
2638 3919 2810 3968 collata
2832 3924 3018 3970 cedere
3043 3934 3137 3971 non
3160 3921 3373 3973 dubitet.

2346 3980 2613 4045 Poscitnus,
2646 3982 2819 4030 inclina
2848 3983 3092 4045 paulisper
3115 3985 3309 4033 culmen
3333 3985 3490 4035 herile
3516 3998 3527 4034 :

2403 4041 2475 4109 Et
2498 4055 2673 4091 munus
2700 4041 2895 4109 parvum
2923 4041 3095 4109 magna
3119 4054 3325 4109 patrona
3352 4060 3493 4109 cape.

2344 4104 2680 4168 Evodiumque
2704 4104 2865 4155 libens
2885 4119 2978 4155 non
2999 4104 3265 4169 aspernare
3288 4104 3539 4166 clientem.

2413 4168 2569 4233 Quem
2594 4169 2779 4233 iaciens
2802 4168 3064 4231 grandem,
3087 4180 3137 4217 tu
3160 4184 3357 4233 quoque
3377 4174 3523 4233 major
3544 4172 3658 4221 eris.

2342 4229 2545 4295 Sictibi,
2575 4230 2649 4278 cui
2677 4244 2765 4278 rex
2791 4240 2866 4279 est
2884 4229 3100 4292 genitor,
3121 4229 3262 4281 socer
3279 4229 3433 4295 atque
3450 4229 3654 4282 maritus

2404 4289 2668 4358 Natusrex
2685 4305 2878 4358 quoque
2890 4289 2967 4341 'sit
2988 4289 3098 4343 cum
3123 4302 3283 4358 patre,
3310 4289 3514 4357 postque
3536 4302 3747 4357 patrem,

2346 4350 2536 4416 Felices
2560 4350 2785 4416 lymphae,
2802 4350 2987 4403 clausae
3004 4350 3250 4416 quaz'luce
3269 4350 3477 4416 metalli,

2409 4413 2504 4460 Ora
2526 4413 2691 4461 tamen
2708 4414 2917 4463 dominae
2939 4413 3169 4466 lucidiora
3192 4418 3371 4469 fovent.

2353 4473 2471 4543 Nam
2506 4476 2864 4543 cumdignatur
2881 4480 3056 4543 regina
3090 4480 3167 4529 hic
3192 4486 3384 4542 tingere
3409 4479 3587 4543 vultus,

2405 4536 2591 4586 Candor
2614 4539 2663 4587 in
2683 4536 3162 4600 argentum‘mittitur
3185 4560 3213 4593 e
3237 4536 3375 4593 facie.

2300 4687 2353 4744 Si
2400 4695 2604 4744 tantum
2645 4702 2829 4744 amore
2870 4697 3054 4745 nostro
3101 4690 3322 4757 teneris,
3352 4699 3409 4746 ut
3442 4689 3679 4746 scribere
3713 4691 3812 4748 bas

2227 4937 2280 4983 et
2312 4928 2537 4983 vasculis
2558 4928 2684 4999 quid
2710 4929 2838 4995 sint,
2869 4940 3053 4986 natum
3082 4946 3147 4987 ex
3179 4930 3443 4984 Vitruvio.
3479 4930 3575 4986 llic
3616 4944 3813 4987 ventres

2227 5001 2387 5068 pandi
2412 5010 2533 5054 sunt
2563 5004 2775 5072 Strigcs,
2819 5004 2869 5055 id
2901 5013 2981 5056 est
3016 5000 3315 5067 canaliculi,
3346 5002 3495 5072 quasi
3537 5004 3722 5058 sulcus
3760 5006 3815 5059 iit

2225 5081 2440 5144 aratro;
2483 5088 2637 5126 curva
2667 5071 2855 5144 ’capi'ta
2893 5074 3061 5138 striae,
3115 5079 3293 5140 partes
3347 5071 3617 5141 etninulae,
3670 5074 3814 5129 velut

2225 5157 2402 5211 porcae
2428 5143 2567 5196 inter
2594 5143 2791 5198 sulcos.
2970 5200 2973 5201 ν

2299 5222 2322 5249 ε’
2358 5214 2532 5267 Eurit-i
2578 5216 2748 5268 uxori.
2793 5213 2958 5277 Ilujns
2996 5212 3138 5265 enim
3179 5222 3235 5266 ut
3283 5213 3461 5283 potius
3503 5214 3811 5272 existimem

2222 5296 2378 5351 quam
2413 5284 2594 5337 'l‘heod
2638 5284 2753 5346 rici,
2780 5283 2914 5354 facit
2964 5283 3100 5336 ratio
3142 5294 3441 5353 temporum
3488 5287 3681 5354 quibus
3729 5288 3815 5342 has

2223 5353 2436 5425 scripta:
2456 5365 2580 5407 sunt
2599 5353 2858 5425 epistoln',
2885 5363 2939 5406 et
2959 5355 3109 5421 quasi
3127 5355 3226 5410 sub
3249 5355 3408 5425 hujus
3431 5356 3591 5410 finem
3619 5358 3813 5413 suadet

2222 5424 2394 5477 occuli
2416 5432 2686 5477 auctorem
2721 5424 3140 5493 epigrammatis,
3173 5441 3239 5481 ne
3274 5424 3523 5483 videlicet
3570 5443 3813 5485 muneris

2217 5494 2443 5569 gratiam
2474 5493 2683 5569 deterat
2709 5497 2752 5547 si
2785 5494 3071 5569 prodatur,
3109 5498 3251 5567 quod
3281 5500 3497 5569 quidem
3525 5503 3817 5568 superstite

2222 5567 2249 5615 Ἰ
2271 5564 2559 5616 lieodorico
2600 5566 2684 5618 cui
2739 5576 2925 5633 gratus
2954 5575 3009 5623 et
3037 5564 3320 5625 familiaris
3349 5581 3484 5631 erat.
3515 5564 3621 5624 non
3665 5570 3816 5624 dice-

2222 5643 2303 5686 ιρι
2334 5633 2606 5687 Sidonius.
2632 5635 2852 5705 Regina:
2878 5637 3036 5705 igitur
3058 5654 3254 5695 nomen
3280 5643 3367 5695 uni
3400 5641 3623 5697 Sidonio
3642 5639 3810 5696 debe-

2222 5719 2340 5758 mus
2375 5722 2388 5758 :
2439 5705 2522 5759 cui
2563 5710 2936 5781 cognominem
2973 5710 3221 5774 alteram.
3259 5710 3512 5781 Sigivaldi
3558 5712 3815 5767 nostratis

2219 5790 2476 5842 uxorem,
2508 5786 2774 5835 memorat
2796 5779 3021 5852 Gregor.
3056 5782 3257 5838 'l‘urou.
3289 5779 3340 5839 in
3371 5782 3485 5838 Vita
3509 5780 3810 5844 IEmiliaui.
