4078 6348
252 346 365 405 1615
1526 338 2005 397 EPISTOLARUM
2047 340 2173 397 LIB.
2217 342 2303 397 IV.
3440 344 3549 406 5H

255 479 431 537 nugas
460 480 566 520 non
592 474 883 519 eruoescas
904 473 1092 516 occutc
1114 468 1415 525 auctorem,
1444 457 1511 513 de
1534 468 1620 513 tua
1654 461 1852 515 rectius
1876 464 1933 523 Α
1957 472 2151 517 statum
2178 463 2651 534 condiuouemque
2683 480 2787 520 non
2812 466 3072 535 dominio,
3107 467 3200 524 sed
3223 466 3425 535 judicio
3454 483 3543 526 re-

254 573 414 633 parte
439 571 686 614 securus.
720 554 962 625 Namque
991 553 1043 607 in
1079 560 1105 590 ι
1139 552 1256 607 foro
1278 552 1391 618 tali,
1421 553 1535 607 sive
1570 551 1850 619 Athenaeo,

256 652 286 691 δ
317 652 439 723 plus
473 650 658 705 charta
709 656 889 701 vestra
928 659 1089 715 quam
1142 653 1327 699 nostra
1369 643 1635 715 scriptura
1674 643 1855 699 lauda-

256 745 423 801 bitur.

816 825 1150 883 EPISTULA
1179 825 1271 881 IX.

594 922 842 981 Sidonius
877 921 1149 976 Industrio
1172 938 1263 976 suo
1292 921 1533 975 salutem.

327 1017 596 1076 Interveni
631 1016 874 1085 proxime
904 1014 1113 1079 Vectio,
1143 1013 1333 1068 illustri
1362 1014 1504 1079 viro,
1535 1019 1590 1066 et
1617 1010 1855 1066 actiones

253 1112 377 1183 ejus
402 1109 742 1181 quotidianae
758 1105 1101 1177 penitissime
1132 1114 1186 1159 et
1216 1104 1378 1158 veluti
1405 1119 1469 1157 ex
1492 1104 1601 1158 otio
1629 1103 1739 1174 99
1766 1102 1848 1156 in-

255 1204 432 1276 spexi.
474 1202 621 1270 Quas
652 1200 904 1271 quoniam
931 1198 1119 1266 dignas
1148 1198 1365 1266 cognitu
1394 1196 1595 1262 inveni,
1635 1211 1743 1250 non
1772 1195 1854 1249 iu-

258 1297 455 1366 dignas
496 1293 669 1348 relatu
710 1290 1039 1347 existimavi.
1093 1289 1334 1343 Primore
1384 1288 1523 1354 loco,
1566 1287 1706 1357 quod
1732 1286 1853 1356 jure

258 1388 471 1445 caeteris
502 1382 755 1439 laudibus
782 1389 1194 1450 anteponemus,
1228 1388 1407 1433 servat
1438 1377 1657 1433 illtesam
1677 1377 1853 1433 domi-

260 1496 335 1537 uo
361 1478 557 1535 domus
594 1490 689 1546 par
718 1472 1032 1545 pudicitiam
1053 1470 1228 1528 :servi
1259 1470 1438 1537 utiles,
1478 1469 1662 1525 rustici
1692 1470 1857 1524 mori-

258 1572 396 1644 geri,
426 1567 638 1634 urbani,
668 1566 846 1625 amici.
878 1563 1208 1629 obedientes,
1240 1570 1573 1632 patronoque
1586 1561 1852 1627 contenti;

260 1679 457 1721 mensa
489 1677 595 1718 non
633 1661 809 1716 minus
830 1673 1053 1730 pascens
1091 1657 1357 1725 hospitem
1381 1671 1538 1725 quam
1564 1655 1851 1718 clientem;

261 1753 571 1812 humanitas
590 1749 831 1821 grandis,
862 1746 1221 1818 grandiorque
1249 1745 1532 1802 sobrietas.
1562 1744 1654 1799 llla
1686 1744 1854 1799 levio-

1958 557 2033 626 git
2065 574 2078 610 :
2114 564 2267 624 putes
2298 571 2419 611 eum
2445 557 2659 612 domum
2689 561 2960 629 propriam
2988 575 3094 615 non
3118 561 3411 630 possidere,
3448 562 3553 619 sed‘

1962 649 2135 715 potius
2162 648 2563 705 administrare.
2590 651 2701 718 Qua
2727 651 2986 707 industria
3008 653 3107 707 viri
3136 667 3198 708 ac
3224 656 3379 726 100
3404 664 3543 712 teut-

1961 740 2201 809 perantia
2230 739 2490 809 inspecta,
2521 740 2587 794 ad
2616 741 2943 812 reliquorum
2970 760 3180 815 quoque
3208 749 3392 800 censui
3422 762 3542 818 per-

1961 834 2131 889 tinere
2162 832 2618 899 informationem,
2648 834 2691 889 si
2718 836 2800 891 vel
2822 850 3033 893 summo
3056 847 3211 893 tenus
3242 839 3351 894 vita
3382 850 3543 895 cane-

1958 925 2036 980 ris
2051 925 2171 981 talis
2195 925 2575 995 publicaretur.
2595 926 2674 980 Ad
2697 943 2851 993 quam
2872 932 3217 999 sequendam,
3239 941 3434 1000 praeter
3453 934 3543 986 lta«

1958 1014 2125 1071 bitum
2150 1031 2256 1086 quo
2283 1016 2497 1071 interim
2531 1018 2777 1086 praesenti
2802 1020 3000 1074 szeculo
3026 1021 3334 1087 imponitur,
3355 1038 3542 1078 omnes

1958 1114 2154 1161 nostrm
2184 1106 2537 1176 professionis
2574 1107 2819 1164 homines
2849 1110 3127 1167 utilissime
3172 1110 3540 1168 incitarentur.

1957 1199 2113 1267 Quia,
2146 1200 2288 1270 quod
2313 1215 2444 1266 pace
2472 1202 2679 1256 ordinis
2699 1203 2803 1257 mei
2829 1203 3082 1270 dixerim,
3110 1204 3155 1259 si
3181 1214 3381 1259 tantum
3397 1208 3534 1261 bona

1956 1288 2163 1359 singula
2195 1289 2248 1344 in
2278 1289 2503 1360 singulis
2532 1300 2712 1355 erunt,
2745 1292 2867 1361 plus
2896 1306 2995 1361 ego
3020 1292 3259 1349 admiror
3284 1295 3540 1351 sacerdo-

1957 1378 2117 1434 talem
2144 1377 2318 1434 virum
2348 1395 2505 1451 quam
2530 1381 2885 1437 sacerdotem.
2920 1383 3066 1439 Vale.

2544 1470 2876 1531 EPISTOLA
2907 1472 2977 1528 Χι

2335 1562 2588 1618 Sidonius
2618 1561 2787 1618 Felici
2807 1581 2903 1619 suo
2930 1565 3166 1622 salutem.

2030 1653 2264 1724 Erumpo
2291 1654 2342 1709 in
2371 1656 2742 1712 salutationem
2758 1657 2880 1712 licet
2905 1672 3105 1726 seram,
3128 1660 3347 1717 domine
3366 1679 3537 1733 meus,

1956 1744 2112 1798 anuis
2141 1744 2256 1813 ipse
2292 1744 2402 1814 jam
2438 1746 2618 1801 multis
2664 1748 3018 1815 insalutatus;
3065 1751 3416 1821 frequentiam
3446 1771 3540 1811 ve-

261 1861 345 1913 ra,
379 1843 522 1913 quod
544 1844 657 1914 ipse
682 1855 839 1911 quem
871 1837 1227 1909 loquimur,iu
1243 1838 1415 1907 equis,
1444 1836 1686 1902 canibus,
1710 1836 1850 1890 acci-
1878 1845 1927 1906 Β
1955 1838 2082 1892 teris
2113 1837 2273 1893 officii
2323 1852 2541 1894 servare
2585 1856 2689 1895 non
2721 1842 2945 1907 audens,
2978 1852 3099 1910 post
3127 1860 3283 1914 quam
3328 1862 3411 1899 me
3439 1848 3537 1903 soli

262 1936 496 2009 pitribus
519 1930 884 1997 instituendis,
913 1928 1242 1999 spectandis,
1262 1928 1719 1994 circumferendis,
1738 1929 1855 1983 nul-

264 2028 307 2084 li
335 2024 625 2084 secundus.
644 2023 898 2077 Summus
914 2020 1057 2075 nitor
1082 2020 1135 2075 in
1166 2020 1426 2084 vestibus,
1461 2019 1633 2073 cultus
1658 2018 1710 2073 in
1742 2020 1855 2073 sin-

263 2115 694 2193 gulis,splendor
708 2113 760 2169 in
781 2112 1042 2183 phaleris;
1063 2112 1626 2182 pomposusineessus,
1644 2110 1855 2166 animus

266 2214 483 2276 serius;
513 2210 613 2265 iste
642 2207 910 2279 publicam
942 2204 1121 2271 fidem,
1148 2204 1237 2259 ille
1264 2204 1523 2273 privatam
1551 2203 1735 2258 asserit
1770 2203 1853 2257 di-

265 2307 555 2380 gnitatem;
593 2299 841 2357 remissio
859 2314 965 2353 non
988 2297 1206 2364 vitians,
1230 2294 1500 2364 correptio
1522 2309 1630 2349 non
1659 2309 1855 2349 cruen-

265 2408 404 2463 tans,
418 2405 475 2453 et
490 2394 747 2452 severitas
760 2392 876 2461 ejus
893 2386 1320 2458 temperamenti,
1338 2402 1456 2457 qua:
1474 2401 1578 2440 non
1603 2386 1672 2439 sit
1694 2393 1850 2451 tetra,

264 2490 359 2547 sed
389 2488 598 2544 tetrica.
619 2487 759 2541 Inter
779 2483 895 2539 hinc
916 2496 1188 2538 sacrorum
1217 2480 1548 2535 voluminum
1578 2478 1735 2534 lectio
1754 2479 1858 2534 fre—

265 2598 475 2656 quens;
506 2595 603 2651 per
624 2593 781 2650 quam
812 2578 951 2632 inter
969 2574 1234 2631 edendum
1261 2574 1455 2643 szepius
1477 2571 1637 2627 sumit
1665 2572 1856 2626 animae

268 2679 447 2737 cibum
468 2694 484 2743 ;
516 2676 747 2747 psalmos
761 2672 950 2729 crebro
971 2670 1194 2735 lectitat,
1217 2669 1458 2725 crebrius
1478 2678 1677 2737 cantat,
1694 2682 1858 2723 novo-

266 2790 369 2844 que
393 2784 589 2843 genere
602 2766 829 2830 vivendi,
850 2775 871 2804 ε
888 2764 1206 2818 monachum
1229 2761 1482 2833 complet,
1501 2777 1605 2815 non
1620 2760 1721 2814 sub
1738 2759 1855 2830 pal-

266 2866 419 2932 liolo,
440 2863 533 2919 sed
551 2862 649 2917 sub
662 2859 1055 2931 paludamento,
1089 2857 1320 2912 ferarum
1339 2855 1588 2911 carnibus
1602 2854 1853 2919 abstinet,

264 2958 517 3015 cursibus
543 2953 870 3025 acquiescit:
902 2953 1081 3022 itaque
1107 2951 1314 3005 occulte
1346 2949 1683 3019 delicateque
1729 2948 1857 3003 reli-

264 3052 447 3120 giosus
463 3055 651 3102 venatu
672 3045 861 3111 utitur,
879 3058 977 3099 nec
1009 3044 1174 3098 utitur
1208 3041 1858 3111 venatione.Filiamjuui-

264 3160 383 3200 casu
400 3150 771 3214 parvam,post
793 3139 996 3194 obitum
1020 3138 1202 3192 uxoris
1232 3138 1497 3202 relictam,
1513 3133 1859 3191 solatiocazli-

1957 1931 2114 2001 patrii
2146 1931 2337 1986 finibus
2368 1932 2698 1987 eliminatum
2722 1934 3169 2005 peregrinationis
3189 1937 3413 1995 adversa
3436 1939 3541 1995 frc-

1954 2029 2168 2089 geruut.
2203 2021 2542 2090 Quapmpter
2571 2024 2849 2092 ignoscere
2884 2040 2978 2080 vos
3006 2042 3218 2096 quoque
3243 2030 3391 2084 decet
3418 2047 3540 2086 eru-

1957 2111 2297 2168 bescentibus
2340 2130 2351 2164 :
2390 2112 2651 2181 siquidem
2695 2117 2944 2170 convenit
2983 2117 3289 2174 humiliatos
3318 2121 3567 2179 humilia

1956 2202 2170 2269 sectari,
2213 2219 2388 2275 neque
2416 2219 2541 2260 cum
2592 2204 2698 2260 illis
2732 2223 2910 2275 parem
2942 2208 3317 2267 familiaritatis
3357 2224 3540 2271 tenere

1954 2297 2333 2362 constantiam,
2361 2297 2557 2366 quibus
2588 2297 2723 2353 forte
2762 2299 2831 2353 sit
2868 2294 3167 2371 improbum
3200 2304 3316 2372 plus
3337 2307 3538 2362 amoris

1955 2402 2115 2458 quam
2169 2388 2486 2444 reverentiae
2533 2389 2865 2460 impendere.
2905 2392 3129 2462 Propter
3161 2396 3259 2449 hoc
3308 2397 3537 2469 denique

1952 2478 2061 2550 jam
2084 2480 2171 2534 diu
2198 2491 2371 2547 taceo,
2401 2495 2603 2551 vosque
2627 2484 2877 2549 tacuisse,
2926 2499 3047 2540 cum
3080 2486 3220 2543 filius
3252 2505 3403 2544 meus
3432 2490 3538 2547 He-

1958 2572 2194 2627 liodorus
2234 2573 2336 2626 huc
2364 2573 2531 2639 venit,
2581 2575 2751 2645 magis
2787 2578 3078 2634 toleranter
3114 2595 3273 2649 quam
3311 2581 3540 2639 libenter

1956 2672 2176 2741 accepi:
2209 2671 2303 2726 sed
2326 2672 2506 2727 dicere
2527 2672 2758 2739 solebas,
2789 2690 3093 2747 quanquam
3120 2676 3365 2748 fatigans,
3393 2681 3535 2749 quod

1958 2779 2128 2820 meam
2152 2766 2301 2835 quasi
2328 2764 2628 2820 facundiam
2660 2781 2931 2822 vererere.
2955 2768 3245 2823 Excusatio
3266 2771 3363 2825 ista
3402 2770 3536 2837 Inrc,

1958 2858 2118 2911 etiam
2163 2858 2207 2910 si
2251 2857 2437 2912 fuisset
2463 2873 2615 2924 vera,
2650 2859 2974 2914 transierat:
3012 2861 3134 2930 quia
3159 2858 3184 2897 ἀ
3214 2871 3334 2931 post
3359 2864 3540 2918 termi-

1959 2957 2139 3002 natum
2172 2947 2409 3003 libellum
2436 2948 2525 3017 qui
2552 2964 2734 3018 parum
2758 2950 2953 3005 cultior
2982 2961 3084 3018 est,
3109 2951 3341 3023 reliquas
3363 2954 3539 3007 denuo

1959 3038 2164 3094 litteras
2195 3048 2219 3077 θ
2248 3039 2445 3105 usuali,
2476 3039 2602 3095 licet
2636 3050 2914 3095 accuratus
2934 3042 3061 3095 mihi
3094 3044 3284 3097 melior
3320 3058 3423 3099 non
3447 3046 3537 3109 sit,

1959 3144 2205 3185 sermone
2257 3131 2410 3202 101
2453 3140 2703 3185 contexo.
2750 3130 2865 3187 Non
2913 3132 3053 3187 enim
3091 3134 3220 3189 tanti
3249 3145 3332 3190 est
3385 3136 3538 3205 poliri

265 3212 427 3294 batus
442 3232 1082 3296 alitavitateneritudinc,
1101 3240 1339 3286 materna
1366 3228 1662 3299 diligentia,
1681 3234 1855 3297 pater-
1881 3212 1929 3277 C
1962 3223 2217 3278 formulas
2238 3224 2472 3279 editione
2501 3223 2787 3279 carituras.
2814 3223 3079 3281 Caeterum
3107 3226 3152 3281 si
3173 3228 3410 3283 caritatis
3436 3238 3540 3283 tute

266 3345 337 3384 na
369 3326 720 3398 benignitate.
755 3324 889 3394 Erga
914 3323 1167 3378 familiam
1195 3337 1348 3378 suam
1378 3336 1477 3375 nec
1504 3320 1557 3374 iit
1583 3318 1855 3390 proferen-

267 3422 339 3477 do
354 3420 593 3491 alloquio
607 3420 805 3485 minax,
824 3433 923 3474 nec
943 3418 995 3473 in
1008 3414 1341 3473 admittendo
1358 3413 1588 3470 concilio
1600 3425 1852 3481 spernax,

268 3530 371 3573 nec
414 3516 466 3570 in
508 3524 658 3571 reatu
708 3510 1078 3583 investigando
1116 3521 1446 3581 persequax,
1488 3503 1856 3575 subiectorum

342 3793 365 3820 ε
394 3779 592 3836 Alludit
612 3777 676 3833 ad
706 3778 962 3833 Romana:
977 3776 1124 3832 urbis
1150 3776 1290 3843 loca,
1325 3776 1377 3830 in
1411 3774 1606 3843 quibus
1634 3771 1847 3828 recitari

272 3864 515 3917 poemata
561 3860 616 3905 et
642 3848 914 3905 orationes
956 3848 1220 3903 solebant.
1284 3848 1357 3902 De
1411 3845 1674 3917 Athenaao
1700 3844 1850 3897 testis

270 3915 607 3991 Lampridius
637 3921 687 3973 in
718 3918 1020 3991 Alexandro
1051 3935 1063 3971 ε
1096 3918 1174 3991 ᾼιι
1200 3915 1723 3991 Athemunt.inquit,
1755 3930 1851 3991 aut

272 3982 574 4050 diendorum
603 4000 649 4043 et
690 3989 984 4044 Grecorum
1013 3999 1059 4042 et
1101 3982 1407 4042 Latinorum
1463 3982 1725 4040 rhetorum
1774 3984 1851 4037 vel

272 4076 540 4133 poetarum
569 4078 727 4116 causa
754 4062 1039 4133 frequenter
1067 4060 1330 4133 processit.
1359 4058 1702 4133 Gapitolinns
1724 4056 1849 4108 item

272 4127 326 4191 in
368 4135 642 4188 Pertinace
690 4127 1076 4195 et'Gordiano;
1123 4146 1187 4185 ac
1217 4129 1468 4184 Sidonius
1510 4128 1621 4194 ipse
1651 4127 1740 4181 lib.
1772 4140 1849 4189 ts,

270 4206 430 4274 epist.
467 4205 553 4269 lt,
589 4202 654 4256 ail
692 4202 1117 4271 llurgundionem
1153 4214 1169 4254 :
1220 4201 1415 4270 Dignus
1452 4199 1659 4254 omnino
1705 4212 1852 4266 quem

272 4275 442 4331 Roma
485 4274 837 4342 plausibilibus
898 4273 1083 4342 foveret
1138 4272 1273 4325 ulnis
1322 4286 1560 4340 :quoque
1612 4269 1853 4342 recitante

272 4288 442 4331 [tanta
485 4288 837 4343 plausunuous
898 4288 1083 4342 [averet
1138 4288 1273 4325 utnts
1322 4288 1560 4340 :quoque
1612 4288 1849 4321 recuame

270 4347 561 4414 crepitantis
591 4344 823 4399 Athenwi
848 4343 1085 4397 subsellia
1101 4350 1313 4414 cuneata
1324 4348 1697 4414 multarentur;
1694 4340 1849 4409 Sym-

271 4410 492 4472 machus
519 4416 750 4486 denique
781 4415 872 4468 lib.
916 4430 987 4475 ix.
1013 4413 1104 4486 δᾴ.
1128 4412 1203 4466 De
1229 4410 1369 4486 Foro
1397 4410 1628 4478 Traiano
1659 4410 1855 4471 Fortu-

271 4497 427 4544 natus
447 4487 513 4542 ad
531 4482 973 4542 Berthcramnum
990 4483 1296 4552 episcopum
1316 4482 1814 4537 Genumannensem
1836 4496 1850 4535 :

398 4667 487 4716 Vix
515 4667 652 4715 modo
675 4672 772 4715 tam
802 4665 955 4728 nitido
978 4676 1206 4728 pomposa
1232 4670 1454 4728 poemata
1478 4664 1611 4714 cultu

460 4728 608 4779 Audit
627 4728 834 4791 Trojano
858 4727 1009 4777 Roma
1032 4732 1247 4777 verenda
1272 4727 1390 4775 fore.

268 4897 345 4951 De
402 4894 543 4949 Foro
591 4894 805 4957 Martis,
839 4891 995 4947 index
1058 4898 1212 4944 vetus
1262 4888 1531 4944 aduotatio
1571 4889 1619 4943 iu
1674 4889 1859 4946 codice

268 4966 566 5035 Apuleiano
597 4964 945 5035 bibliothecre
963 4961 1343 5035 Vaticaniehis
1366 4960 1543 5035 verbis
1568 4978 1589 5035 :_
1605 4958 1714 5032 Ego
1728 4960 1859 5035 δαι-

268 5029 455 5089 lustius
486 5032 1147 5108 legietgemendavillomae
1166 5032 1399 5108 feliciter,
1428 5031 1621 5108 Qlibrio
1646 5029 1689 5082 et
1719 5029 1854 5084 Pro-

267 5107 387 5160 bino
416 5101 555 5160 coss:
582 5106 634 5158 in
657 5106 769 5172 [ora
800 5104 986 5159 Martis
1016 5102 1406 5159 controversiam
1432 5101 1721 5154 declamans
1737 5118 1857 5172 ora-

268 5179 368 5229 tori
392 5176 726 5230 Endelechio.
759 5176 954 5228 Rursus
986 5171 1427 5240 Constantinopoli
1454 5172 1719 5241 recognovi
1746 5171 1858 5224 Ca:-

266 5249 408 5301 surio
456 5257 503 5301 et
552 5248 719 5301 Attico
747 5262 880 5299 coss.
908 5247 1025 5313 Quo
1068 5260 1134 5299 ex
1166 5244 1283 5299 loco
1312 5251 1571 5311 praeterea
1602 5241 1859 5313 docentur

268 5334 377 5387 quo
411 5327 650 5385 tempore
687 5312 998 5371 cathedram
1033 5315 1216 5387 Romae
1241 5314 1469 5369 tenuerit
1501 5312 1856 5387 Eudeleehius

266 5382 475 5456 rhetor,
494 5382 597 5443 hoc
615 5396 717 5453 est,
744 5400 799 5441 ut
826 5386 1413 5455 interpretorSeverus,
1443 5393 1660 5456 sanctus
1691 5382 1841 5456 Ende

269 5459 499 5525 let-hius,
534 5470 718 5513 orator
740 5471 793 5513 et
816 5467 975 5527 poeta
1002 5456 1338 5511 Christianus
1368 5455 1521 5525 cujus
1541 5464 1713 5510 exstat
1733 5455 1857 5527 bre-

266 5547 336 5582 ve
356 5530 461 5602 45
490 5545 707 5585 carmen
734 5529 804 5586 de
819 5525 1096 5583 mortibus
1126 5527 1329 5602 b_ouu_i_:
1360 5540 1660 5602 quanquam
1684 5525 1863 5602 _u:tat_i_s

265 5596 495 5655 alterum
519 5609 637 5656 erat
661 5609 1037 5670 argumentum
1055 5613 1120 5653 ex
1150 5596 1393 5670 Paulino,
1418 5597 1505 5665 qui
1530 5596 1859 5651 Endclechii.

270 5680 329 5725 ut
358 5672 512 5725 amici
544 5673 649 5737 sui,
675 5668 921 5726 meminit
941 5671 996 5724 in
1015 5671 1171 5736 epist.
1190 5668 1224 5722 9
1243 5669 1307 5722 ad
1330 5669 1610 5724 Severum.

270 5739 612 5869 5309991“.
666 5750 939 5814 argentea,
988 5740 1041 5794 in
1065 5754 1167 5807 qua
1206 5738 1462 5795 exarandi
1493 5749 1640 5793 erant
1676 5751 1863 5792 versus

317 5828 332 5867 t
371 5827 506 5868 ortu.
1246 5820 1261 5829 ‘

317 5820 481 5868 ldunii
490 5851 506 5867 .
1246 5820 1261 5829 “

1962 3333 2169 3373 morem
2208 3319 2436 3387 pristino
2483 3318 2871 3390 colloquiorum
2907 3321 3091 3375 cursui
3121 3320 3320 3385 reddis,
3361 3331 3415 3377 et
3444 3338 3542 3377 nos

1958 3416 2186 3464 vetusta:
2215 3409 2554 3480 loquacitatis
2584 3410 2791 3465 orbitas
2821 3424 3177 3466 recurremus.
3206 3411 3406 3466 Praeter
3427 3411 3544 3472 haec

1959 3500 2138 3569 avide,
2171 3502 2370 3573 praevio
2391 3500 2627 3568 Christo,
2656 3503 2827 3559 sicuhi
2848 3502 3087 3560 locorum
3119 3502 3346 3570 fueritis,
3381 3504 3542 3561 modo

2036 3779 2058 3807 ε
2088 3766 2473 3850 Μρηθοιιριιειῐη
2504 3768 2715 3837 insigne
2746 3771 2840 3850 fuit
2866 3772 3178 3850 palliur_n,ut
3199 3775 3543 3850 philosopho-

1956 3855 2095 3895 rum.
2120 3839 2259 3909 Nam
2288 3848 2342 3893 et
2388 3839 2559 3909 ipsam
2590 3842 2975 3897 monachorum
3005 3844 3166 3898 vitam
3198 3839 3281 3900 Ξεαέ
3325 3839 3541 3909 acina.»

1959 3908 2129 3987 Gragci
2148 3909 2329 3963 Patres
2352 3908 2739 3987 philosophiam
2768 3913 3304 3987 nominaruntJlude
3329 3921 3541 3987 agmina

1958 3980 2169 4049 palliata
2197 3979 2581 4050 monachorum
2613 3979 2667 4034 in
2694 3980 2883 4035 funere
2905 3982 2959 4036 S.
2991 3983 3196 4037 Martini
3226 3979 3389 4050 apud'
3410 3989 3539 4042 Stil-

1961 4050 2155 4121 picium
2187 4049 2471 4121 Severum.
2499 4050 2674 4119 Atque
2692 4060 2747 4104 ut
2776 4050 3125 4121 phil030pbos
3146 4049 3318 4109 Graeci
3350 4057 3542 4114 merito

1961 4120 2233 4193 ridebant,
2252 4120 2341 4188 qui
2374 4118 2533 4193 pallio
2554 4118 2609 4175 et
2638 4118 2796 4193 barba
2825 4131 2983 4193 tenus
3013 4122 3539 4193 philosopharentur,

1960 4191 2039 4246 sic
2068 4190 2236 4265 nostri
2262 4190 2578 4265 monachos,
2618 4191 2708 4260 qui
2750 4192 2931 4265 habitu
2955 4195 3155 4265 steculo
3182 4190 3540 4265 imponerent,

1960 4271 2020 4340 ut
2036 4261 2108 4314 ait
2120 4259 2393 4340 Sidonius,
2408 4259 2714 4340 quibusque
2717 4264 2975 4340 φιλοστεφία
2991 4264 3049 4322 ἦν
3059 4267 3125 4340 fr}
3137 4259 3543 4340 _rpz6éivtos.'lsi;

1960 4335 2125 4407 dorus
2154 4329 2451 4407 Pelusiotes
2466 4329 2840 4407 cpiam—22,0112:
2862 4329 3023 4407 fama.
3047 4329 3265 4407 addito},
3280 4339 3543 4402 ἀσκήσεως

1960 4402 2281 4477 πληροξορίαη
2299 4403 2545 4477 τρίϐωνος
2568 4407 2657 4477 sui
2680 4404 2876 4477 ὑπήνης
2896 4403 3132 4477 iniiinii:
3163 4402 3182 4458 Ξ
3210 4404 3453 4463 Monachi
3472 4413 3546 4464 vi-

1962 4425 2121 4477 πληρο
2159 4425 2545 4477 οριαητριοωνος
2568 4425 2653 4457 και
2680 4425 2872 4464 υπηνης
2896 4425 3132 4469 επιοιιςις
3163 4425 3177 4458 ἒ
3210 4425 3452 4463 monacnt

1962 4482 2089 4543 tam,
2118 4425 2704 4543 fratremnongompilet
2732 4474 2877 4543 pallii
2906 4483 2952 4527 et
2984 4474 3156 4529 barba:
3177 4481 3471 4534 ostentatio.

2033 4540 2059 4580 ἀ
2085 4540 2220 4596 Infra
2265 4542 2422 4610 epist.
2453 4540 2523 4594 92
2553 4557 2566 4594 :
2603 4542 2671 4596 Ut
2707 4540 3039 4613 epistolarum
3062 4562 3239 4599 curam
3269 4550 3547 4607 terminatis

1884 4590 1940 4651 1)
1965 4590 3547 4685 librii'EEruiiEéavéieyéntls'ﬁHylaeiZiZiBrEIéTUié}:

1966 4699 2070 4750 que
2099 4684 2245 4738 locus
2273 4682 2469 4753 indicat
2500 4682 2701 4738 Sidonii
2730 4682 3079 4753 epistolarum
3106 4689 3329 4751 primam
3356 4690 3546 4747 editio-

1968 4769 2089 4808 nem
2142 4768 2249 4828 non
2296 4752 2485 4828 fuisse,
2513 4769 2670 4828 quant
2712 4752 3027 4828 constantio
3054 4761 3413 4828 nuncupavit:
3451 4763 3544 4817 sed

1966 4838 2154 4878 earum
2185 4824 2384 4893 aliqum
2404 4823 2614 4878 libellos
2636 4834 2760 4880 ante
2790 4823 3544 4887 Constatttianam'collectio-

1967 4908 2089 4949 nem
2123 4896 2173 4947 in
2206 4894 2378 4949 lucem
2410 4895 2661 4951 emissos.

2044 4973 2068 5001 ο
2105 4963 2542 5040 Latinoquidetn,
2574 4966 2816 5040 setirudi
2844 4975 2895 5022 et
2919 4968 3183 5040 im_polito,
3215 4970 3389 5040 qualis
3420 4980 3545 5027 tunc

1968 5034 2021 5107 in
2066 5049 2168 5107 usu
2205 5034 2363 5107 vulgo
2391 5034 2596 5107 Galliae.
2630 5036 2770 5092 Olim
2800 5052 2929 5092 sane
2960 5038 3128 5094 Gallis
3165 5034 3343 5095 sermo
3384 5058 3544 5107 pecu-

1962 5104 2110 5159 liaris
2138 5114 2217 5184 eL
2239 5104 2480 5184 diversus
2512 5120 2542 5160 a
2574 5105 2778 5184 Latino.
2815 5107 2962 5163 Uude
2994 5104 3546 5184 V_arro,‘llieronymo

1964 5184 2123 5250 teste,
2175 5173 2537 5250 Massilienses
2568 5177 2848 5250 trilingues
2889 5181 3136 5250 vocabat,
3164 5173 3307 5250 quod
3336 5173 3544 5249 Graece,

1964 5245 2151 5300 Latine
2180 5252 2254 5317 et
2304 5242 2507 5299 Gallice
2530 5242 2773 5317 scirent.
2807 5247 2992 5303 Postea
3013 5242 3140 5305 fecit
3169 5242 3382 5309 assidua
3412 5242 3543 5317 Teum

1966 5316 2221 5389 Romanis
2247 5316 2599 5389 consuetudo,
2631 5326 2686 5389 ut
2729 5316 2973 5389 Latinum
2996 5332 3337 5389 usurparent,
3370 5326 3461 5379 sed
3485 5334 3545 5379 ut

1966 5387 2173 5459 exteris
2195 5385 2731 5459 Agentibttsievenire
2758 5388 2919 5454 solet,
2952 5385 3141 5445 rudeni
3183 5401 3238 5446 et
3266 5385 3542 5459 incultum,

1974 5458 2061 5532 qui
2093 5456 2317 5532 proinde
2348 5457 2596 5532 magistri
2615 5457 2792 5532 studio
2819 5461 3157 5532 et‘industria
3180 5464 3431 5532 perpoliri
3450 5456 3542 5519 deé

1975 5528 2146 5601 heret.
2189 5527 2316 5601 ideo
2349 5526 2527 5580 laudat
2559 5528 2833 5601 Ecdicium
2864 5528 3116 5601 Sidonius
3162 5531 3255 5588 lib.
3278 5526 3365 5596 'm,
3388 5534 3541 5601 epist.

1974 5600 2029 5658 3.
2062 5598 2204 5667 quod
2229 5597 2347 5664 ejus
2375 5600 2623 5668 exemplo
2648 5600 2896 5655 nobilitas
2924 5598 3191 5656 Gallicana
3221 5601 3404 5657 Celtici
3424 5597 3541 5658 ser-

1976 5670 2147 5722 monis
2177 5682 2394 5740 squamt
2419 5669 2659 5739 deposita
2712 5671 2951 5725 Latinam
2990 5672 3221 5740 linguam
3254 5673 3307 5727 in
3345 5671 3541 5731 scholia

1972 5746 2221 5862 ἓοοᾶιτῗιυ
2236 5739 2577 5805 perdiscere'.
2597 5741 2903 5811 Eodemque
2920 5739 3124 5812 spectat
3140 5744 3231 5798 lib.
3248 5759 3362 5811 vni,
3387 5746 3540 5818 epist.

2028 5827 2054 5861 a
2158 5823 2407 5862 oaunem.

2028 5823 2092 5862 ut]
2127 5823 2407 5863 Joannem.
