4078 6348
223 430 337 492 617

411 536 527 608 04
544 543 767 608 Fratrem
790 541 923 608 fasce
944 537 1111 587 levans
1136 546 1413 606 eptsoOpan.

402 605 478 656 ain
491 605 563 655 ile
589 605 829 667 pontificis
848 608 1019 667 tenore
1044 605 1236 667 summi,

360 666 453 718 me
478 661 685 729 insignia
703 664 924 729 sumpsit,
946 661 1281 729 hic_lab_orem.

360 735 424 780 At.
457 738 513 778 ut.
532 721 919 792 qiisquedoles,
946 723 1105 769 amice
1122 721 1293 792 lector,

361 793 438 843 De
462 785 597 842 tanto
617 785 753 850 quasi
781 786 846 834 nil
872 785 976 850 viro
994 785 1235 845 supersit,

361 854 483 903 lidis
512 848 657 915 parce
681 850 822 913 genis
847 848 1012 908 rigare
1034 854 1273 915 marmor;

362 907 574 967 ﬂens'et
593 907 743 976 gloria
769 922 867 959 non
890 907 1080 970 queunt
1094 907 1303 955 humari.

309 1022 448 1077 Ecce
475 1019 617 1090 quod
645 1030 883 1079 carmen,
908 1027 1028 1067 cum
1055 1012 1286 1081 primum
1316 1006 1480 1072 adl'ui,
1512 1020 1675 1077 super
1699 1021 1841 1059 unaor

230 1115 366 1171 nimi
412 1112 593 1165 fratris
616 1125 738 1163 ossa
761 1104 1077 1174 conscripsi.
1109 1102 1347 1170 Namque
1377 1108 1504 1154 tunc
1534 1098 1675 1153 ablui
1707 1112 1827 1152 cum

230 1210 609 1267 funeraretur;
644 1216 744 1256 nec
773 1200 842 1254 ob
871 1198 970 1251 hoc
997 1205 1175 1250 tamen
1207 1191 1410 1264 perdidi
1448 1191 1501 1245 in
1531 1200 1700 1246 totum
1730 1190 1827 1241 de-

234 1297 681 1354 sideratissimam
740 1292 899 1347 flendi
940 1292 1297 1343 occasionem.
1336 1286 1465 1340 Nam
1514 1285 1639 1339 dum
1695 1284 1833 1337 forte

233 1394 552 1456 meditarer,
584 1388 837 1460 lacrymis
864 1386 1100 1439 habenas
1127 1384 1313 1439 anima
1328 1380 1655 1450 parturiente
1682 1379 1796 1432 laxa
1813 1407 1829 1418 ο

233 1487 291 1541 vi
319 1505 330 1539 :
364 1486 573 1553 fecique
596 1481 661 1536 ad
690 1479 1016 1550 epitaphium
1038 1519 1051 1543 ,
1085 1477 1227 1547 quod
1253 1475 1342 1529 alii
1372 1474 1603 1529 fecerant
1635 1471 1701 1526 ad
1749 1485 1829 1524 se-

234 1578 509 1646 pulcrum.
537 1575 660 1627 lltec
684 1586 814 1640 ergo
836 1570 1151 1638 srripsimus
1179 1567 1272 1620 tibi
1296 1609 1309 1631 ,
1349 1580 1417 1620 ne
1446 1562 1585 1617 forte
1605 1562 1834 1617 arbitra.

234 1682 366 1724 rere
394 1667 561 1721 solam
598 1680 696 1719 nos
738 1663 919 1717 colere
956 1663 1201 1715 vivorum
1245 1658 1615 1719 sodalitatem,
1647 1654 1834 1722 reique

239 1769 338 1815 tuo
377 1759 583 1830 judicio
628 1769 893 1820 essemus,
927 1754 1030 1809 "isi
1080 1756 1372 1808 amicorum
1404 1753 1507 1807 vita
1556 1760 1832 1807 carentum

237 1862 481 1919 seraper,
504 1864 655 1919 atque
688 1858 742 1901 ut
764 1845 1133 1909 incolumium,
1161 1845 1652 1900 reminisceremur.
1674 1844 1832 1897 Nam.

239 1956 350 2012 quc
379 1952 431 1997 et
457 1957 521 1997 ex
549 1941 678 2005 hoc,
708 1939 849 2008 quod
892 1940 978 1993 vix
1020 1948 1323 1993 reservatur
1356 1936 1667 2003 imaginaria
1701 1935 1833 1990 fides

240 2037 327 2091 vel
368 2034 749 2106 superstitibus
773 2075 788 2099 ,
824 2049 929 2088 non
965 2043 1165 2103 praeter
1194 2042 1403 2103 acquum
1435 2032 1755 2101 opinabere.
1785 2031 1831 2085 si

242 2142 541 2201 perpaucos
582 2143 705 2185 esse
733 2127 1024 2198 coniicias,
1059 2127 1146 2196 qui
1176 2134 1425 2180 mortuos
1446 2132 1645 2179 ament.
1682 2122 1829 2179 Vale.

802 2230 1131 2292 EPlS’l‘OLA
1167 2236 1282 2292 XII.

360 2324 602 2387 Sidonius
632 2330 902 2399 Simplicio
933 2339 977 2383 et
1012 2324 1301 2397 Apollinari
1338 2328 1443 2383 suis
1482 2328 1719 2383 salutem.

326 2430 459 2499 Deus
483 2445 650 2500 bone!
677 2451 934 2513 quantum
960 2440 1303 2512 naufragioso
1332 2443 1518 2512 pelago
1540 2444 1833 2498 conformis

247 2547 331 2593 est
372 2546 547 2592 motus
575 2536 874 2589 animorum
897 2576 912 2600 ,
944 2535 1140 2604 quippe
1170 2550 1291 2589 cum
1325 2536 1631 2590 nuntiorum
1660 2535 1833 2589 turlti-

248 2630 406 2684 nibus
429 2627 669 2683 adversis
699 2627 851 2696 quasi
880 2626 1092 2697 propria
1116 2634 1436 2696 tempestate
1467 2627 1827 2682 confunditur.

249 2721 432 2792 Nuper
472 2737 571 2791 ego
616 2722 859 2790 ﬁliusque
901 2721 1200 2775 communis
1247 2720 1582 2776 Terentianum
1615 2721 1833 2791 Hecyrae

251 2816 394 2869 sales
425 2813 827 2868 ruminabamus
854 2830 866 2865 :
904 2813 1139 2867 studenti
1167 2814 1321 2885 105
1348 2812 1648 2868 assidebam
1682 2824 1835 2868 natu-

251 2922 329 2961 ra:
357 2906 656 2961 meminens
680 2947 692 2970 ,
722 2914 775 2959 et
804 2903 1151 2974 professionis
1177 2904 1396 2960 oblitus.
1429 2906 1651 2976 Quoque
1678 2905 1835 2961 abso-

251 2998 418 3054 lutius
448 2998 724 3070 rhythmos
762 2999 995 3053 comicos
1039 2996 1254 3051 incitata
1279 2997 1552 3053 docilitate
1586 3012 1837 3065 sequere-

253 3100 358 3154 tur,
411 3091 524 3159 ipse
566 3091 722 3143 etiam
774 3088 1002 3143 fabulam
1042 3088 1229 3144 similis
1273 3092 1591 3160 argumenti,
1639 3091 1692 3145 id
1732 3101 1835 3158 est,

254 3188 281 3218 ⁸
317 3181 714 3250 Epitrepontem
749 3177 1023 3233 Menandri
1056 3178 1107 3233 in
1142 3179 1388 3234 manibus
1423 3181 1704 3236 habebam.
1736 3183 1837 3238 Le-

253 3272 514 3344 gebamus
553 3277 785 3341 pariter,
829 3271 1174 3326 laudabamus
1206 3313 1222 3338 ,
1257 3272 1672 3330 iocabamurauc
1721 3294 1733 3328 :

258 3520 483 3591 Possem
498 3519 616 3587 ejus
642 3521 1164 3588 g‘eneristes’timohia
1179 3521 1453 3575 innumera
1474 3519 1699 3591 proferri
1719 3539 1731 3572 :
1749 3520 1843 3576 sed

260 3590 495 3645 omnium
526 3592 693 3644 instar
722 3591 825 3645 erit
855 3593 937 3645 lex
984 3606 1118 3645 nova
1145 3592 1308 3659 impp.
1343 3590 1629 3647 TheOdosii
1661 3600 1714 3646 et
1736 3592 1840 3646 Va-

260 3661 559 3724 lentiniani,
586 3662 639 3715 in
660 3677 760 3730 qua
794 3662 1092 3731 presbyteri
1124 3662 1341 3716 secundi
1370 3663 1680 3719 sacerdotes
1706 3677 1840 3717 nun-

262 3741 541 3855 eripiantur.
573 3732 646 3786 Ea
671 3743 847 3787 autem
886 3734 937 3786 in
977 3733 1158 3787 codice
1190 3744 1503 3799 pervetusto
1530 3733 1723 3802 legitur
1756 3733 1837 3787 his

262 3816 357 3855 ver
396 3819 474 3855 ts:

261 3816 438 3856 VCI‘DIS
460 3820 474 3855 Σ

262 3906 583 3949 τηεουοςιυε
612 3908 681 3948 ετ
710 3907 1130 3948 ι’,ιιεΝτικιΑκυε
1152 3908 1370 3949 AUGUSTI
1402 3911 1469 3949 AD
1498 3909 1671 3949 νειιωι
1703 3910 1844 3949 PRAE-

790 3980 998 4019 Ρεςτωι
1040 3980 1317 4019 ριιλετοιιιι.

337 4057 594 4130 Audemus
622 4058 824 4126 quidem
853 4074 1133 4111 sermonem
1159 4060 1515 4128 facere,solito
1537 4061 1652 4130 plus
1668 4061 1849 4113 timore

264 4129 401 4198 capti
431 4130 493 4179 de
518 4129 706 4181 sanctis
731 4138 776 4182 et
805 4130 1173 4182 uenerabilibus
1199 4129 1567 4193 sacerdotibus,
1596 4139 1644 4185 et
1668 4147 1849 4186 secun-

264 4197 344 4251 dis
404 4198 747 4252 sacerdotibus
790 4198 893 4269 47
946 4201 1018 4251 vel
1067 4201 1217 4252 rtiam
1277 4201 1472 4265 lcvitis,
1524 4210 1571 4254 et
1608 4218 1691 4261 eos
1731 4218 1845 4254 cum

265 4269 606 4342 omni_t_imore
636 4270 899 4342 nominare
919 4311 933 4335 ,
961 4269 1139 4335 quibus
1166 4273 1325 4324 omnis
1352 4281 1486 4324 terra
1519 4280 1669 4342 caput
1699 4273 1849 4325 incli-

266 4348 375 4393 nat.
412 4340 476 4393 Et
506 4349 625 4408 post
649 4341 751 4393 alia
791 4354 804 4394 :
831 4338 908 4392 De
935 4342 1166 4393 obnoxiis
1194 4357 1328 4406 vero,
1370 4342 1414 4395 si
1442 4344 1528 4411 qui
1557 4338 1849 4396 ambulare-

265 4410 365 4481 rint
396 4427 513 4464 cum
540 4413 804 4480 episcopo,
843 4412 920 4463 vel
954 4427 1065 4464 cum
1108 4412 1427 4481 presbytero,
1452 4410 1540 4466 aut
1559 4414 1711 4466 etiam
1731 4430 1850 4466 cum

264 4479 486 4533 diacono
512 4524 541 4553 ,ν
559 4481 662 4533 sive
688 4482 741 4533 in
769 4482 939 4552 platea
963 4524 978 4545 ,
1011 4486 1111 4534 sive
1137 4484 1188 4535 in
1232 4479 1386 4550 apro,
1417 4484 1518 4536 sive
1549 4484 1600 4537 in
1626 4485 1848 4553 quolibet

266 4553 409 4625 loco,
432 4552 573 4625 nullo
598 4562 741 4625 pacto
759 4568 857 4625 eos
884 4552 1184 4625 retinerivel
1212 4554 1398 4607 adduci
1411 4552 1650 4621 jubemus
1672 4597 1685 4617 ,
1716 4572 1846 4625 quo-

264 4623 409 4674 niam
439 4622 493 4673 in
523 4622 863 4675 sacerdotibus
906 4622 1134 4675 Ecclesia
1161 4634 1376 4676 constat.
1410 4625 1542 4678 Data
1588 4642 1657 4678 xv
1679 4622 1850 4678 calen-

266 4692 366 4745 das
397 4690 705 4754 Januarias,
733 4691 1020 4746 Theodosio
1043 4708 1140 4747 χιιι
1170 4707 1214 4746 et
1250 4695 1609 4749 Valentiniano
1640 4712 1692 4749 ιιι
1716 4713 1848 4750 (οδε.

344 4763 421 4815 Ex
448 4761 551 4835 his,
585 4762 793 4835 opinor,
826 4778 985 4817 nemo
1006 4778 1118 4835 _non
1149 4764 1292 4819 videt
1315 4765 1662 4835 presbyteros
1685 4769 1850 4820 intcr-

268 4834 401 4888 dum
433 4832 604 4886 dictos
636 4831 797 4887 fuisse
822 4832 1087 4887 secundos
1126 4831 1432 4889 sacerdotes
1464 4831 1595 4897 [aut
1628 4835 1849 4890 secundi

269 4904 475 4977 ordinis
504 4904 810 4977 sacerdotes
844 4922 856 4956 :
886 4904 1278 4977 quanimirum
1298 4917 1418 4959 nota
1449 4906 1847 4977 di~tingueban~

271 4984 361 5026 tur
388 4974 456 5028 ab
480 4975 745 5043 episcopis
770 5016 784 5036 .
808 4977 895 5043 qui
924 4974 1080 5044 primi
1109 4974 1311 5029 ordinis
1337 4985 1490 5030 erant
1516 4974 1848 5041 sacerdotes,

266 5056 317 5097 et
344 5046 538 5098 summi
566 5045 872 5099 sacerdotes
898 5045 1323 5113 appellabantur.
1339 5046 1491 5113 Quod
1512 5060 1637 5101 vero
1655 5048 1853 5102 doctis-

265 5116 407 5167 simo
453 5114 712 5186 Savaroni
751 5116 902 5186 venit
946 5117 998 5170 in
1054 5124 1309 5184 mentem,
1356 5116 1697 5186 presbyteros
1724 5119 1850 5171 olim

265 5186 427 5257 etiam
458 5185 737 5257 episcopos
769 5185 932 5240 fuisse
970 5196 1337 5257 nuncupatos,
1387 5185 1547 5255 atque
1588 5187 1658 5240 ita
1694 5186 1853 5242 Clau-

264 5254 618 5327 dianumghoc
648 5257 765 5311 loco
784 5257 1104 5327 episcopum
1134 5258 1234 5311 dici
1278 5254 1600 5322 a'Sidouio;
1654 5258 1703 5312 id
1726 5299 1740 5323 ,
1797 5267 1854 5312 ut

266 5325 454 5404 paucis
481 5324 679 5393 dicam,
708 5324 1165 5404 aSidoniimente
1193 5337 1248 5383 et
1273 5340 1509 5404 veterum
1540 5328 1850 5404 more_a_lie-

266 5396 553 5469 nissimum
580 5408 680 5451 est.
707 5398 817 5453 Nec
842 5400 1026 5452 mirari
1054 5400 1183 5453 satis
1212 5414 1428 5469 possum
1452 5399 1663 5455 inanem
1689 5400 1851 5454 fabel-

266 5466 374 5541 lam
391 5466 457 5520 de
481 5468 633 5541 primi
661 5476 717 5523 et
739 5469 1189 5541 secundiordinis
1216 5466 1483 5541 episcopis
1510 5472 1561 5525 in
1594 5486 1851 5539 quorum-

265 5538 393 5592 dam
411 5536 824 5610 animistantum
858 5539 979 5594 fidei
1008 5536 1329 5609 obtinuisse,
1350 5536 1480 5596 ut'in
1498 5556 1592 5597 ore
1613 5536 1855 5610 scriptis-

264 5624 373 5682 qne
399 5610 510 5662 suis
529 5609 670 5682 nihil
695 5610 1027 5680 frequentius
1052 5612 1280 5666 habeant
1301 5653 1313 5673 .
1347 5628 1504 5682 quam
1537 5613 1674 5667 duos
1701 5609 1850 5681 olim,

264 5681 315 5752 si
344 5680 449 5734 Deo
490 5679 665 5752 placet
687 5722 701 5745 ,
730 5679 1037 5749 in’singulis
1064 5682 1335 5736 cathedris
1360 5679 1643 5752 episcopos
1666 5679 1849 5737 fuisse.

263 5751 411 5806 Mera
448 5750 755 5818 estfabula,
786 5761 842 5805 ut
879 5752 987 5805 dixi
1021 5769 1032 5805 ε
1065 5769 1235 5819 neque
1264 5753 1329 5806 ad
1361 5750 1477 5807 eam
1506 5750 1851 5808 astruendam

265 5823 339 5875 ab
369 5822 469 5875 illis
487 5822 776 5891 quidquam
800 5825 1039 5887 affertur,
1062 5824 1202 5891 quod
1232 5839 1333 5875 uou
1360 5840 1450 5878 sua
1476 5833 1664 5886 sponte
1692 5826 1849 5877 dissi-

268 5892 389 5948 liat.
435 5893 647 5950 Etenim
693 5893 955 5949 Genuadii
987 5894 1161 5950 locum
1185 5934 1199 5960 ,
1245 5894 1331 5949 ubi
1363 5894 1711 5952 Claudiat‘mm
1740 5896 1853 5965 cpi-

1524 404 2002 468 EPISTOLARUM
2041 404 2173 461 LIB.
2212 404 2290 463 IV.

1846 519 1901 580 A
1924 532 2045 588 quae
2068 527 2191 571 vota
2213 531 2335 571 sun.
2365 517 2692 580 communia,
2726 516 2871 569 illum
2905 515 3087 581 lectio,
3116 527 3202 568 me
3224 512 3314 567 ille
3338 512 3518 581 capie-

3414 396 3515 455 518

1930 611 2047 676 bat;
2084 626 2204 666 cum
2236 623 2456 680 repen'e
2505 625 2637 678 puer
2672 607 2949 663 familiaris
2988 606 3156 661 astitit
3184 606 3465 661 vultuosus
3499 623 3511 657 :

1930 703 2015 758 cui
2060 716 2180 768 nos,
2225 701 2349 771 quid
2379 700 2485 754 ita?
2508 711 2561 755 et
2586 701 2677 756 ille
2707 700 2963 755 lectorem
2985 740 2999 763 ,
3026 699 3218 770 inquit,
3248 685 3514 754 Constat;-

1931 803 2038 850 tem
2061 794 2277 850 nomine
2316 809 2410 863 pro
2447 793 2649 848 foribus
2670 793 2775 847 vidi
2819 809 2847 847 a
2894 792 3124 847 dominis
3165 793 3441 861 Simplicio
3465 801 3521 847 et

1930 886 2243 957 Apollinare
2278 886 2633 952 redeuntem;
2678 886 2860 955 dedit,
2894 887 3098 954 inquit,
3140 887 3346 941 litteras
3387 902 3519 956 quas

1931 986 2250 1046 acceperat,
2275 977 2367 1033 sed
2402 978 2633 1047 perdidit
2661 992 2794 1047 quas
2820 978 3040 1047 recepit.
3071 977 3274 1042 Quibus
3300 978 3514 1047 agnitis,

1932 1070 2197 1137 serenitas
2243 1069 2444 1123 laetitia:
2484 1083 2619 1123 mea:
2666 1067 2947 1122 confestim
2990 1068 3172 1122 nubilo
3210 1068 3516 1138 superducti

1933 1162 2184 1217 maeroris
2208 1162 2507 1220 insorduit;
2543 1171 2850 1230 tantamque
2880 1159 3011 1214 mihi
3044 1159 3199 1214 bilem
3225 1161 3392 1214 nuntii
3423 1162 3517 1213 huc

1932 1255 2081 1325 iusce
2120 1256 2477 1311 contrarietas
2518 1253 2802 1316 excitavit;
2857 1264 2911 1305 ut
2963 1268 3057 1321 per
3100 1253 3357 1322 plurimos
3405 1251 3519 1305 dies

1934 1345 2082 1400 illum
2114 1347 2289 1416 ipsum
2319 1348 2559 1401 hermam
2596 1345 3003 1401 Stolidissimum
3038 1345 3223 1399 venire
3247 1355 3370 1398 ante
3393 1359 3521 1398 ocu-

1936 1439 2017 1494 los
2042 1456 2186 1495 meos
2216 1445 2522 1496 inexoratus
2547 1440 2810 1495 arcuerim
2838 1457 2852 1504 ;
2883 1441 3087 1494 laturus
3114 1455 3255 1509 mgre
3274 1480 3288 1503 ,
3320 1439 3363 1492 si
3391 1438 3520 1492 mihi

1934 1535 2135 1602 apices,
2165 1544 2256 1586 aut
2287 1546 2653 1601 quoscunque,
2679 1540 2769 1585 aut
2797 1546 3235 1602 quorumcunque
3266 1546 3368 1585 non
3396 1532 3522 1583 re-l-

1934 1628 2117 1693 deret;
2168 1636 2371 1681 taceam
2401 1636 2635 1690 vestros,
2669 1625 2762 1695 qui
2792 1624 2945 1690 mihi,
2977 1625 3104 1680 dum
3139 1625 3267 1680 recti
3297 1639 3523 1693 compos

1936 1722 2144 1775 animus
2172 1719 2349 1785 durat,
2375 1716 2593 1771 minimc
2629 1716 2936 1786 frequentes
2978 1717 3210 1771 maxime
3248 1714 3525 1771 desidera-

1938 1812 2075 1867 biles
2100 1810 2504 1880 judicabuutur.
2532 1809 2601 1861 At
2632 1818 2911 1879 postquam
2939 1815 3121 1862 nostra
3154 1808 3354 1862 sensim
3389 1817 3523 1862 tem-

1863 1898 1910 1958 B
1939 1904 2086 1974 poris
2121 1901 2404 1957 intervallo
2444 1902 2520 1955 ira
2544 1899 2852 1965 defremuit,
2888 1908 3174 1969 percontor
3204 1915 3330 1953 num
3361 1900 3526 1953 vcrho

1936 1997 2198 2068 quispiam
2237 2005 2495 2066 praeterea
2524 1994 2830 2051 detulisset.
2857 1992 3155 2062 ReSpondit
3179 1993 3315 2063 ipse,
3354 2008 3527 2063 quan-

1935 2104 2093 2160 quam
2122 2098 2265 2142 esset
2308 2086 2547 2158 trcpidus
2576 2096 2633 2142 et
2659 2095 2895 2149 sternax,
2921 2094 2975 2139 et
3005 2100 3114 2153 prae
3146 2094 3293 2138 reatu
3344 2083 3545 2137 balbu-v'

1936 2180 2062 2234 tiret
2088 2193 2182 2233 ore
2209 2219 2224 2244 ,
2251 2177 2527 2231 cmentiret
2565 2176 2757 2230 intuitu
2785 2218 2799 2241 ,
2835 2185 3001 2229 totum
3034 2190 3138 2243 quo
3168 2173 3391 2235 instrui,
3421 2188 3528 2242 quo

1935 2270 2187 2327 delectari
2235 2270 2499 2334 valerem,
2533 2268 2738 2338 paginis
2758 2283 2877 2337 quur
2906 2265 3327 2330 intercidissent,
3363 2264 3527 2318 fuisse

1936 2362 2265 2417 mandatum.
2314 2360 2574 2426 Quocirca
2616 2357 2880 2413 recurrite
2921 2357 2985 2412 ad
3021 2356 3329 2426 pugillares,
3364 2354 3529 2424 repli-

1935 2463 2052 2508 cate
2083 2453 2452 2514 membranas,
2486 2461 2541 2506 et
2574 2450 2773 2518 scripta
2805 2449 3105 2504 rescribite.
3140 2446 3347 2501 Tandiu
3384 2448 3527 2501 enim

1937 2544 2311 2614 mqttanimiter
2326 2541 2552 2596 admitto
2566 2581 2582 2605 ,
2609 2548 2666 2595 ut
2684 2540 2956 2596 desiderio
2976 2555 3098 2593 meo
3126 2539 3346 2592 sinister
3366 2552 3528 2592 even~

1938 2644 2022 2689 tus
2045 2634 2274 2700 officiat,
2302 2633 2475 2687 donec
2505 2631 2571 2686 ad
2593 2646 2689 2686 vos
2718 2632 2875 2703 106
2902 2640 3087 2686 nostro
3117 2645 3369 2685 sermone
3395 2644 3515 2699 per-

1938 2727 2153 2790 veniat,
2185 2724 2251 2779 ad
2282 2741 2378 2780 nos
2422 2735 2662 2779 vesnum
2705 2739 2812 2779 non
2850 2723 3161 2793 pervenisse
3201 2736 3529 2778 sermonem.

1939 2815 2144 2871 Valete.

2346 2884 2371 2893 κ

2470 2904 2801 2961 EPISTOLA
2846 2904 2981 2960 Xlll.

2277 2996 2525 3050 Sidonius
2550 2994 2576 3034 ι)
2617 2995 2793 3049 Vectio
2813 3011 2907 3049 suo
2938 2992 3181 3049 salutem.

2011 3090 2190 3160 Nuper
2218 3099 2405 3160 rogatu
2439 3081 2742 3144 Germanici
2775 3087 3085 3158 spectabilis
3114 3087 3210 3141 viri
3239 3086 3531 3143 Cantillen-

1942 3198 2054 3238 sem
2094 3181 2379 3238 ecclesiam
2411 3180 2639 3249 inspexi.
2694 3179 2789 3234 Est
2818 3179 2931 3249 ipse
2976 3179 3094 3234 loco
3120 3180 3344 3233 sitorum
3380 3178 3534 3235 facile

1788 3268 1912 3332 etC
1948 3274 2179 3345 primus;
2223 3270 2421 3343 quique
2474 3281 2594 3342 post
2633 3279 2838 3342 tergum
2886 3286 3007 3326 cum
3047 3270 3157 3340 jam
3189 3282 3210 3309 ε
3253 3271 3535 3327 duodecim

1953 3533 2173 3589 scopum
2222 3519 2496 3588 appellare
2516 3519 2766 3584 videtur,
2795 3528 3104 3588 corruptum
3147 3529 3273 3575 esse“
3304 3520 3413 3590 jam
3447 3521 3549 3576 alii‘

1953 3601 2296 3645 monuerunt.
2331 3590 2599 3657 Quorsum
2627 3593 2769 3643 enim
2796 3598 2985 3644 secum
3009 3590 3124 3659 ipse
3151 3604 3444 3661 pugnaret.
3479 3598 3549 3647 ut?

1952 3662 2261 3730 episcopum
2316 3662 2403 3715 hic
2460 3661 2664 3715 diceret
2718 3675 2876 3731 quem
2930 3662 3301 3732 presbyterum
3353 3674 3538 3731 postea

1954 3732 2140 3785 vocat?
2169 3733 2353 3788 Justus
2382 3746 2547 3789 vero.
2589 3732 2676 3801 qui
2716 3732 2766 3784 in
2816 3745 2941 3785 arca
2984 3733 3267 3799 Sepulcrali
3315 3750 3433 3800 quae
3482 3735 3536 3789 in

1951 3802 2007 3855 S.
2061 3802 2215 3855 lllidii
2248 3801 2465 3855 basilica
2499 3801 2693 3854 visitur
2717 3846 2731 3869 ,
2766 3804 3020 3855 Arvernm
3065 3802 3211 3855 urbis
3254 3803 3539 3869 episcmus

1953 3871 2260 3926 inscribitur
2284 3911 2298 3933 ,
2330 3886 2434 3924 non
2466 3879 2547 3923 est
2575 3870 2757 3925 Justus
2783 3872 2868 3924 ille
2897 3871 3307 3923 archidiaconus
3337 3874 3393 3926 S.
3428 3875 3532 3927 Illi-

1952 3943 2025 3997 dii
2058 3942 2325 4009 episcopi;
2359 3940 2452 3994 sed
2482 3940 2664 3995 Justus
2694 3943 2831 3995 alter
2862 3942 2948 4010 qui
2993 3941 3167 4008 reipsa
3198 3944 3294 3995 fuit
3324 3944 3525 4009 episco-

1952 4016 2051 4081 pus
2078 4012 2438 4065 Arvernorum
2467 4012 2844 4081 postAvolum,
2870 4020 2992 4081 ante
3023 4012 3315 4065 Caesarium
3343 4031 3353 4065 :
3387 4016 3539 4079 cuius

1951 4078 2080 4137 sane
2111 4096 2301 4134 nomen
2334 4078 2481 4150 apud
2506 4081 2821 4148 Gregorium
2853 4078 3176 4135 Turouicum
3229 4084 3278 4133 in
3326 4078 3536 4149 episco-

1951 4168 2139 4222 porutn
2164 4152 2567 4220 clenchoquteri
2588 4168 2692 4204 non
2718 4152 2897 4216 debet,
2918 4152 3038 4220 quia
3074 4163 3191 4220 post
3216 4151 3532 4221 Gregoriuu

1952 4224 2099 4277 vixit.
2148 4222 2226 4276 De
2266 4223 2473 4277 Juanne
2516 4224 2744 4291 denique
2786 4223 2970 4276 archid
2996 4237 3165 4276 acono
3201 4223 3539 4281 Cabiloneusi

1951 4308 2047 4364 par
2070 4304 2149 4348 ρει
2175 4293 2504 4357 alluciuatio,
2534 4308 2692 4361 quam
2721 4292 3091 4364 prudctepist.
3124 4294 3213 4348 Ἡ.

2025 4373 2050 4400 ιι
2092 4366 2496 4431 Epitrepontem
2545 4364 2817 4416 Menandri
2868 4362 3097 4417 fabulam
3128 4365 3257 4418 citat
3286 4366 3536 4421 Slolneus

1950 4449 2199 4490 sermone
2224 4435 2292 4489 87
2321 4449 2387 4487 ex
2414 4448 2583 4503 eaque
2613 4432 2816 4503 profert
2848 4433 2945 4488 hos
2972 4448 3179 4501 versus,

2260 4570 2440 4629 ἐλευθέρῳ
2462 4578 2505 4616 τὸ
2528 4577 2800 4627 καταγελᾶσθαι
2821 4577 2912 4615 πολὺ

2260 4636 2404 4690 Λῖσχιᾶν
2430 4640 2527 4689 ἔστι,
2553 4640 2595 4676 τὸ
2621 4635 2656 4676 δ’
2678 4634 2850 4677 ὀδυνᾶσθ⁵
2872 4640 3103 4689 ἀνθρώπινον.

1956 4742 2097 4815 idem
2120 4741 2238 4795 aliis
2261 4740 2391 4794 locis
2407 4742 2792 4815 ἐπιτρέποντος,
2806 4745 2883 4815 κᾳῖ
2902 4742 3231 4815 ἐπιτρόπους.
3253 4741 3363 4796 Alei
3375 4746 3440 4811 ph
3453 4764 3545 4795 run

1876 4813 2080 4885 Ditem
2128 4815 2485 4885 ἐπιτρέποντας
2523 4810 2670 4885 inter
2719 4810 2924 4885 fabulas
2966 4810 3237 4885 fileuauzlri
3265 4882 3273 4885 Δ
3299 4810 3547 4868 tnuuerut

1956 4884 2180 4951 epistola
2213 4880 2395 4936 ultima
2442 4896 2489 4933 et
2525 4880 2815 4934 Athenaeus
2846 4880 2937 4934 lib.
2976 4897 3081 4934 xlv.
3121 4882 3353 4937 Meminit
3391 4900 3437 4936 et
3471 4900 3547 4934 ιιι-

1956 4953 2064 5006 cito
2085 4954 2326 5006 auctoris-
2350 4951 2578 5022 nomine
2593 4951 2977 5022 Quintilianus,
3012 4953 3385 5020 Epitrepontu-
3418 4970 3542 5022 prr-

1957 5023 2152 5078 fectam
2178 5023 2395 5077 oratorii
2418 5020 2600 5090 judicii
2620 5020 2793 5075 ideam
2819 5023 3100 5077 continere
3116 5025 3337 5087 dooeus,
3368 5020 3459 5077 ιιι).
3488 5040 3542 5089 x,

1959 5108 2078 5162 cap.
2116 5096 2164 5147 l.

2033 5165 2058 5204 δ
2085 5163 2211 5217 Viro
2237 5162 2449 5224 illustri,
2471 5162 2623 5231 eujus
2653 5176 2817 5232 supra
2850 5163 3051 5217 mentio
3070 5164 3297 5232 epistola
3329 5165 3381 5219 9.
3410 5166 3549 5221 Can-

1960 5235 2224 5289 tillensem
2253 5234 2536 5286 ecclesiam
2564 5233 2691 5286 dicit
2718 5274 2733 5300 ,
2769 5250 2796 5284 a
2844 5233 3074 5289 Camilla
3110 5247 3289 5288 vetere
3322 5242 3546 5292 castello

1962 5306 2356 5366 Arvernorum,
2396 5302 2506 5373 48
2552 5303 2704 5370 cujus
2748 5306 2950 5359 mentio
2999 5304 3049 5357 in
3084 5305 3284 5360 Tabula
3324 5306 3549 5363 Itinera-

1965 5377 2037 5430 ria
2089 5375 2417 5446 Peutingeri.
2442 5375 2706 5446 Annales
2749 5390 2926 5429 rerum
2959 5389 2987 5427 a
3020 5374 3244 5443 Pippino
3274 5389 3544 5446 gestarum

1962 5445 2234 5528 anno__762
2264 5464 2275 5496 :
2322 5445 2652 5528 Aquitaniam
2690 5444 2951 5528 ingressus
2983 5448 3220 5528 quendam
3267 5444 3472 5528 oppida
3498 5458 3545 5501 et

1961 5518 2354 5589 castellamann
2385 5515 2516 5589 cepit
2540 5529 2559 5567 :
2584 5518 2636 5567 in
2658 5515 2849 5589 quibus
2876 5515 3138 5587 prwdpua
3167 5515 3309 5589 fuere
3346 5519 3547 5571 Barba-

1962 5587 2124 5649 nium,
2151 5585 2401 5646 Cantilla,
2432 5583 2617 5638 Clarus
2647 5585 2820 5641 Mons.

1986 5729 1994 5737 Ι
2038 5667 2057 5695 α
2091 5656 2432 5782 eiMunatio,
2478 5666 2533 5709 ut
2586 5657 2881 5727 Iuvenalis,
2914 5673 3071 5727 quem
3124 5660 3408 5714 aemulatur
3455 5672 3546 5714 sa~

1986 5744 2060 5780 ll‘ﬂ
2160 5744 2171 5779 ζ

1963 5739 2060 5780 ιιι-ει
2091 5739 2124 5780 δ
2160 5744 2171 5779 ζ

2146 5846 2319 5903 Stupet
2349 5846 2450 5893 ltze-
2475 5844 2667 5907 qui'jam
2694 5854 2797 5907 post
2821 5856 2962 5907 terga
2985 5840 3185 5908 reliquit

2086 5904 2353 5968 Sexaginta
2380 5904 2551 5968 annos,
2574 5904 2782 5959 Fonteio
2807 5904 3007 5959 consule
3033 5904 3188 5960 natus.
