4078 6348
559 329 660 389 519

1833 323 2080 383 SlDONll
2118 322 2575 380 APOLLINARIS

3741 319 3841 375 {£20

559 451 722 506 lustra
756 445 1106 513 transmittat,
1155 443 1396 517 quotidie
1437 453 1615 500 tamen
1674 443 1853 498 habitu
1897 443 2152 513 cultuque
2179 443 2234 504 Α
2261 453 2313 499 te
2342 445 2603 499 hactenus
2644 440 3152 511 philosophantem,
3197 454 3330 494 nova
3359 439 3539 494 subito
3586 439 3657 496 ob
3684 423 3859 509 juris;

557 542 849 607 couSpicuo
901 554 1007 594 non
1043 537 1345 606 juvenescit
1373 536 1582 601 solum,
1628 535 1720 590 sed
1750 534 2148 604 quodammodo

558 631 906 704 repuerascit.
937 629 1092 683 Enim
1114 643 1242 682 vero
1265 628 1430 682 vestis
1456 628 1697 692 astricta,
1715 636 1895 681 tensus
1925 625 2149 680 cothur-

557 740 678 790 nus,
712 725 730 744 ‘
756 723 920 777 crinis
953 723 1004 776 in
1047 730 1179 775 rotae
1212 720 1483 789 specimen
1520 719 1729 773 accisus
1754 758 1769 783 ,
1805 717 1970 772 barba
2004 717 2143 772 intra

556 830 803 887 rugarum
841 813 1072 868 latebras
1113 812 1305 867 mersis
1348 811 1412 864 ad
1445 819 1620 866 cutem
1651 819 1794 864 secta
1825 808 2146 879 forpicibus;

554 910 620 966 ad
669 910 770 963 hoc
814 917 868 962 et
898 921 1120 961 munere
1156 919 1389 974 superno
1418 904 1786 958 membrorum
1816 902 1986 958 solida
2019 915 2150 955 con-

553 1000 788 1072 iunctio,
824 998 1035 1066 integer
1063 997 1241 1059 visus,
1287 995 1498 1065 amplus
1529 995 1578 1048 in
1613 994 1774 1050 celeri
1807 1006 2024 1062 gressus
2067 991 2148 1046 in-

553 1107 731 1155 cessu,
768 1091 1091 1157 incorrupta:
1135 1087 1302 1141 laetea
1333 1085 1573 1140 dentium
1606 1099 1866 1154 compage
1894 1083 2144 1154 gingivae.

552 1185 670 1241 Non
719 1183 790 1238 illi
843 1179 1151 1236 stomachus
1191 1187 1447 1241 nauseat,
1503 1190 1606 1231 non
1639 1192 1773 1230 vena
1826 1175 2144 1239 ﬂammatur,

554 1292 661 1332 nou
691 1290 785 1330 cor
819 1272 1112 1337 incutitur,
1161 1284 1264 1323 non
1324 1269 1505 1338 pulmo
1549 1267 1801 1337 suspirat,
1860 1280 1965 1320 non
2012 1266 2151 1335 riget

552 1367 784 1431 lumbus,
820 1379 926 1419 non
952 1363 1106 1432 jecur
1139 1370 1335 1431 turget,
1367 1375 1471 1414 non
1507 1358 1773 1415 mollescit
1799 1372 2009 1423 manus,
2041 1373 2148 1413 non

551 1461 701 1530 spina
729 1465 1013 1518 curvatur;
1039 1455 1130 1509 sed
1162 1452 1420 1523 praeditus
1448 1452 1678 1507 sanitate
1699 1450 1951 1522 juvenili,
1976 1451 2146 1505 solam

551 1552 651 1606 sibi
675 1549 911 1603 vindicat
937 1547 1004 1602 de
1030 1554 1305 1601 senectute
1350 1544 1729 1599 reverentiam.
1766 1543 1990 1613 Propter
2028 1558 2149 1612 qum

553 1643 816 1698 beneﬁcia
841 1637 1128 1710 peculiaria
1161 1635 1276 1703 Dei,
1309 1636 1561 1706 quoniam
1586 1635 1740 1689 vobis
1757 1634 1878 1704 jura
1899 1633 2148 1688 amicitia:

551 1733 772 1804 g'andia
797 1732 1008 1800 vigent,
1038 1729 1239 1800 quippe
1269 1726 1487 1792 vicinis;
1518 1726 1744 1782 obsecro
1771 1740 1833 1780 ac
1863 1739 2060 1781 moneo
2089 1733 2146 1779 ut

2258 538 2545 593 dictionem
2593 534 2762 605 gloria
2792 535 2958 602 capit,
3003 530 3029 570 ἀ
3071 543 3124 586 et
3166 547 3264 586 nos
3299 532 3515 602 aliquod
3543 547 3846 602 nomenque

2254 628 2526 698 decusque
2553 626 2838 695 gessimus.
2873 626 2941 679 At
2980 624 3025 679 si
3078 624 3291 679 videtur
3329 624 3606 678 humilitas
3649 634 3846 681 nostra

2256 720 2607 790 professionis
2634 717 2874 773 habenda
2913 717 3290 784 contemptui,
3343 717 3465 785 quia
3495 715 3714 770 Christo
3763 733 3844 772 res

2254 811 2513 868 humanas
2530 811 2774 880 vitasque
2792 808 3122 863 medicaturo
3139 806 3374 863 putrium
3391 809 3842 864 conscientiarum

2253 904 2426 959 cultro
2466 902 2716 970 squalens
2758 899 2910 954 ulcus
2953 912 3228 967 apertmus
3266 897 3450 968 :qttod
3489 907 3543 953 et
3579 899 3630 952 in
3677 902 3843 956 nostri

2252 993 2455 1049 ordinis
2479 993 2609 1047 viris
2638 991 2756 1048 etsi
2787 991 2964 1046 adhuc
2985 989 3189 1059 aliquid
3236 989 3305 1044 tle
3333 989 3662 1060 negligentia
3697 990 3841 1058 fetet,

2253 1086 2386 1141 nihil
2433 1085 2542 1152 jam
2575 1094 2753 1138 tamen
2784 1084 2851 1139 de
2891 1084 3140 1153 superbia
3186 1092 3356 1138 tumet
3388 1101 3402 1137 :
3437 1086 3655 1138 noveris
3685 1086 3840 1152 volo,

2253 1193 2363 1233 non
2390 1185 2448 1232 ut
2491 1189 2568 1232 est
2603 1176 2744 1246 apud
2782 1175 3066 1246 praesulem
3107 1176 3206 1230 tori
3236 1215 3251 1241 ,
3280 1177 3360 1230 sic
3387 1190 3508 1230 esse
3538 1177 3680 1246 apud
3708 1176 3843 1245 judic

2252 1285 2368 1326 cem
2399 1268 2603 1324 mundi.
2637 1267 2873 1337 Namque
2903 1276 2962 1322 ut
3007 1269 3052 1322 is
3082 1268 3172 1338 qui
3202 1267 3416 1339 propria
3444 1268 3597 1324 vobis
3632 1285 3740 1323 non
3771 1279 3841 1324 ta-
3879 1286 3884 1289 ν

2250 1367 2426 1422 euerit
2472 1365 2670 1436 ﬂagitia
2699 1407 2713 1431 ,
2762 1363 3079 1429 damnatur;
3111 1363 3182 1418 ita
3227 1363 3506 1418 nobiscum
3534 1365 3626 1434 qui
3656 1364 3840 1420 eadem

2253 1462 2364 1518 Deo
2386 1461 2546 1517 fuerit
2573 1459 2878 1525 confessus,
2907 1459 3226 1514 absolvitur.
3260 1458 3417 1515 Unde
3441 1459 3650 1528 liquido
3677 1470 3840 1531 patet,

2253 1556 2546 1626 incongrue
2575 1569 2605 1608 a
2630 1554 2871 1624 partibus
2890 1553 3085 1608 vestris
3111 1552 3273 1609 nimis
3301 1568 3452 1610 reum
3484 1555 3840 1623 pronuntiari,

2249 1647 2407 1716 cujus
2429 1661 2594 1702 causa
2619 1647 2734 1716 plus
2756 1653 2965 1715 spectat
2987 1644 3218 1700 tribunal
3235 1644 3490 1700 alienum.
3509 1646 3838 1716 QuaprOpter

2251 1736 2622 1792 imminentem
2652 1737 2924 1806 querelam
2951 1737 3122 1792 nostri
3155 1735 3359 1792 doloris
3388 1751 3726 1807 nequaquam
3749 1752 3838 1792 va-

554 1825 780 1882 COllSlIiO
803 1833 912 1887 tuo,
940 1806 1332 1901 cni‘sequendo
1365 1833 1461 1887 per
1481 1815 1868 1872 conscientiam
1896 1831 2140 1887 magnam
2173 1807 2222 1869 Β
2250 1829 2384 1885 lebjs
2416 1828 2641 1884 ulterius
2668 1827 2976 1894 effundere;
3007 1828 3132 1897 quia
3163 1806 3594 1884 succedentibusi
3620 1843 3838 1899 prospe.

552 1920 844 1976 maximam
892 1916 1083 1971 tribuis
1128 1912 1545 1979 auctoritatem,
1587 1926 1695 1966 non
1739 1910 1968 1965 multum
2019 1911 2145 1964 fidat

551 2014 837 2083 ambiguis,
871 2026 970 2067 nec
1001 2010 1160 2064 nimis
1189 2008 1367 2062 nimiae
1405 2005 1592 2061 credat
1615 2003 1966 2059 incolumitati
2001 2022 2012 2056 :
2048 2003 2144 2058 sed

551 2106 766 2162 tandem
805 2103 1140 2174 professione
1168 2099 1444 2171 religionis
1470 2106 1708 2168 arrepta,
1733 2098 1937 2153 viribus
1968 2097 2145 2168 potius

549 2197 879 2267 resurgentis
923 2191 1247 2249 innocentiae
1277 2191 1617 2246 convalescat
1643 2236 1657 2259 ,
1712 2191 1866 2263 107
1897 2190 2054 2245 faciat
2085 2205 2146 2246 se

549 2299 798 2346 vetustus
851 2288 1005 2342 annis
1045 2285 1251 2341 meritis
1308 2299 1528 2340 novum.
1573 2283 1638 2338 Et
1685 2284 1936 2352 quoniam
1985 2297 2146 2338 nemo

549 2380 719 2436 ferme
735 2387 818 2436 est
838 2379 928 2448 qui
956 2377 1316 2455 plectibilibus
1352 2385 1533 2431 careat
1563 2374 1810 2444 occultis,
1837 2375 1953 2444 ipse
1983 2389 2146 2444 super

550 2472 636 2527 his
664 2488 781 2542 qua:
812 2471 948 2526 clam
975 2470 1263 2525 commissa
1295 2468 1683 2534 reminiscitur,
1709 2467 1883 2538 palam
1925 2469 2040 2522 fusa
2061 2483 2146 2522 sa-

551 2564 854 2620 tisfactione
879 2563 1138 2617 solvatur.
1172 2560 1303 2616 Nam
1337 2560 1636 2615 sacerdotis
1667 2569 1820 2629 pater
1848 2603 1862 2628 ,
1899 2559 2147 2629 ﬁliusque

551 2656 818 2729 pontiﬁcis
843 2698 858 2722 ,
892 2655 996 2710 nisi
1035 2662 1254 2709 sanctus
1305 2665 1385 2708 εει
1413 2695 1427 2719 ,
1475 2653 1610 2708 rubo
1649 2652 1839 2707 similis
1882 2653 2142 2717 efﬁcitur;

550 2763 706 2819 quem
735 2746 804 2802 de
844 2746 978 2800 rosis
1011 2756 1214 2810 natum,
1246 2759 1501 2814 rosasque
1525 2743 1844 2815 parientem,
1871 2754 1924 2798 et
1953 2744 2147 2813 genitis

550 2839 995 2911 gignentibusque
1023 2837 1246 2893 ﬁoribus
1273 2836 1531 2900 medium,
1590 2837 1953 2906 pungentibus
1997 2851 2146 2893 com-

549 2931 785 3005 paranda
816 2931 1052 3002 peccatis
1089 2930 1374 2984 dumorum
1407 2929 1570 2982 vallat
1599 2927 1886 2996 asperitas.
1919 2927 2071 2984 Vale.

1082 3020 1415 3076 EPISTULA
1458 3019 1600 3074 XIV.

881 3115 1127 3170 Sidonius
1156 3113 1184 3152 ι)
1208 3113 1442 3168 Polemio
1470 3129 1564 3167 suo
1585 3115 1819 3170 salutem.

2247 1923 2344 1990 ris,
2368 1922 2485 1978 sive
2511 1921 2852 1986 obliviscare,
2879 1920 2994 1975 sive
3017 1919 3253 1990 negligas
3281 1920 3509 1989 gratiam
3537 1922 3855 1990 antiquam,-

2244 2016 2392 2086 ju‘xta
2421 2025 2504 2070 est
2530 2013 2804 2070 acerbum.
2836 2011 3070 2068 Proinde
3098 2013 3141 2068 si
3166 2012 3340 2068 futura
3369 2012 3546 2083 magni
3568 2013 3836 2082 pensitas,

2249 2107 2424 2161 scribe
2452 2104 2684 2170 clerico;
2715 2105 2762 2159 si
2789 2102 3074 2175 praesentia
3100 2104 3312 2169 ,scribe
3336 2103 3578 2174 collegaz.
3614 2105 3678 2159 Et
3706 2104 3838 2159 hanc

2249 2197 2301 2253 in
2325 2206 2376 2253 te
2392 2197 2506 2267 ipse
2526 2196 2779 2251 virtutem
2797 2235 2811 2260 ,
2835 2195 2879 2250 si
2911 2195 3170 2250 naturalis
3192 2204 3294 2263 est,
3320 2194 3540 2262 excole;
3569 2194 3616 2252 si
3641 2195 3835 2260 minus,

2248 2299 2309 2347 ut
2337 2289 2614 2346 insititiam
2639 2303 2879 2359 appone;
2910 2303 3014 2359 qua
3039 2289 3255 2345 sodales
3287 2297 3530 2344 vetustos
3566 2305 3836 2360 nunquam

2249 2397 2346 2452 pro
2390 2390 2811 2452 consequentum
2867 2380 3104 2435 novitate
3153 2380 3414 2435 fastidias.
3455 2380 3623 2436 Porro
3660 2391 3835 2438 autem

2248 2474 2500 2530 videbere
2525 2473 2604 2529 sic
2629 2472 2813 2528 amicis
2843 2473 2920 2526 uti
2950 2471 3101 2543 quasi
3129 2472 3347 2528 ﬁoribus
3368 2515 3383 2538 ,
3435 2471 3618 2528 tandiu
3655 2475 3836 2542 gratis,

2248 2566 2420 2622 donec
2445 2565 2771 2622 recentibus.
2798 2564 2948 2620 Vale.

2702 2657 2859 2728 109
2899 2655 3229 2712 EPISTOLA
3271 2655 3385 2711 xv.

2572 2750 2825 2806 Sidonius
2859 2758 2882 2786 ο
2916 2747 3140 2820 Elaphio
3163 2763 3254 2801 suo
3277 2749 3520 2802 salutem.

2326 2841 2553 2911 Epulum
2613 2841 2937 2910 multiplex,
2991 2851 3045 2895 et
3105 2840 3452 2910 capacissima
3513 2840 3837 2898 leCtisternia

2250 2949 2408 3006 para;
2452 2934 2694 3004 plurimis
2724 2934 2860 2998 viis,
2895 2934 3138 3004 pluribus
3185 2935 3356 2988 turbis
3383 2935 3450 2989 ad
3497 2943 3549 2990 te
3599 2936 3837 2999 venitur;

2250 3024 2325 3082 ita
2379 3028 2638 3082 bonorum
2691 3027 3045 3083 contubernio
3093 3027 3277 3082 sedit:
3313 3028 3509 3098 quippe
3557 3038 3838 3099 postquam

2251 3120 2501 3174 omnibus
2533 3129 2745 3189 tempus
2777 3120 2969 3175 lutura:
3013 3118 3369 3175 dedicationis
3411 3121 3678 3175 inclaruit.
3711 3121 3841 3179 Nam

619 3205 680 3262 C.
725 3207 943 3262 Tacitus
985 3221 1017 3261 e
1066 3206 1360 3274 majoribus
1411 3221 1547 3259 unus
1604 3206 1747 3271 tuis,
1797 3206 2143 3276 Ulpianorum
2173 3187 2220 3252 α
2249 3211 2627 3282 baptisterium
2652 3187 2800 3283 quod
2832 3212 2958 3267 olim
3005 3212 3444 3279 fabricabamini,
3471 3213 3707 3268 scribitis
3731 3214 3840 3284 jattt

551 3308 850 3369 temporum
881 3299 1180 3353 consularis
1201 3338 1216 3364 ,
1245 3299 1346 3352 sub
1371 3298 1549 3353 verbis
1582 3299 1879 3368 cujuSpiam
1918 3299 2144 3355 Cerma-

555 3390 663 3445 nici
694 3389 847 3445 ducis
875 3390 927 3444 in
962 3390 1180 3444 historia
1209 3404 1304 3444 sua
1333 3390 1516 3444 retulit
1542 3389 1727 3444 dicens
1761 3409 1772 3443 :
1818 3401 1839 3430 ε
1883 3390 2015 3447 Cum
2045 3393 2146 3448 Ve-

550 3479 801 3551 spasiano
828 3481 958 3535 mihi
1001 3488 1156 3536 vetus
1193 3479 1447 3546 amicitia,
1482 3491 1537 3536 et
1559 3482 1683 3535 dum
1718 3483 1953 3551 privatus
1981 3495 2144 3550 esset,

551 3572 710 3628 amici
741 3573 1084 3628 vocabamur.
1117 3573 1235 3641 Quo
1275 3574 1513 3644 respicit,
1548 3575 1646 3638 ais,
1681 3575 1778 3629 ista
1819 3577 2065 3645 praefari?
2092 3585 2150 3631 ut

556 3666 763 3721 scilicet
783 3665 1117 3732 memineris,
1151 3680 1217 3720 eo
1243 3675 1483 3735 tempore
1509 3681 1615 3735 quo
1643 3682 1928 3736 personam
1976 3670 2149 3739 publi-

551 3771 668 3812 cam
699 3767 903 3826 portas,
927 3757 1112 3827 gratia:
1135 3767 1188 3813 te
1219 3757 1445 3828 privatm
1470 3773 1766 3813 memorem
1790 3775 2006 3832 semper
2027 3776 2148 3817 esse

551 3859 820 3919 oportere.
854 3849 1130 3903 Biennium
1159 3864 1326 3918 prope
1359 3850 1649 3916 clauditur,
1685 3851 1828 3922 quod
1867 3863 1918 3908 te
1967 3855 2150 3922 praefe-

552 3948 694 3996 ctum
712 3941 963 4011 prasterio
979 3941 1293 4010 Galliarum,
1321 3959 1425 3998 non
1448 3959 1585 3999 nova
1614 3953 1791 4000 vestra
1815 3946 2146 4016 dignatione,

551 4037 647 4092 sed
694 4047 878 4094 nostro
925 4039 1116 4094 affectu
1158 4040 1335 4096 adhuc
1377 4052 1560 4098 vetere
1602 4043 1919 4114 gaudemus.
1966 4046 2068 4113 Qui
2103 4047 2148 4103 si

551 4129 909 4187 Romanarum
935 4148 1113 4187 rerum
1139 4135 1343 4191 sineret
1364 4136 1679 4204 adversitas,
1715 4153 1858 4207 aegre
1884 4138 2150 4195 tolerare-

552 4240 671 4280 mus
697 4267 710 4290 ,
753 4226 856 4280 nisi
883 4227 1106 4295 singulae
1135 4242 1380 4296 personae
1407 4270 1421 4295 ,
1455 4244 1562 4282 non
1619 4230 1795 4283 dicam
1824 4232 2143 4299 provinciae,

552 4315 714 4368 Variis
740 4330 834 4383 per
862 4324 914 4368 te
943 4316 1216 4371 beneficiis
1243 4318 1724 4387 ampliﬁcarentur.
1755 4319 1823 4374 Et
1854 4337 1994 4376 nunc
2023 4337 2146 4377 cum

552 4406 607 4460 id
658 4404 799 4475 quod
845 4405 1170 4475 possibilitas
1209 4417 1296 4462 tua
1330 4423 1436 4462 non
1470 4409 1652 4476 habet,
1680 4411 2007 4467 verecundia
2035 4429 2142 4468 non

554 4504 793 4565 petatur:
819 4497 964 4551 dicas
987 4495 1167 4562 velim,
1187 4499 1422 4568 qualiter
1446 4499 1607 4553 fueris
1634 4499 1841 4554 futurus
1871 4504 2144 4558 humanus

2252 3321 2409 3376 posse
2439 3306 2767 3361 consecrari.
2797 3306 2878 3360 Ad
2910 3321 3029 3376 qua:
3072 3306 3206 3360 festa
3237 3320 3332 3361 vos
3381 3307 3526 3369 voti,
3559 3320 3658 3361 nos
3683 3307 3839 3361 mini-

2249 3397 2395 3452 sterii
2421 3437 2436 3463 ,
2471 3397 2631 3453 ofﬁcii
2677 3398 2874 3452 multos
2899 3439 2914 3460 ,
2941 3397 3064 3453 ﬁdei
3089 3406 3230 3454 totos
3250 3413 3410 3453 causa
3442 3397 3719 3454 sollicitat.
3752 3398 3836 3454 Si-

2251 3489 2466 3559 quidem
2510 3504 2597 3545 res
2641 3499 2724 3545 est
2754 3489 2972 3561 grandis
2995 3491 3253 3561 exempli,
3288 3506 3356 3546 eo
3379 3499 3621 3560 tempore
3641 3506 3672 3545 a
3691 3491 3843 3547 vobis

2251 3595 2385 3636 nova
2415 3581 2761 3637 ecclesiarum
2786 3582 3020 3637 culmina
3046 3583 3203 3649 strui,
3230 3597 3334 3653 quo
3349 3584 3437 3638 vix
3460 3581 3682 3638 auderet
3709 3582 3844 3638 alius

2251 3681 2458 3727 vetusta
2488 3672 2709 3727 sarcire.
2741 3673 2892 3741 Quod
2918 3682 3108 3742 restat,
3127 3683 3399 3745 optamus,
3432 3684 3490 3728 ut
3521 3674 3629 3729 Deo
3657 3683 3842 3730 nostro

2253 3779 2347 3834 per
2377 3763 2568 3819 uberes
2595 3779 2765 3820 annos
2791 3806 2804 3831 ,
2837 3765 2974 3822 sicut
3018 3775 3142 3820 vota
3175 3765 3399 3820 redditis
3426 3806 3443 3832 ,
3487 3767 3562 3821 ita
3603 3767 3843 3823 voveatis

2253 3855 2526 3911 reddenda
2558 3873 2572 3910 :
2616 3857 2777 3928 idque
2805 3873 2910 3913 non
2943 3859 3115 3914 solum
3141 3859 3398 3929 religione
3443 3859 3635 3925 celata,
3674 3860 3770 3915 sed
3791 3869 3843 3916 et

2251 3950 2606 4005 ennversione
2692 3951 2976 4007 manifesta
3047 3969 3060 4005 :
3129 3951 3477 4022 mitigatoque
3543 3961 3842 4023 temporum

2253 4051 2416 4109 statu,
2450 4051 2555 4096 tam
2587 4041 2857 4098 desiderio
2905 4058 3024 4097 tneo
3071 4042 3319 4097 Christus
3349 4043 3652 4115 indulgeat,
3685 4059 3843 4114 quam

2253 4134 2654 4199 Hutheuorum;
2698 4144 2756 4189 ut
2782 4135 2999 4205 possitis
3046 4144 3098 4189 et
3131 4151 3228 4205 pro
3261 4137 3364 4189 illis
3408 4136 3603 4190 oﬁ‘errc
3638 4137 3843 4191 sacriﬁ‘

2253 4229 2334 4284 cia
2361 4269 2376 4296 ,
2405 4229 2494 4298 qui
2539 4229 2649 4298 jam
2699 4244 2795 4297 pro
2833 4229 2986 4284 vobis
3019 4228 3221 4284 oﬁertis
3253 4230 3465 4285 altaria.
3501 4230 3576 4286 De
3618 4239 3842 4302 caetero,

2251 4336 2554 4392 quanquam
2586 4332 2639 4376 et
2674 4331 2949 4377 extremus
2979 4333 3270 4378 autumnus
3292 4325 3402 4393 jam
3441 4324 3580 4378 diem
3611 4323 3842 4393 breviat,

2253 4424 2309 4468 et
2336 4417 2597 4468 viatorum
2640 4415 2896 4469 sollicitas
2937 4431 3130 4483 aures,
3171 4417 3311 4472 foliis
3345 4426 3452 4471 toto
3493 4432 3717 4472 nemore
3773 4419 3841 4473 la-

2255 4506 2534 4571 bentibus,
2577 4506 2795 4575 crepulo
2827 4507 3034 4576 fragore
3064 4510 3498 4578 circumstrepit;
3551 4511 3714 4578 inque
3758 4527 3842 4565 ca-

555 4588 608 4643 iu
639 4587 810 4654 factis,
835 4589 925 4659 qui
953 4588 1208 4658 perduras
1234 4605 1429 4645 avarus
1456 4591 1509 4646 itt
1529 4592 1731 4648 verbis.
1764 4592 1896 4647 Nam
1928 4604 2140 4652 tuorum
2178 4570 2233 4632 D
2258 4597 2470 4654 stellum
2495 4570 2560 4652 ad
2588 4570 2728 4667 quod
2756 4570 2969 4663 invita—s,
3005 4611 3062 4656 ut
3095 4613 3216 4672 pote
3241 4570 3450 4673 Alpinis
3478 4570 3699 4672 rupibus
3724 4604 3840 4658 rin-

555 4681 757 4752 peritia:
780 4690 1143 4750 comparatus,
1179 4684 1336 4754 108
1366 4699 1475 4738 non
1504 4684 1675 4739 solum
1706 4684 1994 4742 Cornelios
2022 4704 2145 4742 ora-

555 4780 726 4839 tores,
769 4772 864 4827 sed
891 4772 1156 4828 Ausonios
1187 4789 1398 4845 quoque
1429 4783 1616 4845 poetas
1643 4775 1864 4834 vincere
1887 4787 2059 4849 potes.
2087 4782 2143 4838 Si

638 4948 663 4976 ο
688 4937 988 5012 Utrumque
1018 4939 1155 4994 inter
1185 4940 1348 5010 prisci
1396 4941 1571 4996 cultus
1603 4940 1846 5007 delicias,
1877 4943 1991 5012 lege
2019 4960 2145 5000 cau~

554 5008 907 5086 llltlbLeV‘iliCi
938 5025 1034 5086 xix:
1054 5027 1069 5086 ς
1101 5008 1634 5086 ρύνποίησετεμᾳισόην
1665 5015 1719 5066 ἐκ
1743 5023 1834 5074 τῆς
1864 5008 2024 5086 κὸιᾶης
2053 5029 2145 5082 τῆς

553 5081 764 5158 gaudii;
780 5082 916 5158 ὐμζν.
940 5080 1064 5135 Οὐδέ
1087 5083 1306 5158 saepe?“
1337 5089 1426 5141 τήν
1445 5079 1558 5153 ὄψιν
1581 5091 1670 5158 tot?
1702 5079 1941 5158 πὼςγωνοξ
1973 5079 2134 5158 ὑμῶνξ

553 5149 667 5204 Hac
707 5149 823 5212 est,‘
858 5149 1559 5221 interpre‘te'llieronymo:
1615 5151 1735 5206 Non
1771 5149 1823 5207 i'u
1864 5149 2143 5212 rotundum

552 5221 877 5294 attondebitis
904 5239 1121 5294 contam,
1157 5239 1249 5276 nec
1291 5223 1479 5294 radetis
1507 5224 1715 5276 barbam
1739 5239 1756 5277 :
1776 5227 2132 5294 quemadmo-

553 5291 701 5353 dum,
733 5291 905 5358 inquit
927 5291 1225 5362 Hesychius
1257 5294 1349 5348 lib.
1383 5308 1431 5346 vr
1465 5293 1516 5346 in
1552 5291 1864 5357 Leviticuiu,
1887 5294 1938 5348 lii
1962 5296 2140 5353 facere

553 5373 948 5431 consueverunt
976 5367 1065 5431 qui
1099 5363 1398 5417 barbaticas
1433 5365 1651 5418 student
1676 5380 1880 5420 comas.

624 5430 652 5469 ι)
693 5431 952 5504 Prtefecto
975 5430 1225 5500 praetorio
1255 5433 1567 5499 Galliarum,
1600 5435 1750 5504 cujus
1776 5445 1828 5489 et
1851 5435 2136 5492 Araneola:

553 5518 764 5579 Sponsa:
809 5503 1019 5579 luscrat_
1048 5504 1455 5579 epithalamium
1504 5503 1742 5579 carmine
1788 5507 1876 5579 15,
1914 5509 1975 5579 in
2028 5525 2136 5579 quo

554 5572 790 5641 quidem,
819 5584 978 5640 atque
1006 5574 1057 5628 iu
1086 5572 1312 5641 epistola
1339 5578 1720 5643 nuncupatoria
1743 5621 1756 5643 ,
1804 5577 1871 5631 de
1914 5572 2136 5634 Poleinii

555 5645 796 5700 doctrina
829 5643 1343 5712 pltilosophaudique
1365 5647 1544 5701 studio
1575 5649 1852 5711 permulta.

631 5725 652 5751 ι
680 5714 870 5788 _V_erb_a
918 5725 1047 5788 sunt
1078 5713 1285 5788 Claudii
1311 5715 1488 5788 civilis
1526 5718 1844 5772 Batavortun
1877 5720 2136 5788 principis

555 5785 694 5851 apud
723 5784 965 5843 Tacitum
995 5785 1088 5844 lib.
1121 5801 1149 5842 ν
1179 5785 1552 5858 Historiarum,
1579 5788 1671 5844 sed
1697 5789 1856 5857 paulo
1879 5784 2065 5849 aliter
2106 5808 2136 5846 a

2253 4701 2396 4747 ctum
2418 4731 2432 4756 ,
2486 4691 2586 4745 sub
2620 4691 2893 4748 vicinitate
2924 4694 3155 4749 brumali
3199 4695 3474 4749 difﬁcilius
3498 4695 3836 4759 ascenditur;

2255 4798 2354 4840 nos
2385 4795 2598 4854 tamen,
2629 4785 2742 4840 Deo
2768 4785 2985 4855 praevio,
3021 4802 3114 4856 per
3138 4795 3350 4841 tuorum
3377 4786 3633 4843 montium
3673 4786 3837 4840 latera

2250 4949 2438 5004 Tacito
2474 4959 2731 5020 concepta
2763 4967 2776 5008 :
2822 4950 2959 5020 Erga
2999 4949 3405 5020 Vespasianum,
3445 4946 3658 5017 inquit,
3702 4958 3836 5004 velut

2250 5021 2376 5076 milii
2417 5021 2770 5089 observantia,
2803 5032 2849 5075 et
2893 5039 3006 5076 cum
3045 5022 3272 5090 privatus
3309 5026 3479 5086 esset,
3511 5021 3662 5072 amici
3688 5036 3837 5074 voca-

2253 5093 2455 5147 bamnr.

2320 5159 2344 5198 ά
2387 5161 2584 5217 Fuerat
2626 5163 2766 5216 enim
2820 5160 3105 5232 prazfeetus
3151 5158 3276 5214 Urbi
3326 5157 3526 5225 :cujus
3559 5159 3834 5229 dignitatis

2247 5247 2311 5287 ac
2342 5232 2664 5303 magisrerize
2693 5232 2924 5303 militum
2945 5275 2958 5294 ,
2995 5246 3089 5298 par
3108 5232 3624 5303 eratgpraarogativa
3644 5241 3812 5300 praete

2248 5300 2560 5368 rian:c,'lib.
2587 5318 2600 5355 t
2630 5304 2748 5355 cod.
2785 5302 2990 5355 Theod.
3016 5303 3083 5356 de
3108 5300 3382 5356 Przefectis
3414 5302 3686 5370 praetorio,
3719 5305 3832 5357 sive

2248 5372 2430 5439 Urbis,
2463 5382 2515 5427 et
2543 5373 2808 5439 magistris
2851 5371 3100 5426 militum.

2316 5453 2339 5479 ε
2381 5442 2638 5512 Quidam,
2676 5441 2909 5512 Eriphio.
2945 5441 3180 5512 Rogatus
3208 5443 3273 5496 ab
3305 5441 3531 5511 Elaphio
3557 5442 3829 5510 Sidonius.

2246 5521 2304 5567 ut
2351 5513 2415 5564 ad
2466 5510 2814 5564 dedicandam
2863 5510 3144 5568 ecclesiam
3185 5510 3595 5581 veniret’quam
3645 5512 3736 5566 ille
3779 5515 3827 5565 iu

2241 5581 2473 5651 quodam
2524 5581 2745 5635 castello
2793 5582 3109 5640 Rntheniczo
3153 5585 3404 5639 direct-sis
3454 5592 3828 5646 exstruxetat,

2243 5665 2463 5720 Operam
2496 5654 2724 5719 spondet
2757 5671 2769 5705 :
2799 5655 2917 5721 quia
2965 5657 3215 5710 nimirum
3259 5655 3544 5722 episcopus
3570 5652 3829 5708 Rutbenis

2242 5738 2308 5777 co
2340 5733 2582 5788 tempore
2611 5723 2789 5778 nullus
2823 5736 2972 5789 erat,
2999 5736 3056 5780 ttt
3083 5729 3240 5780 docet
3262 5725 3490 5792 epistola
3521 5725 3577 5790 6,
3610 5724 3703 5779 lib.
3737 5737 3824 5778 vn.

2243 5794 2322 5850 Ad
2353 5792 2633 5861 Elaphium
2667 5803 2748 5851 est
2779 5795 2980 5853 Ruricii
3015 5798 3174 5862 epist.
3200 5799 3253 5862 7,
3279 5797 3368 5852 lib.
3393 5809 3450 5849 ll.
