4078 6348
347 363 468 422 BS!

1611 367 2093 427 EPlSTOLABUM
2133 371 2260 427 LIB.
2301 374 2389 429 IV.

3527 389 3633 447 522

351 477 683 548 confragosa
706 479 1013 544 venientes,
1045 494 1145 535 nec
1170 478 1434 548 subiectas
1470 492 1683 550 cautes,
1715 498 1814 537 nec
1851 499 1940 537 su-
1968 485 2022 544 Α
2049 487 2214 550 mani,
2241 487 2285 539 si
2326 501 2427 556 qua
2454 487 2627 543 adhuc
2671 505 2877 560 uspiam
2919 499 3023 560 est,
3073 495 3297 566 Belgicis
3340 501 3469 556 olim
3519 503 3632 560 sive

352 572 632 642 perjectas
683 572 832 626 nives
879 585 1291 639 expavescemus
1351 590 1365 626 :
1411 574 1654 642 quamvis
1700 566 1947 643 iugorum

352 661 631 733 profunda
673 660 952 716 declivitas
990 678 1180 732 aggere
1225 662 1544 716 cochleatim
1591 663 1760 718 fracto
1805 679 1948 733 saepe

353 755 636 811 redeunda
673 757 831 826 110
859 757 929 809 sit
962 773 973 808 :
1009 757 1127 824 quia
1171 756 1269 820 etsi
1327 757 1467 810 nulla
1519 756 1861 822 solemnitas,
1894 766 1948 810 tu

355 848 496 903 satis
538 848 728 917 dignus
758 863 850 914 es,
881 857 935 901 ut
984 858 1064 902 est
1111 857 1136 885 α
1174 847 1476 902 Tullianum
1516 848 1645 902 illttd
1678 891 1692 915 ,
1730 859 1951 919 propter

352 955 521 1011 quem
555 941 804 1011 Thespia:
833 941 1093 995 visantur.
1126 940 1278 994 Vale.

898 1032 1234 1087 EPISTOLA
1281 1031 1420 1087 XVI.

698 1126 948 1182 Sidonius
976 1122 1004 1161 δ
1038 1124 1250 1178 Ruricio
1271 1141 1362 1178 suo
1385 1122 1621 1178 salutent.

435 1219 638 1287 Accepi
687 1232 785 1286 per
835 1215 1178 1270 Paterninum
1220 1215 1461 1283 paginam
1511 1224 1780 1280 vestram,
1834 1231 1952 1285 quae

355 1310 483 1381 plus
516 1308 692 1363 mellis
723 1323 788 1361 an
820 1306 948 1360 salis
995 1305 1185 1359 habeat
1235 1306 1498 1360 incertum
1552 1317 1650 1361 est.
1683 1307 1946 1362 Caeterum

355 1397 564 1468 eloquii
595 1396 802 1461 capiam
835 1395 972 1449 hanc
998 1395 1234 1464 praefert,
1262 1395 1359 1450 hos
1386 1398 1495 1450 olet
1519 1397 1701 1461 flores,
1730 1408 1786 1451 ut
1814 1397 1949 1452 bene

357 1498 645 1561 appareat,
678 1503 782 1542 non
811 1501 902 1542 vos
925 1487 1209 1542 manifesta
1239 1489 1420 1552 modo,
1445 1503 1632 1551 verum
1655 1489 1813 1543 etiam
1842 1490 1944 1543 fur‘

359 1581 471 1637 tiva
503 1595 717 1650 quoque
747 1580 975 1635 lectione
1000 1578 1281 1649 proficere.
1301 1579 1612 1649 Quanquam
1639 1590 1692 1632 et
1720 1579 1824 1635 hoc
1842 1580 1952 1634 fur-

359 1681 478 1729 tum
522 1673 664 1742 quod
714 1671 1040 1741 deprecaris,
1085 1671 1376 1740 exetnplati
1430 1671 1616 1737 libelli,
1650 1686 1755 1725 non
1794 1671 1948 1726 venia

360 1770 474 1818 tam
524 1762 718 1817 debeat
760 1764 1025 1831 respicere
1053 1778 1209 1831 quam
1260 1763 1448 1832 gloria.
1498 1762 1635 1828 Quid
1688 1772 1743 1816 tu
1804 1764 1947 1817 enim

2056 578 2329 632 Rhenanis
2350 578 2545 634 abolita
2578 583 2754 640 terris.
2790 584 2841 638 in
2885 592 2936 639 te
2964 587 3194 642 resedit:
3224 605 3328 660 quo
3356 593 3438 648 vel
3486 595 3632 649 inco-

2053 665 2205 730 lumi,
2237 666 2319 721 vel
2353 679 2655 745 perorante,
2687 673 2787 727 etsi
2817 675 2956 743 apud
2986 675 3208 734 limitem
3237 680 3407 750 ipsum
3441 683 3633 742 Latina

2049 757 2169 828 jura
2225 761 2565 827 ceciderunt,
2627 765 2786 819 verba
2840 782 2945 821 non
3002 769 3246 826 titubant.
3298 773 3633 846 Quapropter

2054 851 2319 906 alternum
2353 853 2499 908 salve
2525 855 2844 924 rependens,
2874 860 3144 927 granditer
3168 863 3339 929 laetor,
3365 868 3555 923 saltem
3579 870 3632 924 in

2055 943 2249 998 illustri
2276 956 2492 1013 pectore
2541 956 2631 1002 tuo
2658 953 3057 1008 vanescentium
3089 955 3385 1014 litterarum
3414 978 3631 1017 reman-

2055 1036 2190 1091 sisse
2219 1039 2436 1108 vestigia
2485 1053 2500 1091 :
2540 1055 2660 1110 qua:
2701 1041 2745 1096 si
2778 1041 3039 1113 frequenti
3070 1047 3298 1106 lectione
3327 1056 3630 1126 continuas,

2055 1130 2331 1197 experiere
2363 1145 2457 1199 per
2482 1131 2617 1198 dies,
2653 1143 2853 1202 quanto
2883 1139 3213 1194 antecellunt
3239 1143 3425 1200 belluis
3456 1146 3633 1202 homi-

2057 1233 2171 1282 nes,
2216 1229 2362 1275 tanto
2409 1224 2664 1278 anteferri
2707 1226 2920 1280 rusticis
2964 1229 3255 1287 institutos.
3308 1235 3384 1290 De
3425 1240 3631 1309 paginis

2055 1325 2184 1365 sane
2224 1313 2362 1380 quod
2404 1313 2731 1382 spiritalibus
2777 1316 2856 1370 vis
2897 1325 2955 1370 ut
2987 1319 3183 1389 aliquid
3224 1323 3490 1395 interpres
3527 1330 3630 1384 im-

2056 1401 2256 1470 probus
2283 1405 2538 1470 garriam,
2575 1404 2772 1473 justius
2807 1407 2921 1461 haec
2949 1410 3356 1476 postulabuntur
3392 1431 3419 1468 a
3457 1432 3630 1474 sacer.

2056 1490 2268 1546 dotibus
2290 1492 2408 1546 loco
2434 1494 2762 1566 pr0pinquis,
2791 1506 2948 1552 aetate
2974 1499 3296 1570 grandaevis,
3325 1505 3426 1560 fide
3451 1509 3629 1574 claris,

2056 1595 2220 1648 opere
2254 1585 2406 1653 112
2438 1584 2686 1653 vulgatis,
2717 1601 2812 1640 ore
2843 1591 3121 1660 promptis,
3152 1598 3408 1650 memoria
3437 1582 3627 1654 tenaci-

2053 1670 2176 1734 bus,
2217 1673 2362 1727 omni
2401 1673 2633 1744 denique
2669 1679 2984 1733 meritorum
3023 1682 3330 1738 sublimium
3355 1687 3492 1752 dote
3540 1705 3629 1759 pu-

2057 1764 2299 1820 tioribus.
2331 1766 2571 1837 Namque
2602 1779 2657 1824 ut
2683 1771 2972 1828 antistitem
3001 1775 3228 1831 civitatis
3261 1788 3449 1836 vestra:
3472 1784 3628 1838 relin-

359 1851 530 1908 {acias
561 1853 762 1920 absque
792 1853 1007 1917 virtute,
1037 1852 1125 1922 qui
1149 1853 1375 1922 necipsa
1407 1861 1624 1922 peccata
1652 1853 1769 1907 sine
1793 1853 1950 1907 laude
1980 1847 2028 1908 B
2057 1870 2214 1925 quam
2243 1899 2258 1922 ,
2316 1862 2895 1917 consummatissimum
2952 1865 3122 1920 virum
3147 1909 3164 1933 ,
3223 1880 3631 1944 cunctarumque

297 1968 300 1970 ·
362 1943 704 1999 committis?
735 1943 848 2010 Ego
877 1959 1005 1998 vero
1035 1944 1288 2014 quidquid
1309 1944 1616 2014 impositum
1635 1954 1719 1999 est
1756 1945 1958 2004 fraudis

359 2037 494 2091 mihi
526 2045 583 2090 ut
614 2045 737 2105 pote
762 2035 992 2101 absenti,
1025 2036 1194 2090 libens
1232 2035 1409 2102 audio,
1447 2036 1830 2106 principalique
1862 2052 1959 2106 pro

361 2147 590 2191 munere
616 2132 929 2201 amplector,
985 2132 1073 2201 qui
1122 2131 1517 2201 quodammodo
1567 2131 1818 2186 damnum
1871 2134 1954 2186 in-

363 2224 561 2278 demne
593 2216 836 2278 toleravi.
870 2222 1050 2291 Neque
1072 2223 1213 2275 enim
1242 2223 1381 2292 quod
1417 2235 1507 2276 tuo
1552 2225 1780 2278 accessit
1808 2225 1951 2288 usui,

370 2315 605 2370 decessit
651 2315 749 2368 hoc
780 2323 981 2368 nostra:
1021 2314 1372 2384 proprietati;
1416 2324 1506 2368 aut
1535 2315 1598 2368 ad
1627 2316 1953 2371 incrementa

364 2409 608 2463 scientia:
644 2417 837 2462 vestrae
865 2422 958 2476 per
987 2405 1305 2460 detrimenta
1334 2407 1554 2461 venistis
1582 2407 1788 2461 alienae.
1815 2408 1950 2473 Quin

368 2501 548 2572 potius
576 2501 688 2570 ipse
711 2499 833 2569 jure
859 2499 1052 2553 abhinc
1076 2499 1225 2553 uberi
1264 2499 1535 2568 praeconio
1566 2515 1671 2552 non
1701 2499 1909 2554 carebis
1935 2516 1948 2564 ;

370 2593 460 2664 qui
492 2594 658 2663 magis
683 2592 838 2661 igneo
869 2593 1079 2660 ingenio
1111 2599 1356 2644 naturam
1386 2589 1641 2644 decenter
1669 2590 1803 2659 ignis
1835 2589 1954 2643 imi-

367 2693 511 2740 tatus
531 2699 610 2749 es,
636 2683 702 2737 de
723 2696 829 2752 quo
857 2681 903 2735 si
934 2680 1060 2750 quid
1107 2680 1327 2734 demere
1353 2680 1508 2746 velis,
1539 2691 1778 2733 remanet
1811 2689 1951 2733 totus

367 2776 458 2847 qui
502 2774 841 2829 transfertur.
869 2771 1022 2826 Unde
1064 2771 1172 2840 jam
1220 2785 1381 2840 parce
1434 2770 1721 2839 trepidare,
1778 2769 1952 2838 deque

366 2867 610 2924 moribus
637 2864 793 2918 amici
841 2862 1138 2933 plusculum
1166 2871 1314 2915 recto
1335 2875 1489 2915 secus
1518 2860 1755 2915 credere.
1783 2859 1949 2914 Nam-

368 2974 475 3031 que
497 2961 548 3014 in
580 2958 679 3014 hoc
707 2957 844 3011 facto
872 2971 968 3011 nos
991 2955 1160 3025 magis
1211 2955 1403 3008 vulnus
1445 2954 1635 3025 polluit
1662 2953 1852 3024 culpae,
1902 2956 1946 3010 si

369 3049 523 3108 feriat
548 3051 682 3106 ictus
707 3048 939 3106 invidiae.
971 3047 1116 3102 Vale.

799 3147 950 3215 ιιι
983 3143 1320 3200 EPISTULA
1358 3142 1521 3199 xvu.

671 3235 912 3292 Sidonius
944 3245 965 3272 ο
998 3235 1264 3304 Aruogasti
1293 3251 1384 3288 suo
1415 3235 1645 3288 salutem.

444 3330 778 3386 Eminentius
829 3329 1029 3384 amicus
1080 3339 1220 3394 tuus,
1262 3329 1478 3382 domine
1525 3327 1716 3397 major,
1761 3325 1951 3382 obtulit

369 3423 522 3488 mihi,
547 3437 676 3493 quas
707 3422 820 3492 ipse
867 3421 1104 3486 dictasti,
1130 3420 1336 3475 litteras
1369 3418 1654 3484 litteratas,
1687 3427 1741 3474 et
1765 3420 1950 3489 gratiae

368 3515 630 3572 trifariam
684 3513 972 3570 renidentis
1022 3512 1169 3568 cultu
1199 3512 1462 3568 refertas:
1496 3527 1719 3581 quarum
1769 3511 1950 3581 utique

365 3611 623 3667 virtutum
676 3611 870 3664 caritas
922 3610 1093 3676 prima
1123 3616 1225 3674 est,
1259 3621 1378 3675 quae
1409 3617 1460 3660 te
1489 3605 1663 3675 coegit
1691 3605 1743 3659 in
1772 3604 1944 3672 nobis,

367 3702 452 3756 vel
493 3699 809 3770 peregrinis,
838 3698 923 3753 vel
954 3698 1064 3767 jam
1115 3697 1281 3752 latere
1330 3696 1686 3765 cupientibus,
1735 3693 1950 3749 humilia

367 3793 608 3862 dignari:
637 3802 748 3847 tum
774 3789 1120 3859 verecundia,
1145 3790 1297 3858 cujus
1319 3790 1572 3842 instinctu
1603 3788 1727 3842 dum
1758 3788 1948 3843 imme-

369 3888 471 3943 rito
513 3887 766 3956 trepidas,
820 3887 1015 3941 merito
1061 3884 1404 3955 praedicaris;
1459 3885 1611 3938 tertia
1652 3882 1945 3950 urbanitas,

370 3995 473 4052 qua
501 3991 551 4036 te
578 3980 805 4050 ineptire
837 3977 1159 4034 facetissime
1193 3977 1414 4046 allegas,
1454 3987 1506 4032 et
1536 3975 1822 4042 Quirinalis
1851 3976 1949 4030 im-

369 4074 545 4145 pletus
562 4074 710 4128 fonte
732 4072 1010 4138 facundiai,
1035 4080 1190 4141 potor
1213 4069 1447 4124 Mosellae
1463 4067 1700 4124 Tiberim
1731 4077 1943 4124 ructas:

371 4169 450 4224 sic
477 4168 821 4223 barbarorum
854 4165 1149 4232 familiaris,
1197 4164 1338 4234 quod
1371 4173 1545 4216 tamen
1585 4163 1794 4217 nescius
1825 4160 1947 4216 bar-

370 4259 725 4316 barismorum
751 4275 765 4323 ;
794 4273 888 4328 par
906 4257 1128 4311 ducibus
1154 4254 1386 4324 antiquis
1413 4254 1611 4323 lingua,
1647 4269 1942 4322 manuque;

367 4352 462 4409 sed
489 4367 714 4424 quorum
743 4351 962 4404 dextera
1009 4347 1217 4418 solebat
1245 4362 1350 4400 non
1373 4347 1548 4400 minus
1593 4346 1789 4414 Stylum
1835 4356 1946 4400 tra-

366 4453 513 4501 ctare
543 4458 704 4514 quam
730 4440 984 4511 gladium.
1032 4427 1293 4506 Quocirca
1326 4441 1590 4494 sermonis
1612 4455 1804 4510 pompa
1835 4441 1943 4498 Ro-

2062 1948 2315 2004 virtutum
2362 1953 2688 2008 conscientia
2730 1966 2782 2010 et
2827 1957 2961 2012 fama
3001 1958 3150 2027 juxta
3187 1962 3434 2031 beatum,
3472 1967 3634 2023 multc

2061 2042 2412 2108 opportunius
2449 2043 2515 2099 de
2553 2045 2956 2118 quibuscunqtte
2991 2053 3376 2119 quaistionibus
3420 2057 3510 2110 tibi
3557 2057 3634 2112 in-

2061 2139 2407 2202 terrogantur
2449 2137 2631 2204 inclyti
2663 2139 2952 2194 Galliarum
2984 2151 3160 2210 patres
3187 2154 3240 2199 et
3270 2157 3633 2218 protomystae,

2060 2237 2159 2275 nec
2196 2225 2325 2278 satis
2354 2226 2557 2293 positus
2599 2229 2653 2281 in
2687 2229 2976 2300 longinquo
3002 2232 3204 2302 Lupus,
3238 2251 3336 2291 nec
3363 2253 3549 2306 parum
3583 2241 3633 2296 in

2058 2314 2301 2384 proximo
2349 2315 2631 2386 Auspicius
2686 2338 2696 2371 :
2749 2336 2974 2389 quorum
3033 2324 3287 2380 doctrina:
3345 2327 3632 2386 abundanti

2057 2406 2429 2475 eventilandae,
2483 2424 2581 2463 nec
2632 2412 2953 2467 consultatio
3003 2422 3088 2468 tua
3137 2415 3352 2474 sufficit.
3404 2419 3632 2476 Proinde

2056 2500 2194 2568 quod
2230 2511 2392 2570 super
2428 2502 2526 2557 hac
2566 2519 2781 2572 precum
2826 2516 2974 2575 parte
3015 2523 3120 2562 non
3163 2510 3335 2578 parui,
3373 2502 3637 2582 benignus

2054 2592 2291 2658 quidem,
2326 2593 2416 2648 sed
2449 2603 2503 2648 et
2529 2595 2705 2663 justus
2746 2597 2959 2666 ignosce
2994 2616 3006 2649 :
3038 2600 3159 2669 quia
3199 2601 3244 2654 si
3277 2607 3378 2654 Vos
3417 2603 3635 2672 imperi-

2055 2684 2178 2739 tiam
2213 2686 2394 2755 fugere
2420 2701 2512 2756 par
2543 2697 2647 2752 est,
2688 2675 2774 2744 me
2805 2705 3018 2760 quoque
3046 2691 3198 2748 decet
3231 2694 3396 2750 vitare
3430 2695 3631 2764 jactan-

2054 2779 2202 2832 tiam.
2249 2779 2393 2834 Vale.

2563 2873 2890 2930 EPISTOLA
2932 2875 3114 2932 XVIII.

2388 2965 2636 3021 Sidonius
2667 2965 2910 3022 Lucontio
2948 2984 3041 3022 suo
3085 2970 3301 3024 salutem

2121 3059 2460 3116 Oblivisceris
2493 3060 2633 3129 quod
2663 3064 2898 3130 rogaris,
2931 3076 3068 3132 eque
3097 3064 3396 3130 contrario,
3427 3064 3472 3118 si
3503 3065 3625 3134 quid

2053 3153 2326 3223 injungas,
2379 3167 2443 3206 ex
2489 3165 2608 3206 asse
2656 3151 2946 3206 meministi
2993 3163 3259 3222 repetere.
3312 3154 3628 3225 l‘erlongum

2053 3251 2154 3300 est.
2185 3244 2252 3297 de
2283 3242 2390 3297 cito
2421 3242 2595 3296 reditu
2622 3257 2738 3310 qua:
2770 3250 2847 3308 tu,
2882 3243 3063 3312 tuique
3092 3244 3448 3312 promiseritis
3476 3245 3628 3312 mihi,

2051 3334 2291 3404 meisque
2336 3350 2350 3385 :
2404 3347 2628 3402 quorum
2681 3333 2917 3386 omnium
2963 3347 3068 3387 non
3112 3345 3236 3388 sunt
3280 3335 3363 3388 vel
3412 3335 3628 3390 minima

2052 3427 2337 3494 completa.
2367 3423 2502 3491 Quin
2530 3423 2728 3493 potius,
2758 3439 2878 3477 cum
2908 3422 3083 3492 fugam
3123 3439 3152 3478 a
3175 3425 3330 3481 nobis
3361 3427 3630 3480 machina-

2051 3518 2273 3582 remini,
2306 3531 2410 3586 quo
2448 3529 2757 3571 reversuros
2787 3500 2852 3570 ad
2884 3530 3092 3571 sacrum
3124 3516 3320 3584 pascha
3350 3532 3444 3573 vos
3474 3528 3628 3587 puta-

2052 3627 2252 3677 remus,
2283 3611 2442 3666 nulla:
2469 3626 2660 3681 graves
2699 3611 2924 3664 sarcinae
2960 3611 3024 3665 ad
3044 3612 3313 3681 'przedium
3344 3628 3407 3667 ex
3436 3613 3630 3682 Oppido

2057 3703 2253 3769 ductae,
2285 3702 2427 3755 nulla
2459 3715 2693 3765 serraca,
2723 3701 2866 3755 nulla
2898 3702 3081 3757 esseda
3113 3701 3470 3757 subvehendis
3497 3719 3628 3760 one-

2036 3797 2205 3852 'ribus
2244 3793 2664 3848 att'rahebantur.
2699 3793 2874 3862 thue
2901 3794 2966 3848 de
2997 3795 3370 3849 matronalium
3400 3799 3629 3864 partium

2057 3891 2132 3944 nil
2164 3904 2352 3960 querar
2381 3888 2588 3954 fraude,
2616 3901 2746 3955 quas
2777 3900 2895 3940 cum
2933 3885 3193 3954 Gchdilis
3233 3886 3429 3942 tulistis
3456 3889 3628 3958 impe-

2057 3981 2327 4044 dimentis,
2377 3989 2537 4047 tuque
2580 3977 2848 4044 fraterque
2890 3978 3188 4031 communis
3227 3975 3253 4013 ά
3287 3978 3625 4046 Volusianus,

2057 4073 2144 4127 vix
2184 4071 2511 4138 singulorum
2550 4067 2804 4122 clientum
2835 4068 2986 4138 113
3029 4083 3416 4138 puerorumque
3460 4072 3628 4125 comi-

2051 4175 2160 4220 tatu
2205 4159 2581 4217 ambiebamini
2625 4178 2637 4211 :
2681 4174 2774 4228 per
2805 4161 2944 4227 quod
2987 4159 3401 4214 sollicitudinem
3440 4177 3627 4232 prose-

2047 4264 2303 4327 quentum
2334 4267 2466 4307 \‘ana
2508 4265 2628 4305 mox
2658 4249 2966 4304 recurrendi
3013 4264 3108 4318 spe
3145 4249 3438 4316 fefellistis;
3482 4263 3629 4308 certe

2049 4349 2214 4402 frater
2241 4343 2587 4409 Volusianus,
2621 4341 2709 4410 qui
2741 4339 2878 4394 forte
2911 4355 3136 4409 pergens
3165 4341 3217 4394 in
3249 4342 3444 4410 praedia
3473 4342 3630 4412 Bajo-

2050 4443 2283 4506 cassiua,
2340 4444 2610 4505 totamque
2664 4432 3484 4504 provinciam‘Lugduneusem
3546 4450 3630 4491 se-

443 4608 471 4637 ι
510 4598 670 4674 Libro
693 4597 745 4651 iv
760 4596 827 4674 in
858 4594 1081 4674 Verrem
1101 4610 1116 4648 :
1139 4592 1422 4674 Praxiteles
1445 4592 1765 4674 mcupidineni
1795 4601 1949 4674 fecit,
1979 4610 2032 4670 ι)
2058 4603 2194 4674 sium
2226 4595 2474 4674 videlicet
2500 4592 2794 4674 Leucorum
2814 4590 3075 4674 episcopo
3106 4607 3117 4642 :
3148 4590 3628 4674 cujusnuperrinie

370 4670 520 4726 illum
559 4669 642 4738 qui
669 4678 740 4721 est
759 4665 994 4738 Tltespiis
1021 4679 1038 4718 :
1061 4672 1426 4738 propter-quani
1445 4664 1676 4738 Thespiw
1700 4664 1948 4729 visuntur:

373 4740 518 4797 Nam
559 4735 663 4792 alia
700 4736 890 4791 visendi
918 4751 1072 4788 causa
1108 4735 1250 4788 nulla
1273 4743 1366 4788 est.
1410 4735 1550 4789 Idem
1580 4741 1737 4792 tradit
1762 4742 1952 4799 Strabo

369 4812 465 4880 lib.
501 4827 551 4865 lx
578 4826 592 4863 :
619 4810 675 4865 ΛΞ
695 4808 746 4864 δὲ
769 4809 992 4880 Granius
1011 4807 1258 4880 «perspe?
1288 4809 1376 4875 μὲν
1392 4807 1720 4880 ἑγνωρίζοντο
1749 4811 1832 4866 διὰ
1872 4817 1956 4870 τὸν

367 4878 570 4957 Ἐρωτα
605 4881 949 4958 Πραξιτέλους,
974 4875 1024 4958 ea
1055 4875 1368 4958 ζῆλυέζιε-μέν-
1384 4875 1581 4958 ἐέξῖγρς,
1618 4881 1812 4958 ἁγέθηκε
1844 4884 1897 4938 δέ
1926 4889 1955 4944 ἦ

371 4947 550 5033 έτᾶἰρα
581 4947 878 5033 exoluti-10's;
926 4947 1168 5033 ilpo'rspov
1314 4953 1402 5000 νῦν
1431 4947 1672 5033 ’ὀφτξμενοί
1695 4973 1826 5014 τινες
1869 4957 1954 5010 τὸν

368 5015 570 5100 Ἐρώτα
584 5021 843 5100 ἀνέϐαινοχ
858 5021 942 5072 ἐπὶ
955 5015 1042 5075 ἑήν
1062 5015 1370 5099 θ’ἐαγίᾶλλως
1393 5015 1646 5100 ρτξκρῦσαγ
1659 5023 1953 5084 ἀξιοθέατον.

444 5092 666 5160 ξ)(ὶυ]ιιε
711 5102 763 5144 et
808 5089 992 5142 lberia:
1045 5089 1296 5160 conjugis
1322 5086 1720 5160 epithalamium
1760 5097 1953 5148 cecinit

369 5157 607 5219 carmine
635 5163 722 5228 ll,
756 5161 1004 5228 episcopo
1057 5169 1233 5228 postea
1275 5157 1664 5228 Lemovieensi.
1711 5161 1761 5214 is
1807 5167 1947 5218 enim

368 5244 451 5290 est
477 5235 627 5303 cujus
659 5226 1067 5303 paucis‘abhine
1094 5230 1250 5303 annis
1271 5241 1337 5282 ex
1364 5229 1420 5282 S‘.
1464 5226 1596 5281 Galli
1629 5228 1949 5303 biblimhera

370 5307 498 5362 editi
534 5299 794 5357 sunt'duo
822 5299 938 5352 libri
970 5301 1334 5368 epistularum,
1361 5312 1492 5366 quas
1523 5299 1710 5365 partim
1741 5304 1948 5369 episeo-

373 5393 492 5446 pus,
533 5374 896 5446 partim__ante
926 5375 1288 5446 episcopatum
1321 5370 1552 5446 scripsit.
1590 5369 1641 5422 In
1682 5370 1785 5446 illis
1803 5383 1953 5446 _suut

309 5470 316 5516 ξ
372 5439 577 5516 aliquot
615 5440 1014 5516 ad_Sidonium,
1054 5452 1212 5516 atque
1248 5441 1299 5493 in
1309 5439 1414 5516 _h_is
1442 5441 1763 5516 octava,__cui
1799 5441 1952 5497 Sido-

311 5507 318 5563 ζ
373 5507 491 5570 nius
536 5520 636 5570 hoc
676 5512 783 5584 49
820 5513 939 5584 loco
975 5507 1279 5584 respondet.
1309 5509 1493 5564 Eidem
1521 5520 1575 5564 et
1608 5513 1739 5565 alias
1765 5517 1983 5567 scribit-

371 5587 465 5641 lib.
499 5603 528 5639 ν
556 5597 607 5641 et
639 5582 762 5650 vnn,
787 5583 1021 5636 nondum
1054 5582 1323 5650 episcopo.

446 5669 467 5695 ο
500 5659 575 5711 Ex
606 5655 811 5710 Sidonii
861 5653 1041 5706 verbis
1071 5653 1330 5725 docemur
1355 5650 1701 5721 Arbogastem
1749 5655 1946 5725 stylum

373 5729 511 5783 inter
548 5742 694 5779 arma
741 5733 1019 5784 tractasse,
1059 5722 1218 5775 domo
1250 5721 1455 5789 Belgam
1492 5725 1673 5786 fuisse,
1717 5721 1950 5778 habitas-

371 5813 535 5870 gcquc
570 5797 635 5851 ad
667 5795 972 5857 Mosellam,
1001 5809 1106 5845 non
1139 5794 1318 5858 procul
1346 5797 1410 5846 ab
1435 5793 1704 5864 Auspicio,
1736 5795 1950 5850 'l‘ulleu-

661 5893 929 5952 Pnuon.
979 5882 1195 5948 L‘i'lll.

2059 4674 2126 4728 ad
2167 4670 2514 4736 Arbogastem
2562 4661 2702 4736 edita
2749 4662 3092 4736 est,epis_t_ola
3138 4677 3254 4736 quae
3295 4660 3410 4716 lucc
3454 4665 3629 4719 omnia

2059 4731 2356 4797 conﬁrmal.
2407 4736 2570 4787 Docet
2597 4735 2738 4785 enim
2771 4731 2936 4798 Arigii
2969 4731 3131 4784 filium
3164 4732 3347 4793 fuisse,
3382 4736 3628 4790 ϐ’)ιηίιριι)

2059 4814 2438 4868 Treverorum,
2468 4820 2496 4856 e
2523 4803 2686 4874 stirpe
2714 4800 3026 4874 Arbogastis
3054 4801 3270 4874 alterius
3296 4801 3504 4868 Franci,
3540 4808 3647 4874 qui‘

2059 4897 2242 4938 comes
2269 4878 2364 4932 fuit
2393 4873 2747 4942 Valentiniani
2769 4870 3018 4937 junioris.
3062 4871 3328 4926 Barbaros
3354 4888 3482 4941 ergo
3505 4870 3628 4942 qui-

2057 4954 2278 5009 buscum
2326 4945 2658 5005 versabatur,
2710 4941 3337 5014 Fraticos‘interpretor,
3384 4946 3471 5010 qui
3518 4941 3627 5014 jam

2060 5032 2169 5077 tum
2211 5021 2261 5073 in
2291 5015 2496 5083 Belgica
2535 5015 2705 5083 prima
2741 5010 3178 5083 dominabantur;
3221 5010 3630 5083 antistitemvci-

2058 5093 2236 5147 vitatis
2262 5081 2567 5157 episcopum
2597 5082 3003 5157 Treviren_se_m_;
3034 5081 3236 5157 Lupum
3268 5094 3394 5137 vero
3420 5082 3630 5139 Tricas-

2054 5164 2254 5222 sinum,
2282 5151 2344 5211 ad
2376 5151 2532 5223 quem
2565 5167 2668 5206 non
2704 5152 2868 5223 semel
2899 5151 3171 5223 Sidonius.

2125 5233 2151 5270 (ι
2184 5220 2367 5285 Frater
2395 5220 2595 5280 Sidonii
2629 5238 2642 5274 :
2674 5221 2737 5274 ad
2761 5235 2933 5296 quem
2960 5220 3055 5296 l_il_i2
3090 5235 3183 5296 Vl_l_l
3214 5221 3374 5292 epist.
3406 5224 3492 5279 17.

2129 5312 2152 5340 ο
2193 5301 2572 5367 Lugdunenses
2625 5291 2933 5367 provincia
2966 5291 3173 5367 _Sidoni_i
3231 5307 3346 5367 aevo
3387 5305 3630 5367 quatuor

2055 5381 2228 5435 erant,
2262 5361 2588 5435 totidemque
2635 5365 2686 5416 in
2727 5361 2924 5428 Notitia
2967 5362 3177 5435 imperii
3227 5361 3625 5435 describuntur:

2055 5460 2172 5511 quae
2200 5432 2266 5494 ad
2303 5446 2536 5511 nostram
2567 5433 2701 5486 hanc
2731 5440 2947 5511 περιείη·
2970 5434 3220 5511 antiquas
3247 5432 3628 5511 retinentunic-
3688 5459 3697 5507 _;

2059 5501 2314 5579 l'ropoles.
2364 5507 2559 5579 Primae
2600 5514 2759 5579 caput
2804 5501 3162 5579 Lugdunumt
3191 5503 3402 5579 deﬂua
3449 5501 3625 5579 lib,“

2055 5570 2215 5646 cpi-st.
2250 5583 2301 5633 7.
2353 5575 2610 5646 Secunda:
2640 5571 3024 5646 Roth_omagus,
3080 5572 3174 5646 cui
3215 5570 3399 5624 subest
3440 5571 3626 5646 civitas

2060 5639 2417 5707 [laiocassium
2444 5648 2542 5699 hoe
2574 5645 2704 5697 loco.
2756 5639 2948 5696 Tertia:
2978 5641 3198 5705 Turoni,
3239 5655 3356 5708 quae
3386 5639 3627 5692 nomina-

2061 5735 2146 5778 tur
2187 5725 2236 5774 iu
2267 5717 2486 5788 epistola
2519 5713 3102 5788 LeouisBituricensis,
3139 5713 3469 5788 aliorumque
3491 5710 3627 5788 epi-

2060 5778 2380 5855 scoparum,
2437 5787 2516 5840 Ne
2568 5786 2763 5838 clericis
2815 5791 3046 5853 expetant
3093 5778 3359 5832 sa'ru’aria
3399 5779 3626 5852 judicia,

3272 5871 3342 5931 17
