4078 6348
473 394 581 461 625

479 520 702 573 condam
731 522 1128 586 pervagaturus.
1173 509 1627 579 exspectationem
1658 513 1890 560 nostram
1923 521 2043 576 spc—
2075 509 2125 566 Α

481 609 560 662 cie
589 605 846 661 breVior’is
878 603 1080 656 itineris
1110 601 1286 655 elusit.
1321 598 1383 651 Et
1414 611 1550 650 nunc
1582 606 1633 648 ιιι
1665 595 1775 662 ipSe
1805 593 1881 648 sic
1911 593 2048 647 mulo

481 704 549 754 tis
583 708 766 754 contra
803 697 956 750 iidem
990 691 1174 746 diebus
1216 688 1556 752 otiabundus,
1592 687 1667 740 ais
1701 687 1816 751 tihi,
1844 687 1885 739 si
1919 697 2048 754 quas

480 803 663 860 postea
699 789 913 842 luserim
960 795 1130 839 ntetro
1169 799 1351 851 nugas,
1386 782 1518 834 mitti
1557 792 1825 847 oportere.
1862 781 2051 831 Annua

481 883 752 952 injunctis,
787 881 907 949 quia
937 877 1126 947 dignus
1151 891 1209 929 es
1241 883 1296 928 ut
1328 874 1448 926 talia
1481 873 1642 940 legas.
1673 869 1804 923 Nam
1832 883 2050 922 carmen

480 977 652 1043 ipsum
687 970 825 1039 quod
864 984 1002 1022 nunc
1040 982 1071 1022 e
1113 965 1357 1019 manibus
1401 962 1649 1025 elabitur,
1681 969 1784 1014 tam
1829 958 2053 1013 rustica-

480 1079 605 1119 num
655 1072 734 1117 est
785 1070 997 1128 tamque
1045 1057 1376 1126 impolitum.
1430 1063 1486 1106 ut
1515 1068 1599 1105 me
1648 1066 1751 1103 non
1809 1049 1934 1102 illud
1985 1049 2050 1102 ad

484 1155 682 1217 villam,
720 1151 812 1206 sed
846 1151 1019 1220 potius
1052 1164 1082 1202 e
1113 1147 1236 1201 villa
1269 1148 1479 1198 mittere
1510 1150 1682 1210 putes.
1719 1150 1744 1177 ει
1772 1141 2052 1193 Basilicam

479 1244 650 1298 sancti
695 1241 962 1312 pontiﬁcis
1012 1236 1441 1305 confessorisque
1491 1232 1723 1296 Martini,
1769 1230 2055 1298 Perpetuus

480 1337 784 1405 episcopus,
827 1331 1170 1400 dignissimus
1214 1335 1359 1380 tanto
1399 1324 1797 1394 prmdecessorc
1836 1335 2053 1376 sucos-S—

480 1441 593 1490 sor,
641 1425 860 1478 multum
891 1422 1074 1491 priori,
1119 1434 1235 1490 qua:
1273 1419 1367 1471 fuit
1407 1416 1684 1477 hactenus,
1726 1413 2056 1482 capaciorem

481 1517 714 1571 novavit.
753 1515 997 1582 Magnum
1029 1521 1128 1574 est,
1165 1519 1221 1563 ut
1255 1513 1451 1572 lerunt,
1487 1522 1618 1575 opus
1647 1505 2055 1559 nominandum-

479 1623 604 1672 que;
629 1605 772 1675 quod
789 1605 840 1658 in
862 1603 1119 1658 honorem
1146 1601 1263 1654 talis
1285 1599 1378 1654 viri
1402 1600 1619 1661 factum,
1639 1598 1760 1650 talis
1781 1597 1856 1650 vir
1875 1595 2059 1650 iecisse

481 1698 743 1754 debuerit.
779 1695 942 1763 Hujus
972 1708 1054 1748 me
1084 1691 1373 1761 parietibus
1405 1690 1697 1744 inscribere
1727 1688 2058 1758 supradictus

481 1787 734 1842 sacerdos
761 1786 861 1840 hoc
889 1786 1215 1854 epigramma
1242 1781 1531 1850 compellit,
1556 1780 1695 1850 quod
1726 1780 2054 1844 recensebis;

1729 391 1970 449 SIDONH
2011 383 2462 448 ΛΡΟΕῌΝΆΜΞ

2338 501 2551 563 Septima
2571 511 2680 562 qua:
2703 499 2878 549 mundo
2906 495 3094 548 τινι-ἴω·
3111 500 3228 563 mira
3254 499 3360 563 luit.

2275 565 2391 613 Nam
2411 559 2640 623 gemmis,
2665 576 2801 620 auro,
2825 561 3354 624 ararattosi-Splendoit
3382 559 3520 621 illud,

2339 625 2472 673 Istud
2492 625 2844 684 transgreditur
2869 629 3038 680 cuncta
3063 623 3256 674 metalla
3281 623 3394 672 lide.

2276 685 2417 735 Liv0r
2445 687 2518 735 alii
2545 687 2765 742 morda'x,
2799 685 3203 746 absolvanturque
3223 686 3422 746 priores,

2339 749 2418 797 Nil.
2436 757 2599 806 novet,
2638 754 2718 794 aut
2741 746 2879 795 addat
2901 747 3092 807 garrula
3117 747 3392 807 posteritas.

2275 811 2496 876 Du_mque
2519 812 2649 876 venit
2670 807 2904 876 Christus,
2929 806 3130 876 pOpulos
3151 809 3232 876 qui
3255 809 3459 876 suscitet
3482 820 3666 869 omnes,

2340 871 2586 932 Perpetuo
2605 869 2786 918 durent
2810 869 3016 918 culmina
3042 869 3293 931 Perpetui.

2224 972 2553 1038 Obtulimus,
2602 981 2660 1026 ut
2707 972 2910 1035 cernis,
2971 970 3111 1042 quod
3160 971 3442 1026 cantilena:
3498 973 3725 1028 recentis

2155 1063 2365 1118 obviam
2408 1063 2584 1117 manui
2633 1063 2759 1125 fuit;
2805 1061 2897 1116 sed
2949 1078 3047 1121 nec
3087 1063 3187 1130 hoc
3231 1063 3429 1130 minus,
3469 1065 3516 1118 si
3558 1081 3726 1120 moras

2157 1154 2347 1222 nectis,
2380 1164 2524 1208 astra
2561 1153 2880 1222 quatiemus,
2911 1154 3152 1208 versibus
3181 1169 3395 1222 quoque
3443 1157 3724 1231 satirogra-

2158 1247 2297 1318 phis,
2330 1245 2373 1299 si
2401 1260 2485 1299 res
2516 1243 2772 1314 exegerit,
2804 1243 2950 1298 usuri
2982 1260 2994 1296 :
3025 1259 3159 1314 quos
3188 1245 3309 1298 huic
3340 1245 3564 1300 carmini
3599 1246 3729 1300 leni-

2159 1346 2264 1392 tate
2311 1335 2668 1405 adzequandos
2716 1335 2847 1388 falso
2889 1333 3134 1415 putabis.
3163 1333 3403 1404 Namque
3441 1334 3726 1401 efficacius,

2158 1429 2343 1495 citius,
2397 1427 2675 1482 ardentius
2721 1436 2908 1481 natura
2955 1425 3260 1480 mortalium
3310 1426 3490 1496 culpat
3537 1427 3728 1498 aliqua,

2158 1535 2316 1592 quam
2348 1519 2547 1574 laudet.
2583 1517 2733 1572 Vale.

2597 1608 2749 1680 115
2791 1605 3118 1662 EPlSTULA
3158 1606 3296 1662 XIX.

2469 1700 2714 1754 Sidonius
2744 1697 3046 1753 Florentino
3071 1716 3163 1753 suo
3190 1699 3403 1753 salutem

2234 1792 2299 1846 Et
2324 1805 2499 1846 moras
2526 1801 2754 1856 nostras,
2780 1801 2834 1846 et
2858 1789 3131 1846 silentium
3160 1805 3379 1846 accusas
3408 1809 3421 1844 :
3453 1799 3733 1863 utrumque

479 1889 539 1934 ut
568 1887 648 1933 est
683 1881 735 1930 itt
766 1876 847 1929 his
876 1887 1205 1944 qumcunque
1235 1872 1476 1942 deposcit
1513 1871 1792 1940 privilegio
1823 1869 2052 1924 caritatis

2164 1884 2436 1956 purgabile
2488 1892 2606 1949 est;
2660 1899 2887 1954 namque
2937 1895 2993 1940 et
3041 1886 3284 1940 venimus
3333 1894 3386 1942 et
3436 1885 3732 1941 scribimus.

479 1967 968 2038 imperiosissimus.
996 1967 1167 2035 Atque
1197 1965 1398 2018 utinam
1431 1964 1584 2017 molis
1617 1962 1753 2016 illius
1787 1976 2054 2031 pompam,

479 2061 594 2117 sive
636 2060 896 2125 donaria,
957 2059 1029 2113 nil
1078 2058 1233 2127 hujus
1292 2056 1531 2125 obsequii
1589 2065 1765 2124 turpet
1816 2055 2054 2109 oblatio:

478 2151 619 2222 quod
652 2164 808 2205 secus
846 2150 960 2204 fore
994 2149 1278 2219 plurimum
1313 2148 1494 2203 timeo.
1531 2145 1639 2202 Nisi
1673 2146 1893 2200 forsitan
1921 2147 2059 2202 inter

477 2243 656 2298 omnia
696 2251 915 2297 venusta
957 2242 1034 2296 sic
1071 2241 1470 2310 epigrammatis
1513 2241 1665 2294 istius
1709 2239 1920 2295 fteditas
1948 2239 2059 2310 pla-

477 2345 594 2389 ceat
622 2377 636 2402 ,
705 2341 762 2388 ut
805 2334 961 2403 niger
1008 2345 1192 2388 naevus
1241 2331 1470 2387 candido
1519 2332 1575 2386 in
1622 2347 1848 2402 corpore
1894 2349 1908 2385 :
1969 2332 2058 2400 qui

475 2428 691 2498 quidem
723 2426 858 2480 solet
894 2426 971 2479 sic
1001 2425 1173 2480 lacere
1199 2428 1384 2492 risum,
1417 2425 1557 2494 quod
1587 2425 1834 2493 accipere
1861 2423 2056 2479 suifra-

475 2517 644 2586 gium.
693 2515 798 2572 Sed
843 2515 966 2585 quid
1012 2515 1134 2570 hinc
1183 2517 1450 2585 amplius?
1515 2531 1653 2585 pone
1698 2516 1900 2570 llstulas
1945 2516 2059 2585 ipse

477 2608 762 2678 pastorias,
809 2616 864 2663 et
911 2607 1098 2678 elegiae
1143 2619 1370 2676 nostrae,
1419 2609 1542 2679 quia
1592 2607 1725 2678 pede
1772 2609 2054 2676 claudicat,

475 2715 696 2756 manum
743 2701 975 2771 porrige.

606 2815 762 2934 ιξᾰ
789 2824 978 2874 Martini
1003 2837 1196 2885 corpus,
1235 2824 1346 2874 totis
1369 2821 1654 2876 venerabile
1678 2824 1846 2884 terris,

685 2899 715 2934 n
738 2899 832 2934 ouo
854 2894 959 2934 oost
983 2886 1091 2934 vitas
1116 2894 1335 2934 tempora
1360 2886 1476 2933 vivit
1504 2884 1682 2934 honor.

685 2884 715 2934 it
732 2884 959 2947 quopost
983 2886 1091 2935 vitae
1116 2894 1335 2947 tempora
1360 2886 1476 2933 vivit
1500 2884 1682 2947 honor,

597 2945 815 2996 Texerat
840 2945 918 2998 hic
943 2949 1148 3008 primum
1174 2945 1611 3008 plebeiomachina
1633 2945 1784 3007 cultu,

665 3009 784 3066 Quae
814 3007 1075 3058 confessori
1100 3007 1194 3056 non
1222 3017 1324 3056 erat
1345 3022 1482 3069 aequa
1500 3021 1589 3056 suo
1613 3023 1623 3057 :

597 3069 701 3119 Nec.
723 3071 991 3118 desistebat
1015 3072 1147 3118 cives
1165 3081 1373 3118 onerare
1403 3069 1586 3131 pudore

663 3131 825 3180 Gloria
847 3144 1017 3193 magna
1041 3134 1148 3191 viri,
1171 3131 1324 3192 gratia
1345 3143 1492 3229 parva
1513 3131 1622 3180 loci.

663 3193 810 3229 dicth
833 3194 919 3229 Rﬂt‘l
946 3195 1023 3229 nni
1048 3201 1327 3229 nnnmrnlnr
1406 3202 1580 3229 apvt":
1602 3204 1622 3229 Ω

594 3191 811 3256 Antistes
832 3194 920 3256 sed
933 3191 1025 3252 qui
1047 3201 1330 3256 numeratur
1350 3191 1378 3229 ι)
1405 3202 1580 3256 sextus
1601 3192 1662 3241 ab
1680 3193 1802 3256 ipso,

660 3253 873 3313 Longam
892 3254 1167 3314 Perpetuus
1182 3253 1376 3303 sustulit
1396 3255 1620 3302 Invidiam
1646 3269 1657 3303 :

596 3313 846 3378 [utentum
872 3313 1128 3378 romerens
1151 3315 1322 3364 modici
1347 3315 1597 3378 penetrale
1623 3314 1810 3378 sacelli,

659 3375 922 3436 Amplaque
944 3383 1072 3425 tecta
1095 3376 1260 3423 levans
1284 3378 1534 3436 exteriore
1555 3376 1714 3425 domo.

595 3436 966 3500 Creveruntquc
989 3437 1151 3500 simul,
1178 3436 1333 3500 valido
1357 3437 1608 3486 tribuente
1629 3445 1845 3500 patrono,

659 3500 682 3529 ο
710 3498 762 3545 ln
785 3500 953 3558 spatiis
974 3498 1125 3558 aedes,
1151 3498 1366 3550 conditor
1391 3498 1650 3550 inmeritis
1671 3513 1682 3547 :

598 3562 717 3620 Quae
739 3558 1070 3608 Salamoniaco
1095 3560 1222 3621 potis
1246 3568 1321 3608 est
1345 3559 1613 3622 conﬂigere
1639 3558 1840 3623 templo,

473 3710 540 3764 ad
571 3711 830 3780 episcopos
876 3706 1150 3780 prouincia;
1189 3703 1390 3780 Tertia.
1439 3705 1528 3761 Sic
1555 3707 1792 3780 enim_ex
1818 3702 2050 3780 antiquis

471 3775 884 3848 saeuiplaribus
917 3776 988 3831 ibi
1032 3775 1326 3848 legendum
1368 3785 1488 3848 est;
1541 3791 1645 3834 non
1689 3776 1952 3848 Thraciae,
1993 3784 2052 3834 ut

471 3846 642 3918 vulgo
661 3850 850 3916 legitur
871 3849 1012 3902 inter
1036 3846 1292 3916 epistolas
1309 3846 1501 3902 Leonis
1528 3863 1698 3918 papae,
1723 3846 1913 3918 quibus
1940 3847 2051 3902 haec

471 3915 658 3989 parum
690 3915 843 3973 caute
884 3918 1080 3971 inserta
1128 3925 1230 3989 est,
1263 3931 1380 3989 cum
1413 3915 1545 3989 ejus'
1569 3915 1673 3973 non
1713 3919 1800 3972 sit.
1835 3915 2049 3989 Quarta:

471 3987 788 4057 inetropolis
810 3989 1072 4052 Senones,
1100 3987 1238 4041 unde
1259 3987 1492 4043 Senonia
1518 3989 1814 4058 appellatur
1835 3987 1930 4042 lib.
1953 4005 2046 4054 vn,

470 4063 628 4130 epist.
654 4063 707 4126 5,
731 4070 784 4114 et
807 4062 860 4114 in
881 4059 1071 4113 Notitia
1099 4059 1165 4114 de
1183 4059 1376 4113 Tractu
1399 4061 1765 4130 Armoricano.
1786 4059 2052 4130 Cancrum

472 4129 853 4201 Lugdunenses
902 4129 1207 4201 provinciae,
1240 4144 1360 4184 cum
1401 4133 1629 4201 primum
1674 4129 1834 4184 dividi
1877 4145 2056 4201 coepe-

472 4199 616 4266 runt,
646 4203 762 4253 dure
792 4207 993 4252 tantum
1021 4199 1168 4254 fuere
1193 4217 1205 4251 :
1236 4209 1354 4267 post
1381 4199 1607 4266 quatuor
1635 4201 1805 4262 laetae,
1833 4215 1862 4253 a
1885 4200 2056 4254 Theo-

473 4271 651 4336 dosio,
679 4280 736 4322 ut
777 4268 1022 4334 coniicio.
1078 4269 1206 4321 Nam
1255 4285 1282 4321 a
1317 4270 1470 4322 Rulio
1501 4269 1660 4323 Festo
1701 4269 1820 4322 dure
1854 4281 2055 4324 tantum

471 4346 847 4403 numerantur,
879 4353 979 4390 nec
1005 4338 1186 4406 plures
1214 4340 1280 4390 ab
1303 4340 1586 4391 Ammiano
1607 4340 1936 4403 Marcellino,
1963 4342 2058 4407 qui

474 4408 716 4464 Turones
743 4409 792 4460 in
823 4409 1054 4460 secu;.da
1086 4407 1426 4472 Lugdunensi
1455 4410 1702 4471 collocnt,
1729 4410 1969 4462 Senones
1998 4411 2051 4462 in

475 4478 646 4547 prima
679 4475 794 4555 :°ut.
811 4477 940 4528 satis
972 4488 1220 4543 appareat
1249 4477 1459 4531 tertiam
1499 4493 1562 4531 ex
1606 4477 1862 4541 secunda,
1895 4493 2053 4546 quar-

477 4557 585 4602 tam
621 4563 683 4598 ex
721 4562 884 4612 prima
915 4556 1090 4598 natam
1123 4559 1260 4599 esse.

2083 3229 2132 3299 ε

2159 1975 2312 2032 Vale.

2709 2065 3037 2124 EPISTULA
3080 2067 3195 2123 XX.

2505 2160 2755 2215 Sidonius
2787 2157 3012 2214 Domitio
3042 2176 3133 2214 suo
3161 2159 3394 2218 salutem.

2240 2261 2320 2316 Tu
2363 2262 2446 2316 cui
2487 2261 2792 2341 frequenter
2829 2276 2975 2316 arma
3012 2271 3066 2317 et
3104 2271 3364 2318 armatum
3415 2271 3468 2322 et
3509 2272 3736 2317 armatos

2159 2353 2423 2421 inspicere
2455 2352 2746 2422 jucundum
2790 2363 2900 2418 est;
2933 2368 3091 2424 quam
3135 2355 3460 2422 voluptatem
3493 2363 3735 2426 putamus

2159 2459 2341 2504 mente
2371 2452 2699 2519 conciperes,
2735 2452 2776 2504 si
2801 2447 2823 2486 ἀ
2855 2451 3198 2521 Sigismerem
3229 2452 3434 2522 regium
3459 2456 3731 2522 juvenem,

2160 2541 2264 2596 ritu
2290 2552 2450 2612 atque
2476 2543 2621 2598 cultu
2647 2541 2910 2612 gentilitio
2935 2554 3204 2609 ornatum,
3231 2553 3287 2597 ut
3314 2551 3436 2612 pote
3458 2559 3734 2615 sponsum,

2158 2650 2252 2690 seu
2291 2636 2593 2704 petitorem,
2627 2635 2933 2705 primarium
2973 2635 3148 2691 soceri
3188 2643 3442 2706 expetere
3474 2635 3735 2692 vidisses?

2156 2728 2305 2786 Illum
2369 2743 2537 2798 equus
2605 2728 2820 2798 quidem
2867 2727 3098 2797 phaleris
3153 2737 3431 2798 comptus,
3483 2729 3590 2784 imo
3618 2726 3735 2798 equi

2157 2817 2482 2879 radiantibus
2518 2818 2748 2888 gemmis
2788 2818 2963 2872 onusti
3001 2819 3418 2886 antecedebant,
3450 2820 3538 2874 vel
3577 2819 3734 2874 etiam

2156 2907 2616 2978 subsequebantur
2647 2927 2658 2962 :
2692 2923 2812 2964 cum
2845 2919 3024 2970 tamen
3050 2908 3150 2963 hoc
3182 2909 3348 2980 magis
3378 2909 3451 2964 ibi
3481 2909 3731 2964 decorum

2157 2998 2602 3067 conspiciebatur,
2637 3001 2778 3070 quod
2809 2999 3226 3070 praecursoribus
3263 3000 3394 3068 suis,
3423 2999 3536 3060 sive
3563 2999 3736 3070 pedis-

2154 3091 2334 3159 sequis
2363 3130 2376 3154 ,
2427 3090 2589 3158 pedes
2629 3101 2684 3146 et
2731 3090 2845 3160 ipse
2896 3089 3105 3147 medius
3154 3091 3432 3163 incessith
3461 3090 3736 3145 ﬂammeus

2159 3197 2340 3248 cocco,
2370 3183 2565 3236 rutilus
2594 3197 2744 3248 auro,
2781 3182 2986 3238 lacteus
3016 3184 3211 3247 serico,
3243 3191 3352 3236 tum
3376 3182 3540 3238 cultui
3570 3188 3736 3248 tanto,

2162 3290 2338 3342 coma,
2390 3274 2607 3340 rubore,
2659 3284 2781 3330 cute
2829 3275 3102 3330 concolor.
3169 3275 3490 3346 Regulorum
3538 3285 3735 3340 autem,

2162 3367 2542 3436 sociorumque
2566 3366 2913 3422 comitantum
2939 3366 3105 3424 forma
3133 3375 3187 3423 et
3214 3369 3263 3422 in
3293 3383 3420 3439 pace
3444 3366 3694 3424 terribilis
3719 3385 3734 3442 ς

2162 3475 2386 3530 quorum
2437 3458 2600 3537 pedes
2650 3460 2806 3530 primi
2855 3475 3055 3531 perone
3100 3469 3278 3516 setoso
3324 3461 3461 3516 talos
3502 3461 3736 3534 adusque

2167 3549 2562 3614 vinciebantur;
2597 3565 2800 3619 genua,
2834 3565 3019 3619 crura,
3047 3566 3292 3622 sumque
3332 3551 3447 3607 sine
3487 3551 3731 3622 tegmine.

2158 3701 2196 3757 ii
2220 3702 2422 3757 scilicet
2442 3718 2573 3772 quos
2597 3719 2752 3771 super
2773 3704 2957 3758 ostium
2977 3721 3008 3757 a
3123 3714 3170 3759 te
3189 3706 3473 3760 meridiana
3498 3705 3737 3774 adiectos

2159 3783 2345 3830 postea
2397 3774 2557 3828 luisse
2610 3782 2798 3829 auctor
2852 3783 2936 3830 est
2995 3720 3136 3830 hirti:
3192 3775 3482 3830 Gronorius
3537 3777 3632 3830 lib.
3680 3791 3734 3830 ν.

2159 3783 2365 3899 ἕξειθῶ
2397 3774 2557 3828 luisse
2610 3782 2798 3829 auctor
2852 3783 2936 3831 est
2995 3774 3136 3831 idem
3192 3775 3482 3847 Gregorius
3537 3777 3632 3833 lib.
3680 3791 3734 3847 ν,

2157 3859 2273 3902 can.
2300 3859 2386 3899 δι.

2221 3857 2487 3970 ιιζ’δῖἒξάιιιη
2519 3930 2545 3966 a
2572 3915 2795 3968 Martino
2818 3913 3136 3984 Perpetuum
3162 3915 3315 3983 dixit,
3339 3916 3458 3986 quia
3482 3916 3736 3974 Justinia;

2155 4001 2304 4046 num,
2328 3986 2604 4054 opinor,et
2628 3987 2955 4040 Armentinm
2979 3995 3224 4040 numerat
3249 3987 3334 4056 qui
3359 3987 3563 4042 Briccio
3586 3990 3738 4054 pulso

2157 4058 2337 4112 sedem
2369 4060 2485 4125 ejus
2515 4066 2824 4122 tenuerunt;
2855 4072 2990 4122 quos
3017 4057 3068 4110 in
3097 4060 3466 4127 episcoporum
3495 4059 3732 4116 indiculo

2161 4127 2398 4198 praeterit
2424 4127 2712 4193 Gregorius
2741 4144 2753 4180 :
2787 4127 3010 4196 proinde
3033 4139 3278 4198 quartum
3308 4128 3414 4182 illic
3445 4144 3476 4184 a
3505 4129 3734 4186 Μαι·ιίιιο

2161 4197 2342 4250 statuit
2362 4196 2706 4263 Perpetuum.
2736 4199 2803 4252 At
2831 4198 2921 4252 lib.
2966 4213 3000 4251 ιι
3037 4196 3196 4252 alium
3228 4198 3490 4254 calculum
3521 4211 3736 4255 secutus

2161 4267 2403 4334 quintum
2433 4265 2576 4318 facit.

2237 4345 2261 4409 ε
2287 4335 2434 4387 Hanc
2461 4350 2604 4409 stripe
2631 4350 2860 4409 causam
2893 4336 3182 4409 ascribunt,
3215 4341 3304 4409 qui
3345 4339 3574 4409 antiquis
3609 4339 3737 4395 tedi-

2160 4403 2291 4457 ﬁciis
2321 4419 2457 4458 nova
2477 4406 2800 4480 substituunt
2826 4422 2838 4459 :
2864 4407 3004 4480 quod
3032 4403 3218 4480 videre
3234 4403 3321 4465 est
3345 4403 3734 4480 inicl'tristianis

2156 4478 2514 4548 menumentis
2541 4479 2876 4548 antiquarum
2921 4475 3346 4548 inscriptionum.
3378 4479 3526 4533 Nolse
3553 4475 3730 4536 autem

2155 4543 2206 4598 in
2237 4544 2622 4618 suburbanas.
2642 4543 2833 4600 Felicis
2874 4543 3102 4618 ecclesia
3141 4565 3300 4618 quam
3332 4550 3583 4605 Paulinus
3625 4552 3736 4618 epi-

545 4627 572 4654 ιι
602 4617 677 4670 De
708 4616 806 4688 hac
846 4614 900 4669 S.
932 4616 1137 4669 Martini
1175 4616 1390 4688 basilica
1431 4631 1588 4685 quam
1622 4617 1916 4686 Perpetuus
1944 4618 2050 4672 Tu-
2075 4619 2130 4680 Ι)
2155 4627 2346 4688 scopas
2370 4615 2633 4688 condidit,
2656 4624 2862 4688 restant
2877 4615 3141 4688 hodieque
3160 4614 3346 4675 versus
3372 4636 3503 4687 quos
3529 4614 3734 4676 Paulini

473 4701 665 4743 renum
721 4685 1002 4758 episcOpus
1083 4686 1348 4758 condidit,
1421 4685 1863 4758 remotaivetere
1921 4704 2047 4758 par-

473 4759 617 4820 vula,
641 4771 823 4827 quam
857 4757 1091 4827 Briccius
1141 4756 1462 4827 aediﬁcarat,
1494 4757 1602 4827 agit
1631 4756 2052 4826 Gregoritts’Tu-

473 4840 591 4897 ron.
620 4826 710 4880 lib.
738 4842 790 4890 Il,
817 4840 934 4897 cap.
957 4825 1044 4897 id.
1067 4835 1120 4880 et
1151 4826 1241 4880 lib.
1269 4843 1301 4880 ι
1328 4829 1379 4882 ἱιι
1407 4825 1630 4884 elencho
1651 4825 2045 4897 episcOporum.

473 4896 601 4966 Ejus
656 4896 945 4968 parietibus
985 4895 1232 4968 Perpetui
1286 4909 1471 4968 rogatu
1522 4895 2044 4956 varia’diversorum

472 4979 746 5039 poetarum
790 4966 1038 5039 inscripta
1070 4966 1281 5021 fuerunt
1309 4966 1689 5039 epigrammata
1726 4988 1738 5022 :
1769 4987 1887 5038 quin
1918 4973 2045 5027 olim

473 5036 718 5109 collecta,
755 5051 894 5109 nunc
922 5036 1084 5109 etiam;
1115 5039 1165 5091 in
1197 5036 1463 5109 plerisque
1488 5040 1705 5108 Sulpicii
1737 5036 1919 5095 severi
1950 5060 2044 5097 co-

473 5106 678 5160 dicibus
715 5105 779 5160 ad
811 5107 943 5179 Vitae
972 5107 1256 5179 S.Martini
1293 5105 1490 5164 calcem
1536 5105 1739 5178 adjecta
1771 5115 2047 5179 reperiun-

475 5185 564 5248 tur
590 5193 602 5228 :
628 5186 794 5248 atque
819 5178 956 5231 inter
995 5177 1096 5230 alia
1124 5177 1471 5234 Sidoniauum
1506 5177 1625 5247 hoc,
1656 5181 1796 5248 quod
1828 5177 2045 5238 nobilis-

471 5245 609 5319 simo
647 5246 878 5319 basilicae
903 5249 1038 5319 loco,
1071 5248 1120 5300 il
1161 5258 1242 5301 est
1273 5251 1321 5319 in
1353 5249 1554 5314 abside,
1581 5245 1805 5306 incisum
1837 5261 2044 5319 notant,

473 5314 524 5385 in
554 5331 710 5383 quam
740 5315 794 5369 S.
817 5317 1024 5370 Martini
1051 5332 1242 5385 corpus
1269 5318 1441 5373 fuerat
1472 5321 1781 5377 translatum
1810 5339 1822 5374 :
1852 5314 2045 5377 deinde

471 5384 701 5456 alterum
751 5385 953 5440 Paulini
1001 5384 1310 5453 Petrdcorii,
1354 5405 1509 5456 supra
1554 5393 1735 5446 ostium
1768 5393 2044 5446 basilicwa

471 5463 616 5524 parte
642 5454 835 5524 Ligeris
867 5471 884 5508 :
915 5458 1054 5525 quod
1083 5459 1322 5514 versibus
1351 5454 1561 5514 constat
1588 5461 1677 5528 25,
1731 5462 1830 5518 hoc
1861 5464 2040 5518 modo.

595 5533 813 5598 Quisque
830 5531 932 5583 solo
951 5534 1146 5586 adclinis
1171 5539 1385 5589 mersisti
1415 5540 1465 5587 in
1491 5539 1696 5601 pulvere
1715 5541 1917 5604 vultum,

472 5614 580 5688 50
603 5626 657 5673 et
685 5619 772 5688 qui
802 5629 1116 5688 sequuntur.
1169 5621 1306 5676 Editi
1338 5623 1478 5676 enim
1510 5635 1633 5679 sunt
1666 5627 1765 5680 sub
1796 5627 1953 5685 linem
1985 5628 2049 5682 li-

470 5687 772 5767 ὕιοαςιιιῃςνι
800 5688 866 5767 de
883 5687 1011 5745 ’Vita
1034 5691 1261 5767 Martini,
1284 5697 1378 5747 sed
1405 5695 1522 5767 sine
1549 5696 1700 5767 titulo
1723 5715 1734 5749 :
1761 5695 1829 5752 de
1856 5697 2047 5767 quibus

471 5763 526 5836 et
553 5755 808 5836 Paulinus
852 5761 985 5836 ipse
1010 5755 1294 5836 scribitjn
1315 5764 1565 5836 epistola
1608 5765 1675 5820 ad
1703 5755 2046 5836 Perpetuum.

470 5819 610 5880 Sunt
643 5819 902 5895 praterea
952 5831 1150 5887 ibidem
1178 5819 1388 5888 Martini
1416 5819 1716 5892 Dutnieniis
1755 5819 2040 5892 tia-sitatis

2154 4685 2329 4768 ipsius
2356 4698 2474 4768 esse
2507 4686 2741 4768 plerique
2776 4686 3033 4768 judicant,
3057 4685 3317 4746 renovata
3350 4685 3418 4745 ab
3455 4705 3539 4756 eo,
3569 4700 3625 4744 ut
3653 4701 3735 4747 est

2153 4754 2209 4810 in
2237 4753 2407 4809 Natali
2436 4771 2488 4824 κ,
2520 4753 2739 4812 basilica
2770 4753 3114 4830 compositos.

2284 4868 2601 4935 Parvuserat
2621 4869 2760 4921 locus
2781 4880 2916 4932 ante,
2941 4875 3095 4922 sacris
3111 4879 3342 4935 angustus
3359 4873 3582 4932 agendis,

2343 4929 2755 4996 Supplicibusque
2778 4929 2967 4994 negans
2988 4929 3201 4996 pandere
3230 4945 3376 4996 posse
3390 4929 3589 4985 manus.

2274 4989 2424 5055 Nunc;
2438 4989 2614 5055 pepulo
2635 4989 3020 5055 spatiosa’sacri's
3043 4995 3211 5043 altaria
3233 4989 3432 5055 "praebet

2339 5051 2535 5118 omnis,
2559 5051 2705 5105 med-ii
2730 5058 2948 5118 martyris
2967 5059 3012 5104 in
3036 5055 3235 5117 gremio.

2279 5112 2461 5182 Cuncta
2484 5112 2590 5165 D'eo
2615 5112 3073 5182 renovata'placeni,
3096 5125 3240 5182 novat
3260 5117 3420 5182 omnia
3437 5119 3639 5182 semper

2345 5173 2580 5240 Christus,
2616 5184 2666 5227 et
2687 5181 2734 5240 in
2757 5173 2998 5240 cumulum
3024 5173 3218 5240 luminis
3246 5176 3501 5240 ampliﬁcat

2277 5236 2429 5300 Sigei
2454 5239 2618 5300 dilecti
2641 5239 2814 5287 solium
2828 5237 3015 5300 Felicis
3038 5237 3301 5300 honoratis,

2333 5297 2397 5347 Et
2415 5299 2676 5360 splendore
2700 5299 2841 5348 simul
2865 5299 3062 5359 protulit
3083 5308 3135 5348 et
3151 5297 3320 5362 spatio.

2223 5419 2597 5494 ‘lGothumoe,
2638 5421 2934 5494 Francum,
2991 5437 3058 5478 an
3103 5423 3532 5492 Burgundionem
3557 5469 3572 5494 ,
3622 5441 3732 5488 non

2153 5491 2285 5545 satis
2303 5493 2658 5564 esploratum.
2687 5492 2820 5564 Illud
2845 5501 3048 5564 certum
3072 5503 3172 5560 est,
3199 5491 3542 5564 Sigismerem
3559 5491 3727 5560 hunc.

2155 5569 2340 5632 contra
2371 5577 2527 5629 quam
2565 5561 2680 5632 viro
2712 5561 2869 5632 docto
2898 5562 3068 5632 visum
3106 5565 3197 5632 sit,
3235 5561 3508 5620 diversum
3544 5581 3665 5622 esse
3701 5581 3731 5620 a

2157 5629 2446 5705 Sigismere
2465 5631 2660 5686 comite
2680 5631 2970 5705 Athalarioi
2989 5629 3332 5705 regisilt'alite,
3356 5636 3507 5705 cujus
3529 5637 3731 5692 mentio

2158 5700 2297 5769 apud
2329 5700 2638 5776 Senatorem
2679 5700 2771 5756 lib.
2797 5717 2910 5770 vin,
2942 5700 3099 5774 epist.
3129 5704 3186 5772 2,
3227 5700 3336 5762 tum
3366 5700 3488 5776 quia
3530 5707 3644 5763 loca
3675 5716 3732 5763 et

2159 5779 2399 5848 tempora
2438 5771 2762 5848 discrepant,
2807 5771 3076 5848 tumquia
3109 5776 3360 5848 comitem
3383 5771 3540 5848 illum
3581 5779 3740 5848 regio

2157 5839 2417 5905 sanguine
2441 5839 2626 5897 ortum
2645 5841 2812 5900 fuisse
2837 5839 3078 5900 nihil—est
3098 5843 3241 5912 qtmd
3269 5843 3512 5898 suadeat.

3796 5008 3811 5098 ί

3795 5099 3802 5152 ἔ

3795 5172 3799 5187 l
