4078 6348
397 342 499 426 £415

1624 363 2102 423 EPIST‘OLARUM
2142 364 2266 419 LIB.
2310 365 2394 421 IV.

3547 372 3650 430 526

394 466 598 537 Praeter
640 483 741 537 hoc
778 483 942 538 vestis
976 482 1113 546 alta,
1148 483 1361 548 stricta,
1397 480 1711 548 versicolor,
1747 482 1836 535 vix
1873 494 1967 553 ap-
1998 480 2053 540 Α
2078 477 2165 532 hic
2190 480 2447 549 vagientis
2476 481 2711 537 infantiae
2737 482 2987 541 lactentia
3009 485 3249 541 membra
3272 485 3649 555 formavimus;

397 574 761 643 propinquans
802 562 1089 643 poplitibus
1135 575 1381 640 exsertis,
1427 571 1647 628 manicae
1693 572 1804 627 sola
1850 573 1971 627 bra-

395 666 637 720 chiorum
681 665 939 733 principia
981 666 1251 731 velantes,
1300 665 1581 719 viridantia
1624 679 1747 734 saga
1798 664 1972 718 limbis

394 759 690 829 marginata
722 758 961 825 puniceis
992 774 1005 811 :
1041 758 1195 828 116
1226 758 1439 826 penduli
1468 774 1531 811 ex
1566 757 1785 810 humero
1813 755 1970 825 gladii

395 850 585 905 balteis
624 851 1126 917 supercurrentibus
1167 851 1499 903 strinxerant
1538 849 1715 902 clausa
1756 847 1973 901 bullatis

396 941 560 996 latera
603 940 946 995 rhenonibus.
984 940 1060 993 Eo
1086 955 1190 1005 quo
1224 940 1574 992 cernebantur
1604 946 1815 1001 ornatu,
1857 954 1973 990 mu—

396 1033 681 1088 niebantur
707 1049 718 1081 :
746 1031 946 1085 lanceis
973 1029 1198 1093 uncatis,
1224 1031 1605 1098 securibusque
1633 1028 1975 1082 missibilibus

397 1120 599 1179 dextra:
638 1123 872 1187 refertm,
912 1124 1111 1194 clypeis
1149 1126 1330 1177 lzevam
1374 1136 1576 1192 partem
1616 1122 1975 1175 adumbranti—

396 1216 517 1282 bus,
543 1230 769 1284 quorum
803 1214 888 1266 lux
922 1214 975 1266 in
1005 1214 1223 1268 orbibus
1254 1215 1428 1278 nivea,
1473 1214 1609 1267 fulva
1642 1213 1692 1265 iu
1724 1213 1973 1287 umboni-

397 1306 516 1372 bus,
554 1308 623 1360 ita
653 1321 869 1360 censum
904 1304 1179 1374 prodebat,
1216 1312 1272 1357 ut
1301 1304 1556 1359 studium.
1587 1303 1790 1358 Cuncta
1822 1318 1975 1372 pror-

398 1413 490 1455 sus
521 1397 849 1467 hujusmodi,
889 1405 943 1450 ut
973 1397 1027 1450 in
1055 1398 1263 1451 actione
1293 1396 1641 1450 thalamorum
1673 1410 1778 1449 non
1812 1410 1973 1464 appa-

398 1502 541 1548 reret
584 1492 761 1545 minor
790 1491 970 1545 Martis
1012 1506 1201 1560 pompa
1236 1505 1392 1560 quam
1428 1488 1666 1543 Veneris.
1720 1489 1821 1543 Sed
1852 1488 1975 1557 quid

400 1576 513 1639 haec
561 1580 841 1653 pluribus?
885 1582 1200 1651 Spectaculo
1254 1583 1340 1634 tali
1392 1580 1504 1635 sola
1554 1579 1836 1649 prmsentia
1890 1587 1979 1633 tua

401 1673 586 1731 defuit.
628 1673 759 1727 Nam
800 1687 921 1727 eum
967 1662 1262 1741 spectarem
1307 1686 1423 1739 quae
1467 1671 1557 1724 tibi
1592 1670 1812 1739 pulchra
1856 1676 1980 1723 sunt

401 1781 505 1824 non
535 1777 585 1820 te
614 1766 819 1831 videre,
851 1765 1020 1834 ipsam
1052 1779 1117 1819 eo
1146 1772 1389 1833 tempore
1420 1762 1670 1819 desiderii
1700 1763 1775 1817 tui
1812 1762 1981 1831 impa-

404 1857 640 1914 tientiam
673 1855 997 1911 desideravi.
1036 1854 1184 1908 Vale.

931 1945 1259 2000 EPISTULA
1299 1944 1439 1999 XXI.

802 2038 1048 2094 Sidonius
1078 2038 1215 2107 Apro
1237 2054 1329 2091 suo
1350 2039 1584 2092 salutem.

474 2138 570 2192 Est
612 2134 824 2206 quidem
856 2134 1102 2203 princeps
1134 2134 1184 2185 in
1213 2146 1409 2202 genere
1440 2130 1788 2187 monstrando
1820 2132 1983 2201 partis

405 2240 640 2300 paternae
686 2225 1037 2295 praerogativa
1077 2244 1089 2275 :
1127 2224 1221 2278 sed
1255 2234 1428 2278 tamen
1463 2224 1683 2278 multum
1725 2232 1807 2279 est
1845 2223 1983 2293 quod

408 2322 661 2377 debemus
691 2329 745 2375 et
773 2319 1045 2373 matribus.
1072 2317 1188 2372 Non
1215 2318 1355 2372 enim
1379 2333 1408 2371 a
1437 2319 1591 2373 nobis
1619 2318 1816 2386 aliquid
1844 2319 1985 2373 exsi-

408 2413 505 2467 lius
555 2412 633 2465 fas
685 2421 768 2467 est
800 2410 1073 2473 honorari,
1118 2409 1261 2479 quod
1295 2408 1530 2478 pondera
1561 2409 1794 2476 illarum,
1827 2424 1982 2479 quam

408 2504 544 2575 quod
596 2506 821 2558 istorum
868 2503 1083 2557 semina-
1116 2516 1321 2555 sumus.
1364 2502 1471 2558 Sed
1521 2502 1740 2573 originis
1788 2514 1985 2561 nostrce

408 2596 721 2651 definienda).
749 2594 973 2649 materia
999 2594 1083 2650 vel
1133 2594 1269 2648 ratio
1299 2594 1369 2647 sit
1395 2608 1560 2663 penes
1587 2595 1869 2665 physicos:
1892 2610 1987 2650 nos

408 2687 544 2741 unde
596 2686 709 2739 bace
741 2686 840 2739 ista
873 2684 1228 2753 praemisimus
1273 2699 1679 2753 persequamur.
1709 2694 1733 2721 ι
1776 2685 1987 2745 Heduus

410 2787 556 2850 pater
589 2778 701 2845 tibi,
736 2785 906 2831 mater
953 2779 1189 2831 Arverna
1232 2784 1335 2832 est.
1368 2776 1560 2830 Primis
1600 2776 1796 2830 Heduis
1827 2776 1989 2831 debe-

411 2871 488 2926 ris
516 2889 528 2922 :
568 2886 693 2939 ergo
722 2886 824 2924 non
857 2869 1006 2935 solis,
1036 2870 1120 2924 vel
1159 2877 1377 2939 pr0pter
1408 2869 1538 2923 illud
1564 2870 1866 2939 exemplum
1896 2885 1991 2923 no-

415 2966 509 3018 stri
540 2963 772 3018 Maronis
798 3003 813 3028 ,
866 2977 973 3032 quo
1022 2972 1157 3017 teste
1204 2963 1379 3017 Pallas
1424 2962 1503 3015 sic
1546 2961 1758 3016 habitus
1799 2946 1985 3029 Arcas,

413 3055 549 3128 quod
584 3056 783 3125 pariter
808 3065 860 3109 et
906 3054 1150 3119 Samnis,
1195 3053 1248 3108 in
1280 3054 1595 3109 Mezentium
1642 3068 1858 3108 movere
1899 3068 1991 3122 po-

413 3148 622 3212 tuisset,
655 3131 711 3202 ut
735 3146 1068 3217 peregrinus,
1101 3161 1249 3200 arma
1276 3146 1677 3212 Hetruscorum,
1709 3147 1765 3200 ni
1792 3147 1988 3201 mixtus

2075 569 2160 624 hic
2176 572 2461 643 civicarum
2486 573 2792 642 baiulabare
2816 577 3020 644 pondus
3034 578 3297 635 ulnarum.
3324 578 3456 633 Hinc
3478 577 3504 616 ἱ)
3527 594 3655 636 avus

2077 665 2280 720 Fronto
2312 666 2538 720 blandus
2566 667 2684 731 tibi.
2729 669 2829 722 sibi
2858 685 3107 735 severus,
3138 672 3225 740 qui
3258 672 3505 740 exemplo
3534 687 3653 727 esse

2078 762 2338 828 potuisset
2386 760 2468 813 his
2515 775 2648 828 quos
2694 760 2947 837 habemus
2995 778 3092 816 nos
3132 764 3182 817 in
3215 764 3488 830 exemplo;
3530 762 3656 817 hinc

2079 852 2193 903 avia
2223 849 2473 916 AuSpicia
2500 890 2514 911 ,
2544 867 2661 917 qua:
2708 851 2798 904 tibi
2834 864 2949 919 post
2997 865 3097 907 tuac
3140 855 3322 907 maliis
3351 855 3533 908 orbata
3560 840 3656 908 de-

2080 955 2310 1005 cessum,
2342 940 2603 1007 dependit
2634 955 2734 993 una
2764 956 2943 995 curam
2975 943 3215 999 duarum.
3250 944 3354 999 Sed
3386 954 3438 998 et
3464 958 3659 1000 mater-

2080 1041 2192 1088 tera
2222 1043 2307 1087 tua
2340 1034 2464 1088 hinc
2490 1079 2503 1101 ,
2552 1043 2605 1086 rt
2634 1034 2754 1087 hinc
2794 1035 2889 1087 fuit
2914 1036 3147 1089 sanitior
3176 1036 3372 1090 sanctis
3401 1036 3658 1091 Frontina

2078 1124 2376 1194 virginibus
2397 1167 2413 1191 ,
2465 1141 2619 1195 quam
2664 1126 2946 1179 verebatur
2973 1137 3160 1191 mater,
3191 1138 3342 1195 pater
3369 1129 3659 1183 veneraba~

2081 1226 2187 1283 tur,
2237 1234 2459 1272 summa:
2509 1218 2847 1273 abstinentia:
2879 1220 3093 1286 puella,
3140 1220 3331 1273 summi
3380 1220 3569 1287 rigoris
3599 1236 3659 1273 ac

2080 1308 2205 1363 fidei
2236 1311 2503 1379 ingentis,
2550 1310 2627 1364 sic
2654 1309 2819 1363 Deum
2864 1310 3094 1374 timens,
3145 1321 3202 1363 ut
3250 1311 3316 1364 ab
3360 1310 3662 1365 hominibus

2083 1401 2383 1457 timeretur.
2412 1403 2507 1457 Hic
2538 1411 2589 1455 te
2621 1401 2962 1456 imbuendum
2996 1401 3307 1456 liberalibus
3347 1402 3661 1470 disciplinis,

2082 1494 2436 1563 grammatici,
2473 1492 2810 1560 rhetorisque
2838 1492 3015 1547 studia
3043 1491 3286 1544 florentia
3316 1493 3520 1546 monitu
3548 1508 3663 1547 cer-

2085 1594 2228 1651 tante
2258 1586 2537 1641 foverunt:
2564 1584 2704 1640 unde
2730 1595 2785 1638 tu
2814 1600 2918 1639 non
2949 1594 3053 1639 tam
3086 1584 3429 1638 mediocriter
3459 1584 3664 1637 institu-

2084 1681 2169 1729 tus
2194 1675 2421 1741 existis,
2452 1684 2509 1729 ut
2556 1675 2651 1729 tibi
2685 1676 2842 1730 liceat
2867 1675 3139 1729 Arvernos
3165 1674 3250 1729 vel
3281 1685 3495 1743 propter
3520 1674 3665 1728 litte-

2084 1783 2172 1824 ras
2197 1785 2306 1824 non
2331 1784 2534 1825 amare.
2566 1768 2746 1824 Taceo
2778 1779 2801 1807 ε
2837 1768 3089 1823 territorii
3118 1766 3441 1837 peculiarem
3479 1765 3666 1832 iocun-

2006 1856 2055 1915 B
2082 1860 2332 1926 ditatem;
2372 1870 2525 1916 taceo
2557 1860 2690 1915 illud
2735 1874 2917 1928 aequor
2963 1874 3209 1929 agrorum
3235 1900 3249 1925 ,
3299 1859 3353 1912 in
3401 1871 3506 1927 quo
3552 1857 3667 1911 sine

2084 1954 2325 2023 periculo
2373 1963 2691 2023 quaestuosa:
2751 1951 3010 2008 ﬂuctuant
3058 1952 3111 2007 in
3156 1950 3427 2021 segetibus
3476 1948 3664 2004 undae:

2084 2044 2225 2114 quod
2260 2045 2556 2099 industrius
2585 2044 2814 2112 quisque
2854 2056 2961 2111 quo
2993 2042 3110 2109 plus
3146 2043 3303 2111 118
3344 2040 3665 2109 frequentat,

2086 2136 2186 2188 hoc
2216 2135 2390 2188 minus
2422 2133 2702 2202 naufragat
2737 2149 2751 2187 :
2796 2131 3088 2186 viatoribus
3119 2130 3311 2195 molle,
3342 2128 3665 2184 fructuosum

2085 2230 2406 2294 aratoribus,
2435 2226 2780 2284 venatoribus
2799 2229 3207 2295 voluptuosum;
3238 2222 3379 2292 quod
3408 2222 3667 2276 montium

2088 2323 2307 2392 cingunt
2336 2322 2494 2376 dorsa
2526 2320 2737 2388 pascuis
2759 2358 2776 2384 ,
2813 2320 2982 2374 latera
3014 2316 3227 2380 vinetis,
3265 2325 3477 2369 terrena
3506 2312 3663 2376 villis,

2087 2427 2278 2468 saxosa
2306 2411 2565 2478 castellis,
2596 2424 2761 2478 opaca
2805 2408 3012 2475 lustris,
3044 2414 3227 2475 aperta
3257 2402 3504 2467 culturis,
3535 2416 3665 2456 con-

2087 2520 2218 2560 cava
2268 2504 2539 2570 fontibus,
2586 2503 2811 2571 abrupta
2857 2499 3193 2562 llun'iiuibus;
3251 2495 3394 2565 quod
3442 2494 3671 2562 denique

2090 2598 2393 2667 huiusmodi
2425 2606 2527 2662 est,
2551 2604 2610 2650 ut
2637 2593 2803 2651 semel
2825 2595 2995 2648 visum
3023 2590 3264 2657 advenis,
3288 2588 3468 2643 multis
3490 2585 3672 2654 patria:

2090 2690 2412 2746 oblivionem
2445 2702 2587 2757 stepe
2619 2685 2956 2755 persuadeat.
2981 2684 3158 2738 Taceo
3182 2680 3449 2736 civitatem
3482 2678 3669 2746 ipsam,

2089 2782 2166 2835 tui
2196 2796 2408 2848 semper
2433 2778 2511 2834 sic
2539 2777 2985 2840 amantissimam,
3030 2784 3087 2828 ut
3131 2773 3231 2828 soli
3261 2769 3515 2825 nobilium
3544 2782 3673 2821 oon-

2092 2874 2338 2929 tubernio
2382 2871 2635 2941 praeferre
2672 2869 2747 2922 nil
2791 2868 3019 2931 debeas;
3060 2866 3144 2919 cui
3190 2874 3244 2917 tu
3294 2876 3450 2917 manu
3481 2858 3673 2928 injecta

2091 2965 2316 3021 feliciter
2346 2970 2528 3031 raptus
2559 2958 2869 3025 inserebare
2898 2976 2909 3010 :
2942 2958 3124 3027 sicque
3155 2968 3344 3009 omnes
3375 2947 3673 3020 praesentiae

2092 3070 2283 3114 vestrae
2329 3056 2611 3124 voluptas,
2666 3050 2811 3121 quod
2858 3058 3037 3104 tamen
3086 3046 3288 3101 nullum
3319 3043 3483 3099 satias
3513 3039 3673 3108 cepit.

2094 3150 2210 3205 iam
2241 3147 2369 3218 quid
2399 3147 2520 3199 istic
2551 3143 2617 3198 de
2651 3156 2708 3197 re
2754 3138 3015 3196 familiari
3036 3147 3122 3194 tua
3156 3137 3363 3202 dicam,
3413 3133 3564 3203 cujus
3592 3129 3679 3184 hic

386 3230 587 3293 'matre
637 3236 844 3292 Sabella
870 3278 884 3303 ,
940 3244 1146 3306 partem
1175 3251 1387 3307 quoque
1438 3238 1588 3309 117
1640 3238 1823 3306 patriae
1876 3237 1998 3293 inde
2026 3230 2072 3294 C
2102 3249 2273 3296 status
2300 3247 2403 3304 est,
2437 3243 2493 3290 ut
2523 3243 2665 3289 tuam
2694 3228 2989 3302 espensam
3020 3230 3123 3285 hoc
3150 3229 3221 3285 sit
3244 3227 3455 3284 facilius
3483 3225 3679 3279 toleras

420 3330 691 3386 traxisset.
722 3329 857 3383 Ecce
887 3329 1051 3385 Itabes
1092 3344 1341 3398 magnum
1377 3331 1611 3383 maximo
1653 3340 1871 3385 auctore
1900 3330 1994 3384 do-

417 3428 747 3487 cumentum,
772 3422 912 3490 quod
942 3420 1126 3490 patriae
1153 3434 1278 3490 pars
1302 3421 1656 3490 computanda
1682 3423 1750 3476 sit
1772 3432 1825 3477 et
1848 3422 1995 3491 regio

418 3523 659 3569 materna
700 3532 712 3567 :
754 3514 852 3569 nisi
896 3524 1101 3583 poetas,
1132 3522 1187 3569 et
1215 3527 1341 3568 cum
1367 3514 1434 3567 ab
1459 3513 1679 3568 historia
1711 3531 1817 3569 non
1848 3530 1995 3570 recee

420 3610 591 3677 dunt,
642 3608 856 3664 mentiri
884 3607 1236 3663 existimabis.
1270 3608 1431 3677 Igitur
1458 3608 1683 3663 Arverni
1721 3611 1765 3663 si
1796 3610 1997 3679 portio-

420 3717 541 3755 nem
569 3701 641 3755 tui
672 3700 846 3754 saltim
878 3698 1248 3769 vicissimjure
1277 3699 1375 3754 sibi
1403 3699 1692 3767 vindicant,
1738 3703 1999 3770 patienter

422 3794 639 3849 admitte
686 3792 1071 3863 querimoniam
1130 3791 1558 3857 desiderantum;
1617 3793 1707 3861 qui
1749 3793 1841 3847 tibi
1904 3808 1999 3858 per:

428 3888 578 3941 unius
607 3903 655 3941 Ol
673 3886 718 3941 is
746 3886 851 3940 mei
883 3884 1117 3940 officium
1149 3926 1165 3951 ,
1210 3900 1316 3938 non
1360 3884 1519 3938 unius
1563 3884 1791 3952 pectoris
1821 3884 2001 3953 profu-

424 3978 551 4033 dere
598 3985 885 4032 secrctum.
919 3976 1063 4043 Quos
1114 3976 1289 4043 palam
1337 3988 1388 4028 et
1416 3988 1596 4027 coram
1629 3974 1805 4028 dicere
1836 3986 1996 4042 puta:

425 4069 558 4134 Quid
606 4070 659 4122 in
712 4077 762 4122 te
808 4068 931 4120 mali
977 4074 1216 4132 tantum,
1262 4068 1487 4136 ingrate,
1518 4067 1906 4133 commisimus,
1944 4076 1999 4120 ut

430 4176 522 4229 per
550 4169 628 4213 tot
656 4174 825 4213 annos
855 4158 1125 4228 quondam
1156 4158 1374 4211 humum
1416 4159 1656 4213 altricem
1692 4175 1829 4213 nunc
1861 4160 2004 4214 velut

430 4251 691 4307 hosticum
719 4251 893 4307 solum
920 4251 1123 4320 fugias?
1163 4250 1258 4304 llic
1284 4250 1597 4304 incunabula
1630 4258 1716 4305 tua
1743 4252 2001 4319 fovimus;

504 4413 723 4466 Illedui
766 4411 1019 4464 Arvernis
1066 4418 1125 4463 ut
1174 4410 1390 4464 sedibus
1447 4411 1661 4475 vicinis,
1709 4412 1778 4464 ita
1826 4413 2007 4467 multis

432 4499 576 4552 smpe
609 4484 824 4551 privatis
857 4480 1181 4549 publicisque
1201 4480 1489 4552 fmderibus
1513 4482 1802 4551 conjuncti.
1822 4483 2005 4537 Fidem

437 4550 780 4608 fac’iat’vetus
823 4567 912 4604 ara
946 4564 1273 4617 marmorea,
1307 4567 1422 4619 quae
1451 4550 1623 4607 Genio
1649 4554 2007 4607 Arvernorum

2098 3345 2243 3397 tura,
2277 3330 2421 3401 quod
2447 3325 2725 3384 crebrius?
2748 3325 2883 3379 Nam
2910 3324 3161 3379 dominus
3188 3321 3420 3393 agricola
3446 3322 3490 3376 si
3518 3322 3681 3377 larem

2100 3425 2187 3480 hic
2216 3424 2411 3489 foveat,
2440 3420 2518 3475 sic
2542 3419 2669 3473 facit
2688 3425 2980 3487 sumptum,
3004 3415 3146 3485 quod
3176 3421 3338 3484 auget
3357 3421 3412 3469 et
3435 3413 3683 3468 reditum.

2100 3517 2229 3571 Haec
2254 3528 2390 3569 unus
2420 3512 2512 3566 tibi
2543 3511 2805 3577 omnium,
2835 3516 2985 3563 certe
3014 3508 3277 3561 bonorum
3313 3504 3508 3558 civium
3541 3512 3683 3568 voto,

2100 3608 2286 3677 petitu,
2312 3605 2432 3658 vice
2456 3601 2636 3671 garrio
2655 3617 2667 3651 :
2686 3597 2780 3667 qui
2809 3612 2932 3651 cum
2963 3605 3112 3651 tanto
3142 3594 3346 3648 honore
3369 3602 3419 3646 te
3447 3600 3686 3661 poscant,

2104 3708 2250 3755 tanto
2292 3709 2476 3750 amore
2504 3693 2845 3753 desiderent,
2889 3688 3117 3757 intelligi
3143 3686 3320 3749 datur,
3364 3684 3545 3754 gaudii
3570 3684 3691 3755 plus

2104 3800 2176 3857 te,
2205 3790 2333 3845 dum
2366 3786 2552 3841 tribuis
2580 3782 2720 3851 quod
2753 3780 2980 3849 rogaris,
3007 3785 3399 3833 assecuturum.
3433 3776 3581 3831 Vale.

2625 3869 2959 3927 EPISTOLA
3002 3868 3165 3922 XXII.

2124 4036 2127 4039 γ
2454 3966 2699 4023 Sidonius
2726 3960 2755 4001 δ
2786 3962 2946 4016 Leoni
2971 3978 3063 4016 suo
3095 3960 3327 4015 salutem.

2180 4062 2275 4117 Vir
2314 4057 2634 4129 magnificus
2664 4054 2954 4122 Hesperius
2981 4094 2996 4119 ,
3042 4065 3253 4121 gemma
3281 4061 3570 4103 amicorum
3600 4047 3689 4102 lit-

2111 4169 2453 4224 terarumque
2477 4195 2490 4214 ,
2539 4164 2707 4219 nuper
2736 4148 2867 4202 urbe
2914 4160 3037 4200 cum
3066 4143 3229 4199 rediit
3256 4158 3287 4196 e
3316 4138 3645 4196 Tolosatium
3675 4184 3690 4209 ,

2115 4251 2408 4323 prmeipere
2436 4255 2487 4303 te
2508 4243 2661 4309 dixit,
2696 4250 2755 4295 ut
2782 4238 3129 4308 epistularum
3159 4250 3363 4298 curam,
3382 4235 3490 4301 jam
3518 4234 3696 4289 termi-

2116 4408 2356 4466 versibus
2388 4412 2541 4459 ornat
2571 4401 2623 4454 in
2661 4399 2981 4468 panegyrico
3011 4396 3173 4468 Aviti.
3209 4392 3391 4468 Certat
3421 4392 3561 4468 enim
3594 4391 3697 4468 Lef

2117 4460 2307 4536 niauici
2339 4476 2448 4544 agri
2481 4460 2757 4526 ammnitis
2787 4460 3306 4544 culmufccunditate.
3344 4462 3445 4516 Sed
3461 4460 3695 4544 ‘amaznif

2120 4532 2245 4605 tatis
2292 4532 2484 4600 faniam
2529 4550 2789 4597 testantur
2824 4538 3149 4591 Childcherti
3198 4535 3339 4605 regis
3367 4532 3549 4598 verba,
3585 4540 3702 4605 qum

438 4603 483 4678 ἶ
1000 4603 1402 4689 IEduovposila,
1434 4603 1487 4676 ni
2045 4630 2093 4688 ι)
2121 4603 2309 4693 recitat
2336 4616 2645 4693 Gregorius,
2680 4620 2739 4693 et
2769 4612 2881 4693 ipse
2910 4611 3206 4693 Arvennttf.
3244 4604 3337 4693 lii):
3356 4603 3697 4693 μιΔινΙΔηςελΡὶμξξμε

438 4693 743 4751 suburbano
760 4691 1108 4748 Mausiacensi
1139 4693 1385 4747 cmiiobio
1418 4700 1584 4747 restat
1612 4695 1691 4749 bis
1724 4691 1899 4749 verbis
1926 4712 1941 4749 :

742 4808 767 4838 ⁴
864 4806 1070 4865 GENIO
1102 4807 1581 4862 ARVERNORUM

874 4877 1031 4936 SEX.
1063 4875 1308 4932 ORCIUS
1349 4877 1591 4933 SUAVIS

1098 4947 1255 5003 ΛΞΜ]
1265 4946 1365 5002 US.

506 5042 537 5083 δ
565 5042 663 5098 llic
682 5041 824 5097 idem
858 5042 1028 5097 videri
1055 5049 1251 5111 potest,
1281 5039 1424 5109 quod
1452 5053 1556 5093 non
1597 5039 1750 5095 facile
1780 5040 2020 5111 affirma-5

444 5114 578 5180 sim,
627 5113 827 5169 Fronto
880 5110 1094 5179 comes,
1143 5112 1352 5181 gemina
1397 5111 1663 5180 legatione
1703 5112 1916 5165 functus
1953 5110 2029 5164 ad'

444 5183 648 5254 Suevos
690 5185 743 5239 in
800 5184 1108 5254 Hispaniam
1138 5180 1165 5250 ,ί
1196 5182 1428 5253 primum
1478 5181 1576 5254 sub
1598 5180 2018 5254 _Val_eutini_ano,

441 5250 636 5310 deinde
688 5256 789 5310 sub
835 5250 1013 5307 Avito.
1061 5250 1345 5322 Utriusque
1391 5251 1634 5305 meminit
1675 5251 1777 5322 51
1828 5252 2024 5305 ldatius

443 5334 657 5381 noster:
684 5326 877 5393 prioris
904 5340 1044 5378 anno
1077 5326 1137 5378 II
1168 5323 1427 5385 Martiaui,
1457 5322 1771 5393 posterioris
1800 5323 2028 5376 triennio

480 5405 581 5460 ost,
617 5391 699 5449 his
724 5396 903 5451 verbis
943 5412 958 5450 :
994 5393 1095 5447 Per
1124 5395 1321 5447 Avitum
1344 5394 1628 5463 Augustth
1645 5391 1843 5447 Fronto
1865 5408 2030 5447 comes

466 5463 638 5535 legatus
670 5467 885 5520 mittitur
909 5466 974 5518 ad
999 5465 1190 5520 Suevos
1206 5481 1225 5518 :
1243 5464 1471 5519 similiter
1492 5474 1537 5517 et
1566 5482 1595 5517 a
1614 5480 1728 5535 rege
1752 5463 2031 5517 Gothorum

449 5530 784 5599 Theuderico.
817 5538 936 5607 quia
965 5537 1101 5605 ﬁdus
1134 5536 1359 5588 Romano
1389 5546 1513 5588 esset
1543 5530 1752 5607 imperia
1782 5550 1799 5589 :
1828 5545 1879 5587 ut
1909 5535 2031 5603 quia

446 5624 550 5663 uno
577 5616 738 5661 essent
761 5608 904 5677 pacis
931 5607 1117 5678 fmdere
1145 5607 1386 5676 copulati,
1404 5610 1531 5677 jura
1559 5607 1760 5676 fmderis
1782 5608 2031 5677 promissa

447 5686 722 5733 servarent.

523 5756 549 5787 ε
573 5748 845 5803 Inferioris
879 5748 1157 5817 Arvernice
1196 5753 1415 5814 nostrae,
1445 5763 1564 5816 quae
1594 5749 1845 5817 peculiari
1877 5763 2036 5802 voca-

451 5814 587 5875 Iulo
623 5820 865 5876 Lemano
906 5818 1074 5876 dicta.
1119 5816 1289 5881 Hujus
1323 5814 1622 5874 ubertatem
1660 5820 1843 5875 multis
1872 5820 2036 5875 etiam

2123 4673 2323 4751 Dicere,
2357 4673 2549 4752 inquit,
2582 4673 2686 4735 erat
2714 4680 2891 4733 solitus
2911 4695 3037 4752 rex,
3072 4676 3237 4752 Velini
3272 4690 3500 4752 unquam
3524 4673 3707 4752 {irruer-

2266 4742 2555 4815 Lemauem,
2582 4768 2694 4822 quae
2725 4758 2879 4803 tanta:
2897 4744 3241 4819 jocunditatis
3266 4745 3430 4814 gratia
3461 4742 3709 4811 refulgere

2122 4833 2328 4891 dicitur,
2360 4826 2519 4879 oculis
2548 4836 2767 4875 cernere.

2195 4883 2558 4953 “consiliario
2586 4892 2765 4963 Eurici
2785 4890 2934 4963 regis
2962 4887 3285 4963 Gothorum,
3314 4891 3370 4936 et
3392 4883 3539 4963 velut
3569 4896 3711 4963 qni-re.

2127 4952 2303 5026 Storia
2337 4970 2436 5021 hoc
2464 4964 2605 5018 enim
2635 4952 2938 5031 significant
2981 4974 3098 5026 qua:
3141 4956 3207 5008 ad
3248 4953 3495 5032 eumdem
3526 4952 3712 5032 scribit

2128 5023 2228 5096 lib:
2262 5054 2388 5101 vm,
2427 5036 2580 5102 epist.
2624 5023 2949 5099 3.quantus
2994 5023 3249 5102 pra-terea
3288 5024 3367 5102 vi_r
3392 5023 3566 5102 fuerit
3594 5023 3715 5102 elo-

2127 5094 2362 5183 quentia:
2377 5094 2475 5160 'ac'
2493 5094 2948 5183 poeticaervstudtis
2966 5094 3496 5183 ,_'jurisque”riv‘ilirs'
3519 5094 3717 5183 eximia

2128 5166 2432 5251 singultibus
2452 5166 2931 5251 ,_Tmul_tis__passi_m
2957 5166 3133 5251 _'Iocis.
3144 5166 3401 5251 praedicat
3439 5166 3715 5251 Sidonius:

2132 5234 2262 5308 lteom
2304 5234 2579 5304 Ennodius
2616 5246 2668 5299 in
2698 5234 2817 5296 Vita
2870 5239 3158 5310 Epiphanii
3189 5236 3321 5310 ,_de
3361 5234 3519 5305 hujus
3561 5247 3719 5303 agens

2134 5307 2398 5391 legatione
2432 5320 2495 5370 ad
2537 5316 2792 5391 Euricum
2829 5331 2841 5365 :
2880 5307 3045 5391 Ern},
3092 5307 3292 5391 inquit,
3322 5322 3390 5391 ea
3430 5313 3720 5391 tentpesfatc

2137 5373 2464 5446 sociisiliorum
2498 5387 2743 5457 principis
2773 5392 2819 5437 et
2851 5387 3145 5457 moderator
3167 5373 3222 5432 ἐι
3254 5377 3463 5440 arbiter,
3502 5373 3600 5455 .Leo
3631 5388 3721 5457 n.0-

2139 5442 2467 5529 magna».
2499 5442 2925 5530 'perel'oquentite
2962 5452 3200 5530 meritu_m
3237 5464 3335 5501 non
3365 5460 3466 5497 una
3486 5445 3598 5512 jam
3636 5442 3724 5530 df-

2138 5512 2696 5599 clonintionum'palma
2716 5512 3009 5599 susceperat
3031 5538 3051 5575 :
3073 5522 3157 5599 qui
3176 5534 3291 5599 eum
3321 5530 3516 5599 summa
3536 5512 3724 5599 gaudio

2142 5584 2413 5657 adruentuim
2448 5584 2704 5668 pontiﬁcis
2746 5584 2990 5668 indicavit
3038 5584 3231 5646 notitiis
3260 5585 3495 5657 publica}.
3672 5591 3727 5665 et

2144 5655 2413 5742 superstes
2445 5655 2642 5742 Euriéo
2672 5669 2810 5742 Leo;
2852 5666 2994 5742 idem
3032 5655 3727 5742 quoque:manusnobiitjn

2143 5723 2482 5799 sanxisse
2513 5741 2605 5793 tibi
2645 5758 2656 5791 ι
2697 5723 2849 5803 cujus
2877 5737 3003 5791 item
3045 5723 3383 5803 consiliarius
3408 5739 3440 5780 a
3469 5723 3739 5794 Gregorio

2100 5874 2105 5877 .
2148 5815 2343 5872 dicitur
2364 5814 2458 5872 lib.
2490 5825 2509 5869 ι
2538 5799 2941 5871 Miraculurum,
2968 5808 3091 5873 cap.
3125 5799 3217 5857 92.
