4078 6348
390 374 488 445 ειη

390 498 534 561 natis
562 497 711 553 libris
736 504 916 550 earum
942 526 958 555 ,
998 486 1429 539 converteremus
1456 471 1521 525 ad
1561 468 1661 538 styl

390 598 510 653 rite.
559 584 880 645 Reverentia
928 564 1162 637 summa,
1216 580 1425 625 summo
1468 571 1522 617 et
1549 558 1770 620 affectu,

306 718 318 730 -
392 687 556 743 talem
591 689 749 749 atque
777 680 972 728 tantam
1004 662 1322 721 sententiam
1354 654 1647 725 amplector
1674 667 1687 703 :
1713 647 1962 702 idoneum

392 776 591 847 quippe
611 734 919 839 pronuntias
953 757 1018 811 ad
1042 768 1204 825 opera
1235 748 1461 817 majora,
1492 756 1648 813 quem
1679 734 1965 793 mediocria

1114 845 1137 847 ξ
1196 843 1208 847 “
1366 839 1379 847 “
1418 838 1437 847 ⁸
1474 846 1479 847 ν
1576 834 1590 847 ⁸
1724 837 1793 847 μ-.
1886 824 1929 847 1,

393 824 833 938 deserere
861 824 1089 906 debere.
1108 843 1211 901 Sed
1241 839 1381 911 quod
1414 834 1686 890 fatendum
1714 837 1799 885 est
1822 867 1837 893 ,
1885 824 1967 879 fa-

395 923 554 1013 cilius
600 949 770 1005 audeo
817 936 1120 1010 hujusmodi
1153 932 1440 1001 suspicere
1485 923 1761 995 judicium,
1809 931 1969 985 quam

398 1045 674 1114 suscipere
723 1034 1026 1093 consilium.
1094 1028 1199 1081 Res
1246 1022 1458 1093 quidem
1509 1017 1664 1084 digna
1711 1022 1870 1078 quam
1918 1014 1973 1058 tu

398 1141 645 1212 iuberes:
665 1132 759 1188 sed
792 1144 895 1184 non
925 1124 1098 1180 minus
1125 1121 1281 1188 digna
1306 1128 1462 1185 quam
1491 1111 1714 1164 faceres.
1738 1103 1976 1169 Namque

403 1193 460 1287 et
503 1225 790 1295 antiquitus
813 1262 830 1287 ,
882 1232 1003 1273 cum
1047 1214 1110 1269 C.
1142 1208 1421 1266 Cornelius
1450 1204 1514 1258 C.
1538 1198 1781 1256 Secundo
1830 1193 1976 1263 paria

404 1288 683 1381 suasisset,
717 1316 830 1384 ipse
871 1305 1209 1381 postmodum
1253 1298 1395 1369 quod
1440 1294 1671 1364 injunxit
1718 1288 1973 1357 arripuit:

406 1378 570 1481 idque
601 1378 675 1462 ah
696 1378 940 1471 esemplo
982 1410 1125 1451 nunc
1168 1392 1358 1448 melius
1387 1384 1692 1457 aggrederis
1720 1397 1733 1433 :
1777 1378 1896 1448 quia
1928 1383 1982 1431 et

408 1520 509 1576 ego
540 1499 710 1555 Plinio
737 1507 795 1551 ut
826 1489 1116 1560 discipulus
1160 1496 1380 1551 assurgo
1409 1521 1424 1547 ,
1476 1486 1529 1532 et
1573 1485 1628 1529 tu
1657 1480 1867 1527 vetusto
1893 1483 1984 1538 ge-

405 1610 539 1653 nere
555 1588 801 1647 narrandi
811 1586 933 1654 jure
944 1578 1245 1636 Cornelium
1262 1570 1556 1633 antevenis;
1576 1568 1663 1637 qui
1680 1564 1877 1618 saeculo
1892 1576 1985 1614 no-

411 1696 525 1742 stro
564 1686 605 1737 si
630 1680 993 1739 revivisceret,
1016 1681 1175 1740 teque
1201 1665 1372 1736 qualis
1394 1663 1448 1716 in
1475 1660 1664 1715 litteris
1687 1667 1740 1712 et
1760 1664 1986 1726 quantus

413 1780 645 1835 habeare
671 1815 686 1839 ,
727 1769 1125 1838 conspicaretur
1148 1800 1162 1825 ,
1197 1758 1356 1813 modo
1384 1753 1563 1810 verius
1587 1750 1801 1804 Tacitus
1823 1754 1982 1802 esset.

1634 344 1874 406 SIDONII
1913 334 2366 398 APOLLINARIS

1670 482 1755 521 um
1790 464 1958 517 bisto-
1988 463 2041 521 Α
2068 472 2285 514 monum
2318 450 2470 520 copia
2518 443 2767 515 impletus
2793 444 2942 503 ante,
2975 446 3114 489 nunc
3142 442 3345 492 rerum,
3375 439 3483 480 non
3511 424 3638 480 reli-

1806 554 1962 623 119
2067 548 2228 620 quisti
2248 540 2355 599 'cur
2382 517 2645 596 venenato
2674 546 2859 589 morsu
2881 541 3088 585 secere.
3136 526 3307 592 Atque
3336 518 3458 574 ideo
3501 526 3555 572 te
3591 517 3644 571 in

2066 608 2342 712 posterum
2373 629 2577 688 consuli
2620 624 2853 688 utilitas,
2888 618 3063 675 audiri
3100 615 3376 683 voluptas,
3405 608 3510 678 legi
3554 621 3647 661 au-

2068 730 2287 786 ctoritas
2316 725 2438 781 erit.
2459 720 2607 776 Vale.

3538 308 3637 368 518

2498 815 2651 884 l2],
2670 802 3003 865 EPISTULA
3037 797 3226 855 XXIII.

2406 904 2652 960 Sidonius
2684 909 2708 936 ἰ
2741 896 2964 952 Proculo
2990 909 3084 947 suo
3110 888 3329 943 salutent

2146 1000 2313 1055 Filius
2346 1007 2466 1051 tuus
2490 1039 2503 1063 ,
2538 994 2644 1047 imo
2672 986 2969 1046 communis
2989 1025 3003 1050 ,
3034 983 3099 1037 ad
3138 994 3226 1035 me
3254 974 3523 1039 cucurrit;
3565 972 3652 1041 qui

2078 1104 2131 1148 te
2173 1092 2361 1146 relicto
2399 1085 2691 1155 deliquisse
2730 1096 2790 1136 se
2830 1085 3048 1140 maeret,
3098 1073 3321 1128 obrutus
3362 1063 3653 1137 paenitendi

2081 1184 2289 1257 pudore
2318 1178 2617 1248 transfugii.
2650 1175 2814 1245 Igitur
2842 1171 3025 1227 audito
3058 1166 3227 1236 culpat
3267 1172 3489 1225 tenore,
3532 1172 3655 1213 cor-

2086 1278 2224 1348 ripui
2267 1271 2652 1331 latitabundum
2694 1266 2870 1322 verbis
2911 1263 3136 1325 amaris,
3166 1258 3315 1312 vultu
3344 1251 3571 1317 minaci,
3607 1257 3659 1302 et

2082 1384 2203 1425 mea
2235 1366 2446 1435 quidem
2475 1377 2626 1425 voce,
2659 1358 2753 1414 sed
2780 1357 2896 1410 vice
2922 1351 3273 1420 tuazdignum
3301 1342 3656 1399 abdicatione,

2085 1473 2243 1515 cruce
2260 1499 2274 1524 ,
2306 1456 2458 1511 culeo
2484 1454 2721 1507 clamans
2738 1492 2753 1515 ,
2791 1445 3106 1513 ueterisque
3131 1436 3407 1508 suppliciis
3429 1430 3657 1503 parrici-

2086 1519 2316 1606 dalibus.
2341 1546 2419 1602 Ad
2447 1545 2561 1598 hcce
2590 1543 2677 1596 ille
2704 1538 2956 1595 confusus
2983 1531 3227 1597 irrubuit,
3259 1528 3334 1583 nil
3364 1519 3660 1593 impudenti

2090 1640 2434 1697 excusatione
2458 1637 2776 1705 deprecatus
2803 1642 3071 1691 errorem;
3112 1625 3205 1679 sed
3234 1621 3297 1675 ad
3328 1626 3518 1675 cuncta
3540 1629 3665 1669 con-

2090 1737 2286 1792 victum
2313 1748 2432 1788 cum
2466 1730 2862 1797 redarguerem,
2880 1718 3217 1777 verecundia:
3244 1711 3419 1786 junxit
3444 1708 3669 1765 comites

413 1808 645 1835 ιιαυεαιῠ
671 1815 686 1839 ν
727 1808 1115 1838 υυιιογιυυιιν-ιη
1148 1808 1162 1825 ,
1198 1808 1347 1813 ---νῆν
1400 1808 1405 1810 .
1434 1808 1439 1809 ,

413 1869 599 1936 Itaque
626 1873 681 1917 tu
710 1861 904 1932 molem
951 1852 1197 1909 thematis
1242 1847 1387 1902 missi
1435 1851 1582 1898 recte
1616 1830 1870 1910 capessis,
1902 1836 1987 1891 cui
2016 1817 2063 1877 Β
2088 1830 2371 1898 lacrymas,
2402 1824 2475 1877 ita
2507 1820 2738 1890 profluas
2780 1814 3113 1880 ubertimque
3160 1812 3453 1867 manantes,
3489 1808 3547 1854 ut
3583 1811 3670 1852 se-

1648 1933 1659 1936 -
1766 1933 1775 1936 -
1948 1928 1958 1936 .
2167 1932 2172 1936 .
2272 1933 2284 1936 Α
2346 1911 2653 1936 --..---,.ιῖ,...2
2702 1908 2854 1936 (Illam
2912 1903 3129 1936 (anni-ini
3213 1897 3363 1936 “non
3415 1907 3543 1936 Μ’ση
3596 1890 3670 1936 εἰς

412 1968 615 2032 praeter
659 1951 1014 2021 eloquentiam
1059 1941 1422 2012 singularem,
1472 1933 1712 1989 scientiae
1765 1928 1990 1999 ingentis

416 2021 612 2120 inagna
660 2041 1046 2115 opportunitas.
1077 2021 1327 2103 Quotidie
1356 2043 1585 2097 namque
1612 2042 1707 2095 per
1737 2022 1993 2094 potentis-

416 2143 540 2201 simi
583 2137 800 2193 consilia
846 2131 1026 2200 regis,
1079 2128 1237 2180 totius
1278 2122 1539 2178 sollicitus
1575 2118 1751 2182 orbis,
1795 2116 1993 2184 pariter

419 2233 535 2302 ejus
586 2228 796 2297 negotia
844 2231 899 2297 ct_
940 2223 1081 2289 jura,
1110 2216 1313 2271 foedera
1359 2222 1413 2267 et
1442 2210 1602 2271 bella,
1632 2208 1769 2271 loca,
1801 2204 1991 2273 spatia,

417 2320 608 2378 merita
656 2294 953 2385 cognoscis.
1010 2308 1162 2364 Unde
1211 2306 1330 2375 quis
1374 2302 1567 2371 justius
1614 2312 1731 2352 sese
1781 2294 1845 2348 ad
1896 2295 1995 2347 ista

419 2411 943 2476 succinxerit,quam
974 2402 1081 2467 ille,
1113 2413 1269 2469 quem
1296 2402 1504 2450 constat
1531 2391 1763 2462 gentium
1798 2397 1993 2454 motus,

420 2505 745 2573 legationum
790 2498 1109 2555 varietates,
1156 2492 1290 2543 facta
1336 2486 1560 2547 ducum,
1595 2491 1746 2551 pacta
1776 2493 2000 2548 regnan-

421 2604 537 2649 tum
565 2633 579 2657 ,
626 2600 735 2645 tota
780 2585 1008 2654 denique
1039 2580 1368 2649 publicarum
1413 2588 1591 2628 rerum
1623 2578 1830 2625 secreta
1861 2566 2000 2621 didi-

424 2685 601 2741 cisse?
656 2681 851 2751 quique
894 2670 1167 2746 praestanti
1228 2669 1431 2739 positus
1479 2667 1534 2720 in
1581 2664 1843 2727 culmine,
1897 2674 2000 2713 non

426 2792 652 2837 necesse
696 2773 893 2836 habet,
944 2768 1027 2823 vel
1073 2764 1408 2834 supprimere
1435 2773 1640 2824 verum,
1677 2756 1761 2811 vel
1790 2753 2005 2808 concin-

423 2883 561 2927 nare
589 2860 960 2921 mendacium?
998 2858 1066 2911 At
1109 2865 1288 2911 nostra
1335 2853 1493 2921 longe
1535 2847 1770 2904 conditio
1798 2845 2000 2913 diSpar,

425 2959 622 3031 quibus
643 2948 1199 3022 doloriperegrinatio
1242 2959 1406 3009 nova,
1441 2957 1538 2996 nec
1572 2939 1686 2993 usui
1731 2938 1891 2993 lectio
1914 2950 2005 2988 ve-

433 3061 573 3108 tusta
613 3068 625 3103 :
668 3058 777 3103 tum
826 3041 1014 3112 religio
1044 3036 1364 3109 professioni
1391 3044 1493 3099 est,
1534 3031 1806 3087 humilitas
1848 3042 2010 3097 appe-

434 3145 549 3202 litui
577 3184 592 3209 ,
641 3137 981 3197 mediocritas
1030 3130 1371 3193 obscuritati;
1412 3141 1509 3181 nec
1558 3125 1613 3178 in
1658 3121 2009 3193 praesentibus

2092 1932 2291 1976 cuturae
2338 1911 2657 1969 correctioni
2702 1908 2855 1963 ﬁdem
2911 1903 3153 1959 fecerint.
3213 1897 3363 1967 Rogo
3415 1907 3543 1963 ergo
3596 1890 3671 1943 sis

2094 2012 2329 2066 clemens
2361 2008 2412 2060 in
2453 2019 2511 2058 se
2542 2015 2758 2057 severo:
2784 2007 2837 2054 et
2861 1994 3132 2051 dominum
3163 2002 3414 2059 sequens,
3442 1998 3547 2037 non
3576 1982 3671 2034 ba-

2093 2104 2222 2159 beas
2249 2113 2297 2154 te
2324 2097 2505 2168 judice
2528 2108 2676 2149 rcum
2709 2105 2766 2145 se
2803 2088 3087 2159 profitente
3116 2077 3671 2143 damnabilem:quem

2096 2195 2141 2249 si
2172 2189 2405 2246 inaudita
2431 2198 2624 2257 genera
2658 2193 2931 2251 pcenarum
2970 2175 3157 2247 iubeas
3188 2174 3493 2226 inexoratus
3529 2162 3676 2218 exci-

2099 2300 2251 2355 pere,
2279 2297 2383 2335 non
2416 2287 2590 2349 potest
2617 2272 2840 2341 amplius
2873 2284 2965 2337 per
2996 2278 3048 2322 te
3076 2265 3282 2328 dolore,
3316 2272 3472 2330 quam
3496 2270 3590 2325 per
3617 2266 3677 2308 se

2100 2376 2303 2447 pudore
2347 2368 2603 2438 torqueri.
2639 2364 2830 2420 Libera
2863 2368 3006 2415 metu
3043 2352 3468 2425 desperationem
3505 2360 3675 2410 suam,

2101 2469 2269 2524 libera
2314 2462 2689 2519 confidentiam
2731 2470 2938 2519 meam,
2983 2460 3037 2507 et
3072 2447 3286 2519 pietatis
3320 2453 3558 2516 paterna:
3585 2454 3679 2494 ue-

2103 2561 2349 2618 eessitate
2373 2598 2387 2621 ,
2434 2556 2476 2608 si
2517 2554 2655 2607 bene
2694 2551 3040 2616 interpretor,
3091 2552 3141 2596 te
3182 2552 3393 2610 quoque
3424 2532 3674 2594 absolve,

2103 2652 2193 2722 qui
2233 2645 2511 2703 conﬁceris
2554 2640 2794 2706 occulto,
2844 2635 2982 2706 quod
3029 2631 3166 2687 filius
3204 2630 3416 2700 publico
3454 2636 3683 2680 maerore

2106 2739 2417 2797 conﬁcitur:
2442 2735 2525 2789 cui
2553 2733 2743 2788 fecisse
2772 2745 2858 2783 me
2887 2734 3099 2782 constat
3132 2720 3415 2793 plurimum
3445 2715 3682 2783 injuriat;

2107 2835 2153 2888 si
2182 2842 2236 2887 tu
2269 2842 2444 2885 tamen
2475 2827 2562 2882 vel
2600 2838 2785 2894 parum
2818 2819 3009 2875 feceris
3045 2834 3058 2871 :
3090 2830 3245 2887 quam
3274 2822 3419 2867 certe
3444 2820 3500 2865 ut
3529 2822 3684 2880 spero

2109 2942 2213 2983 non
2244 2925 2425 2986 facies,
2466 2918 2567 2974 nisi
2594 2916 2825 2985 scOpulis
2854 2913 3041 2967 durior
3070 2911 3250 2976 duras,
3283 2915 3375 2961 aut
3403 2901 3688 2958 adamanti-

2108 3020 2207 3073 bus
2253 3014 2473 3083 rigidior
2518 3022 2832 3080 perseveras
2894 3000 3293 3058 insecabilibus.
3346 2997 3485 3065 Ergo
3533 2992 3579 3047 si
3624 2990 3690 3046 de

2111 3108 2351 3165 moribus
2384 3105 2488 3159 tuis
2510 3102 2681 3171 deque
2708 3096 2956 3153 amicitiis
2983 3097 3125 3162 juste
3152 3092 3372 3148 meliora
3396 3100 3689 3159 praesumo,

434 3177 549 3202 ιιιυι
577 3184 592 3209 ν
641 3177 981 3197 ΙΙΙυυΙυι-ιιιυιυ
1032 3177 1371 3193 νυνυνη.-..--,
1413 3177 1505 3181 -.-γ
1559 3177 1565 3178 ,
1660 3177 1681 3193 τ

428 3238 511 3294 rei
542 3244 767 3296 tantum,
803 3238 1058 3299 quantum
1105 3227 1156 3278 in
1187 3221 1378 3277 futuris
1426 3218 1538 3288 spei
1564 3218 1816 3271 locatum.
1856 3212 2010 3283 120
2036 3190 2082 3250 C
2113 3209 2364 3258 excusato
2398 3195 2655 3265 prepitius
2685 3191 2903 3259 indulge
2928 3208 2939 3241 ε
2961 3202 3117 3257 quem
3153 3187 3307 3255 122
3339 3177 3721 3245 reconcilians.

2121 3295 2139 3299 ’
2264 3292 2324 3299 ⁸⁵
2364 3291 2375 3299 “
2636 3295 2645 3299 ‘
2730 3296 2739 3299 -
2847 3282 2859 3295 ⁹
2984 3290 3207 3299 ----—----
3253 3275 3516 3299 A—A-‘A--.
3562 3286 3665 3299 ,πη-ι

428 3329 710 3388 Postremo
756 3323 979 3390 languor
1037 3314 1447 3384 impedimento;
1501 3309 1717 3377 jamque
1758 3304 1843 3358 vel
1891 3316 2011 3356 sero

429 3425 654 3490 propter
700 3413 843 3467 hunc
891 3410 1068 3479 ipsum
1118 3403 1320 3460 desidia
1364 3400 1511 3456 cordi
1560 3412 1813 3467 mquaeva.
1857 3395 2013 3450 Certe

433 3510 543 3581 jam
575 3519 733 3574 super
759 3499 946 3556 studiis
977 3497 1120 3552 nulla
1157 3496 1273 3548 laus
1302 3508 1465 3558 curae,
1497 3489 1590 3543 sed
1637 3502 1704 3542 ne
1731 3484 2013 3555 posthuma

434 3576 649 3671 quidem
670 3613 685 3649 :
706 3593 971 3664 praecipue
1016 3588 1240 3658 gloriam
1272 3584 1428 3638 nobis
1459 3596 1672 3652 parvam
1699 3579 1765 3632 ab
1796 3576 2011 3630 historia

434 3698 622 3762 gpetere
668 3686 888 3749 ﬁxum;
948 3680 1068 3750 quia
1118 3693 1213 3748 per
1260 3674 1502 3730 homines
1544 3669 1808 3726 clericalis
1852 3664 2014 3721 ofﬁcii

436 3779 725 3838 temerarie
749 3785 933 3831 nosua
956 3813 972 3840 ,
1001 3772 1266 3842 jactanter
1292 3766 1460 3821 aliena
1479 3806 1494 3831 ,
1546 3762 1809 3832 prmterita
1841 3757 2014 3813 infru-

438 3883 627 3929 ctuose
655 3917 667 3939 ,
712 3866 998 3940 praesentia
1042 3861 1341 3930 semiplene
1367 3898 1381 3923 ,
1411 3856 1637 3925 turpiter
1664 3853 1799 3907 falsa
1823 3892 1836 3915 ,
1874 3850 2016 3919 peri-

438 3966 622 4021 culose
662 3975 787 4017 vera
828 3958 1094 4013 dicuntur.
1138 3952 1232 4008 Est
1278 3949 1421 4005 enim
1468 3945 1769 4016 hujusmodi
1814 3942 2012 4006 thema,

439 4059 523 4113 vel
573 4068 745 4125 Opus,
797 4052 849 4105 in
898 4063 1002 4118 quo
1049 4048 1309 4101 bonorum
1352 4040 1398 4095 si
1442 4039 1603 4093 facias
1647 4035 1969 4091 mentionem
1996 4072 2012 4099 ,

440 4124 648 4207 modica
689 4141 856 4213 gratia
904 4144 1151 4208 paratur;
1189 4137 1232 4188 si
1271 4130 1611 4191 notabilium,
1656 4126 1889 4181 maxima
1930 4124 2014 4177 ol-

441 4238 613 4297 fensa.
662 4234 754 4289 Sic
797 4246 854 4285 se
898 4229 990 4282 ille
1032 4224 1275 4295 protinus
1302 4222 1521 4275 dictioni
1552 4219 1737 4281 color,
1778 4217 2016 4283 odorque

441 4331 706 4399 satyricus
742 4322 1023 4377 admiscet.
1057 4318 1203 4371 Ilicet
1243 4313 1461 4380 scriptio
1512 4310 1764 4364 historica
1808 4308 2016 4363 videtur

445 4419 636 4476 ordine
664 4430 693 4468 a
733 4419 916 4467 nostro
947 4407 1173 4461 multum
1201 4403 1522 4468 abhorrere,
1554 4399 1703 4466 cujus
1748 4397 2017 4452 inchoatio

446 4508 666 4572 invidia,
706 4499 1037 4558 continuatio
1068 4497 1238 4559 labor,
1269 4494 1388 4545 finis
1412 4500 1494 4546 est
1517 4489 1718 4544 odium.
1752 4487 1858 4542 Sed
1892 4496 2017 4542 tunc

449 4609 552 4659 Ista
580 4595 935 4670 proveniunt,
985 4588 1196 4645 clericis
1224 4587 1269 4640 si
1300 4584 1496 4653 aliquid
1527 4582 1757 4637 dictetur
1784 4582 2017 4635 auctori-

451 4695 550 4750 bus
576 4736 591 4761 ,
642 4689 733 4759 qui
781 4684 1077 4741 colubrinis
1102 4680 1487 4736 oblatratorum
1517 4673 1809 4731 molaribus
1837 4672 1946 4738 ﬁxi,
1974 4674 2019 4727 si

450 4784 578 4857 quid
623 4776 935 4850 simpliciter
984 4776 1240 4839 edamus,
1296 4769 1496 4837 insani;
1552 4767 1595 4820 si
1640 4765 1763 4835 quid
1799 4775 2016 4831 exacte,

448 4888 714 4932 vocamur
739 4864 1152 4940 prtesumptiosi.
1182 4865 1249 4918 At
1286 4863 1332 4917 si
1364 4870 1418 4915 tu
1448 4861 1592 4929 ipse,
1622 4859 1704 4913 cui
1734 4859 1912 4913 datum
1945 4867 2026 4913 est

452 4966 679 5026 saltibus
699 4960 882 5031 gloria:
905 4966 1178 5027 proterere
1200 4968 1358 5023 posse
1375 4951 1610 5007 cervices
1628 4950 2022 5019 vituperonum,

453 5072 550 5115 seu
575 5065 981 5123 supercurrere,
1012 5047 1246 5101 materiae
1282 5046 1435 5099 istius
1471 5044 1643 5097 libens
1680 5043 2011 5112 provinciam

453 5147 712 5206 sortiare:
738 5159 895 5200 nemo
926 5151 977 5196 te
1004 5138 1199 5195 celsius
1229 5135 1525 5206 scripserit,
1555 5150 1712 5190 nemo
1734 5136 2022 5205 antiquius,

459 5242 616 5297 etiam
647 5241 689 5293 si
731 5238 937 5308 placeat
960 5234 1194 5289 recentia
1225 5232 1402 5300 loqui;
1444 5229 1871 5299 quandoquidem
1906 5245 2024 5284 ser-

533 5392 558 5419 ι
581 5377 829 5447 Ejusdem
866 5382 948 5429 est
986 5369 1280 5447 argumenti
1317 5364 1708 5447 eumnepistola
1748 5364 1904 5447 I’linii
1932 5363 2022 5433 9.2,

461 5455 553 5509 lib.
597 5435 685 5512 ui,
722 5447 821 5501 nisi
863 5442 1002 5509 quod
1046 5435 1386 5512 Pliniuspro
1444 5437 1636 5491 liberto
1678 5435 2025 5490 Sabinianum

461 5510 766 5594 patruuunt,
796 5515 1043 5571 Sidonius
1072 5525 1172 5578 pro
1202 5510 1311 5589 filio
1341 5516 1538 5586 patrem
1567 5515 1770 5558 exorat.

455 5577 479 5644 ι’
535 5592 559 5630 δ
586 5592 661 5644 Ex
691 5577 874 5642 eorum
905 5577 1118 5653 genere,
1143 5580 1354 5653 opinor,
1379 5577 1465 5645 qui
1498 5578 1662 5653 sacris
1692 5585 1783 5628 aut
1813 5577 2028 5643 privatis

458 5659 829 5728 largitionibus
857 5646 1335 5728 ntili_tal_)ant,_’et_i_u
1372 5646 1667 5728 provincias
1695 5662 1722 5698 a
1751 5647 2030 5700 comitibus

461 5716 618 5799 dirigi
645 5731 921 5789 solebant,
963 5724 998 5777 l.
1032 5724 1055 5777 1
1089 5721 1209 5775 cod.
1241 5718 1445 5799 Theod.
1492 5716 1556 5769 de
1590 5717 1833 5779 palatinis
1860 5733 2030 5773 sacra-

462 5789 595 5863 tqu
613 5800 942 5867 largitionqu
970 5803 1024 5851 et
1054 5804 1231 5849 rerum
1260 5789 1603 5861 privatarum.

2042 4552 2098 4613 D

2096 4714 2099 4715 ν
2128 4675 2412 4729 Pecuniam
2462 4662 2619 4743 pater
2661 4682 2781 4726 tuus
2810 4671 3045 4739 Turpio,
3076 4672 3157 4725 vir
3197 4667 3539 4732 tribunitius,
3587 4676 3707 4719 mtt-

2113 3295 2228 3348 fore
2259 3291 2465 3345 ﬁdelem
2498 3295 2806 3343 constanter
2847 3282 2899 3337 in
2942 3290 3212 3351 posterum
3252 3275 3518 3345 spondeo;
3560 3286 3694 3341 quo-

2114 3401 2220 3456 que
2243 3384 2504 3438 velociter
2529 3382 2683 3450 culpa
2714 3379 2921 3441 soluto,
2954 3388 3053 3443 ego
3088 3369 3353 3428 beneﬁcio
3383 3368 3556 3437 ligor:
3584 3380 3695 3419 ma-

2112 3490 2347 3547 gnopere
2371 3474 2695 3542 deposcens,
2725 3485 2830 3525 non
2868 3477 2926 3522 ut
2952 3467 3193 3537 ignoscas
3217 3461 3396 3526 modo,
3427 3473 3610 3512 verum
3640 3462 3697 3509 ut

2115 3579 2169 3626 et
2199 3569 2476 3638 protinus,
2524 3576 2577 3619 et
2604 3573 2964 3619 revertentem
3009 3574 3115 3613 non
3156 3556 3316 3611 domo
3350 3553 3562 3615 solum,
3603 3546 3695 3603 scd

2115 3671 2171 3717 et
2200 3671 2413 3731 pectore
2442 3656 2711 3711 admittas.
2741 3656 2888 3708 Deus
2915 3649 3137 3719 magne!
3179 3660 3339 3717 quam
3371 3644 3529 3698 Ianus
3560 3640 3699 3694 orie-

2118 3761 2204 3808 tur
2231 3751 2322 3805 tibi
2346 3750 2479 3814 dies,
2506 3748 2632 3802 mihi
2666 3747 2910 3809 nuntius,
2944 3740 3153 3796 animus
3183 3739 3280 3804 illi,
3313 3752 3431 3791 cum
3465 3731 3699 3803 paternis

2116 3844 2341 3915 pedibus
2370 3841 2570 3896 affusus
2596 3880 2611 3905 ,
2658 3853 2720 3893 ex
2770 3837 2860 3892 illo
2890 3849 2983 3889 ore
3012 3833 3142 3887 lzeso
3163 3872 3177 3897 ,
3207 3844 3300 3885 ore
3329 3825 3548 3882 terribili
3576 3838 3701 3879 con-

2036 3928 2069 3961 ’·
2116 3935 2309 3989 vicium
2341 3941 2681 4002 exspectans,
2715 3926 2951 3982 osculum
2980 3921 3274 3993 exceperit.
3308 3917 3457 3971 Vale.

2626 4077 2961 4135 EPISTOLA
3000 4072 3188 4130 XXIV.

2496 4193 2744 4249 Sidonius
2775 4191 2946 4245 Turno
2974 4203 3067 4242 suo
3091 4186 3325 4240 salutem.

2190 4310 2335 4364 Bene
2361 4307 2599 4370 nomini,
2631 4307 2769 4362 bene
2811 4283 3020 4373 negotio
3049 4311 3139 4356 tuo
3166 4295 3412 4368 congruit
3440 4289 3704 4350 Mantuani

2121 4399 2287 4453 illud:

2243 4490 2427 4547 Turne,
2449 4488 2579 4551 quod,
2595 4486 2962 4551 Optantigdivum
2981 4487 3269 4551 promittere
3288 4494 3433 4532 nemo

2245 4547 2485 4610 Auderet,
2512 4547 2743 4602 volvenda
2765 4549 2873 4597 dies
2897 4560 2958 4597 en
2979 4549 3141 4597 attulit
3165 4547 3306 4596 ultro.

2129 4777 2271 4822 tuam
2303 4765 2545 4835 pridem,
2592 4765 2636 4819 si
2684 4763 2982 4819 recordaris
3008 4806 3022 4829 ,
3072 4762 3100 4800 ι)
3142 4778 3172 4815 a
3203 4762 3430 4837 Maximp
3468 4755 3708 4811 Palatino

2130 4858 2457 4928 postulavit,
2511 4857 2943 4927 impetravitque;
2986 4854 3059 4909 nil
3092 4853 3305 4923 qnidem
3338 4852 3457 4905 loco
3502 4848 3709 4902 ﬁducia:

2130 4956 2509 5026 pignorisque,
2558 4955 2637 5008 vel
2681 4953 2884 5022 argenti
2914 4958 3295 5019 sequestrans,
3343 4946 3427 4999 vel
3472 4942 3709 5011 obligans

2132 5048 2448 5119 praediorum
2475 5065 2485 5099 :
2508 5045 2628 5112 sed.
2650 5056 2707 5099 ut
2738 5042 3092 5113 chirographo
3122 5041 3261 5093 facto
3288 5037 3531 5098 docetur,
3554 5040 3709 5087 cauta

2130 5140 2418 5195 centesima
2447 5147 2528 5192 est
2552 5136 2835 5192 fcneratori
2878 5153 2889 5187 :
2934 5148 3049 5202 qua:
3081 5148 3174 5199 per
3205 5131 3423 5185 bilustre
3452 5126 3713 5199 producta

2131 5239 2338 5301 tempus
2370 5231 2581 5285 modum
2617 5240 2639 5267 ε
2666 5228 2825 5283 sortis
2852 5226 2917 5279 ad
2948 5223 3161 5294 duplum
3191 5221 3429 5277 adduxit.
3453 5218 3558 5275 Sed
3589 5230 3709 5272 cum

2211 5364 2441 5447 {Usura
2485 5364 2794 5445 .centesima
2852 5359 3129 5447 dtio'decitit
3195 5372 3442 5411 nummos
3488 5352 3712 5423 singulis

2135 5437 2289 5519 anulus
2319 5436 2522 5517 peragit
2550 5435 2599 5519 in
2630 5441 2902 5485 centenos.
2948 5430 3167 5484 Fuerint
3196 5443 3325 5497 ergo
3356 5436 3566 5482 centum
3618 5440 3712 5476 au-

2687 5503 2723 5519 I,
2787 5518 2790 5519 ,
2859 5502 2870 5519 ι
2911 5504 2945 5519 .·
2984 5517 2997 5519 μ
3043 5502 3260 5519 ll-_,:__._n
3298 5513 3310 5519 -
3353 5513 3505 5519 --.μη-,ι
3541 5496 3588 5519 ξ-.
3624 5496 3684 5519 An

2137 5507 2215 5563 rei
2247 5496 2503 5585 Ttt'rriiriiti
2552 5504 2649 5585 hac
2687 5503 2799 5571 lege
2842 5502 2946 5553 dati
2979 5517 3004 5551 a
3040 5502 3266 5554 Maximo
3298 5513 3311 5552 :
3353 5513 3510 5551 usura
3541 5496 3589 5548 iu
3621 5496 3714 5547 de—

2138 5568 2385 5658 ccnniutn
2444 5575 2696 5640 producta
2742 5568 2866 5625 cum
2926 5573 3099 5639 capite
3146 5569 3393 5623 conﬁciet
3456 5568 3713 5619 ducentos

2796 5644 2805 5658 ι
2886 5643 2896 5658 ι
3014 5656 3058 5658 _,
3104 5641 3165 5658 .-_
3196 5656 3217 5658 Α
3242 5656 3249 5658 ι
3272 5656 3291 5658 ,_
3334 5653 3408 5658 μ--
3436 5647 3496 5658 Δ..ι
3532 5634 3687 5658 ,ηςΑᾸΑ

2142 5634 2521 5711 vicenos:qu
2551 5659 2752 5695 summa
2777 5634 3170 5709 duplum'sortis
3194 5656 3297 5692 non
3331 5647 3502 5706 aequat
3532 5634 3712 5699 modo,

2139 5720 2232 5772 sed
2265 5707 2498 5782 supcrat.
2532 5714 2723 5766 Verum
2755 5707 3007 5767 Salonius
3031 5752 3046 5777 ,
3078 5723 3133 5765 ut
3161 5711 3255 5762 viri
3284 5709 3424 5761 docti
3456 5707 3712 5760 observa-

2139 5800 2303 5851 runt,
2335 5776 2679 5841 'exrurrentis
2727 5798 2883 5852 supra
2932 5776 3149 5849 duplum
3181 5794 3405 5847 summa:
3451 5776 3714 5837 rationem
