4078 6348
445 372 552 451 529

1702 395 2183 454 EPISTOLARUM
2222 398 2351 457 LIB.
2391 401 2481 457 IV.

3606 423 3710 479 530

442 518 595 601 pater
620 514 743 562 tuus
774 508 932 563 morti
964 509 1273 601 propinquae
1314 509 1501 563 morbo
1533 510 1874 565 incumbente
1904 527 2025 567 suc-
2051 516 2104 575 Α
2135 514 2419 571 barbaram
2442 518 2750 576 instantiam
2780 522 2997 581 indultis
3032 530 3293 601 tantisper
3334 532 3563 589 induciis
3594 551 3711 593 mo-

442 598 749 662 cmuberet;
800 607 959 667 atque
1002 599 1071 653 ob
1120 599 1219 654 hoc
1260 600 1429 668 ipsum
1483 601 1689 669 publica
1736 604 2026 661 auctoritas

440 690 580 745 male
624 690 888 745 valentem
929 692 1371 759 patremfamilias
1422 692 1708 749 violentius
1755 695 1821 749 ad
1860 696 2029 751 refor-

441 782 692 838 mandum
724 781 961 837 debitum
987 792 1248 848 arctaret,
1284 798 1384 838 nec
1413 784 1666 840 sustineri
1698 786 1900 841 valeret
1931 788 2031 841 im-

440 874 680 944 probitas
719 882 1127 939 exsecutorum;
1171 875 1529 943 proficiscenti
1573 877 2028 946 mihifl‘olosam,

439 963 545 1036 jam
592 965 906 1033 desperatus
946 966 1100 1035 123
1140 965 1332 1021 litteris
1375 966 1697 1035 imperavit,
1748 977 1803 1021 ut
1830 983 1913 1023 me
1943 985 2029 1023 ro-

438 1066 594 1128 gante
623 1057 855 1112 creditor
886 1066 1062 1111 vester
1100 1056 1337 1111 modicas
1384 1058 1577 1112 saltem
1623 1059 1910 1128 largiretur
1937 1061 2027 1113 in-

439 1148 641 1205 ducias.
663 1148 913 1203 Precibus
930 1148 1135 1203 orantis
1156 1147 1294 1202 citus
1312 1150 1473 1204 annui
1490 1167 1503 1204 :
1520 1151 1641 1217 quia
1660 1167 1780 1205 cum
1796 1152 2027 1206 Maximo

439 1240 567 1295 mihi
609 1256 714 1295 non
758 1240 960 1295 notitiai
1007 1240 1221 1307 solum,
1267 1257 1451 1296 verum
1494 1250 1549 1296 et
1588 1243 1805 1311 hoSpitii
1845 1254 2027 1299 vetera

437 1334 573 1404 jura.
623 1334 785 1403 Igitur
832 1332 899 1387 ad
955 1334 1187 1388 amicum
1229 1334 1401 1388 libens
1435 1350 1501 1389 ex
1540 1335 1730 1391 itinere
1778 1338 2023 1407 perrexi,

437 1440 739 1495 quanquam
776 1424 900 1478 villa
939 1438 1045 1479 non
1094 1424 1276 1494 paucis
1314 1441 1507 1496 aggere
1549 1442 1579 1481 a
1620 1428 1831 1496 publico
1863 1430 2024 1483 milli-

440 1515 541 1570 bus
568 1517 800 1570 ahesset.
831 1516 901 1571 Ut
929 1516 1081 1581 veni,
1114 1518 1351 1571 occurrit
1388 1518 1520 1571 mihi
1552 1520 1666 1588 ipse
1688 1560 1701 1582 ,
1742 1535 1898 1589 quem
1930 1537 2027 1575 no-

438 1625 618 1665 veram
652 1611 892 1665 anterius
926 1625 1153 1681 corpore
1184 1621 1450 1677 erectum,
1478 1627 1664 1683 gressu
1695 1614 2022 1682 expeditum,

439 1718 571 1757 voce
633 1703 891 1768 liberum,
949 1703 1084 1758 facie
1144 1703 1450 1769 liberalem,
1506 1706 1731 1759 multutn
1774 1705 1841 1759 ab
1888 1707 2025 1761 anti-

440 1807 545 1862 quo
569 1792 849 1848 dissimilis
874 1795 1108 1848 incessu.
1139 1794 1358 1849 Habitus
1388 1798 1535 1861 viro,
1566 1796 1763 1865 gradus
1786 1837 1799 1861 ,
1830 1798 2017 1867 pudor,

2131 606 2411 662 deraretur
2436 627 2448 663 :
2473 613 2588 665 etsi
2611 612 2926 671 decessisset
2961 633 3101 687 aeger
3124 664 3138 687 ,
3185 623 3442 680 tribueret
3486 626 3712 684 haeredi-

2129 698 2229 753 bus
2256 702 2419 755 annui
2447 701 2623 756 luctus
2656 714 2865 775 tempus
2893 710 3154 768 immune:
3179 716 3247 779 si,
3270 717 3409 785 quod
3438 730 3708 787 optarem,
3766 735 3786 757 '

2132 790 2408 858 pristinam
2435 791 2632 861 Turpio
2674 798 2903 853 salutem
2954 816 3362 873 recuperasset,
3408 809 3713 879 indulgeret

2130 882 2390 939 exhausto
2418 902 2513 954 per
2539 889 2705 942 otium
2731 890 3038 949 facultatem
3063 900 3493 957 convalescendi.
3520 904 3712 959 Adhuc

2129 977 2399 1046 rogabam,
2425 995 2544 1035 cum
2568 992 2787 1051 repente
2816 986 2894 1038 vir
2919 988 3077 1043 totius
3106 992 3343 1047 caritatis
3384 994 3511 1049 flere
3550 1013 3711 1065 gran-

2129 1066 2270 1121 diter
2298 1070 2459 1137 ctepit
2484 1086 2588 1125 non
2622 1087 2825 1127 moram
2858 1076 3055 1141 debiti,
3092 1081 3185 1133 sed
3224 1084 3518 1149 periculum
3559 1086 3710 1140 debi-

2130 1160 2289 1225 toris;
2316 1160 2632 1232 frenatoque
2656 1164 2912 1234 singultu,
2943 1168 3094 1223 Absit
3117 1186 3143 1222 a
3169 1187 3273 1239 me,
3302 1174 3489 1244 inquit,
3510 1183 3568 1229 ut
3593 1176 3709 1233 hac

2128 1266 2408 1320 reposcam
2438 1254 2666 1310 clericus
2697 1256 2765 1309 ab
2793 1272 2958 1327 (egro,
2984 1276 3105 1327 qute
3140 1262 3227 1315 vix
3268 1263 3519 1331 petissem
3552 1266 3709 1320 miles

2127 1357 2155 1396 a
2186 1344 2405 1413 sospite.
2437 1344 2541 1398 Sed
2575 1355 2629 1400 et
2659 1347 2857 1403 liberos
2908 1350 3024 1418 ejus
3054 1351 3124 1411 ita
3162 1353 3353 1421 diligo,
3400 1366 3455 1409 ut
3485 1358 3709 1421 etiamsi

2128 1436 2253 1505 quid
2281 1436 2563 1491 adversum
2590 1440 2814 1494 cesserit
2834 1441 3031 1507 amico,
3065 1444 3137 1496 nil
3160 1444 3260 1498 sim
3285 1446 3351 1499 ab
3375 1447 3459 1501 his
3481 1450 3709 1517 amplius

2130 1529 2493 1595 posmlaturus
2530 1546 2687 1599 quam
2737 1533 2840 1587 mei
2868 1534 3030 1588 officii
3066 1537 3203 1590 ratio
3248 1541 3521 1605 permittit.
3565 1543 3709 1610 Qua-

2129 1629 2344 1688 propter
2371 1621 2544 1675 scribe
2576 1622 2847 1689 sollicitis;
2877 1640 3087 1695 quoque
3110 1627 3330 1682 credant
3363 1630 3481 1698 plus
3513 1632 3708 1688 litteris

2128 1713 2254 1774 tuis,
2280 1712 2629 1783 measjunge,
2658 1716 2899 1785 quisquis
2931 1717 3019 1772 ille
3052 1718 3209 1773 fuerit
3250 1721 3518 1789 languoris
3547 1739 3708 1779 even-

2128 1811 2211 1856 tus
2244 1803 2421 1872 (quem
2450 1814 2623 1859 tamen
2655 1804 2807 1861 fratri
2830 1823 3145 1878 prosperum
3179 1813 3454 1883 optamus)
3485 1814 3626 1883 quod
3654 1825 3707 1870 et

438 1886 608 1950 0010f.
652 1899 831 1939 50""0
871 1885 1179 1954 religiosus;
1224 1896 1331 1939 ιυηι
1364 1895 1390 1921 ⁸
1425 1902 1576 1940 Coma
1615 1886 1825 1952 bI‘CV’iS.
1859 1888 2020 1943 barba
2053 1882 2099 1941 Β
2126 1910 2359 1949 annuum
2386 1898 2638 1952 solutioni
2666 1902 2897 1968 spatium
2937 1906 3270 1971 prorogabo,
3308 1916 3362 1960 et
3399 1882 3707 1977 superposi-

441 1977 681 2048 prolixa,
734 1975 968 2045 tripodes
1026 1976 1211 2041 sellae,
1266 1978 1476 2030 cilicum
1518 1978 1633 2032 vela
1678 1978 1880 2034 foribus
1924 1994 2018 2049 ap-

442 2084 626 2141 pensa,
658 2069 826 2124 lectus
856 2070 931 2122 nil
962 2068 1163 2125 habens
1193 2070 1405 2138 plumae,
1439 2087 1621 2125 mensa
1647 2072 1717 2127 nil
1748 2089 2013 2142 purpurae;

439 2164 743 2220 humanitas
771 2163 883 2232 ipsa
907 2164 982 2218 sic
1015 2166 1267 2234 benigna,
1302 2165 1438 2234 quod
1476 2165 1628 2236 frugi,
1664 2183 1763 2221 nec
1799 2170 1871 2222 ita
1899 2184 2016 2223 car-

437 2258 589 2313 nibus
622 2256 921 2322 abundans,
954 2268 1010 2310 ut
1038 2258 1416 2327 leguminibus.
1441 2259 1600 2314 Certe
1624 2261 1667 2314 si
1696 2261 1823 2329 quid
1858 2261 1910 2314 in
1939 2262 2016 2316 ci-

436 2350 519 2405 bis
546 2348 775 2415 unctius,
798 2364 903 2403 non
932 2349 1053 2415 sibi,
1087 2348 1181 2403 sed
1220 2350 1517 2417 li0$pitibus
1546 2352 1848 2420 indulgens.
1880 2352 2013 2408 Cum

435 2455 808 2512 surgeremus,
842 2440 978 2495 clam
1023 2450 1311 2511 percontor
1360 2452 1627 2503 astantes.
1671 2444 1809 2512 quod
1844 2460 2010 2513 genus

433 2534 555 2589 vita:
592 2534 659 2588 de
692 2533 863 2588 tribus
892 2533 1206 2601 arripuisset
1252 2533 1557 2597 ordinibus;
1605 2532 1630 2571 δ
1686 2536 2007 2590 monachum

432 2632 632 2697 ageret,
664 2642 731 2680 an
752 2627 1027 2693 clericum,
1054 2627 1519 2697 pmnitentemne?
1552 2628 2010 2698 dixerunt,nuper

432 2718 660 2787 impacto
686 2719 989 2774 sacerdotio
1017 2720 1182 2789 fungi,
1210 2735 1315 2789 quo
1340 2728 1675 2775 recusantem
1700 2720 1923 2776 factiose
1946 2720 2009 2775 li-

431 2820 609 2881 gasset
630 2810 830 2865 civicus
860 2825 1030 2865 amor.
1060 2811 1203 2866 Luce
1230 2811 1494 2877 revoluta,
1524 2812 1649 2865 dum
1681 2812 1831 2881 pueri
1847 2813 2011 2865 clien-

434 2913 617 2974 tesque
641 2904 916 2973 capiendis
951 2904 1273 2960 animalibus
1314 2915 1741 2973 occuparentur,
1785 2914 2011 2959 secretae

432 2994 803 3049 collocationis
839 3003 964 3066 pcto
1003 2996 1230 3065 copiam.
1286 2996 1514 3051 Praestat
1545 3014 1558 3049 :
1592 2996 1889 3066 amplector
1936 2996 2011 3051 nil

430 3086 757 3155 opinantem,
788 3088 1155 3158 gratularique
1183 3103 1271 3143 me
1314 3089 1543 3157 primum
1588 3104 1686 3158 pro
1725 3090 1805 3144 sui
1840 3097 2008 3144 status

430 3180 584 3247 apice
612 3180 891 3241 conﬁrmo.
940 3189 1053 3235 tum
1100 3189 1494 3250 consequentes
1548 3181 1751 3235 misceo
1798 3196 2003 3250 preces.

2072 1999 2082 2019 ί
2126 1995 2230 2039 tant
2255 1988 2596 2042 medietatem
2621 2006 2738 2059 quae
2763 2006 2858 2060 per
2880 2009 3059 2047 usurae
3091 2012 3282 2050 nomen
3300 2001 3578 2065 accrevit,
3624 2001 3705 2053 itt-

2119 2078 2385 2148 dulgeam,
2413 2083 2521 2135 sola
2552 2083 2727 2150 simpli
2777 2087 3115 2142 restitutione
3153 2099 3455 2145 contentus.
3510 2093 3601 2162 Egi
3640 2094 3705 2148 ad

2118 2168 2235 2222 haec
2264 2171 2488 2237 gratias,
2522 2171 2631 2225 Deo
2663 2176 2947 2241 maximas,
2974 2176 3173 2245 hospiti
3219 2195 3437 2249 magnas
3458 2222 3473 2246 ,
3505 2184 3593 2250 qui
3625 2183 3705 2236 sic

2118 2270 2321 2315 amaret
2344 2272 2448 2316 tam
2480 2278 2629 2316 suam
2662 2264 2854 2319 famam
2885 2283 3039 2334 quam
3061 2271 3446 2326 conscientiam
3466 2314 3480 2337 ,
3506 2274 3704 2327 confir-

2117 2368 2269 2407 mans
2295 2354 2525 2407 amicum
2551 2360 2883 2423 prremittere
2910 2359 3008 2412 sibi
3035 2361 3175 2427 quod
3205 2361 3497 2418 dimitteret
3528 2366 3702 2430 vobis,

2117 2454 2275 2515 atque
2304 2446 2427 2500 hinc
2454 2461 2687 2515 superna
2744 2464 2909 2519 regna
2961 2453 3221 2519 mercari,
3254 2456 3393 2523 quod
3443 2457 3703 2513 beneficia

2118 2546 2329 2591 terrena
2352 2553 2457 2592 non
2488 2541 2767 2594 venderet.
2805 2542 2943 2610 Ergo
2973 2544 3114 2612 quod
3139 2555 3335 2610 restat,
3368 2548 3605 2615 enitere,
3646 2558 3702 2604 ut

2115 2637 2335 2685 auctore
2364 2638 2412 2683 te
2438 2631 2683 2699 protinus
2708 2633 2886 2686 saltim
2909 2636 3246 2691 commodata
3287 2653 3495 2692 summa
3529 2642 3701 2695 solva-

2117 2728 2201 2774 tur
2232 2739 2244 2771 :
2278 2721 2435 2775 sicut
2458 2722 2699 2791 ingentes
2738 2723 3088 2779 nihilominus
3133 2728 3331 2795 gratias
3367 2744 3495 2797 agas
3540 2731 3701 2785 etiam

2115 2812 2332 2866 nomine
2356 2813 2572 2867 illorum
2602 2816 2692 2883 qui
2723 2814 2817 2869 tibi
2847 2817 3202 2884 germanitate
3227 2820 3539 2888 conjuncti,
3591 2822 3702 2876 fors

2115 2917 2211 2974 per
2232 2913 2442 2957 aetatem
2465 2919 2659 2973 sapere
2710 2921 2814 2960 non
2864 2918 3085 2974 possunt
3112 2911 3239 2980 quid
3282 2914 3521 2966 muneris
3571 2928 3699 2968 con-

2114 3004 2426 3062 sequantur.
2468 2996 2621 3066 125
2652 2996 2769 3051 Non
2797 3008 2877 3052 est
2903 3014 2999 3053 cur
3020 3001 3199 3055 dicere
3225 3002 3448 3071 incipias
3468 3044 3482 3069 ,
3515 3003 3698 3060 Habeo

2113 3094 2427 3155 consortes,
2479 3088 2706 3141 necdum
2759 3090 3031 3144 celebrata
3087 3092 3277 3146 divisio
3318 3104 3429 3158 est;
3487 3097 3698 3151 avarius

2114 3185 2323 3230 constat
2350 3192 2437 3231 me
2466 3192 2587 3232 esse
2616 3186 2901 3233 tractatum
2934 3196 3090 3249 quam
3141 3184 3489 3249 colueredes;
3532 3185 3697 3240 frater

432 3269 719 3339 Turpionis
749 3272 911 3326 nostri
934 3281 1117 3341 rogata
1149 3273 1382 3342 profero,
1418 3273 1593 3342 allego
1616 3275 1966 3328 necessitates
1988 3315 2003 3338 ν
2036 3253 2083 3317 C
2114 3278 2168 3322 et
2195 3284 2347 3323 soror
2378 3270 2476 3323 sub
2503 3270 2661 3324 annis
2686 3271 2859 3326 adhuc
2876 3274 3199 3328 tutelaribus
3236 3285 3397 3345 agunt
3422 3293 3436 3341 ;
3472 3278 3697 3331 necdum

436 3369 675 3415 extrema
694 3361 912 3429 deploro
937 3407 952 3430 ,
993 3377 1113 3431 qua:
1153 3362 1370 3417 duriora
1411 3364 1763 3418 maerentibus
1817 3362 2006 3417 amicis

433 3450 565 3507 hinc
592 3452 918 3521 viderentur,
950 3455 1094 3525 quod
1126 3456 1312 3511 fenore
1344 3457 1536 3526 ligatus
1558 3472 1787 3525 corpore
1831 3457 2010 3511 solve~

427 3552 575 3598 retur
597 3562 610 3596 :
630 3545 961 3601 meminisset
986 3561 1116 3617 ergo
1142 3547 1499 3618 professionis
1523 3563 1633 3602 sum
1662 3564 1835 3615 novae,
1856 3548 2011 3620 124

427 3635 726 3692 sodalitatis
745 3638 1009 3709 antiquae,
1038 3647 1460 3709 exactorumque
1501 3639 1998 3694 circumlatrantum

427 3889 529 3929 non
557 3875 759 3943 habuit,
787 3876 910 3946 quia
933 3876 1134 3931 sciebat
1152 3890 1351 3946 usuras
1380 3889 1693 3931 communes
1720 3890 1880 3944 supra
1903 3888 2002 3929 au-

426 3946 567 4027 plum
598 3945 927 4027 necdeherni,
959 3945 1217 4027 n_ec.exigi
1252 3962 1428 4027 posse,
1461 3947 1497 4000 l.
1708 3946 1774 4027 de
1799 3946 1998 4026 condit.

426 4016 629 4079 indeb..
660 4026 715 4072 et
742 4018 781 4073 l.
815 4017 848 4071 4
877 4018 940 4072 D.
970 4017 1036 4071 de
1064 4017 1247 4071 fenore
1277 4017 1511 4072 nautico.
1539 4016 1700 4085 Cujus
1728 4016 1857 4083 legis
1887 4030 2002 4070 me-

424 4088 574 4141 minit
602 4088 938 4153 Plutaruius,
964 4089 1057 4143 sed
1086 4089 1323 4156 privatae,
1354 4088 1560 4141 Asianis
1589 4102 1619 4140 a
1650 4086 1867 4140 Lucullo
1895 4086 2000 4138 im-

425 4158 608 4233 posite
628 4177 640 4210 :
660 4162 787 4233 T03);
826 4162 1197 4233 paxpors'ppug,
1224 4159 1411 4233 inquit,
1444 4165 1533 4211 τοῦ
1558 4160 1792 4233 Ῠάρχαίφυ
1819 4158 1999 4233 τέξους-

426 4230 691 4299 animi“.
724 4226 959 4282 Metiiinit
990 4226 1332 4283 et'Diodoru’s
1362 4229 1453 4282 lib.
1482 4243 1518 4282 tt
1541 4226 1801 4295 Atiiiquit.’
1830 4226 1997 4297 Egy-

425 4300 548 4366 ptiis
576 4298 702 4354 Olim
733 4300 853 4353 lata:
882 4301 986 4371 52
1011 4315 1041 4353 a
1086 4298 1413 4353 Borehoride
1443 4316 1454 4351 :
1482 4307 1580 4352 Τοῦ
1654 4302 1744 4353 ετά
1773 4300 1995 4369 ξυγγρα-

425 4378 513 4422 sic
560 4368 887 4422 δανείσαντας
929 4374 1107 4422 ἐκώλυε
1137 4369 1217 4422 διὰ
1254 4376 1344 4422 τοῦ
1383 4366 1537 4422 τόκον
1574 4322 1747 4422 πςεῐιιν
1787 4369 1995 4422 ποιεῐνῆ

457 4378 513 4431 ἧς
560 4366 1107 4430 δανείσαντας-ἇὼὶυε
1137 4369 1217 4424 διὰ
1254 4376 1344 4425 τοῦ
1383 4366 1537 4425 τόκον
1574 4366 1747 4424 πλεῖον
1787 4366 1945 4422 mea
1970 4369 1999 4427 ἧ

457 4392 513 4431 ης
560 4391 887 4430 οανεισαντας
929 4391 1107 4425 εκωωε
1137 4391 1217 4424 οια
1254 4393 1344 4425 του
1383 4391 1537 4425 τοκον
1574 4391 1747 4424 πλειίιν
1787 4391 1945 4422 ποιειν
1970 4393 1999 4427 η

423 4391 677 4495 Ξιπλάσιον
699 4457 713 4494 :
736 4439 837 4493 Eos
857 4442 944 4509 qui
968 4457 1031 4494 ea:
1056 4441 1349 4509 syngrapha
1378 4443 1683 4509 fenerarent,
1714 4440 1866 4491 vetuit
1890 4455 2001 4491 am-

423 4510 557 4581 plius
582 4527 732 4581 quam
761 4511 975 4578 duplum
1004 4511 1152 4565 sortis
1180 4527 1338 4563 usura
1363 4511 1628 4581 con/iocre.
1870 4580 1875 4581 ν
1900 4556 1903 4557 ,

496 4590 521 4616 ιι
561 4580 858 4635 Observare
902 4583 1024 4636 licet
1069 4581 1123 4634 in
1172 4581 1253 4633 his
1300 4580 1478 4635 verbis
1511 4590 1743 4634 veterem
1798 4580 2001 4633 cultum

426 4648 554 4704 cieri
584 4648 837 4705 Gallicani
883 4668 946 4707 ac
977 4652 1138 4706 totius
1190 4651 1445 4705 Ecclesia:
1471 4650 1827 4705 Occidentalis
1860 4667 1874 4703 :
1912 4650 1999 4703 ubi

424 4735 630 4774 comam
682 4720 932 4776 fluentem
973 4723 1152 4776 statim
1196 4722 1501 4789 ponebant,
1553 4728 1641 4789 qui
1692 4735 1752 4775 se
1797 4720 2001 4774 militia:
2029 4694 2083 4754 D

424 4805 589 4844 sacra:
625 4792 979 4847 accinserant.
1014 4792 1335 4847 Prudentius
1369 4791 1437 4846 de
1472 4802 1657 4845 sancto
1694 4790 1999 4861 Cypriano:

540 4888 712 4940 Deflua
733 4894 960 4941 caesaries
978 4892 1304 4955 compescitur
1328 4892 1386 4939 ad
1410 4893 1590 4941 breves
1611 4891 1825 4953 capillos.

419 4996 486 5050 Et
513 5006 733 5068 manent
762 4998 919 5064 hujus
949 4998 1116 5053 moris
1166 4998 1389 5067 vestigia
1442 4998 1494 5052 in
1546 5014 1699 5052 sacro
1742 4998 1848 5052 ritu
1899 5014 2002 5068 quo

422 5068 552 5121 fiunt
580 5067 783 5123 clerici.
823 5071 1117 5138 Episcopus
1156 5069 1299 5122 enim
1343 5082 1476 5135 quos
1513 5078 1763 5136 cooptat,
1813 5070 1878 5122 iis
1914 5067 2003 5121 ea-

419 5139 665 5205 pillorum
695 5140 882 5193 cinnos
929 5140 1051 5194 hinc
1101 5140 1221 5193 inde
1249 5140 1478 5207 delibat,
1529 5154 1649 5207 quae
1681 5142 1850 5206 prima
1884 5152 2002 5193 tou-

417 5223 538 5261 sura
579 5211 907 5278 nominatur,
948 5219 1003 5265 et
1044 5214 1180 5265 tonsi
1220 5210 1351 5263 olim
1390 5208 1508 5277 ejus
1543 5208 1739 5278 gradus
1782 5210 1984 5263 clerici.

418 5278 554 5332 Olim
588 5282 733 5334 enini
764 5296 950 5335 revera
985 5281 1361 5346 tondebantur,
1392 5295 1489 5333 nec
1522 5289 1701 5348 postea
1732 5280 1993 5349 integrum

416 5362 784 5422 eratcomam
826 5352 989 5407 alere.
1050 5351 1298 5422 Synodus
1354 5350 1673 5422 Agatbensis
1719 5364 1838 5404 can.
1896 5352 1991 5405 15:

416 5418 600 5473 Clerici
638 5422 723 5488 qui
754 5437 951 5474 comam
986 5418 1217 5475 nutriunt
1236 5462 1250 5485 ,
1285 5422 1347 5474 ab
1376 5418 1739 5474 archidiacono
1770 5422 1921 5474 etiam
1951 5423 1997 5475 si

417 5491 690 5555 noluerint,
719 5493 863 5545 inviti
889 5494 1278 5546 detondeantur.
1314 5492 1439 5547 Inde
1468 5493 1674 5547 concilii
1709 5507 1761 5544 tv
1782 5492 1996 5546 Cartha-

416 5564 651 5627 g'ueusis
672 5604 687 5629 ,
729 5577 851 5616 can.
892 5563 962 5617 44
995 5581 1006 5615 :
1042 5562 1269 5617 Clericus
1298 5580 1390 5618 nec
1418 5579 1615 5617 comam
1643 5564 1865 5622 nutriat,
1905 5578 1995 5615 nec

417 5629 622 5703 barbam
641 5633 815 5698 radat,
844 5634 925 5688 vel
960 5643 1017 5687 ut
1038 5634 1126 5687 alii
1152 5642 1359 5690 veteres
1389 5634 1505 5688 libri
1535 5634 1736 5703 legunt,
1761 5632 1986 5686 tondeat.

418 5700 640 5755 Barbam
675 5705 831 5773 igitur
855 5704 1060 5758 alebant
1079 5744 1095 5771 ,
1128 5712 1187 5756 ut
1215 5704 1476 5774 hodieque
1505 5700 1706 5768 Graeci,
1736 5713 1789 5757 et
1814 5703 1987 5774 Latini

416 5786 526 5844 non
554 5771 823 5841 paucilut
853 5789 1071 5843 prorsus
1096 5787 1206 5844 non
1234 5771 1459 5842 capiam,
1484 5776 1623 5844 quod
1645 5775 1827 5829 scribit
1854 5771 1985 5829 Gre-

418 5843 600 5912 gorius
628 5844 718 5900 Vll
739 5845 803 5899 ad
830 5842 1439 5917 jbdicemCaralitanum
1466 5842 1554 5899 lib.
1590 5862 1661 5914 tx,
1691 5850 1848 5916 epist.
1878 5847 1939 5899 lt)
1964 5862 1978 5899 :

2090 5845 2269 5921 θλίψιν.

2113 3360 2285 3415 sorori
2318 3362 2562 3428 maritus,
2600 3361 2747 3417 fratri
2772 3364 3000 3418 necdum
3029 3375 3271 3432 curator,
3299 3368 3532 3423 curatori
3573 3384 3701 3425 nec-

2114 3453 2238 3506 dunt
2291 3453 2582 3507 satisdator
2638 3455 2889 3509 inventus
2936 3467 3051 3523 est;
3095 3459 3234 3526 quod
3265 3460 3479 3529 quidem
3528 3470 3699 3518 totum

2113 3545 2470 3601 creditoribus
2496 3546 2653 3613 bene,
2687 3547 2779 3601 sed
2812 3548 2969 3601 malis
3012 3548 3228 3602 dicitur.
3273 3550 3343 3602 At
3382 3565 3502 3604 cum
3536 3550 3698 3607 habet

2114 3639 2235 3694 talis
2259 3654 2485 3695 persona
2512 3650 3001 3709 contractum,qu:e
3018 3642 3145 3697 velit
3172 3641 3402 3697 medium
3426 3644 3695 3708 relaxare,

2113 3874 2292 3928 Totius
2333 3876 2675 3929 Occidentalis
2710 3874 2954 3928 Ecclesia:
2985 3876 3173 3927 clerum
3209 3876 3270 3927 ab
3297 3893 3419 3943 ipsis
3454 3871 3709 3932 Ecclesia.

2110 3944 2298 3998 Christi
2324 3947 2617 4015 primordiis
2645 3947 2854 3998 barbam
2882 3946 3096 3997 radendi
3126 3961 3313 3997 morem
3342 3948 3573 4000 tenuisse.
3600 3948 3693 4001 La-

2108 4016 2205 4069 tini
2233 4025 2403 4070 tamen
2434 4027 2617 4080 postea
2647 4016 2864 4069 barbam
2893 4015 3132 4083 plerique
3182 4016 3489 4067 rasitarunt.
3526 4016 3692 4083 quue

2109 4085 2393 4140 discrimen
2440 4085 2609 4140 Graeci
2661 4085 2942 4154 Latinique
3011 4085 3135 4138 cleri
3176 4100 3190 4136 :
3257 4084 3391 4147 quod
3443 4085 3690 4151 religioni

2108 4167 2305 4209 nostra:
2350 4156 2478 4209 nihil
2522 4157 2741 4210 officere
2790 4164 3036 4208 accurate
3082 4154 3296 4207 disserit
3323 4155 3557 4223 synodus
3588 4155 3689 4209 Le-

2107 4226 2371 4280 ntovicina
2395 4242 2411 4281 :
2436 4228 2487 4280 in
2520 4227 2670 4294 cujus
2702 4226 2835 4278 actis
2862 4226 2968 4278 diei
3001 4224 3248 4278 secunda:
3277 4228 3568 4277 recitantur
3594 4238 3704 4287 ca-,

2108 4311 2273 4350 nones
2304 4297 2494 4368 synodi
2524 4298 2890 4359 Bituricensis,
2921 4309 3148 4368 quorum
3179 4295 3691 4368 septimusclericos

2107 4383 2293 4421 Omnes
2334 4364 2613 4421 tonsuram
2662 4366 3077 4421 ecclesiasticam
3130 4365 3326 4419 habere
3371 4364 3550 4431 jubet,
3587 4364 3691 4418 hoc

2106 4448 2187 4491 est
2216 4439 2431 4492 barbam
2465 4454 2637 4492 rasam
2668 4446 2722 4493 et
2749 4452 3000 4491 coronam
3028 4436 3080 4487 in
3114 4436 3305 4503 capite.
3343 4435 3491 4488 Adeo
3525 4438 3689 4489 varia:

2106 4508 2204 4561 hac
2236 4510 2395 4562 etiam
2428 4512 2479 4561 in
2514 4518 2661 4577 parte
2693 4509 2837 4561 vices
2865 4517 3162 4573 temporum
3194 4506 3429 4577 fuerunt.
3470 4576 3475 4577 γ
3696 4564 3699 4569 ν

2179 4578 2205 4616 ι)
2228 4579 2375 4633 Facit
2406 4575 2614 4633 Sidonii
2660 4578 2943 4639 dubitatio,
2975 4588 3033 4629 ut
3075 4575 3433 4645 intelligamus
3468 4576 3699 4631 brevem

2108 4663 2338 4713 comam,
2371 4650 2590 4704 barbam
2620 4650 2905 4718 prolixam,
2946 4646 3223 4718 monachis
3269 4662 3331 4700 ac
3378 4648 3688 4713 ptenitcnti~

2110 4722 2207 4774 bus
2232 4721 2394 4773 fuisse
2420 4737 2541 4775 cum
2568 4720 2778 4773 clericis
2806 4732 3166 4772 communem.
3193 4717 3267 4769 De
3298 4718 3573 4770 monachis
3590 4718 3687 4770 do-r

2110 4800 2195 4844 cet
2225 4790 2457 4843 Hilarius
2487 4789 2817 4843 Arelatensis
2846 4789 2899 4841 in
2932 4787 3047 4841 Vita
3084 4788 3340 4842 Honorati
3372 4805 3384 4840 :
3422 4786 3683 4855 Redigun-

2111 4869 2195 4912 tur
2216 4862 2283 4913 ad
2314 4862 2478 4913 breves
2502 4858 2715 4929 capillos
2737 4859 3049 4912 luxuriantes
3076 4875 3251 4924 comat,
3286 4861 3591 4929 transfertur
3616 4856 3686 4909 ad

2110 4931 2324 4984 nitorem
2355 4932 2534 4984 mentis
2555 4929 3055 4995 vestiuntspleudor,
3082 4929 3283 4981 cervicis
3318 4931 3493 4981 lactea:
3530 4928 3692 4995 decus

2109 5000 2280 5067 palliis
2312 5002 2586 5071 rigentibus
2612 5010 2926 5071 occupatur;
2950 5001 3141 5068 quibus
3162 4998 3338 5071 verbis
3359 4996 3681 5071 monachum

2109 5065 2377 5137 designat:
2402 5070 2529 5125 ltem
2561 5065 2841 5125 Salvianus
2872 5065 3084 5124 libivm
3118 5084 3131 5121 :
3177 5068 3326 5120 Intra
3356 5065 3685 5135 Carthaginis

2109 5157 2281 5194 muros
2310 5142 2602 5210 palliatum,
2620 5150 2665 5193 et
2689 5140 2959 5209 pallidum,
2974 5150 3018 5191 et
3038 5139 3211 5191 recisis
3228 5154 3502 5210 cantarunt
3517 5141 3684 5210 ﬂuen-

2108 5212 2232 5264 tium
2266 5207 2409 5283 jubis
2440 5228 2597 5280 usque
2626 5207 2696 5263 ad
2725 5221 2886 5283 autem
2917 5220 3117 5283 t_onsum
3143 5210 3315 5283 videre
3345 5208 3565 5278 populus
3600 5207 3681 5259 uia.

2101 5279 2297 5349 poterat
2320 5298 2338 5335 :
2362 5282 2414 5335 id
2439 5279 2522 5335 est
2551 5282 2893 5335 monachum.
2927 5279 3001 5333 De
3040 5280 3421 5347 paenitentibus
3452 5288 3630 5349 autem
3650 5300 3691 5349 με·

2099 5346 2306 5408 comam
2335 5353 2516 5408 itidem
2539 5352 2764 5407 tondere
2794 5352 2978 5405 solitos
3018 5346 3226 5403 constat
3275 5365 3341 5404 ex
3377 5362 3582 5403 canone
3610 5346 3677 5399 15

2100 5425 2293 5492 synodi
2324 5422 2669 5493 Agathensis,
2698 5431 2752 5493 et
2780 5436 2901 5493 can.
2936 5420 3223 5493 iisynpdi
3271 5420 3689 5493 tttufl‘oletauae,‘

2101 5489 2194 5568 liti.
2220 5509 2278 5568 v_,_
2296 5489 2663 5568 capitularium
2690 5492 2777 5546 52.
2799 5489 3088 5568 Gregorius
3111 5489 3421 5568 TuronJib:
3451 5502 3521 5549 vr,
3552 5497 3690 5568 cap;

2101 5564 2167 5617 57
2196 5582 2207 5615 :
2241 5565 2425 5632 Caput,
2452 5563 2935 5636 inquit,gtotondit,
2970 5572 3120 5629 atque
3157 5563 3499 5636 paenitentiam
3529 5563 3690 5635 ascia

2100 5635 2241 5702 piens
2268 5628 2504 5702 spiritum
2526 5628 2800 5688 exhalavit.
2832 5633 2959 5688 Inde
2984 5628 3066 5686 est
3088 5628 3227 5700 quod
3258 5631 3309 5682 in
3357 5628 3672 5702 0nirocriti-

2094 5698 2171 5757 cis
2195 5698 2384 5774 legitur
2408 5721 2423 5761 :
2445 5702 2559 5759 Ἐάν
2580 5727 2657 5765 τις
2678 5705 2760 5777 ἴδῃ
2786 5702 2862 5759 ὅτι
2885 5698 3147 5775 ἐκούρευσῖε
3170 5706 3263 5777 fit}?
3287 5698 3491 5777 repudiati
3514 5698 3669 5777 cruror;

2094 5778 2162 5850 ᾡς
2188 5768 2272 5850 ,ἐν’
2296 5779 2443 5850 τύπῳ
2488 5768 2750 5849 μοναχῶς
2798 5768 3088 5830 αετανοῆσιι
3138 5769 3279 5830 οὗτος
3302 5809 3316 5835 ,
3344 5768 3374 5829 ἦ
3424 5768 3669 5823 ἀποϐαλεῖ

2986 5903 3013 5923 ο
