4078 6348
349 320 446 376 551

1606 313 1849 395 ξιῡβΝΙΙ
1889 313 2337 387 APOLLINARIS

3062 238 3149 252 ’μὴ
3174 244 3305 252 ,ωηιη

3488 308 3596 385 53.2

350 446 470 488 cum
501 438 670 488 totum
696 432 863 500 possit
897 431 1139 497 exigere;
1181 430 1223 484 si
1266 443 1471 507 moram
1523 424 1723 497 patitur
1770 426 1916 498 quid-
2021 445 2176 497 quam
2200 430 2371 499 palam
2402 441 2630 499 promte,
2655 430 2985 500 strepituque
3026 428 3278 497 despecto
3316 428 3483 483 turbae
3510 430 3594 485 fu-

336 524 475 593 quid
506 516 725 593 propter
769 510 1189 575 miscricordiam
1234 529 1573 576 concesserat
1610 520 1695 590 pie
1719 561 1733 586 ,
1773 519 1917 589 juste

334 614 584 689 reposcit
610 608 829 685 propte'r
857 613 1125 682 iniuriam.
1162 612 1311 667 Vale.

862 704 1195 759 EPISTOLA
1232 703 1397 759 XXV.

679 797 966 852 Sidoniusa
989 796 1243 850 Domnulo
1272 812 1363 849 suo
1385 794 1620 850 salutem.

419 888 635 958 Nequeo
657 886 892 956 diﬁcrre,
928 888 1050 956 quin
1080 887 1292 956 grandis
1320 887 1696 941 communione
1722 891 1774 940 te
1793 897 1921 953 gau-

352 982 423 1037 dii
455 979 678 1037 festinus
708 980 1008 1049 impertiam
1042 997 1053 1031 :
1086 978 1339 1033 nimirum
1376 991 1541 1033 nosse
1581 978 1917 1045 cupientem,

338 1072 478 1143 quid
506 1080 654 1140 pater
682 1079 865 1124 noster
884 1069 939 1123 in
969 1067 1201 1136 Christo,
1226 1068 1422 1139 pariter
1453 1075 1507 1123 et
1532 1068 1771 1137 pontifex
1809 1068 1912 1122 Pa-

338 1165 515 1228 tiens,
536 1160 565 1203 b
597 1161 929 1217 Cabillonum
952 1160 1240 1230 proiectus,
1270 1175 1419 1215 more
1449 1160 1748 1230 religionis,
1772 1172 1923 1214 more

351 1253 666 1309 constantiae
712 1267 821 1308 suae
858 1252 1063 1306 fecerit.
1111 1252 1244 1305 Cum
1290 1253 1526 1307 venisset
1571 1251 1623 1305 in
1672 1251 1921 1321 oppidum

342 1342 808 1414 suprascriptum,
864 1343 1265 1412 provincialium
1334 1342 1671 1397 sacerdotum
1728 1341 1924 1411 praevio

340 1436 570 1505 partim,
602 1435 794 1504 partim
822 1436 1107 1490 comitante
1135 1434 1383 1503 collegio,
1414 1434 1619 1489 scilicet
1649 1442 1707 1489 ut
1753 1435 1926 1490 muni-

342 1528 495 1599 cipio
525 1542 767 1585 summus
788 1528 976 1598 aliquis
1000 1532 1221 1583 antistes
1241 1528 1579 1583 ordinaretur
1610 1546 1623 1580 :
1656 1529 1811 1596 cujus
1837 1542 1926 1583 ec-

354 1624 532 1678 clesia
556 1622 832 1691 disciplina
862 1624 1099 1688 nutabat,
1134 1630 1411 1692 postquam
1432 1620 1615 1691 junior
1643 1621 1926 1691 episcopus

348 1713 549 1768 Paulus
583 1713 901 1769 discesserat
928 1714 1333 1781 decesseratque
1359 1730 1372 1766 :
1404 1722 1725 1782 exceperunt
1753 1715 1927 1784 ponti-

2019 524 2205 587 rentis,
2253 522 2408 591 jactis
2445 532 2662 591 repente
2710 524 2954 578 manibus
2999 531 3308 589 arreptum,
3354 522 3594 591 nihilque

2024 621 2136 668 tum
2167 612 2341 668 minus
2369 628 2525 683 quam
2550 628 2668 684 quae
2691 616 2982 684 agebantur
3004 622 3277 682 aptantem
3308 616 3592 682 suspican-

2020 712 2260 775 temque,
2289 715 2531 759 sanctum
2561 705 2817 762 Joannem
2842 748 2857 773 ,
2892 707 3062 760 virum
3097 706 3409 772 honestate,
3448 723 3597 760 man-

2020 795 2301 851 suetudine
2330 796 2589 865 insignem
2608 796 2813 863 (lector
2843 796 2930 851 hic
2958 798 3184 865 primum
3210 840 3221 862 ,
3250 796 3327 851 sic
3352 797 3598 851 minister

2020 883 2225 951 altaris,
2252 885 2413 954 idque
2443 884 2509 937 ab
2534 883 2788 948 infantia;
2832 894 2953 955 post
2990 886 3232 939 laborum
3269 894 3597 954 temporum-

2023 989 2125 1041 que
2155 988 2428 1043 processu,
2464 974 2898 1040 archidiaconus;
2932 978 2983 1028 in
3013 990 3116 1042 quo
3144 991 3238 1030 seu
3264 976 3429 1045 gradu
3457 1015 3473 1042 ,
3504 990 3599 1031 seu

2023 1065 2318 1120 ministerio
2345 1065 2569 1119 multum
2596 1074 2837 1120 retentus
2864 1075 3083 1134 propter
3122 1065 3431 1121 industriam
3450 1107 3465 1132 ,
3510 1068 3600 1121 diu

2022 1157 2279 1228 dignitate
2304 1173 2412 1211 non
2442 1160 2610 1226 potuit
2640 1159 2843 1227 augeri,
2872 1173 2939 1212 ne
2980 1166 3247 1227 potestate
3295 1165 3479 1226 posset
3506 1158 3599 1211 ab-

2023 1250 2203 1319 solvi),
2232 1259 2463 1304 attamen
2497 1250 2638 1305 hunc
2672 1262 2694 1289 ε
2724 1252 2832 1318 jam
2863 1250 3082 1305 secundi
3124 1250 3326 1305 ordinis
3354 1251 3595 1306 sacerdo-

2024 1352 2155 1413 tem,
2191 1343 2435 1399 dissonas
2465 1344 2607 1399 inter
2638 1344 2865 1411 partium
2894 1358 3072 1407 voces,
3114 1359 3235 1413 quae
3277 1343 3601 1399 dill'erebant

2026 1434 2243 1489 laudare
2280 1450 2385 1489 non
2422 1434 2780 1500 ambientem,
2820 1435 2913 1489 sed
2953 1449 3050 1489 nec
3083 1435 3349 1490 audebant
3387 1435 3604 1504 culpare

2024 1526 2378 1593 laudabilem;
2436 1528 2777 1595 stupentibus
2831 1526 3111 1596 factiosis,
3164 1529 3605 1585 erubescentibus

2025 1620 2201 1687 malis,
2224 1620 2641 1677 acclamantibus
2691 1620 2880 1685 bonis,
2930 1621 3343 1675 reclamantibus
3402 1622 3600 1689 nullis,

2026 1715 2282 1781 collegam
2312 1714 2413 1769 sibi
2443 1728 2841 1769 consecravere.
2872 1712 3026 1768 Nunc
3053 1728 3179 1783 ergo
3222 1713 3248 1750 ά
3274 1713 3519 1769 Jurensia
3558 1715 3604 1773 si

357 1806 507 1858 ticale
527 1805 811 1859 concilium
842 1806 1000 1859 variae
1024 1805 1329 1859 voluntates
1356 1805 1742 1874 oppidanorum
1764 1849 1777 1872 ,
1829 1820 1926 1861 nec
1956 1781 2003 1842 Β
2030 1816 2082 1862 te
2102 1806 2379 1861 remittunt
2407 1806 2511 1876 iam
2547 1805 2875 1859 monaSteria
2919 1803 2971 1858 in
3010 1820 3126 1874 quze
3157 1805 3383 1860 libenter
3414 1805 3606 1862 solitus

357 1912 459 1952 non
497 1906 551 1951 et
579 1897 690 1963 illa,
715 1913 835 1967 qua:
860 1898 1054 1952 bonum
1088 1898 1351 1966 publicum
1382 1912 1594 1968 semper
1634 1907 1922 1966 evertunt,

357 1995 523 2047 studia
548 1994 783 2063 privata;
815 2008 933 2061 quae
976 1992 1188 2062 quidam
1220 1993 1582 2047 triumviratus
1609 1995 1928 2049 accenderat

362 2085 517 2155 126
551 2084 958 2153 competitorum
1007 2102 1018 2134 :
1053 2099 1277 2153 quorum
1310 2084 1433 2137 hinc
1473 2083 1741 2152 antiquam
1781 2092 1928 2136 nata-

358 2176 485 2229 lium
530 2175 935 2244 przemgativam
976 2174 1180 2243 reliqua
1226 2173 1510 2227 destitutus
1551 2188 1757 2227 morum
1805 2173 1929 2228 dote

358 2267 601 2322 ructabat
625 2284 639 2319 :
664 2266 749 2319 hic
771 2280 866 2333 per
886 2265 1123 2333 fragores
1145 2264 1479 2333 parasiticos,
1505 2265 1798 2318 culinarum
1823 2264 1935 2319 suf-

346 2359 527 2429 fragio
554 2366 910 2429 comparatos,
943 2356 1213 2426 Apicianis
1240 2357 1511 2425 plausibus
1549 2357 1923 2427 ingerebatur;

358 2447 445 2504 hic
473 2452 623 2518 apice
643 2451 829 2503 votivo
854 2449 898 2502 si
923 2450 1202 2517 potiretur,
1230 2448 1389 2502 tacita
1435 2449 1677 2516 pactione
1730 2450 1933 2517 prorni-

362 2548 506 2594 serat
560 2539 918 2594 ecclesiastica
964 2538 1299 2607 plausoribus
1347 2538 1457 2593 suis
1497 2539 1688 2606 praedae
1735 2540 1933 2609 praedia

361 2629 495 2684 fore.
528 2630 679 2695 Quod
709 2629 798 2683 ubi
824 2630 1068 2684 viderunt
1108 2639 1323 2684 sanctus
1366 2629 1581 2685 Patiens
1622 2638 1677 2684 et
1717 2641 1931 2687 sanctus

364 2722 742 2790 Euphronius,
783 2722 871 2791 qui
918 2722 1147 2790 rigorem
1194 2720 1607 2790 ﬁrmitatemque
1653 2723 1933 2777 sententiae

361 2810 607 2878 sanioris,
632 2819 825 2880 praeter
853 2811 1035 2866 odium
1064 2813 1416 2882 gratiamque,
1448 2812 1607 2881 primi
1639 2812 1929 2878 tenebant;

361 2904 587 2959 consilio
615 2918 735 2959 cum
766 2905 1095 2974 coepiscopis
1147 2903 1292 2972 prius
1320 2905 1461 2959 clam
1505 2907 1929 2971 communicato,

2033 1898 2342 1961 ascendere,
2368 1896 2476 1965 jam
2508 1897 2818 1952 coelestibus
2842 1897 3193 1966 supernisque
3236 1898 3484 1967 praeludis
3512 1898 3607 1951 ha-

2033 1989 2295 2053 bitaculis,
2322 1988 2552 2058 gaudere
2583 1996 2632 2042 te
2660 2002 2754 2056 par
2779 1997 2862 2043 est
2897 1989 2964 2043 de
3008 1990 3363 2044 communium
3398 1998 3606 2056 patrum

2034 2083 2117 2137 vel
2149 2086 2515 2150 patronorum,
2559 2083 2710 2151 127
2745 2096 2836 2134 seu
2869 2080 2945 2135 sic
2981 2081 3243 2135 sentiente
3283 2082 3606 2146 concordia,

2037 2186 2132 2227 seu
2162 2174 2238 2227 sic
2267 2174 2626 2227 concordante
2655 2172 2941 2228 sententia.
2970 2172 3117 2226 Illius
3150 2186 3362 2241 quoque
3390 2174 3607 2228 nomine

2037 2263 2271 2328 exsulta,
2304 2278 2458 2332 quem
2490 2272 2815 2319 creaverunt
2867 2262 3208 2332 Euphronius
3260 2264 3568 2319 testimonio
3589 2308 3607 2334 ,

2036 2352 2255 2408 Patiens
2279 2370 2457 2419 manu,
2489 2353 2645 2408 ambo
2671 2354 2893 2422 judicio.
2921 2354 2975 2408 In
3005 2370 3109 2423 quo
3133 2355 3609 2425 fecitEupbronius

2037 2448 2176 2516 quod
2210 2449 2514 2503 conveniret
2548 2463 2651 2502 non
2679 2448 2971 2503 senectutis
3015 2448 3173 2503 modo
3216 2463 3324 2503 suae
3351 2490 3366 2515 ,
3419 2464 3611 2506 verum

2037 2540 2196 2595 etiam
2247 2540 2517 2609 dignitatis
2568 2535 2889 2609 longaevitati
2938 2555 2955 2595 :
3002 2540 3128 2596 fecit
3173 2549 3227 2596 et
3272 2542 3484 2597 Patiens
3530 2543 3611 2598 vir

2039 2631 2327 2703 quamlibet
2351 2631 2556 2700 magnis
2587 2646 2682 2700 par
2702 2640 2877 2687 tamen
2910 2631 3174 2697 laudibus,
3198 2634 3338 2702 quod
3368 2632 3497 2687 satis
3519 2634 3611 2689 des

2039 2706 2149 2778 cuit
2172 2723 2346 2777 facere
2372 2737 2681 2792 personam,
2709 2737 2826 2791 quae
2854 2729 3015 2791 caput
3042 2731 3123 2777 est
3147 2731 3170 2760 ε
3197 2722 3399 2777 civitati
3418 2732 3612 2779 nostra:

2042 2830 2137 2883 per
2164 2814 2538 2881 sacerdotium,
2572 2814 2865 2883 provinciae
2892 2830 3022 2871 vero
3060 2822 3254 2870 vestrte
3286 2830 3383 2885 per
3431 2814 3614 2871 civitac

2038 2912 2170 2961 tem.
2202 2905 2354 2960 Vale.

431 3012 533 3082 53
564 3021 592 3049 α
619 3012 767 3089 Afro,
802 3014 917 3089 vir_o
951 3013 1205 3089 docto,_et
1252 3013 1325 3089 ob
1358 3013 1919 3089 litterasquaestorio:
1948 3018 1996 3081 ο
2029 3017 2398 3089 ερίειοιτιιηη
2426 3017 2494 3089 de
2524 3014 2835 3072 Claudiano.
2865 3018 3121 3085 Joannes,
3147 3008 3341 3089 inquit,
3370 3038 3489 3076 cum
3521 3020 3613 3078 diu

360 3097 582 3152 quorum
605 3084 827 3137 alterum
856 3084 1048 3137 docent
1068 3085 1228 3150 epist.
1262 3084 1329 3136 15
1348 3094 1403 3138 et
1436 3085 1525 3147 15,
1554 3086 1647 3139 lih.
1676 3102 1748 3149 tx,
1798 3087 1926 3140 alte-

360 3164 474 3225 rum
497 3154 815 3225 epistolaiad
846 3153 1135 3225 Polemium
1157 3194 1171 3216 ,
1205 3169 1322 3221 quae
1370 3154 1626 3219 praecedit
1662 3157 1778 3221 ejus
1821 3157 1934 3225 epi-

364 3222 691 3281 thalamium.
728 3224 1048 3277 Domnulum
1080 3225 1239 3274 etiam
1276 3225 1421 3292 inter
1457 3239 1550 3276 eos
1586 3227 1673 3284 qui
1714 3222 1927 3292 soriptis

363 3296 471 3343 suis
499 3294 761 3355 clarttere,
797 3300 1040 3345 numerat
1070 3302 1252 3345 auctor
1276 3290 1411 3345 Vita:
1434 3292 1625 3357 Hilarii
1652 3290 1930 3350 Arelaten-

363 3363 457 3435 sis.
495 3363 602 3414 Vox
633 3373 714 3435 est
734 3364 1124 3435 oraomni-tari.
1155 3378 1181 3411 a
1208 3363 1404 3435 domno
1429 3377 1522 3414 seu
1553 3363 1790 3417 domino.
1818 3366 1933 3418 Sal-

354 3432 551 3484 vianus
577 3431 799 3497 epistola
828 3430 1210 3499 ad'tlypatium
1246 3449 1258 3481 :
1289 3430 1396 3482 Illa
1423 3447 1515 3499 ego
1553 3444 1715 3486 vestra
1756 3434 1933 3488 Palla-

366 3500 473 3563 dia,
506 3511 670 3552 vestra
692 3502 923 3570 gracula,
949 3511 1109 3553 vestra
1138 3501 1382 3553 domnula
1410 3518 1428 3555 :
1460 3518 1572 3554 cum
1610 3520 1711 3571 qua
1756 3504 1833 3558 his
1861 3517 1933 3560 tot

365 3571 618 3622 vocabulis
648 3573 904 3639 quondam
932 3571 1367 3639 indulgentissimo
1394 3573 1579 3637 pietate
1605 3574 1812 3627 lus-istis.

435 3639 465 3677 δ
490 3640 655 3692 Vetus
678 3640 801 3693 Eccl
828 3644 932 3692 sine.
966 3656 1079 3691 IIIOS
1110 3652 1219 3692 erat
1244 3643 1293 3693 in
1317 3643 1579 3708 episcopis
1606 3647 1937 3699 coiistituen-

365 3709 467 3774 dis,
493 3720 548 3762 ut
572 3726 728 3781 quem
783 3716 955 3763 clarus
1010 3710 1261 3764 Ecclesia:
1310 3720 1365 3765 et
1417 3715 1692 3781 utriusque
1729 3717 1933 3771 ordinis

365 3783 591 3847 pepulus
621 3780 922 3847 delegisset,
942 3784 1081 3834 hunc
1110 3782 1209 3834 Sibi
1239 3782 1562 3851 collegisque
1598 3780 1932 3849 provincmli-

354 3850 464 3904 -bus
493 3853 578 3918 qui
608 3860 1011 3924 conven_erant,_
1036 3852 1309 3916 probatum
1355 3850 1795 3920 metropolitanus
1820 3858 1933 3924 cpi-

353 3933 582 3991 SCOpunt
614 3921 956 3973 renuntiaret.
994 3922 1100 3974 Leo
1129 3923 1393 3991 episcopis
1416 3924 1602 3977 Galliae
1622 3926 1690 3980 de
1715 3921 1934 3981 electio-

356 4005 433 4061 rue
462 3990 751 4045 Ravennii:
780 3992 928 4055 Quod
949 4009 1087 4059 ergo,
1116 3992 1298 4061 inquit.
1316 3990 1373 4046 in
1403 3995 1687 4049 Arelatensi
1709 3999 1928 4061 civitate,

360 4060 605 4127 defuncto
628 4062 786 4115 beata:
812 4065 1068 4115 meruerim
1104 4060 1343 4127 Hilario,
1398 4065 1557 4117 virum
1596 4069 1749 4119 etiam
1792 4060 1933 4123 nobis

358 4132 651 4200 probatum,
696 4131 907 4200 fratrem
955 4132 1310 4191 Ravenniunt.
1359 4136 1633 4188 secundant
1682 4140 1932 4191 desideria

362 4199 506 4272 cieri,
545 4199 905 4272 honoratorum
938 4210 983 4252 et
1016 4204 1173 4271 plebis
1214 4205 1519 4255 unanimiter
1556 4209 1889 4261 consecrastis
1914 4250 1928 4272 ,

356 4270 552 4341 bonum
578 4270 912 4341 fraternitatis
940 4283 1115 4325 vestrm
1134 4288 1269 4341 ropus
1302 4283 1472 4325 nostro
1489 4275 1687 4341 judicio
1718 4270 1930 4331 robora?-

367 4354 498 4395 mus.
526 4339 667 4393 Idem
700 4340 765 4390 ad
790 4341 1069 4405 episcopos
1108 4340 1420 4395 Viennensis
1465 4339 1749 4408 provinciae
1783 4365 1794 4398 :
1829 4345 1933 4400 Per

365 4422 543 4476 pacem
569 4416 615 4462 et
643 4408 857 4475 quietem
879 4411 963 4473 qui
993 4410 1263 4477 praefuturi
1286 4420 1402 4464 sunt
1443 4414 1783 4475 postulentur.
1832 4414 1927 4468 Te-

364 4486 542 4528 neatur
575 4479 875 4543 subscriptio
918 4478 1245 4543 clericorum,
1295 4479 1660 4532 honoratorum
1705 4487 1927 4538 testimo-

363 4548 525 4620 nium,
557 4546 746 4620 Ordinis
769 4540 1040 4620 consensus
1066 4558 1110 4620 et
1140 4540 1297 4620 plebis
1328 4565 1346 4601 :
1387 4550 1473 4620 qui
1515 4554 1823 4620 prtefuturus
1854 4562 1926 4609 est

366 4568 525 4608 mum,
557 4568 746 4601 armata
769 4568 1040 4603 consensus
1066 4568 1110 4598 et
1140 4568 1297 4618 plenis
1328 4568 1346 4601 :
1421 4568 1472 4603 ut
1515 4568 1823 4620 prwfuturus
1854 4568 1926 4609 est

366 4615 616 4691 omnibus,
676 4615 737 4667 ab
784 4617 1014 4691 omnibus
1067 4618 1334 4691 deligatur.
1378 4568 1751 4691 gom'enerant
1800 4640 1929 4691 ergo

364 4681 580 4759 Patiens
637 4688 1078 4751 metropolitanus
1134 4681 1540 4758 L'ugdttttensi~,
1592 4681 1928 4759 Euphronitum

364 4755 643 4822 episcopus
700 4755 1452 4826 Augustodunensis,'aliique
1487 4755 1837 4827 provinciales
1870 4774 1930 4820 ut

362 4827 468 4877 rite
494 4840 562 4880 ex
591 4839 740 4879 more
765 4838 1001 4894 agerent.
1026 4830 1126 4893 Qui
1154 4843 1277 4887 cum
1323 4832 1530 4886 diversa
1576 4835 1714 4887 nacti
1750 4848 1930 4891 essent
1956 4849 1966 4858 ”

363 4894 559 4955 civium
589 4897 785 4961 studia,
834 4898 932 4964 ipsi
970 4899 1274 4973 episc0pum
1319 4903 1458 4973 inter
1493 4918 1551 4956 se
1587 4902 1899 4973 delegerunt

366 4977 525 5039 quem
548 4975 774 5033 populus
802 4970 1162 5029 renuntiatum
1191 4972 1506 5039 susciperet.

439 5044 460 5070 ε
488 5036 599 5115 [loc
633 5046 713 5090 est
754 5041 1121 5115 presbyterum
1147 5080 1163 5104 ,
1211 5042 1300 5107 qui
1328 5036 1574 5115 isecundi
1627 5045 1829 5099 ordinis
1881 5057 1936 5102 et

364 5110 593 5170 proximi
624 5117 741 5171 post
770 5110 1077 5176 episc0pum
1108 5120 1189 5163 est
1211 5112 1428 5179 gradus,
1463 5122 1518 5166 ut
1542 5113 1737 5167 dictum
1761 5125 1841 5169 est
1869 5118 1934 5171 ad

394 5182 1428 5218 |—————.—____——'

1958 4379 2009 4438 D

2038 3088 2089 3140 in
2123 3087 2482 3142 archidiaconi
2513 3089 2679 3157 gradu
2710 3089 2959 3144 detentus
2989 3093 3173 3144 fuisset
3203 3087 3420 3159 promer
3452 3092 3613 3146 indu-

2038 3159 2245 3231 Striam,
2268 3159 2377 3226 jam
2418 3169 2594 3231 tamen
2634 3169 2787 3214 aucta
2834 3161 3096 3229 dignitate
3134 3164 3415 3231 presbyter
3460 3172 3612 3227 erat,

2037 3243 2155 3282 cum
2183 3230 2381 3283 electus
2407 3238 2489 3283 est
2517 3230 2568 3282 in
2598 3231 2929 3299 episcopum.
2952 3230 3458 3287 Archidiacon’orum
3480 3232 3613 3288 ordo

2036 3305 2091 3351 et
2121 3300 2314 3365 gradus
2367 3298 2492 3351 olim
2546 3300 2680 3351 alius
2739 3298 2843 3354 non
2895 3315 3009 3354 erat
3059 3318 3215 3367 quam
3243 3304 3612 3357 diaconorum.

2038 3367 2212 3433 Quare
2234 3384 2356 3422 cum
2380 3369 2677 3437 presbyteri
2709 3369 2925 3434 ﬁebant,
2954 3371 3384 3427 arcltidiaconatu
3424 3372 3612 3427 defun-

2036 3439 2316 3505 gebantur,
2346 3440 2486 3511 quod
2506 3454 2571 3491 ex
2602 3441 2835 3509 antiquis
2852 3442 3106 3501 omnibus
3126 3443 3374 3498 hismriis
3404 3444 3612 3511 perspi-

2036 3523 2190 3563 cuum
2220 3518 2321 3579 est.
2358 3509 2478 3563 Ideo
2504 3524 2739 3565 canones
2766 3513 2856 3579 qui
2884 3512 3102 3577 ordines
3125 3528 3305 3571 sacros
3348 3509 3611 3568 archidia-

2036 3578 2185 3631 ctmis
2214 3578 2474 3651 indicunt,
2501 3594 2604 3632 non
2637 3578 2797 3634 alium
2822 3598 2977 3649 quam
3012 3584 3343 3637 diaconatum
3365 3584 3610 3651 praescri-

2036 3652 2189 3701 bttnt.
2217 3648 2462 3718 Synodus
2483 3652 2772 3704 Arvernica‘
2808 3648 3003 3706 Urbani
3024 3653 3087 3715 ll,
3117 3668 3237 3706 can.
3281 3654 3315 3708 5
3346 3648 3453 3709 {Ut
3493 3654 3612 3705 nul-

2037 3719 2253 3792 lusﬁat
2304 3720 2625 3792 decattusin
2679 3722 2885 3775 ecclesia
2945 3723 3040 3774 nisi
3095 3723 3385 3792 presbyter,
3437 3724 3613 3776 nullus

2036 3789 2425 3863 archidiaconus
2460 3790 2557 3841 nisi
2616 3791 2785 3863 levita.
2838 3792 3038 3844 Laxata
3082 3789 3276 3846 exinde
3331 3794 3612 3863 disciplina

2037 3872 2162 3934 usus
2187 3860 2417 3913 obtinuit
2458 3870 2517 3913 ut
2559 3859 3019 3915 archidiaconatus
3066 3863 3227 3916 etiam
3284 3859 3611 3934 presbyteris

2036 3928 2349 3984 deferretur.

2105 3997 2303 4071 d__Qtre
2336 4002 2388 4053 in
2435 4001 2560 4056 Jura
2591 4010 2773 4056 monte
2823 4001 3029 4055 crebra.
3074 4001 3362 4071 Gregorius
3402 4005 3602 4059 Turon.

2034 4069 2087 4123 in
2127 4068 2249 4123 Vita
2293 4070 2533 4138 Lupicini
2582 4080 2638 4126 et
2682 4071 2903 4127 Romani
2956 4091 2966 4123 :
3002 4071 3107 4125 Illa
3152 4068 3385 4127 Iurensia
3427 4077 3613 4129 deserti

2037 4150 2248 4215 secreta,
2279 4158 2391 4211 quae
2432 4145 2562 4195 inter
2611 4141 2965 4215 Burgundioni
3016 4143 3471 4215 Alamanniamqne
3514 4147 3614 4200 sila

2036 4210 2593 4284 Aventirwradjarent
2620 4210 2829 4284 civitati.
2887 4212 3091 4284 Horum
3145 4214 3298 4268 facile
3365 4210 3613 4284 princeps

2035 4283 2418 4334 monasterium
2450 4282 2506 4335 S.
2556 4282 2823 4350 Eugendi,
2874 4282 3013 4351 quod
3062 4282 3117 4337 S.
3167 4282 3381 4339 Claudii
3428 4282 3612 4349 postea

2037 4359 2413 4417 nuncupatum.
2447 4351 2514 4404 Ut
2544 4361 2719 4403 autem
2748 4352 2862 4405 huic
2908 4352 3184 4415 Jurensia,
3236 4358 3313 4408 sic
3358 4356 3611 4411 Jurenses

2038 4416 2775 4505 ﬁégrégqst‘lnqoardgnin
2793 4420 3078 4505 “Chronico
3119 4423 3247 4505 dicti
3296 4424 3611 4505 Rodulphns

2034 4490 2513 4610 glenradusmui
2564 4491 2617 4544 in
2661 4490 2751 4544 illo
2791 4490 3111 4559 Burgundia:
3164 4504 3331 4549 tractu
3374 4490 3606 4566 impera-

2071 4572 2134 4610 an
2167 4597 2182 4610 .

2071 4565 2182 4611 aut.

2108 4637 2131 4665 ε
2162 4627 2438 4703 Lugdune,
2468 4628 2620 4697 cujus
2649 4629 3082 4703 caput_Pa.tiens,
3120 4631 3243 4701 quia
3284 4634 3567 4703 episcopus
3592 4654 3606 4699 ;

2036 4712 2130 4763 per
2156 4699 2425 4771 civitatem
2453 4714 2583 4753 vero
2603 4739 2618 4764 ,
2652 4701 2776 4766 quia
2815 4699 3153 4768 Lugdunuth
3183 4699 3497 4771 metropolis
3526 4715 3610 4759 est

2038 4769 2345 4842 provinciae,
2364 4768 2505 4842 idem
2524 4784 2735 4842 quoque
2756 4780 2917 4838 caput
2943 4774 3102 4826 totius
3117 4768 3400 4839 provinciae
3424 4776 3611 4842 primat

2038 4838 2425 4911 Lugdunensis.
2458 4839 2765 4911 Lugdunum
2798 4856 2956 4910 porro
2987 4842 3177 4894 civitas
3214 4852 3263 4897 et
3315 4838 3489 4911 patria
3534 4845 3609 4898 Si-

2039 4909 2184 4961 donii
2217 4908 2366 4974 iejus
2396 4910 2699 4978 episeopus,
2726 4908 2847 4963 cuin
2891 4912 3002 4965 haec
3033 4908 3325 4979 ~cribcret,'
3350 4912 3566 4968 Patiens
3588 4956 3604 4981 ,

2043 4994 2201 5039 quem
2235 4988 2513 5046 propterea
2540 4982 2688 5036 initio
2716 4982 2957 5050 epistolae
2996 4995 3149 5035 suum
3189 4983 3240 5036 in
3281 4983 3490 5039 Christo
3519 4999 3611 5053 pa-

2040 5057 2175 5103 trem
2205 5057 2360 5104 vocat

1459 5205 3588 5233 Nam

1325 5261 1799 5368 LIBER
1882 5267 1979 5390 ρ
2005 5231 2406 5373 ΠΙΝΤ
2425 5268 2636 5378 US.

745 5421 900 5490 123
940 5419 1264 5474 EPISTOLA
1304 5420 1537 5476 PRIMA.

673 5507 917 5564 Sidonius
945 5520 971 5547 ³
1003 5510 1244 5565 Petronio
1274 5528 1361 5564 suo
1387 5512 1620 5565 salutem.

428 5599 605 5657 Audio
626 5603 769 5661 quod
792 5604 1090 5659 lectitandis
1120 5605 1360 5674 epiStolis
1389 5606 1521 5660 meis
1550 5606 1931 5676 voluptuosam

431 5739 464 5775 ⁸
487 5731 814 5809 Arelatensis
837 5737 939 5803 fori
964 5745 1172 5810 togato,
1203 5752 1359 5808 quem
1394 5740 1616 5797 Romam
1642 5755 1763 5798 cum
1802 5743 1920 5805 aliis

2036 5426 2346 5494 patientiam
2378 5427 2672 5497 impendas.
2705 5428 2947 5498 Magnum
2975 5428 3076 5485 hoc
3097 5439 3195 5496 est,
3230 5439 3282 5485 et
3313 5431 3607 5487 litterarum

2037 5519 2153 5573 viro
2174 5519 2740 5575 convenientissimum
2764 5562 2777 5586 ,
2823 5534 2941 5574 cum
2987 5522 3175 5577 studiis
3213 5524 3325 5592 ipse
3364 5525 3610 5579 maximis

2037 5611 2263 5679 polleas,
2290 5625 2352 5666 ea
2378 5620 2433 5665 et
2455 5611 2507 5664 in
2531 5610 2645 5666 aliis
2686 5612 2846 5667 etiam
2880 5613 3099 5669 minima
3146 5615 3451 5684 complecti.
3500 5614 3609 5672 Sed

2030 5744 2259 5823 legatum
2288 5744 2514 5802 vidimus
2558 5747 2612 5805 in
2656 5761 2817 5804 causa
2858 5749 3091 5806 Arvandi
3138 5751 3232 5807 lib.
3270 5767 3318 5819 t,
3351 5750 3509 5835 epist.
3549 5752 3603 5817 7,
