4078 6348
363 313 367 316 ’
402 337 509 396 533

1641 296 2124 378 EPISTOLARUM
2161 297 2289 354 [ΑΒ.
2332 295 2394 350 v.

3554 279 3662 338 554

403 469 468 510 ex
499 451 602 506 hoc
628 447 744 516 ipso
765 434 1279 498 consummatissima
1309 429 1403 486 tibi
1431 425 1599 500 gloria
1645 419 1970 490 repondera-
1997 417 2050 480 Α
2076 415 2178 469 dite
2228 410 2447 466 habenis
2492 407 2808 479 obsequium
2857 402 3082 473 alloquii
3123 398 3447 470 impudentis
3496 397 3661 454 itera-

1773 512 1804 516 μ-
1965 508 1978 516 -
2260 504 2295 516 ,-
2340 503 2352 515 .
2457 501 2469 513 .
2629 501 2644 516 .
2791 497 2870 516 __.
2899 495 3022 516 ιεη
3054 493 3282 516 _-_,M-
3312 491 3637 516 “nam”-

405 556 522 609 tur,
547 554 673 595 nam
710 537 840 590 satis
890 531 1091 589 eminet
1123 523 1327 582 meritis
1363 517 1559 590 ingenii
1605 512 1846 586 proprii,
1889 508 1982 579 qui

406 636 565 691 fuerit
597 632 772 694 fautor
794 625 973 682 alieni.
1016 617 1342 678 Commendo
1378 610 1682 670 Vindicium
1729 617 1981 663 necessa-

404 729 544 784 rium
574 722 729 796 129
753 732 954 779 meum,
979 714 1148 769 virum
1181 708 1510 780 religiosum,
1549 712 1604 756 et
1642 699 1872 756 leviticae
1902 694 1982 748 di-

405 790 769 892 gnitati—quam
783 823 953 879 nuper
964 805 1211 874 indeptus
1225 811 1326 870 est,
1341 790 1977 854 accommodatissimum.

407 885 511 978 Qui
537 907 725 970 meise
757 896 1104 972 pugillaribus
1135 891 1426 948 transferre
1457 901 1575 958 quae
1611 885 1850 954 jusseras
1877 893 1982 932 non

410 967 628 1065 tractans,
659 967 947 1070 per—quam
970 985 1301 1058 provinciam
1334 980 1451 1045 fuit,
1479 976 1566 1032 hic
1595 974 1746 1030 vobis
1787 967 1984 1039 aliquid

411 1089 709 1162 naeniarum
741 1078 1058 1148 munusculi
1088 1077 1207 1132 vice
1237 1071 1423 1128 detulit
1457 1085 1471 1122 :
1519 1079 1818 1139 quanquam
1868 1075 1986 1131 quae

414 1157 504 1240 tua
523 1174 808 1240 sanctitas,
831 1184 1046 1242 semper
1066 1163 1287 1238 grandia
1319 1163 1523 1218 litteras
1543 1165 1750 1212 nostras
1768 1151 1985 1224 prmmia

403 1284 592 1344 pulos.
633 1269 838 1324 Interea
884 1240 1256 1328 necessitatem
1301 1251 1508 1324 praefati
1548 1244 1819 1319 portitoris
1866 1240 1992 1296 insi.

417 1332 544 1428 nuo,
580 1374 734 1430 quem
763 1355 923 1420 traxit
943 1352 1052 1416 isto
1077 1345 1276 1418 negotii
1307 1343 1480 1402 oborti
1526 1337 1776 1410 bipartila
1807 1332 1991 1389 condi-

419 1426 819 1524 tim—Siquidem
842 1441 1285 1511 ,hacdefinitione
1314 1433 1582 1508 perrexit,
1626 1440 1685 1485 ut
1719 1437 1808 1482 aut
1847 1426 1992 1482 ineat

425 1551 592 1610 litem,
622 1523 714 1598 aut
735 1540 891 1602 adeat
914 1534 1302 1599 litereditatem.
1333 1528 1466 1585 Nam
1507 1523 1729 1597 patrueli
1769 1529 1991 1592 paterno

425 1639 596 1696 reclilii
623 1639 977 1702 intestatoque
1005 1628 1288 1700 defuncto,
1339 1637 1431 1692 per
1467 1615 1763 1689 agnationis
1801 1625 1993 1682 praero-

424 1735 652 1805 gniivam
684 1725 970 1784 succedere
993 1732 1144 1792 parat
1173 1737 1185 1785 ;
1211 1718 1312 1774 nisi
1340 1724 1517 1769 tamen
1542 1711 1732 1779 coeptis
1773 1705 1992 1760 factiosa

431 1824 505 1877 vis
527 1821 722 1876 obviet.
745 1815 944 1878 Contra
974 1828 1106 1884 quas

419 1915 574 1986 ,solns
604 1920 723 1982 pust
751 1923 907 1978 Opem
935 1903 1132 1968 Christi
1186 1899 1410 1972 supplici
1447 1908 1538 1952 tuo
1575 1891 1775 1950 sufficis
1807 1907 1819 1942 :
1848 1887 1999 1957 cujus

432 2007 664 2070 confido,
695 2001 838 2074 quod
868 2001 910 2055 si
952 1997 1210 2060 meruerit
1250 2006 1479 2063 persona
1512 1987 1770 2060 gratiam,
1811 1996 2001 2039 conse-

417 2111 620 2174 quetur
641 2109 801 2157 causa
832 2090 1130 2147 victoriam.
1174 2085 1322 2140 Vale.

999 2177 1329 2236 EPISTOLA
1368 2175 1432 2230 ll.

725 2278 973 2337 Sidonius
1002 2271 1324 2350 Nymphidio
1355 2285 1446 2323 suo
1477 2266 1712 2322 salutem.

507 2387 530 2412 ⁸
562 2374 772 2430 Librum
803 2370 870 2425 de
908 2369 1059 2424 Statu
1087 2364 1310 2425 animae,
1341 2362 1510 2416 tribus
1548 2353 1902 2412 voluminibus
1939 2351 2004 2408 il-

439 2469 687 2529 lustrem,
719 2463 1006 2527 Mamertus
1045 2453 1369 2512 Claudianus
1393 2493 1408 2518 ,
1465 2447 1815 2520 peritissimus
1856 2442 2038 2498 Chri-°

437 2552 729 2616 stianorum
764 2550 1134 2626 philosophus,
1167 2556 1222 2604 et
1242 2543 1608 2617 quorumlibet
1645 2541 1847 2612 primus
1889 2552 2010 2591 eru-

421 2653 666 2730 ditorum
695 2649 820 2714 totis
850 2654 1066 2704 sectatae
1095 2639 1448 2712 philosophiae
1475 2635 1754 2701 membris,
1786 2631 2007 2698 artibus,

427 2745 779 2817 «partibusque
810 2753 1022 2800 comere
1049 2746 1100 2791 et
1127 2733 1374 2791 excolere
1405 2731 1634 2797 curavit,
1663 2744 1853 2786 novem
1877 2742 2010 2798 quas

437 2849 628 2912 vocant
653 2836 852 2900 Musas,
875 2831 1186 2900 disciplinas
1223 2827 1473 2897 aperiens
1506 2839 1629 2882 esse
1651 2866 1668 2891 ,
1715 2838 1823 2878 non
1853 2818 2012 2876 femi-

429 2947 559 3000 nas.
587 2929 822 2999 Namque
854 2929 906 2982 ln
945 2924 1148 2999 paginis
1184 2921 1300 2989 ejus
1339 2918 1534 2988 vigilax
1585 2917 1752 2974 lector
1783 2913 2016 2968 inveniet

429 3023 647 3091 veriora
679 3017 898 3088 nomina
926 3015 1328 3078 Camcenarum,
1360 3025 1482 3081 qua:
1529 3007 1802 3078 pr0priam
1849 3005 1915 3060 de
1957 3018 2014 3079 se

424 3087 542 3186 :sibi
593 3085 806 3181 pariunt
862 3106 1335 3175 nuncupationem.
1379 3077 1556 3173 ‘130
1615 3099 1727 3155 lllic
1767 3098 1909 3153 enim
1961 3077 2016 3152 et

431 3203 788 3284 grammatica
812 3201 1022 3266 dividit,
1053 3207 1107 3254 et
1134 3196 1366 3252 oratoria
1391 3193 1693 3259 declamat,
1744 3199 1796 3246 et
1841 3189 2012 3254 arith-

449 3281 640 3360 metica
664 3300 904 3359 numerat
929 3333 942 3355 ,
985 3300 1038 3348 et
1069 3288 1366 3362 geometria
1409 3285 1668 3350 metitur,
1710 3291 1764 3336 et
1816 3281 2016 3350 musica

451 3384 726 3458 ponderat,
751 3392 804 3440 et
831 3380 1102 3437 dialectita
1129 3380 1385 3449 disputat,
1417 3385 1471 3432 et
1495 3374 1781 3444 astrologia
1812 3387 2018 3441 praeno-

372 3517 374 3519 ›
431 3471 564 3541 ἐςὶι,
595 3482 650 3530 et
672 3473 1084 3528 architectonica
1108 3470 1286 3535 struit,
1335 3479 1389 3523 et
1437 3467 1656 3520 metrica
1693 3463 2016 3518 modulatur.

453 3566 621 3636 Hujus
650 3564 892 3620 lectionis
921 3564 1156 3618 novitate
1185 3562 1412 3626 laetatus,
1446 3556 1818 3625 excitatusque
1846 3561 2022 3608 matu-

449 3659 629 3726 ritate,
651 3659 844 3728 raptim
876 3653 1258 3710 recensendam
1284 3648 1834 3715 transferendamque,
1859 3653 1915 3699 ut
1945 3644 2022 3697 vi-

431 3743 626 3817 deras,
661 3749 863 3820 petiSti,
897 3756 954 3802 ut
980 3745 1210 3816 petieras
1233 3741 1562 3810 impctrasﬁ,
1591 3739 1690 3792 sub
1735 3735 2022 3809 sponsione

448 3838 980 3899 citevredbibitionis.
1003 3837 1110 3892 Nec
1140 3832 1376 3900 metalli,
1402 3846 1500 3887 nec
1531 3838 1583 3885 te
1613 3829 1798 3884 fallere
1834 3827 2012 3883 decet.

449 3934 680 4004 Tempus
706 3941 790 3988 est
817 3927 1151 3985 commodata
1175 3925 1383 3981 restitui
1420 3937 1436 3978 :
1465 3923 1585 3993 quia
1617 3921 1753 3976 liber
1799 3921 1931 3989 ipse,
1975 3918 2020 3972 si

451 4023 668 4107 placuit,
695 4022 876 4085 debuit
906 4020 1161 4075 exhibere
1181 4018 1480 4072 satietatem
1500 4055 1515 4077 ,
1541 4014 1584 4066 si
1615 4012 1904 4080 displicuit,
1927 4009 2020 4064 de-

453 4118 569 4174 buit
591 4102 811 4173 movere
829 4115 1124 4170 fastidium.
1155 4111 1234 4166 Tu
1254 4119 1432 4163 autem
1454 4104 1708 4176 quidquid
1756 4102 1886 4156 illud
1911 4109 2021 4164 est,

457 4208 610 4266 fidem
644 4217 786 4262 tuam
817 4207 1067 4262 celeriter
1095 4201 1310 4259 absolve
1338 4217 1350 4254 :
1384 4215 1451 4254 nc
1482 4197 1524 4252 si
1567 4196 1848 4266 repetitum
1882 4193 2025 4248 libel-

456 4302 562 4365 lum
590 4303 762 4362 serius
791 4300 1014 4360 reddere
1038 4312 1212 4369 paras,
1237 4277 1579 4360 membranas
1598 4291 1772 4360 potius
1797 4288 2025 4344 videaris

446 4409 658 4460 amare,
686 4391 1094 4463 quamlitteras.
1117 4388 1270 4443 Vale.

1008 4477 1336 4536 EPISTOLA
1378 4475 1465 4531 Ill.

763 4576 1012 4640 Sidonius
1040 4573 1330 4644 Apollinari
1358 4586 1449 4626 suo
1471 4570 1708 4623 salutem.

531 4679 635 4732 Pa:
654 4677 766 4732 erat
779 4669 1001 4739 quidem
1027 4666 1395 4737 garrulitatem
1427 4672 1665 4718 nostram
1695 4657 1897 4712 silentii
1935 4671 2028 4713 ve-

449 4765 557 4816 stri
585 4759 776 4814 talione
811 4758 1036 4813 frenari.
1083 4755 1189 4810 Sed
1223 4753 1476 4822 quoniam
1523 4747 1754 4817 perfecta
1809 4746 2025 4800 dilectio

447 4855 564 4904 'non
598 4858 702 4904 tam
725 4847 884 4903 debet
908 4845 1148 4901 recolere
1170 4842 1297 4914 quid
1324 4840 1619 4895 officiorum
1651 4837 1842 4902 solvat,
1868 4851 2026 4904 quam

449 4943 771 5006 meminisse
791 4940 917 5011 quid
941 4940 1165 5003 debeat;
1189 4935 1352 4991 etiam
1381 4949 1523 4990 nunc
1553 4933 1742 4987 laxatis
1778 4946 2034 4987 verecun-

461 5076 595 5131 iluie
643 5090 771 5146 ergo
817 5071 1297 5146 utjurisconsulto
1350 5063 1688 5146 commendat
1727 5031 2025 5146 Vindicith

461 5133 840 5270 ecclesigevsgze
870 5133 1181 5207 diaconum,
1218 5139 1370 5209 cujus
1417 5137 1608 5191 iterum
1653 5133 1894 5188 meminit
1933 5133 2030 5187 lib.

458 5233 560 5272 vit.
589 5226 746 5272 emst.
808 5255 822 5270 .

459 5226 1048 5412 ἒξέιὲἒξιξξῇυεᾳιιθ
1075 5290 1290 5338 auctore
1334 5274 1644 5342 Claudiano,
1679 5277 1844 5327 multa
1871 5273 2029 5342 epist.

532 5372 574 5412 ει
598 5372 632 5412 'o
680 5372 773 5411 nn.
797 5372 870 5411 tv.

532 5426 561 5508 ξ)
593 5400 910 5508 Ambrosius
930 5426 982 5481 in
1010 5441 1066 5508 re
1092 5423 1224 5508 pari,
1251 5423 1351 5504 hoc
1371 5417 1524 5503 estin
1553 5415 1814 5508 auspiciis
1824 5414 2035 5497 impacti

468 5497 825 5566 episcopatus,
855 5497 949 5551 lib.
979 5513 995 5550 ι
1025 5484 1316 5566 ἀεὈΠῖοἱίε
1341 5491 1701 5566 ministrorum
1733 5484 1910 5566 {Cum
1922 5486 2036 5555 jam

467 5555 688 5636 effugere
718 5555 825 5621 non
841 5568 1089 5636 possimus
1117 5565 1332 5634 ofﬁcium
1349 5560 1570 5636 docendi
1588 5600 1610 5636 ,_
1634 5555 1766 5636 (ιιι.οά
1797 5557 1938 5636 nobis
1963 5572 2040 5608 rc-

467 5626 776 5710 fiigiéntibus
822 5626 1062 5704 imposuit
1107 5626 1376 5710 sacerdotii
1425 5626 1757 5710 necessitudo.
1811 5627 1886 5710 Et.
1926 5633 2044 5706 post

469 5695 570 5762 alia
602 5726 617 5780 ζ
650 5706 760 5780 Ego
801 5695 933 5780 enim
962 5715 1134 5780 raptus
1169 5701 1599 5780 de_tr_ibunal_ibus
1639 5709 1785 5768 atque
1820 5695 2044 5780 admitti:

475 5765 732 5845 qtrationi's
769 5779 950 5852 infulis
978 5765 1045 5832 ad
1074 5775 1427 5840 sacerdotium,
1457 5771 1633 5826 docere
1654 5765 1736 5826 vos
1764 5765 1888 5843 ccepi
1910 5765 2044 5843 quod

2085 521 2223 561 mus.
2257 503 2422 572 Cujus
2457 501 2766 571 improbitas
2790 497 2873 552 vel
2899 495 3026 551 hinc
3054 493 3283 548 maxime
3310 491 3656 560 dignoscitur,

2084 597 2222 668 quod
2260 595 2464 652 tacetis.
2497 595 2636 664 Ergo
2669 608 2736 646 ne
2764 589 2888 662 quid
2923 581 3506 656 tempore-hostilitatis
3537 595 3662 649 age-

2085 687 2234 753 retis,
2260 688 2442 751 frater,
2471 700 2632 739 nosse
2658 699 2763 738 non
2801 678 3005 736 merui?
3038 676 3422 732 Dissimulastis
3454 674 3661 738 trepido

2085 795 2180 850 pro
2223 779 2373 833 vobis
2421 777 2593 831 amico
2641 775 2726 828 vel
2772 772 3110 827 securitatem
3161 767 3419 836 prodere,
3455 765 3544 838 vel
3592 763 3659 817 ti-

2085 871 2326 926 morem?
2355 867 2488 936 Quid
2517 875 2600 921 est
2629 864 2768 919 aliud
2788 905 2804 931 ,
2834 863 2875 916 si
2910 860 3200 930 requirenti
3231 867 3348 912 tuas
3375 854 3660 923 supprimis

2086 962 2345 1025 actiones,
2379 959 2531 1031 131
2565 971 2722 1028 quam
2763 953 3022 1023 suspicari
3060 966 3180 1006 eum
3212 949 3300 1020 qui
3332 949 3406 1002 tui
3447 946 3660 1002 sollici—

2087 1062 2173 1110 tus
2228 1054 2460 1119 cxistat,
2519 1059 2607 1104 aut
2669 1055 2815 1103 certe
2867 1061 2971 1099 non
3021 1043 3321 1116 gavisurum
3371 1038 3661 1110 compertis

2089 1145 2394 1218 prosperis,
2437 1153 2525 1198 aut
2570 1141 2809 1207 tristem,
2853 1138 2897 1192 si
2941 1137 3150 1191 diversa
3205 1131 3498 1197 cesserint,
3552 1143 3662 1183 non

2088 1230 2358 1294 futurum?
2393 1237 2648 1291 Facessat
2687 1232 2802 1286 haec
2833 1245 2861 1282 a
2899 1228 3053 1283 bonis
3098 1225 3335 1280 moribus
3375 1220 3663 1293 impietatis

2094 1331 2301 1404 opinio,
2333 1335 2388 1384 et
2423 1343 2453 1382 a
2495 1324 2728 1381 candore
2767 1336 2864 1404 suo
2907 1333 3032 1374 vera
3072 1316 3266 1371 caritas
3303 1329 3508 1369 naevum
3555 1319 3664 1374 tam

2093 1423 2303 1479 misera:
2352 1417 2671 1490 suspicionis
2715 1397 2974 1471 eliminet.
3023 1409 3294 1479 Namque,
3346 1415 3400 1461 ut
3445 1403 3666 1474 Crispus

2094 1524 2269 1572 vester
2307 1513 2564 1578 affirmat,
2616 1509 2755 1563 idem
2795 1505 2962 1571 velle,
3007 1513 3165 1572 atque
3210 1499 3349 1554 idem
3395 1497 3558 1561 nolle,
3602 1509 3666 1552 ea

2093 1607 2310 1662 demum
2357 1604 2510 1658 firma
2548 1599 2777 1656 amicitia
2821 1605 2921 1652 est.
2966 1594 3174 1649 Interea
3222 1591 3264 1645 si
3308 1587 3390 1644 vel
3433 1603 3529 1641 vos
3571 1601 3666 1641 va-

2096 1701 2248 1765 letis,
2303 1699 2441 1753 bene
2503 1703 2602 1748 est.
2658 1692 2769 1761 Ego
2826 1696 3005 1742 autem
3057 1683 3281 1738 infelicis
3327 1677 3669 1734 conscientia

1150 1821 1325 1864 tamen
1369 1813 1590 1868 cunctas
1631 1798 1993 1860 difficultates,
2026 1779 2075 1848 Β
2097 1781 2239 1849 mole
2266 1792 2574 1860 depressus,
2606 1785 2659 1840 vi
2692 1783 2914 1839 febrium
2952 1793 3121 1850 nuper
3151 1785 3445 1830 extremum
3484 1767 3671 1823 salutis

2101 1882 2332 1951 accessi;
2369 1891 2424 1936 ut
2465 1886 2590 1949 pote
2625 1876 2709 1931 cui
2737 1871 3104 1943 indignissimo
3135 1876 3293 1921 tantae
3324 1860 3672 1935 professionis

2101 1975 2308 2052 pondus
2369 1975 2654 2039 impactum
2713 1975 2792 2023 est
2838 1983 2851 2018 :
2907 1963 2999 2034 qui
3058 1962 3220 2015 miser
3264 1957 3291 1995 ι)
3343 1963 3466 2010 ante
3521 1967 3671 2007 com-

2105 2070 2286 2140 pulsus
2341 2066 2536 2120 docere
2581 2076 2740 2132 quam
2789 2059 3024 2123 discere,
3075 2062 3127 2108 et
3170 2061 3293 2106 ante
3343 2058 3674 2120 praesumens

2094 2157 2302 2232 bonum
2359 2158 2653 2230 prmdieare
2705 2166 2862 2221 quam
2916 2150 3124 2212 facere,
3175 2154 3420 2211 tanquam
3479 2137 3675 2194 sterilis

2107 2258 2285 2322 arbor,
2329 2269 2446 2310 cum
2490 2266 2597 2307 non
2645 2248 2868 2303 habeam
2902 2255 3061 2311 opera
3107 2253 3204 2309 pro
3243 2236 3438 2305 pomis,
3483 2234 3675 2298 spargo

2105 2350 2268 2410 verba
2323 2361 2420 2418 pro
2483 2341 2643 2397 foliis.
2701 2336 2852 2406 Quod
2904 2341 3098 2397 restat,
3151 2336 3321 2390 orate,
3377 2330 3437 2378 ut
3497 2334 3676 2389 opera:

2109 2410 2340 2514 pretiuni
2389 2438 2488 2502 sit,
2532 2430 2671 2503 quod
2731 2429 2796 2483 ab
2851 2425 3054 2479 inferna
3116 2415 3498 2490 propemodum
3552 2410 3678 2472 sede

2095 2520 2511 2605 :remeavimus‘:
2555 2540 2619 2579 ne
2658 2523 2702 2576 si
2753 2520 2803 2573 in
2848 2512 3130 2588 praeteritis
3176 2506 3489 2566 criminibus
3529 2515 3681 2556 man-

2111 2625 2376 2683 serimus,
2418 2616 2634 2685 incipiat
2675 2612 2740 2667 ad
2792 2612 2982 2664 anima:
3023 2605 3200 2676 potius
3242 2607 3468 2654 mortem
3518 2592 3682 2664 perti-

2101 2705 2264 2783 nere,
2319 2712 2460 2784 quod
2483 2709 2752 2792 .vivimus.
2810 2702 2946 2756 Ecce
2992 2696 3131 2767 quod
3181 2693 3383 2764 agimus
3433 2683 3682 2741 indicavi-
3739 2685 3754 2700 ‘

2116 2826 2274 2876 mus;
2324 2821 2450 2862 ecce
2483 2777 2673 2858 'adliuc
2721 2794 2847 2868 quid
2899 2793 3068 2862 agatis
3125 2784 3461 2855 inquirimus.
3522 2777 3607 2832 Fit
3655 2790 3685 2829 a

2116 2869 2295 2972 nostra
2346 2905 2492 2964 parte
2536 2890 2675 2961 quod
2722 2888 2866 2956 pium
2909 2892 3036 2948 est:
3078 2893 3173 2932 vos
3227 2877 3479 2941 deinceps
3531 2869 3686 2922 facite

2117 2967 2256 3066 quod
2294 2963 2518 3045 videtur.
2554 2982 2683 3038 Illud
2714 2994 2843 3035 sane
2869 2976 3014 3030 velut
3046 2971 3248 3027 Atticas
3282 2968 3428 3035 leges
3469 2963 3540 3016 ita
3580 2974 3686 3016 aere

2118 3053 2318 3152 credite
2350 3081 2574 3136 incisum
2601 3117 2616 3142 ,
2647 3087 2746 3127 nos
2785 3070 2884 3124 sub
2923 3081 3026 3137 ope
3053 3062 3248 3120 Christi
3281 3071 3552 3127 nunquam
3595 3053 3688 3108 ad-

2118 3181 2373 3234 missuros
2403 3171 2598 3228 amoris
2622 3167 2929 3230 terminum,
2963 3160 3113 3230 cujus
3142 3153 3443 3212 studuimus
3467 3147 3689 3204 fundare

2107 3272 2455 3352 principium.
2479 3266 2628 3320 Vale.

2581 3355 2734 3426 132
2773 3345 3103 3405 EPISTOLA
3139 3341 3230 3396 tv.

2439 3449 2683 3506 Sidonius
2717 3441 2984 3512 Simplicio
3021 3452 3111 3493 suo
3139 3435 3377 3488 salutem.

2194 3543 2346 3613 Quod
2376 3557 2482 3597 non
2510 3537 2686 3604 recepi
2716 3536 2910 3603 scripta
2932 3531 3020 3602 qui
3045 3529 3314 3587 miseram,
3339 3522 3542 3590 imputo
3563 3516 3695 3572 ami-

2122 3641 2280 3706 citim,
2305 3637 2395 3693 sed
2419 3636 2612 3705 deputo
2633 3632 2752 3702 plus
2772 3627 2980 3698 pudori.
2997 3624 3150 3686 Nam,
3176 3619 3274 3673 nisi
3294 3625 3482 3686 praeter
3503 3627 3696 3681 equum

2123 3742 2363 3795 autumo,
2392 3739 2447 3783 ut
2472 3723 2722 3782 salutatio
2753 3719 2882 3774 mihi
2909 3715 3086 3772 debita
3113 3710 3556 3768 dissimularetur,
3589 3717 3698 3757 non

2123 3824 2253 3878 illud
2279 3816 2610 3876 contumacia
2631 3854 2646 3878 ,
2688 3809 2784 3866 sed
2809 3804 3129 3863 verecundia
3158 3805 3274 3857 fuit.
3305 3800 3374 3855 At
3402 3800 3444 3852 si
3476 3795 3698 3850 ulterius

2128 3915 2330 3985 paginae
2367 3906 2622 3980 garrienti
2667 3903 2835 3957 forem
2874 3896 3105 3958 claudis,
3140 3891 3406 3963 pessulum
3443 3886 3694 3957 opponis:

2125 3978 2288 4079 quieti
2329 3978 2542 4070 quidem
2587 4004 2692 4050 tute
2737 4006 2843 4047 non
2888 3988 3084 4044 invitus
3129 3983 3407 4051 indulgeo,
3453 3978 3546 4032 sed
3592 3991 3699 4038 non

2123 4065 2308 4170 procul
2332 4109 2364 4147 a
2391 4103 2442 4145 te
2473 4101 2593 4143 reos
2622 4099 2770 4140 meos
2790 4083 3130 4136 inventurum
3159 4089 3244 4128 me
3268 4084 3390 4126 esse
3418 4065 3696 4123 denuntio.

2127 4156 2258 4246 iVam
2281 4195 2442 4240 totam
2473 4177 2668 4236 silentii
2689 4173 2850 4228 vestri
2877 4167 3130 4225 invidiam
3153 4163 3286 4219 verti
3316 4174 3419 4216 non
3448 4156 3698 4225 iniurium

2127 4290 2210 4339 est
2239 4280 2306 4334 ad
2333 4268 2632 4345 superbiam
2677 4265 2934 4326 filiorum,
2968 4259 3057 4330 qui
3103 4272 3162 4312 se
3200 4253 3344 4320 diligi
3375 4248 3695 4308 sentientes,

2129 4337 2700 4442 quoddam'patiuntur
2736 4359 2804 4413 de
2853 4362 3034 4409 nostra
3073 4346 3355 4406 sedulitate
3384 4337 3652 4393 fastidium
3685 4350 3697 4385 :

2131 4431 2264 4537 quos
2293 4431 2514 4515 monere
2542 4467 2640 4522 pro
2669 4447 2838 4521 patria
2870 4440 3189 4500 auctoritate
3215 4431 3454 4492 debetis,
3483 4436 3543 4482 ut
3575 4438 3705 4478 con-

3026 4532 3038 4537 -
3121 4529 3156 4537 --
3394 4519 3497 4537 nn-
3531 4513 3672 4537 -52.:

2136 4513 2318 4614 rracta:
2345 4549 2479 4621 apud
2507 4513 2604 4600 nos
2633 4513 2850 4597 offensae
2875 4529 3285 4590 amaritudinem
3319 4519 3500 4595 politis
3529 4513 3705 4571 aﬂ'ati-

2133 4649 2235 4704 bus
2267 4644 2482 4700 dulcare
2511 4651 2619 4692 non
2649 4633 2913 4688 desinant.
2943 4623 3095 4681 Vale.

2703 4711 3034 4778 EPISTULA
3074 4713 3138 4767 ν,

2453 4819 2696 4879 Sidonius
2727 4827 2749 4854 ε
2789 4810 3010 4884 Syagrio
3038 4821 3129 4860 suo
3160 4802 3392 4855 salutem.

2209 4925 2342 4980 Cutn
2374 4919 2447 4973 sis
2473 4911 2706 4969 consulis
2735 4916 3026 4977 pronepos,
3051 4897 3213 4966 idque
3239 4906 3332 4962 per
3356 4884 3565 4940 virilem
3590 4894 3712 4937 suc-

2133 5063 2244 5130 ipse
2268 5071 2368 5110 non
2397 5050 2573 5130 didici.
2599 5045 2778 5115 Itaque
2799 5041 2992 5116 factum
3013 5043 3107 5100 est,
3137 5041 3193 5085 ut
3213 5029 3356 5100 prius
3374 5026 3555 5080 docere
3579 5022 3712 5078 inci-

2137 5119 2305 5202 pcrem
2326 5139 2482 5202 quam
2507 5119 2718 5202 discere:

2217 5165 2482 5250 ἶ
2507 5165 2717 5259 S'y'igrii
2757 5182 2879 5238 olim
2925 5175 3163 5259 consulis
3194 5165 3509 5259 pronepg‘ti,
3552 5180 3580 5218 a
3605 5177 3717 5246 .quo

2142 5239 2450 5327 etiam-,"s-ed
2461 5239 2674 5331 'géiieiiq
2704 5263 2965 5331 materno,
2997 5263 3069 5331 ett
3085 5245 3191 5298 filia
3205 5239 3378 5331 fortusl
3395 5239 3684 5331 Tolnlantius
3699 5274 3714 5297 ,

2143 5310 2508 5406 ἰῖῑὲῗῖῗοῖἦὲιῗ
2519 5310 2575 5384 ‘1?
2593 5310 2677 5406 ed
2693 5327 2851 5406 ,ιιυηεε
2881 5310 3715 5406 “*9_‘}e';"'f‘1f°'leL“2:13.22:

2693 5372 3073 5471 L'tigd'nnun'ses
3120 5380 3468 5481 itterezoN'attt
3511 5372 3717 5481 §)l'§ll{‘;:iii

2317 5476 2346 5481 _-
2558 5474 2567 5481 .
2759 5465 2774 5481 ι
2846 5480 2852 5481 ,
2879 5464 2993 5481 _L__-
3075 5464 3206 5481 ιιι-..ρο
3397 5463 3503 5481 anan
3590 5461 3598 5481 t
3703 5457 3716 5469 '

2144 5442 2399 5537 ἓξίῗξίιὶίξ·
2423 5442 2996 5541 sziiuicrnming—dimi
3017 5497 3030 5520 ,
3072 5451 3346 5541 θρίειι.μ12Ι
3381 5449 3542 5541 hujusl
3555 5442 3718 5504 libri;

2141 5513 2519 5609 _Zi"i§x"'e"a.i€n'i
2552 5513 2706 5602 gente
2736 5513 2986 5609 Syagria,
3017 5513 3190 5609 :quatn
3231 5519 3474 5609 Ecclesiae
3505 5513 3721 5609 [11:830-

2547 5582 2817 5666 ἓηηοιὶὶιῖε
2845 5582 2904 5657 in
2937 5582 3251 5686 Epiphanio,
3288 5583 3526 5656 Lugduni
3549 5582 3719 5686 lflore:

2528 5684 2538 5686 ‘
2584 5682 2594 5686 ‘
2649 5678 2698 5686 “·
2921 5671 2957 5686 η
3174 5666 3346 5686 εη.....η
3380 5675 3389 5684 .
3427 5670 3544 5686 mm,
3587 5667 3690 5686 "nn

2144 5654 2737 5750 ἰιεῖὶυεῖἶῖἶόἶηιειξικιιιιυ
2766 5690 2890 5750 rege
2921 5654 3399 5750 Btirgnndionumg
3425 5654 3563 5722 apud
3587 5666 3720 5750 qpos

2147 5723 2939 5832 :i‘tiié'"s‘§§§&i§"iiivpidici
2975 5723 3162 5808 itaque
3197 5729 3339 5802 quod
3368 5723 3721 5798 Symmachus
