4072 6348
280 363 390 424 537

1537 371 2017 431 EPISTOLARUM
2058 376 2184 431 LIB.
2232 378 2293 432 V.

3443 385 3547 444 538

244 470 248 474 Α
283 481 479 537 afferre
506 481 709 547 minas,
756 482 969 539 auferre
1002 483 1343 541 substantias.
1383 484 1445 540 lli
1473 495 1598 540 sunt
1634 501 1859 555 quorum
1886 492 1937 548 Α
1966 490 2146 559 pardi,
2182 490 2247 543 ad
2278 492 2498 547 facetias
2528 497 2668 559 ursi,
2702 496 2767 549 ad
2796 496 3084 550 fallendum
3111 496 3329 563 vulpes,
3357 498 3420 552 ad
3452 515 3546 555 su-

285 571 498 626 laudari
528 570 678 626 audis
708 572 761 627 in
790 573 904 627 otio
934 564 1311 643 occupationes
1330 618 1344 642 ,
1385 568 1435 629 in
1467 591 1595 646 pace
1627 578 1829 647 praidas
1851 617 1867 643 ,

286 665 433 717 inter
473 677 623 717 arma
664 662 845 732 fugas,
874 664 1016 718 inter
1052 666 1173 719 vina
1201 665 1470 721 victorias.
1520 667 1583 720 Hi
1629 675 1752 721 sunt
1779 668 1869 738 qui

285 769 480 810 causas
522 765 801 810 morantur
845 757 1099 824 adhibiti,
1148 760 1441 829 impediunt
1487 763 1865 831 prmtermissi,

284 845 568 899 fastidiunt
593 846 878 914 admoniti,
908 848 1290 905 obliviscuntur
1310 850 1635 919 locupletati.
1665 852 1722 906 lli
1747 862 1869 908 sunt

285 939 375 1007 qui
424 948 610 993 emunt
652 940 803 1006 lites,
845 941 1081 996 vendunt
1125 944 1564 1009 intercessiones,
1613 946 1867 1014 deputant

283 1027 546 1094 arbitros,
571 1029 857 1097 iudicanda
881 1032 1099 1099 dictant,
1130 1034 1320 1089 dictata
1348 1036 1675 1103 convellunt,
1702 1046 1867 1092 attra-

285 1117 420 1173 lntnt
449 1119 776 1189 litigaturos,
829 1125 1140 1190 protrahunt
1169 1125 1460 1181 audiendos
1480 1168 1493 1192 ,
1526 1127 1742 1181 trahunt
1768 1128 1864 1181 ad-

285 1211 484 1278 dictos,
519 1214 799 1267 retrahunt
825 1217 1199 1286 transigentes.
1238 1217 1297 1271 Ili
1330 1228 1454 1272 sunt
1484 1234 1617 1289 quos
1642 1220 1684 1273 si
1719 1229 1867 1289 petas

284 1304 449 1355 etiam
480 1303 625 1356 nullo
654 1304 971 1360 adversante
1002 1306 1337 1375 beneficium,
1367 1309 1507 1378 piget
1533 1310 1864 1377 promittere,

285 1392 456 1460 pudet
499 1408 725 1461 negare,
757 1396 978 1462 poenitet
1021 1398 1352 1466 praestitisse.
1403 1398 1463 1452 lli
1491 1408 1616 1454 sunt
1641 1415 1865 1469 quorum

280 1484 676 1552 comparationi
705 1485 923 1554 digitum
969 1487 1218 1543 tollerent
1259 1499 1285 1527 ἰ
1325 1490 1635 1558 Narcissus,
1673 1492 1867 1547 Asiati-

286 1588 383 1626 cus
404 1613 420 1637 ,
454 1575 621 1629 Massa
643 1614 659 1641 ,
694 1576 1006 1643 Marcellus,
1037 1579 1237 1648 Carus,
1272 1580 1584 1635 Parthenius
1606 1622 1620 1647 ,
1652 1580 1867 1638 Licinus

288 1674 343 1719 et
375 1665 571 1720 Pallas.
606 1666 670 1719 lli
697 1676 818 1721 sunt
846 1669 933 1737 qui
966 1669 1205 1725 invident
1234 1672 1482 1726 tunicatis
1511 1674 1637 1740 otia,
1669 1674 1869 1742 stipen-

287 1758 375 1811 dia
407 1758 691 1826 paludatis,
721 1758 908 1813 viatica
930 1760 1240 1826 veredariis,
1269 1764 1652 1816 mercatoribus
1676 1764 1866 1818 nundi-

1974 582 2321 650 pcrbientlum
2356 586 2514 651 tauri,
2543 588 2607 640 ad
2633 588 3057 642 consumendum
3088 590 3388 643 minotauri.
3415 592 3548 660 Spes

1974 675 2154 730 firmas
2200 678 2251 729 in
2299 694 2476 732 rerum
2526 680 2757 733 motibus
2818 682 3040 745 habent,
3096 682 3253 735 dubia
3310 679 3548 751 tempora

1972 769 2168 822 certius
2199 778 2397 837 amant,
2429 782 2477 824 et
2514 773 2721 839 ignavia
2756 776 2954 841 pariter
2976 775 3407 845 ennscieiitiaque
3438 787 3547 831 ire-

1973 859 2240 927 pidantes,
2273 878 2390 916 cum
2420 863 2527 916 sint
2555 865 2604 917 in
2636 866 2901 933 przctoriis
2928 867 3138 933 leones,
3171 868 3221 921 in
3255 867 3443 921 castris
3474 868 3548 922 le-

1973 967 2164 1019 pores,
2212 954 2399 1007 timent
2449 954 2673 1018 fmdera,
2728 971 2794 1010 ne
2842 956 3217 1020 discutiantur;
3260 958 3431 1023 be‘la,
3480 973 3547 1012 ne

1972 1050 2229 1111 pugnent.
2268 1044 2503 1108 Quorum
2542 1048 2584 1098 si
2630 1061 2786 1099 nares
2821 1046 3081 1101 afflaverit
3110 1048 3313 1116 uspiam
3347 1049 3546 1118 rubigi-

1972 1134 2088 1187 nosi
2116 1148 2241 1186 aura
2284 1136 2569 1201 marsupii,
2604 1134 2883 1190 confestim
2916 1137 3116 1191 videbis
3144 1138 3247 1191 illic
3274 1148 3326 1193 ct
3362 1140 3546 1193 oculos

1970 1222 2094 1291 Argi
2136 1236 2188 1277 et
2232 1240 2419 1279 manus
2462 1226 2695 1291 Briarei,
2729 1235 2782 1280 et
2824 1226 3175 1295 Sphingarum
3217 1243 3451 1297 ungues,
3492 1236 3545 1282 et

1971 1316 2201 1383 periuria
2233 1316 2633 1382 Laomedontis,
2665 1325 2718 1370 et
2741 1317 2944 1387 Ulyssis
2967 1318 3219 1386 argutias,
3251 1327 3307 1372 ct
3329 1318 3544 1373 Sinonis

1972 1405 2203 1460 fallacias
2225 1448 2239 1472 ,
2273 1416 2326 1460 et
2360 1407 2515 1461 fidem
2550 1408 3003 1477 Polymnestoris.
3037 1416 3091 1461 et
3119 1408 3367 1476 pietatem
3408 1410 3544 1480 Pyg-

1970 1497 2217 1551 malionis
2246 1497 2505 1551 adhiberi.
2550 1498 2641 1552 llis
2686 1498 2923 1553 moribus
2949 1498 3182 1552 obruunt
3221 1500 3391 1554 virum
3436 1516 3543 1555 non

1971 1588 2144 1641 minus
2172 1588 2407 1643 bonitate
2430 1605 2588 1656 quam
2615 1599 2876 1658 potestate
2900 1599 3259 1659 praestantem.
3286 1591 3390 1645 Sed
3417 1592 3543 1661 quid

1970 1676 2129 1732 faciat
2172 1693 2309 1731 unus
2359 1678 2588 1745 undique
2638 1690 2901 1733 venenato
2946 1680 3171 1733 vallatus
3217 1680 3544 1749 interprete?

1968 1770 2104 1836 Quid
2134 1771 2345 1838 inquam
2385 1770 2561 1835 faciat,
2593 1773 2676 1825 cui
2710 1782 2895 1826 natura
2925 1788 3044 1826 cum
3068 1772 3254 1835 bonis,
3286 1774 3391 1827 vita
3421 1788 3543 1827 cum

289 1865 418 1911 nas,
455 1848 766 1903 munuscula
806 1850 1021 1919 legatis,
1058 1852 1288 1918 portoria
1334 1853 1861 1923 quadrup'atoribus,
1896 1862 1942 1920 B
1971 1862 2121 1915 malis
2150 1874 2223 1914 εει
2249 1862 2270 1914 ?
2300 1862 2378 1915 Ad
2403 1878 2625 1930 quorum
2661 1863 2811 1933 137
2842 1864 3064 1917 consilia
3096 1864 3331 1916 Phalaris
3354 1878 3543 1918 cruen-

286 1940 489 2010 prtedia
517 1941 927 2008 provincialibus
952 1982 967 2006 ,
996 1940 1023 1979 δ
1055 1942 1300 1996 flamonia
1347 1944 1731 2013 municipibus,
1774 1960 1861 2000 ar-

286 2033 444 2086 cariis
470 2032 728 2100 pondera,
760 2046 1041 2087 mensuras
1069 2034 1271 2087 allectis
1292 2077 1305 2099 ,
1337 2035 1528 2089 salaria
1557 2036 1861 2104 tabulariis,

285 2124 666 2191 disizositioncs
695 2125 1050 2191 numerariis,
1082 2128 1415 2193 praetorianis
1450 2129 1747 2197 sportulas,
1787 2130 1863 2183 ci—

285 2214 534 2270 vitatibus
568 2216 826 2283 inducias,
855 2216 1128 2285 vectigalia
1162 2218 1477 2287 publicanis,
1512 2222 1861 2275 reverentiam

284 2309 525 2373 clericis,
573 2310 830 2379 originem
874 2310 1169 2375 nobilibus,
1217 2328 1529 2367 consessum
1563 2314 1860 2383 prioribus,

268 2418 629 2470 ,cnngre-sum
663 2402 987 2470 aequalibus,
1013 2402 1200 2457 cinctis
1235 2404 1522 2474 136jura
1544 2444 1558 2471 ,
1591 2404 1862 2461 discinctis

286 2494 577 2563 priiilcgia,
607 2492 823 2547 scholas
851 2494 1214 2563 instituendis,
1246 2496 1518 2549 mercedes
1542 2495 1863 2551 instituenti-

286 2584 401 2649 bus,
434 2585 639 2641 litteras
661 2583 935 2644 institutis.
966 2585 1025 2638 lli
1050 2596 1173 2639 sunt
1198 2588 1287 2656 qui
1312 2587 1468 2641 novis
1494 2589 1683 2656 opibus
1705 2589 1859 2655 ebrii,

284 2685 339 2729 ut
363 2686 415 2730 et
443 2677 662 2731 minima
689 2686 1009 2745 cognoscas,
1059 2694 1151 2747 per
1180 2680 1362 2733 utendi
1394 2681 1859 2750 intemperantiam

285 2771 518 2839 produnt
565 2770 882 2840 imperitiam
927 2772 1251 2839 possidendi.
1287 2774 1418 2828 Nam
1465 2775 1691 2829 libenter
1718 2774 1863 2829 ince-

288 2863 417 2917 dunt
450 2863 638 2917 armati
666 2864 729 2916 ad
758 2865 964 2930 epulas,
995 2866 1157 2919 albati
1184 2866 1247 2919 ad
1272 2870 1572 2937 exsequias,
1601 2868 1771 2937 pelliti
1793 2868 1860 2923 ad

284 2954 563 3018 ecclesias,
590 2955 770 3023 pullati
793 2956 856 3008 ad
886 2957 1117 3023 nuptias,
1148 2968 1168 2996 ο
1196 2960 1505 3013 castorinati
1532 2960 1596 3013 ad
1626 2960 1877 3023 litanias.‘

284 3046 497 3100 Nullum
529 3047 632 3101 illis
664 3063 829 3117 genus
858 3048 1133 3105 hominum
1155 3091 1169 3115 ,
1208 3051 1451 3106 ordinum
1471 3096 1484 3117 ,
1522 3063 1820 3121 temporum
1843 3094 1858 3117 ,

283 3138 432 3191 cordi
470 3147 570 3192 cst.
620 3138 672 3191 In
719 3138 833 3193 foro
874 3139 1116 3209 Scythre,
1163 3142 1216 3195 in
1261 3142 1505 3197 cubiculo
1541 3144 1773 3212 viperae,
1805 3144 1857 3198 in

1972 1954 2097 2013 tinr,
2132 1953 2269 2007 Mida
2300 1953 2559 2019 cupidior,
2592 1954 3091 2022 Ancusjactantior,
3122 1954 3441 2023 Tarquinius
3464 1969 3543 2008 su-

1972 2044 2204 2112 perbior,
2239 2045 2481 2097 Tiberius
2511 2045 2774 2108 callidior,
2808 2045 2969 2098 Caius
2997 2046 3361 2113 periculosior,
3387 2045 3544 2098 Clau-

1970 2134 2087 2187 dius
2131 2136 2427 2198 socordior,
2470 2135 2606 2187 Nero
2637 2134 2916 2199 impurior,
2950 2134 3114 2189 Galba
3148 2138 3377 2199 avarior,
3407 2134 3546 2188 Otho

1967 2224 2237 2287 audacior,
2283 2224 2522 2277 Vitellius
2572 2226 2955 2293 sumpzuosior,
3003 2224 3330 2277 Domitianus
3369 2233 3545 2277 trucu-

1967 2317 2163 2372 lentior
2196 2318 2529 2371 redderetur.
2562 2317 2700 2371 Sane
2728 2318 2866 2386 qttod
2901 2317 3264 2385 principaliter
3303 2316 3543 2369 medetur

1967 2409 2210 2471 afflictis,
2244 2419 2504 2477 temperat
2536 2406 2560 2445 ἀ
2600 2408 2961 2462 Lucumonem
3006 2418 3243 2461 nostrum
3285 2404 3543 2474 Tanaquil

1966 2519 2095 2569 sua,
2130 2514 2184 2558 et
2213 2519 2368 2557 aures
2413 2503 2585 2556 mariti
2617 2504 2791 2555 virosa
2832 2516 3177 2554 susurronum
3226 2498 3354 2552 fa‘ce
3392 2514 3542 2551 enm-

1975 2596 2145 2664 pletas
2175 2595 2568 2663 opportunitate
2602 2594 2725 2647 salsi
2773 2594 3033 2646 sermonis
3080 2591 3346 2646 eruderat.
3382 2588 3543 2658 Cujus

1966 2687 2139 2740 studio
2170 2688 2308 2740 scire
2334 2700 2427 2738 vos
2458 2700 2552 2754 par
2573 2693 2684 2748 est;
2717 2683 2847 2737 nihil
2884 2684 3092 2737 interim
3122 2681 3288 2750 quieti
3320 2680 3542 2748 fratrum

1963 2780 2321 2833 Communium
2368 2778 2507 2845 apud
2546 2779 2778 2831 animum
2826 2776 3125 2830 communis
3170 2775 3377 2843 patroni
3412 2784 3434 2810 ο
3465 2774 3543 2841 ju-

1965 2871 2171 2923 niorum
2202 2868 2569 2940 Cibyratarum
2614 2884 2817 2922 venena
2866 2868 3144 2930 nocuisse,
3187 2880 3357 2933 neque
3395 2865 3541 2934 quid-

1962 2976 2119 3029 quam
2153 2960 2287 3030 (Deo
2335 2960 2683 3029 propitiante)
2714 2962 2995 3021 nocitura;
3038 2959 3078 3012 si
3118 2957 3277 3011 modo
3306 2956 3538 3025 quandiu

1964 3064 2200 3118 prmsens
2227 3058 2459 3119 potestas
2485 3051 2499 3079 ¹
2529 3048 2934 3117 Lugdunensem
2965 3046 3303 3101 Germaniam
3330 3044 3349 3083 τ
3375 3047 3535 3115 regit,

1964 3149 2202 3194 nostrum
2247 3154 2508 3208 suumque
2551 3140 2929 3194 Germanicum
2972 3152 3210 3209 pra-scus
3254 3137 3540 3207 Agrippina

282 3230 533 3282 convivio
564 3244 760 3284 scurrm
782 3272 796 3296 ,
829 3232 879 3285 in
911 3233 1279 3288 exactionibus
1307 3234 1542 3304 harpyiae
1564 3276 1578 3299 ,
1620 3236 1670 3288 in
1700 3236 1862 3289 collo-
1887 3235 1932 3297 C
1965 3234 2292 3288 moderetur.
2326 3232 2475 3287 Vale.
2526 3274 2529 3277 λ

283 3322 588 3377 eutionibus
618 3333 824 3389 statum,
854 3325 908 3379 in
932 3326 1317 3394 qumstionibus
1346 3327 1551 3392 besticc,
1582 3329 1631 3380 in
1664 3337 1857 3382 tracta-

284 3413 425 3466 tibus
454 3413 717 3479 cochleae,
748 3414 801 3467 in
828 3417 1193 3471 contractibus
1224 3418 1529 3486 trapezitte;
1562 3419 1626 3472 ad
1658 3419 1857 3473 intelli-

281 3504 505 3571 gendum
529 3504 708 3567 saxei,
738 3506 801 3558 ad
824 3505 1169 3573 iudicandum
1200 3508 1393 3576 lignei.
1438 3508 1503 3561 ad
1534 3523 1855 3564 succensen-

284 3594 402 3648 dum
431 3594 696 3660 flammei,
728 3594 794 3649 ad
832 3595 1210 3666 ignoscendum
1243 3598 1443 3664 ferrei,
1486 3597 1550 3651 ad
1594 3600 1859 3655 amicitias

350 3734 455 3805 56
485 3742 510 3768 ι
539 3730 825 3805 Cmsariani
855 3749 1041 3789 omnes
1068 3734 1263 3799 liberti,
1298 3749 1459 3801 pravo
1499 3736 1733 3801 ingenio,
1762 3735 1854 3790 de-

284 3803 646 3871 latimmmque
684 3803 895 3856 infamia
932 3805 1060 3858 clari
1091 3823 1103 3855 :
1138 3805 1445 3867 Narcissus,
1483 3806 1653 3857 Pallas
1681 3818 1725 3857 ei
1763 3806 1852 3858 Li-

285 3874 451 3926 cinius
494 3873 989 3942 Claudi'rAugusti;
1032 3876 1229 3938 Massa,
1268 3875 1547 3928 Marcellus
1593 3884 1642 3929 et
1692 3876 1856 3929 Carus

285 3942 538 4007 Neronis;
586 3943 849 3997 Asiaticus
880 3944 1109 4009 Vitellii;
1163 3945 1476 3998 Parthenius
1530 3945 1854 3998 Domitiani:

285 4015 349 4066 de
376 4014 564 4082 quibus
594 4012 818 4075 Seneca,
852 4014 1060 4069 Persius
1080 4055 1094 4077 ,
1120 4014 1421 4076 iuvenalis,
1450 4015 1722 4077 Martialis,
1754 4015 1855 4069 Ta-

286 4083 439 4144 citus,
473 4082 677 4136 Plinius
707 4092 948 4151 uterque,
984 4085 1270 4139 Suetonius
1300 4093 1355 4137 et
1386 4084 1499 4137 Dio.

354 4151 383 4189 δ
414 4152 669 4205 Flaminia
691 4193 702 4211 ,
736 4153 1004 4207 flaminum
1036 4154 1351 4209 sacerdotia.
1386 4154 1641 4207 Flamonii
1673 4170 1859 4209 vocem

288 4229 389 4291 pro
417 4222 646 4293 flaminio
674 4232 965 4293 agnoscunt
988 4235 1195 4280 veteres
1224 4225 1446 4293 glossae,
1489 4233 1545 4279 et
1588 4224 1861 4293 inscriptio

290 4292 436 4348 Alba:
458 4292 626 4346 Julite.

815 4365 876 4418 L.
919 4364 1021 4419 FL.
1064 4365 1330 4419 VALENS

776 4435 878 4488 ΟΒ
934 4436 1364 4490 IIONOREM

919 4506 1236 4559 FLAMONII

943 4576 1001 4629 Β.
1043 4577 1105 4629 Ρ.
1147 4577 1209 4629 Ι).

289 4712 343 4765 ld
389 4713 709 4767 ﬂaniinicum
744 4711 937 4768 munus
966 4712 1153 4767 dicitur
1180 4712 1231 4766 in
1262 4712 1363 4766 alia
1396 4712 1737 4781 inscriptione
1765 4727 1863 4765 an-

287 4785 453 4850 tiqua.
485 4783 748 4839 Flamines
773 4797 948 4837 autem
976 4783 1027 4836 in
1053 4784 1350 4850 municipiis
1374 4782 1540 4837 fuisse
1561 4791 1789 4847 constat,
1811 4790 1866 4836 et

286 4853 630 4921 pectiiariter
658 4854 955 4921 municipiis
984 4853 1211 4906 tributos
1231 4894 1244 4918 ,
1281 4853 1653 4919 ut—pruviuciis
1688 4868 1865 4907 sacer-

285 4923 459 4977 dotes.
507 4925 794 4992 Drepanius
822 4923 1045 4977 Pacatus
1083 4923 1135 4976 in
1177 4923 1524 4992 panegyrico,
1568 4923 1864 4975 reverendos

284 4995 584 5065 municipali
612 5010 839 5065 purpura
878 4996 916 5063 ﬂ

286 5063 448 5116 dotes.
479 5061 968 5118 Novella‘Marti’ani
995 5064 1083 5130 15,
1115 5061 1196 5116 Νε
1221 5063 1420 5132 ﬂamini
1446 5061 1762 5132 municipali,
1787 5077 1871 5115 sa-

286 5135 481 5205 cerdoti
506 5136 776 5205 provincia:
797 5136 969 5187 liceret
991 5134 1173 5187 habere
1198 5130 1407 5205 uxorein
1430 5130 1690 5205 ancillam.

362 5213 382 5240 ε
413 5201 721 5269 Castorina,
754 5220 848 5258 seu
874 5205 1060 5258 fibrina
1088 5213 1237 5257 veste
1266 5203 1464 5255 amicti.
1504 5201 1733 5254 Isidorus
1761 5201 1869 5255 ori-

288 5272 470 5345 ginum
495 5291 582 5329 xu
610 5292 625 5332 :
657 5275 945 5339 Fibriuum,
970 5275 1160 5345 inquit,
1186 5274 1306 5327 lana
1326 5283 1597 5345 castorum,
1620 5280 1663 5345 et
1687 5272 1870 5338 ﬁbrina

284 5344 454 5406 vestis,
488 5354 705 5398 tramam
730 5348 791 5399 de
812 5345 927 5409 ﬁbri
956 5343 1075 5398 lana
1096 5345 1305 5411 habens,
1335 5344 1611 5397 castorina.
1640 5343 1869 5395 Ambro-

282 5412 399 5485 sius
437 5414 504 5469 de
545 5415 798 5485 dignitate
833 5416 1114 5469 sacerdotii
1146 5434 1159 5467 :
1195 5414 1487 5469 Castorinas
1517 5414 1788 5485 querimus
1820 5420 1867 5465 et

283 5484 471 5537 sericas
496 5482 652 5540 vestes
674 5502 694 5539 :
722 5499 769 5539 et
790 5486 877 5538 ille
900 5502 953 5538 se
978 5488 1107 5539 inter
1131 5487 1391 5555 episcopos
1412 5484 1569 5537 credit
1594 5482 1824 5555 altiorem
1844 5525 1858 5549 ,

281 5556 1125 5627 qui-vestemjndueritclariorem.
1154 5552 1355 5611 Eodem
1381 5562 1623 5625 spectant
1653 5552 1863 5609 lutriute

279 5623 452 5691 pelles
479 5628 531 5679 in
561 5623 764 5681 Carolo
789 5626 1084 5694 Eginartbi.

919 4993 1145 5056 amines,
1182 4994 1403 5061 insignes
1442 4993 1667 5057 apicibus
1707 5008 1897 5047 sacer-.

2509 3326 2834 3381 EPISTULA
2875 3326 2989 3380 Vill

2250 3420 2498 3474 Sidonius
2528 3431 2551 3466 ξς
2583 3421 2879 3474 Secundino
2906 3436 2997 3472 suo
3023 3419 3254 3472 salutem.

2038 3514 2136 3567 Diu
2161 3513 2373 3582 quidem
2399 3523 2502 3577 est,
2520 3513 2663 3580 quod
2686 3494 2745 3566 le
2779 3496 3103 3566 hexametris
3125 3511 3434 3565 familiarius
3457 3512 3541 3564 in-

1967 3605 2292 3659 servientem
2333 3613 2606 3672 stupentes
2649 3604 3103 3672 praedicantesque
3148 3601 3539 3656 lectitahamus.

2040 3735 2064 3772 ἀ
2100 3736 2451 3805 Chilpericum
2485 3751 2660 3803 regem
2700 3752 2849 3788 uxor.
2882 3735 3016 3805 Quia
3052 3734 3407 3797 Lucumonis,
3430 3732 3541 3805 hoc

1967 3816 2049 3860 est
2079 3804 2347 3873 Tarquinii
2382 3807 2565 3864 Prisci,
2593 3821 2725 3857 uxor
2754 3805 2847 3857 fiiit
2876 3804 3150 3870 Tanaquil,
3186 3806 3402 3871 figurate
3427 3804 3541 3859 haec

1968 3877 2177 3929 nomina
2204 3875 2457 3928 transfert
2479 3877 2541 3927 ad
2566 3876 2919 3941 Chilpericum
2943 3884 2994 3927 et
3014 3889 3234 3926 uxorem
3265 3890 3276 3923 :
3302 3884 3358 3925 ut
3380 3875 3540 3941 paulo

1965 3946 2204 4011 inferius,
2235 3946 2533 4000 Germanici
2565 3954 2616 3997 et
2661 3944 2961 4011 Agrippinze
2990 3942 3288 3996 nominibus
3315 3942 3532 4011 eosdem

1964 4008 2235 4080 designat,
2266 4016 2388 4082 quia
2428 4008 2729 4082 Agrippina
2752 4008 2884 4065 uxor
2917 4012 3013 4065 fuit
3043 4010 3343 4066 Germanici
3373 4011 3537 4079 patris

1969 4086 2239 4137 Caiiaulm.

2040 4101 2448 4221 é'ﬁltiinmnribns
2470 4154 2703 4207 referant
2732 4151 2922 4206 fratres
2952 4151 3072 4204 illos
3090 4149 3451 4221 Tlepolemum
3484 4158 3540 4205 et

1965 4225 2250 4278 lliernncm
2280 4242 2309 4277 e
2332 4225 2541 4291 Cybiris
2572 4223 2789 4281 Cilicize,
2822 4236 3044 4290 quorum
3073 4235 3245 4291 opera
3265 4234 3389 4291 usus
3409 4220 3539 4274 Ver—

1967 4311 2055 4349 res
2088 4297 2137 4347 in
2164 4290 2515 4360 tlepraedantla
2546 4294 2746 4347 Sicilia.
2783 4293 2856 4345 De
2888 4294 2969 4345 liis
3005 4291 3196 4344 Cicero
3223 4290 3255 4343 6
3290 4290 3534 4343 Verrina.

1968 4365 2123 4419 Urbis
2158 4381 2287 4417 vero
2320 4381 2510 4418 nomen
2543 4371 2919 4429 corrumpunt,
2962 4361 3048 4429 qui
3105 4360 3259 4413 aliter
3302 4361 3540 4414 scribunt

1881 4484 1891 4495 ,
1964 4437 2043 4488 vel
2068 4436 2365 4490 enuntiarit.
2407 4436 2495 4488 Sic
2528 4434 2669 4487 enim
2711 4433 3077 4503 Cybiratarum
3126 4431 3359 4497 ipsorum
3388 4446 3540 4483 num-

1969 4521 2084 4557 mus
2113 4508 2358 4572 antiquus
2386 4549 2397 4567 ,
2434 4505 2484 4557 in
2515 4520 2618 4571 quo
2665 4508 2919 4569 scriptum
2955 4510 3035 4553 est
3064 4509 3398 4572 KIBTI‘ATmi
3422 4541 3436 4565 ,
3487 4510 3541 4555 et

1887 4551 1942 4611 1)
1968 4551 2500 4640 ἆῖιᾷίιῗάὶἰὲἓι“’ὲῖιῗίιέἑὲ
2517 4551 2687 4628 ita;
2699 4551 3192 4640 salsamenti
3211 4551 3536 4623 aliaalith

2014 4635 2062 4682 ’ί
2089 4648 2177 4699 Sic
2208 4647 2439 4715 appellat
2463 4635 2865 4715 Lugdunensem
2892 4640 3541 4715 regioneni‘,_in_qua_Btir-

1972 4710 2565 4784 gundiones'Germani—
2596 4710 3023 4766 dominabantur.
3058 4710 3195 4784 Nihil
3224 4710 3443 4784 Sidonio
3465 4711 3541 4764 fa-

1972 4781 2229 4840 miliarius
2260 4802 2414 4852 quam
2447 4786 2495 4837 in
2522 4784 2907 4837 Germanorum
2939 4781 3385 4852 nomineludere,
3419 4796 3539 4834 cum

1971 4856 2035 4908 dc
2066 4851 2632 4924 Burgundionibusest
2671 4868 2865 4924 sermo,
2895 4852 2983 4924 qui
3014 4866 3082 4904 ex
3134 4851 3449 4924 Germania,
3483 4861 3541 4904 ut

1972 4926 2102 4989 dixi,
2154 4920 2476 4992 prodierant.
2519 4923 2687 4992 Supra
2711 4922 2873 4992 epist.
2910 4920 2968 4981 εἰ,
2996 4935 3148 4992 curva
3170 4920 3539 4992 Germanorum

1971 4990 2219 5047 senectus.
2242 4993 2490 5047 Carmine
2516 4991 2600 5054 l2,
2625 5000 2670 5044 et
2695 4990 2994 5044 Germanica
3019 4990 3167 5042 verba
3188 4990 3537 5043 sustinentem.

1973 5065 2309 5119 Germaniam
2341 5079 2470 5117 sane
2502 5072 2702 5131 partem
2737 5061 2879 5114 illam
2911 5061 3095 5131 Gallias
3118 5074 3273 5131 quam
3299 5060 3539 5131 Burgun—

1972 5134 2160 5205 diones
2190 5136 2290 5205 57
2328 5130 2669 5202 occuparant,
2701 5148 2819 5199 qua:
2864 5130 3077 5205 proprio
3098 5130 3297 5205 dehinc
3328 5130 3540 5205 nomine

1974 5198 2275 5274 Burgundii
2312 5198 2606 5271 nuncupata
2650 5198 2763 5263 e-t,
2797 5198 3049 5274 comedo
3080 5199 3182 5253 dici
3226 5198 3405 5274 licuit,
3433 5215 3539 5268 quo

1974 5272 2302 5329 Britanniam
2329 5275 2553 5327 insulam
2586 5276 2782 5326 scimus
2811 5272 3095 5326 Saxoniam
3129 5272 3537 5324 transmarinam

1974 5361 2000 5395 a
2027 5347 2292 5399 nonnullis
2337 5343 2687 5412 scriptoribus
2716 5343 2981 5396 interdum
3012 5340 3315 5406 vocitatam,
3343 5338 3410 5393 ab
3432 5340 3513 5393 An

1974 5415 2071 5482 glis
2100 5418 2185 5483 qtti
2214 5431 2244 5469 c
2273 5416 2498 5468 Saxonia
2532 5426 2596 5467 eo
2635 5413 2972 5483 trajecerant.

2042 5493 2067 5531 ε
2090 5477 2452 5610 Lugdqgensi,
2483 5484 2634 5551 cujus
2658 5477 2726 5536 ut'
2746 5492 2917 5552 poeta:
2938 5482 3047 5551 jam
3081 5482 3286 5536 mentio
3313 5478 3410 5533 fuit
3437 5477 3513 5532 lib

2062 5566 2218 5610 epist.
2317 5593 2331 5608 .

1972 5569 2030 5620 It,
2062 5556 2218 5624 epist.
2244 5556 2331 5610 10.

357 5742 373 5772 ¹
399 5740 667 5822 Sit-incudi
698 5750 879 5798 notam
926 5742 978 5797 in
1017 5740 1159 5799 hunc
1180 5742 1354 5800 locum
1395 5752 1581 5802 contra
1610 5744 1933 5801 Savaronem
1969 5744 2251 5802 confirmat
2278 5744 2667 5822 wesselingius
2688 5743 2756 5801 ad
2787 5744 2926 5801 Vett.
2950 5744 3308 5800 Romanorum
3330 5738 3534 5810 ltiner.,

280 5826 405 5882 pag.
432 5811 555 5869 568.
