4072 6348
551 355 657 414 559

1804 353 2045 408 SIDONII
2086 350 2372 408 APOLLIN
2388 349 2530 404 Μὶιὸ

3691 339 3810 412 546

548 470 677 527 Erat
720 471 976 540 siquidem
1025 470 1244 524 materia
1276 467 1532 538 iocunda,
1576 482 1668 520 seu
1709 467 1973 535 nuptiales
2014 467 2106 520 tibi
2139 476 2188 532 Α
2217 465 2356 519 vitiis
2387 463 2780 530 proficientibus
2813 459 3347 531 tyrannopolitarum,
3384 459 3801 529 locupletabun-

550 564 897 619 tbalamorum
927 563 1067 616 faces
1087 604 1101 627 ,
1133 563 1244 615 sive
1285 561 1531 626 perfossa?
1564 557 1720 626 regiis
1751 558 1941 612 ictibus
1987 557 2116 611 ferae

549 655 997 710 describerentur.
1056 655 1162 708 Sed
1220 653 1512 722 triplicibus
1556 651 1802 704 trochaeis
1852 666 2019 717 nuper
2063 651 2115 704 in

549 758 774 801 metrum
805 745 1302 816 hendecasyllabum
1347 743 1729 811 compaginatis
1761 743 1887 797 nihil
1931 757 1997 795 ne
2029 751 2116 795 tuo

547 836 755 902 quidem
778 836 977 903 judicio
1020 836 1192 890 simile
1238 835 1424 890 fecisti.
1457 837 1594 888 Deus
1629 835 1765 888 bone
1792 836 1804 887 !
1834 833 1960 902 quid
2007 832 2116 887 illic

547 927 763 984 inesse"
794 927 954 988 fellis,
979 927 1197 996 leporis,
1225 928 1580 995 piperataeque
1612 924 1871 978 facundiae
1901 925 2116 979 minime

551 1021 740 1074 tacitus
765 1021 1005 1090 inspexi?
1037 1021 1132 1074 nisi
1155 1020 1292 1088 quod
1318 1019 1574 1073 ferventis
1597 1018 1791 1072 fulmen
1824 1018 2038 1086 ingenii,
2063 1026 2116 1072 et

546 1109 741 1176 eloquii
762 1110 903 1163 salsa
929 1110 1166 1175 libertas,
1193 1110 1346 1179 138
1370 1110 1484 1177 plus
1511 1109 1750 1177 personis
1777 1108 1931 1175 forte,
1958 1123 2115 1177 quam

545 1202 719 1256 caUsis
752 1201 1214 1270 impediebantur:
1247 1211 1305 1254 ut
1337 1200 1465 1254 mihi
1508 1215 1611 1256 non
1656 1200 1928 1268 figuratius
1973 1199 2116 1255 Con-

543 1294 761 1347 stantini
790 1294 1000 1347 domum
1054 1293 1324 1362 vitamque
1378 1292 1643 1354 videatur,
1695 1293 1775 1346 vel
1830 1292 2115 1362 pupugisse

546 1399 698 1438 vorsu
730 1383 956 1452 gemello
984 1381 1011 1420 ιι
1043 1383 1227 1437 c0nsul
1271 1382 1544 1446 Ablavius,
1591 1381 1672 1436 vel
1714 1382 2065 1438 momordisse
2096 1427 2110 1451 ,

546 1473 776 1531 disticho
805 1476 892 1528 tali
917 1476 1053 1528 clam
1077 1475 1318 1544 palatinis
1347 1473 1548 1528 foribus
1577 1488 1832 1542 appenso.

791 1591 985 1638 Saturni
1009 1602 1154 1638 aurea
1177 1588 1318 1637 saecla
1342 1590 1451 1649 quis
1475 1588 1691 1649 requirat
1710 1587 1734 1636 ?

785 1653 908 1701 Sunt
943 1653 1044 1706 haec
1067 1665 1310 1713 gemmea,
1335 1651 1423 1699 sed
1447 1650 1724 1698 Neroniana

615 1755 744 1822 Quia
769 1757 970 1810 scilicet
992 1756 1276 1824 praedictus
1303 1755 1590 1823 Angustus,
1618 1754 1805 1808 iisdem
1834 1754 1942 1808 fere
1975 1763 2110 1808 tem—

2223 567 2325 610 tur.
2370 555 2484 608 Non
2515 556 2655 608 enim
2705 566 2806 605 tam
2852 553 3191 607 mediocriter
3227 553 3604 621 intumescunt,
3659 570 3798 624 quos

2219 657 2397 701 nostra
2423 646 2652 713 judicia,
2685 645 2875 698 saecula
2897 685 2912 709 ,
2947 644 3057 698 loca
3078 685 3091 707 ,
3123 644 3420 698 fortunatos
3459 653 3683 711 putant;
3740 657 3800 702 ut

2222 737 2288 791 de
2320 737 2622 791 nominibus
2671 735 2908 803 ipsorum
2941 737 3260 803 quandoque
3291 735 3694 791 reminiscendis
3725 739 3797 792 sit

2222 828 2505 898 posteritas
2550 827 2872 882 laboratura.
2904 825 3144 895 Namque
3177 827 3542 894 improborum
3576 829 3795 895 probra,

2219 937 2372 991 atque
2421 930 2476 980 ut
2521 920 2785 990 pra-conia
2835 920 3115 987 bonomm,
3169 919 3488 978 immortalia
3552 936 3775 977 manent

2222 1015 2365 1074 Vale.
3067 1046 3072 1052 ι

2764 1101 3092 1160 EPISTULA
3143 1101 3237 1156 IX.

2548 1196 2792 1254 Sidonius
2823 1196 3060 1265 Aquilino
3088 1211 3181 1251 suo
3207 1196 3438 1250 salutem.

2288 1291 2344 1348 In
2369 1304 2488 1346 meo
2517 1304 2623 1344 tere
2661 1289 2819 1353 duco,
2850 1289 2933 1342 vir
2953 1289 3191 1344 omnium
3218 1288 3471 1346 virtutum
3503 1291 3792 1359 capacissi-

2216 1397 2322 1447 me,
2354 1382 2399 1437 si
2437 1381 2652 1450 dignum
2683 1388 2736 1431 to
2761 1394 2973 1447 quoque
2997 1387 3174 1448 putas,
3204 1389 3254 1439 ut
3277 1389 3503 1448 quantas
3531 1382 3794 1438 habemus

2209 1476 2568 1531 amicitiarum
2593 1487 2799 1534 causas,
2835 1481 3006 1528 tantas
3045 1473 3339 1528 habeamus
3371 1475 3470 1542 ipsi
3500 1476 3791 1530 amicitias.

2215 1570 2430 1623 Avitum
2452 1576 2531 1622 est
2561 1566 2700 1635 quod
2733 1580 2956 1634 reposco
2989 1583 2999 1616 ε
3049 1573 3208 1624 testes
3239 1565 3368 1620 mihi
3404 1567 3794 1636 impraesentia-

2213 1677 2333 1715 rum
2361 1660 2445 1714 avi
2467 1659 2635 1713 nostri
2666 1674 2827 1723 super
2846 1658 2944 1712 hoc
2973 1658 3184 1726 negotio
3207 1667 3230 1694 ο
3255 1658 3578 1726 Apollinaris
3599 1671 3654 1716 et
3681 1663 3794 1716 Ru-

2208 1754 2376 1808 sticus
2400 1753 2796 1807 advombuntur
2816 1768 2829 1816 ;
2853 1766 2986 1819 quos
3010 1751 3256 1804 laudabili
3282 1751 3636 1806 familiaritate
3662 1770 3792 1808 con-

544 1850 784 1916 poribus,
809 1848 1132 1902 exstinxerat
1162 1859 1182 1886 ο
1211 1848 1491 1915 coojugem
1526 1847 1768 1900 Faustam
1792 1849 1970 1902 calore
1997 1847 2108 1900 bal-
2144 1833 2190 1894 B
2210 1845 2462 1915 junxerat
2493 1844 2809 1906 litterarum,
2841 1843 2996 1912 139
3033 1844 3368 1909 dignitatum,
3403 1844 3788 1914 periculorum,

545 1941 624 1993 nei
649 1980 662 2004 ,
694 1939 860 1993 filium
891 1939 1134 2009 Crispum
1167 1939 1361 2008 frigore
1390 1941 1597 1995 veneni.
1626 1940 1700 1993 Tu
1729 1951 1901 1994 tamen
1942 1940 2107 1993 nihilo

522 2029 760 2095 segnius
790 2045 1004 2098 operam
1051 2031 1239 2084 saltem
1275 2030 1459 2084 facetis
1505 2040 1801 2100 satyrarum
1849 2030 2112 2084 coloribus

545 2120 841 2188 intrepidus
887 2121 1152 2189 impende.
1197 2121 1326 2175 Nam
1360 2130 1446 2174 tua
1483 2122 1674 2190 scripta
1697 2163 1709 2187 ,
1743 2121 1770 2158 ά
1809 2131 2108 2176 nostrorum

610 2242 634 2269 τι
662 2233 716 2286 ln
740 2232 1003 2299 aliquibus
1033 2249 1184 2297 mss.,
1213 2232 1399 2287 mellis.

609 2302 635 2340 Ι)
666 2304 904 2355 Nondum
923 2305 1106 2356 consul
1131 2305 1321 2370 fuerat,
1347 2303 1438 2357 sed
1465 2301 1649 2372 quinto
1680 2312 1795 2369 post
1819 2318 1957 2356 anno
1981 2319 2109 2357 con-

542 2373 769 2426 SuIatum
802 2388 920 2426 cum
955 2376 1117 2428 Basso
1145 2376 1329 2440 gessit,
1362 2390 1503 2427 anno
1533 2373 1742 2440 imperii
1771 2374 2108 2428 Constantini

539 2443 629 2494 9.3.
664 2445 905 2508 Crispum
955 2455 1129 2496 autem
1162 2460 1188 2496 a
1223 2457 1368 2512 patre
1399 2454 1637 2497 necatum
1671 2458 1809 2497 anno
1839 2444 1907 2496 20
1940 2443 2106 2498 Gl'11‘.Cl

539 2512 647 2565 fere
691 2528 750 2563 ac
783 2513 952 2565 Latini
1008 2523 1249 2567 auctores
1296 2516 1651 2567 consentiunt.
1702 2513 1911 2566 Ahlavii
1951 2530 2107 2581 porro

539 2597 784 2634 versuum
819 2584 867 2634 in
891 2585 1292 2636 (Ionsmntinum
1321 2599 1455 2636 unus
1479 2584 1712 2636 omnium
1743 2595 1976 2637 veterum
2001 2601 2109 2641 me-

542 2653 693 2705 lttittit
733 2652 1001 2706 Sidonius.

613 2733 634 2759 ε
668 2723 808 2793 Urtl_o
838 2733 1208 2793 praiposterus.
1245 2723 1372 2776 Nam
1399 2724 1639 2791 Crispum
1686 2724 1831 2793 prius
1873 2724 2063 2778 occidit
2089 2765 2104 2789 ,

540 2792 728 2845 deinde
754 2790 1022 2846 Faustam.
1047 2792 1252 2846 Veneni
1278 2804 1450 2846 autem
1494 2790 1811 2863 Crispo—dati
1844 2795 1986 2847 solus
2015 2811 2108 2848 au-

520 2873 656 2913 ctor
683 2873 761 2916 est
791 2865 1061 2923 Sidonius,
1091 2874 1144 2916 et
1174 2874 1288 2930 post
1326 2865 1601 2918 Sidonium
1629 2864 1916 2928 Gregorius
1941 2865 2110 2919 Turo-

542 2935 707 2985 nicns.
738 2939 944 2990 Cretera
969 2934 1105 2995 fusc,
1134 2934 1225 2987 sed
1257 2934 1397 3001 quod
1421 2936 1556 2989 solet
1593 2936 1714 2987 odio
1739 2936 2104 3000 Constantini,

541 3002 784 3059 Zosimus
811 3006 898 3059 lib.
933 3021 987 3056 ιι.
1017 3004 1244 3057 Historia
1273 3006 1535 3075 Hippolyti
1569 3013 1622 3059 et
1655 3005 1889 3060 l’hmdrm
1918 3005 2108 3060 fabulis

539 3075 831 3130 simiiluna.
872 3076 943 3128 lle
975 3090 1074 3142 qua
1120 3091 1238 3126 cum
1291 3075 1436 3127 multi
1484 3077 1626 3128 varia
1672 3087 1922 3140 narrent,
1971 3076 2106 3130 haud

537 3144 644 3195 scio
663 3161 816 3211 quam
841 3145 1172 3211 exploratum
1201 3145 1367 3197 videri
1405 3146 1587 3210 possit,
1612 3146 1750 3213 quod
1786 3147 1835 3197 in
1868 3147 2107 3200 collecta-

536 3216 648 3265 ne's
672 3218 900 3283 antiquis
913 3217 1175 3283 θεαμάτων
1195 3215 1336 3266 urbis
1355 3215 1970 3280 Constantinopolitanae,
1989 3232 2106 3285 quin

541 3285 587 3353 i_n
624 3286 802 3338 multis
842 3285 1171 3336 bibliothecis
1212 3293 1516 3344 occurrunt,
1552 3286 1765 3337 memini
1797 3301 1880 3338 me
1908 3290 2104 3353 legere,

539 3350 942 3406 Cotismntinttm
975 3354 1163 3421 Crispo
1197 3353 1301 3404 filio
1344 3368 1370 3404 a
1405 3369 1460 3406 se
1501 3355 1799 3415 interfecto,
1831 3350 2106 3410 cum—facti

538 3423 840 3498 errorisque
863 3423 1198 3498 dolqre‘icttts
1216 3432 1377 3486 esset,
1397 3432 1621 3498 statuam
1650 3435 1950 3498 argenteam
1977 3440 2106 3480 auro

2216 1936 2657 1992 conscientiarum
2683 1934 3007 1987 similitudo:
3037 1948 3156 1986 cum
3185 1931 3202 1970 τ
3239 1933 3290 1986 ἱη
3322 1932 3670 1988 Constantino
3705 1940 3792 1989 in-

2213 2030 2595 2093 constantiam,
2630 2037 2653 2073 8
2681 2028 2731 2079 in
2761 2027 2952 2081 Jovino
3005 2025 3343 2089 facilitatem,
3378 2024 3405 2061 λι
3439 2026 3490 2078 in
3531 2028 3792 2082 Gerontio

2218 2119 2486 2190 perfidiam
2514 2135 2528 2181 ;
2575 2118 2780 2187 singula
2815 2119 2866 2170 in
2893 2117 3114 2186 singulis
3140 2158 3154 2183 ,
3195 2117 3372 2171 omnia
3406 2115 3423 2154 ί
3457 2118 3509 2172 ἰη
3540 2117 3790 2174 Dardano

2213 2231 2556 2285 Constantem
2587 2230 2750 2283 illium
2773 2229 2910 2282 misit
2935 2244 3054 2282 cum
3081 2227 3334 2282 Gemiitio
3362 2231 3612 2296 magistro
3643 2233 3787 2286 mili-

2215 2313 2322 2354 tum
2347 2342 2363 2365 ,
2404 2311 2456 2354 et
2494 2300 2802 2366 Apollinare
2829 2315 2928 2351 avo
2958 2299 3207 2367 praefecto
3255 2302 3506 2367 prmtorii.
3539 2302 3788 2357 Zosimns

2214 2373 2306 2426 lib.
2333 2388 2380 2425 v1
2404 2390 2414 2423 :
2447 2377 2553 2446 Ἐπὶ
2579 2374 2776 2446 τούτοις
2813 2371 2837 2423 ὁ
2888 2376 3133 2446 Howe-tri;
3160 2374 3230 2446 εἰς
3259 2377 3347 2429 τόν
3374 2374 3581 2446 ἰϐῃρίαν
3620 2372 3783 2439 atii-3n,

2212 2445 2497 2517 στρατηγὸν
2518 2446 2605 2510 μὲν
2633 2445 2884 2516 Τὲρεντιον
2906 2438 3073 2511 ἔχων,
3100 2441 3434 2515 Ἀπολινάριον
3449 2438 3502 2496 δὲ
3520 2452 3608 2502 τῆς
3631 2445 3786 2504 αὐλῆς

2212 2511 2474 2587 ὕπάρχόν.
2492 2514 2633 2587 Idem
2658 2511 2898 2565 lusimus
2923 2515 2981 2587 lia
3005 2511 3288 2587 ollinaretn
3302 2511 3416 2579 post
3442 2515 3608 2587 ll(DC_:l
3633 2514 3783 2566 Con-

2207 2582 2448 2636 stantino
2491 2583 2802 2650 praefectura
2834 2582 3118 2649 spoliatum
3159 2582 3315 2633 tradit
3345 2599 3356 2632 :
3390 2598 3506 2647 qtae
3555 2582 3787 2636 fortasse

2211 2665 2292 2720 est
2327 2654 2710 2717 inconstantia,
2741 2667 2897 2720 quam
2930 2661 3078 2704 notat
3110 2651 3380 2706 Sidonius.
3416 2652 3581 2720 Hujus
3620 2668 3786 2719 porro

2211 2717 2544 2777 Constantini
2574 2717 2883 2776 consulatus
2914 2723 3166 2774 indicium
3200 2726 3350 2774 estin
3386 2717 3556 2786 lapide
3591 2717 3784 2776 Trevi-

2212 2794 2375 2858 rensi,
2407 2795 2556 2860 cujus
2583 2794 2817 2847 Graecam
2845 2793 3239 2860 inscriptionem
3275 2793 3488 2860 protulit
3515 2792 3783 2859 .losephus

2209 2865 2449 2934 Scaliger
2471 2865 2562 2918 lib.
2585 2880 2612 2914 v
2635 2866 2701 2917 tle
2724 2863 3110 2916 Emendatione
3133 2872 3452 2928 temporum,
3480 2863 3578 2916 hoc
3597 2867 3782 2918 modo.

2489 2986 2718 3033 ΕΝΘΛΔΕ
2771 2983 2982 3028 ΚΕῘΤΛῙ
3029 2981 3271 3028 ΕΥΟΕΒῙΛ
3321 2985 3395 3026 EN’
3442 2985 3494 3027 El

2489 3060 2634 3102 PHNH
2697 3055 2852 3101 OTCA
2912 3053 3315 3098 IEPOKQMHTIC
3380 3054 3498 3099 ΑΠΟ

2492 3126 2711 3172 KQMHC
2783 3125 3052 3172 AAAANQN
3137 3123 3362 3170 ZHCACA
3437 3126 3499 3167 Ml

2491 3198 2647 3243 KPON
2702 3198 2843 3242 ΠΡΟΣ
2898 3194 3062 3239 ΕΤΩΝ
3119 3195 3195 3238 IE.
3250 3193 3501 3238 THATEIA

2489 3269 2743 3313 ONQPIOT
2815 3269 2894 3310 ΤΟ
2957 3267 3013 3310 Η.
3071 3265 3164 3309 ΚΑΙ
3240 3266 3501 3308 ΚΩΧΣΤΛΝ

2496 3341 2676 3386 ΤΙΝΟΥ
2743 3339 2822 3382 ΤΟ
2884 3336 2941 3382 Α.
3015 3338 3156 3381 MlINl
3225 3333 3503 3379 ΠΔΝΕΜΟΥ

2492 3414 2564 3460 ΙΒ.
2641 3408 2829 3454 HMEPA
2905 3409 2978 3451 Kl.
3048 3409 3099 3450 Β.
3159 3408 3232 3452 EN
3296 3404 3501 3450 EIPHNH

533 3491 916 3586 ‘ﬁ‘ﬂjﬁ'ﬂ'ﬁf‘j‘bﬂ
939 3491 1490 3586 ,ἓξητθρλθυῐη
1525 3497 1622 3575 “0‘:-
1656 3495 2072 3586 ¹,ίι¹¹,¹ο,Ροει¹ῖ5ξο
2093 3538 2106 3560 ν
2137 3525 2181 3586 C
2215 3514 2414 3580 Quaerit
2438 3512 2708 3582 Scaliger,
2741 3520 2793 3563 et
2825 3511 3070 3577 ignorare
3097 3522 3153 3561 se
3185 3507 3396 3572 fatetur,
3427 3508 3544 3576 quis
3581 3508 3650 3561 sit
3682 3508 3787 3563 iste

539 3569 917 3632 ῌΔΙΚΗΜΕΝΟΣ
939 3572 1071 3615 ΥΙΟΣ
1099 3571 1250 3625 ΜΟΥ,
1276 3563 1413 3630 ﬁlius
1443 3580 1580 3616 meus
1603 3566 1791 3632 injuria
1817 3568 1985 3618 lwsus.
2011 3571 2111 3619 (ὐ-

539 3629 617 3706 ius
643 3637 715 3685 rei
747 3635 982 3706 vindices
1009 3633 1223 3685 laudant
1243 3629 1566 3688 Herodotum
1591 3629 1750 3703 atque
1775 3635 2113 3706 Hippolytum

537 3701 834 3770 Chronoera
845 3705 996 3770 phus.

609 3769 658 3845 fl.
690 3769 1144 3842 Burgundionum.
1207 3772 1557 3828 Distrinxt-rat
1614 3773 1944 3829 Secundinus
1999 3776 2115 3845 (sic

535 3843 678 3895 enim
731 3854 907 3915 nostra
957 3855 1040 3898 est
1081 3845 1751 3915 conjectura)satyricum
1798 3843 2014 3900 dentem
2062 3848 2112 3901 in

541 3914 836 3983 tetrarchas
880 3915 998 3968 illos
1041 3915 1230 3968 fratres
1283 3916 1348 3968 de
1387 3914 1577 3983 quibus
1632 3925 1755 3970 ante
1785 3916 1978 3970 dictum
2011 3928 2111 3971 est.

539 3982 670 4038 Nota
701 3996 877 4038 autem
906 3994 1030 4038 sunt
1064 3985 1314 4042 omnibus
1369 3982 1561 4054 tragica
1595 3986 1777 4040 funt-ra
1824 3989 1982 4055 regia:
2013 3988 2111 4040 do-

538 4069 683 4108 mus:
719 4056 768 4108 in
799 4070 899 4124 qua
932 4055 1314 4126 Gundobaldus
1344 4056 1568 4109 duorum
1604 4056 1821 4109 fratrum
1853 4058 2112 4126 sanguine

537 4138 725 4178 manus
749 4126 953 4188 imbuit,
979 4124 1263 4194 Chilperici
1291 4128 1710 4190 et-Gundemari,
1744 4124 1974 4194 quorum
1999 4130 2112 4195 ipse

533 4197 698 4248 armis
729 4197 874 4263 regni
927 4205 1075 4262 parte
1111 4208 1265 4250 antea
1317 4198 1484 4251 fuerat
1537 4196 1780 4264 cjecttts:
1828 4199 2111 4260 Chilperici

534 4264 695 4334 etiam
715 4265 993 4332 conjugetn
1012 4266 1234 4319 Sidet-io
1258 4282 1415 4331 supra
1441 4269 1706 4320 laudatam
1732 4269 1882 4334 aquis
1909 4269 2102 4321 obruit.

536 4333 647 4386 Hoc
674 4334 834 4400 igitur
851 4343 1348 4404 estiargumentum,
1366 4337 1506 4404 quod
1534 4347 1804 4401 comparat
1833 4352 1951 4390 cum
1974 4338 2112 4391 Con-

533 4405 876 4475 stantiniana.
924 4403 1132 4475 Scimus
1171 4405 1234 4456 ad
1268 4403 1391 4475 hinc
1419 4421 1480 4458 ex
1508 4407 2106 4475 Ennodiiglﬂpiphanio,

533 4467 939 4544 Gundobaldum
971 4485 1089 4544 post
1121 4474 1235 4528 haec
1285 4474 1520 4527 facinora
1555 4467 2106 4544 Ltigdutiiqundegi;

533 4539 699 4592 selum
732 4542 945 4596 fratrem
977 4543 1203 4597 Genava:
1231 4544 1378 4611 regni
1411 4546 1597 4596 Solium
1623 4539 1895 4599 habuisse.

606 4619 629 4681 εξ
663 4611 736 4665 De
770 4613 1089 4680 Apollinaris
1143 4613 1347 4668 Sidonii
1387 4617 1469 4667 aii
1515 4615 1830 4680 praefectura
1860 4617 2107 4681 praetorio

537 4677 845 4752 Galliarum,
873 4683 1054 4736 docuit
1091 4699 1186 4737 nos
1224 4683 1340 4751 eius
1363 4677 1686 4752 epitaphium
1724 4685 1814 4738 lib.
1846 4677 1922 4749 tu,
1946 4687 2102 4748 epist.

655 4750 903 4829 Rusticus
932 4763 1105 4808 autem
1135 4749 1562 4829 AQIlllilli_tl\'uS,
1585 4756 1960 4829 est_l)ecitnius
1993 4756 2103 4809 Ru-

533 4824 700 4894 sticus
733 4824 805 4888 is,
837 4840 994 4890 quem
1045 4826 1328 4890 scripserat
1380 4827 1614 4880 Renatns
1658 4826 1992 4894 Frigeridus,
2040 4844 2102 4880 ex

535 4893 792 4968 magistro
839 4894 1135 4968 officiorum
1168 4898 1471 4961 praefectum
1531 4899 1653 4949 item
1698 4893 1770 4949 ab
1805 4898 1989 4950 iisdem
2026 4908 2105 4968 ty-
2133 4898 2185 4958 D

535 4964 716 5035 rannis
767 4977 1003 5019 creatum
1060 4966 1222 5020 fuisse
1278 4976 1396 5033 post
1445 4968 1826 5033 Apollinarem.
1883 4969 1957 5020 lta
2008 4964 2102 5035 par

539 5033 808 5112 utriusque
833 5035 1189 5112 dignitas-pc
1217 5046 1408 5101 morte,
1444 5037 1591 5112 idem
1628 5038 1932 5112 Frigeridus
1963 5033 2098 5112 apud

537 5102 845 5174 Gregorium
874 5102 1072 5160 Turon.
1100 5105 1190 5159 lib.
1214 5121 1271 5171 ll,
1303 5122 1420 5173 cap.
1449 5109 1480 5161 9
1506 5127 1516 5159 :
1545 5102 1755 5173 lisdeni,
1785 5109 1973 5174 inquit,
1996 5102 2102 5161 die-

535 5168 624 5222 bus
644 5168 909 5246 prmfectus
932 5168 1266 5246 tyrannorum
1286 5168 1542 5246 Decimius
1561 5168 1821 5241 Rusticus,
1843 5168 2101 5242 Agroecio:

642 5243 929 5319 primicerio
954 5243 1272 5300 notariorum
1314 5245 1527 5319 rJovini,
1569 5250 1812 5317 multique
1855 5251 1962 5318 58
2003 5265 2097 5300 no-

533 5308 676 5376 biles,
705 5317 844 5381 apud
895 5317 1147 5370 Arvernos
1187 5318 1323 5385 capti
1353 5336 1382 5370 a
1420 5319 1629 5371 ducibus
1681 5308 2020 5382 Ηόηονῖαῖἰε,
2053 5330 2100 5371 et

535 5384 804 5456 crudeliter
836 5388 1121 5456 interempti
1148 5384 1263 5440 sunt
1285 5396 1402 5454 post
1431 5388 1744 5442 debellatam
1768 5389 2096 5443 Constantini

536 5455 888 5526 tyrannidem.
923 5456 1066 5512 Idem
1110 5466 1364 5525 praeterea
1408 5458 1655 5514 Rusticus
1684 5461 1910 5521 videtur,
1939 5475 2094 5526 quem

535 5528 759 5603 testatur
789 5525 1352 5603 Qlytnpiodorusapud
1377 5527 1646 5603 Photium,
1676 5531 1726 5603 in
1759 5525 2097 5603 ttUptjigs’Pla-

535 5592 688 5671 cidite
713 5602 766 5671 et
789 5592 978 5671 Ataulii
1009 5592 1405 5666 epithalamium
1435 5612 1557 5652 cum
1590 5600 1764 5653 Attalo
1793 5592 1845 5653 et
1875 5600 2096 5654 Phtcba-

536 5660 624 5714 diu
645 5667 926 5721 cecinisse.

610 5731 752 5808 {Qui
776 5751 807 5789 e
840 5737 1104 5792 Britannia
1137 5736 1468 5808 tyrannidem
1501 5752 1554 5791 in
1581 5736 1777 5792 Gallias
1807 5739 2097 5804 transtulit,

537 5801 823 5882 “denique
848 5807 960 5865 lixit
984 5801 1212 5868 Arelate.
1235 5809 1357 5867 Inde
1382 5807 1445 5867 ad
1467 5811 1798 5881 occupandas
1825 5801 2102 5877 Hispanias

2218 3579 2605 3641 Constantinus
2642 3581 2858 3634 Honorii
2883 3580 3085 3643 collega
3132 3579 3184 3632 in
3215 3579 3623 3632 vnteonsnlatu.
3657 3579 3788 3633 Mihi

2218 3657 2435 3710 dubium
2469 3670 2572 3706 non
2604 3661 2686 3705 est
2729 3651 2852 3718 quin
2883 3652 2968 3703 hic
2999 3651 3064 3702 sit
3085 3648 3462 3701 Constantinus
3493 3660 3784 3717 tyrannus,

2218 3729 2304 3796 qui
2338 3726 2699 3796 biennioante
2731 3717 2951 3796 venerat
2972 3721 3025 3772 in
3057 3717 3282 3796 Gallias.
3314 3729 3473 3786 atque
3503 3720 3662 3796 hisin
3690 3734 3784 3796 po:

2219 3788 2466 3851 t'estateui
2491 3794 2738 3856 redactis,
2771 3792 3101 3844 consulatum
3127 3789 3386 3848 ediderat,
3417 3804 3556 3841 anno
3585 3788 3786 3842 Christi

2215 3869 2342 3931 409,
2369 3867 2626 3933 collegam
2657 3878 2714 3915 se
2747 3863 2978 3933 Honorio
3004 3861 3238 3933 Augusto
3260 3860 3784 3933 coqsuliaseribens,

2217 3929 2338 3992 cum
2361 3951 2486 4004 quo,
2511 3929 2573 3989 iit
2603 3931 3009 4003 Olympiodorus
3038 3929 3302 4004 'l‘liebtuus
3327 3930 3532 3992 scribit,
3563 3945 3789 4000 concorc

2218 4010 2356 4061 diam
2381 3999 2698 4074 imperiique
2724 3999 3031 4055 sacietatem
3065 3999 3359 4074 atfeCtarat.

2289 4091 2310 4125 ε
2344 4079 2439 4144 Qui
2465 4069 2524 4132 et
2551 4069 2664 4140 ipse
2693 4088 2980 4142 purpuram
3010 4071 3198 4144 induit.
3243 4085 3346 4144 quo
3375 4079 3610 4144 tempore
3638 4069 3786 4123 Con-

2213 4140 2477 4202 stant-inus
2511 4140 2720 4200 Arelate
2750 4144 3000 4196 obsessus
3026 4141 3091 4193 ab
3133 4140 3347 4193 Honorii
3391 4141 3611 4194 ducibus
3637 4148 3789 4194 tene-

2217 4221 2398 4274 batur:
2433 4233 2460 4269 a
2489 4219 2677 4281 quibus
2709 4215 2888 4267 itidem
2921 4227 3041 4265 cum
3089 4209 3400 4264 Sebastiano
3429 4211 3595 4264 fratre
3622 4226 3782 4277 quem

2218 4289 2510 4358 tyrannidis
2537 4285 2845 4358 participem
2874 4283 3073 4334 fecerat
3097 4321 3109 4342 ,
3144 4282 3306 4333 armis
3333 4282 3613 4358 oppressi,
3650 4281 3788 4334 Nar-

2216 4351 2351 4412 bone
2379 4351 2610 4418 tandem,
2630 4365 2685 4411 ut
2708 4354 2901 4406 ldatius
2920 4362 3101 4406 noster
3124 4360 3321 4415 narrat,
3346 4351 3608 4404 interfecti
3635 4361 3783 4404 sunt.

2285 4428 2310 4465 ιι
2334 4429 2601 4480 Adversus
2623 4423 3026 4477 Constantinum
3045 4431 3102 4473 et
3124 4420 3486 4474 Constantem.
3508 4421 3634 4473 Nam
3661 4436 3785 4474 cum

2213 4499 2466 4552 Gerontio
2489 4498 2750 4547 Constans
2775 4492 3076 4556 Hispaniam
3100 4491 3472 4550 commisisset,
3500 4491 3587 4542 ille
3607 4490 3786 4544 subito

2214 4577 2413 4621 mutata
2447 4566 2717 4619 voluntate
2767 4562 3019 4616 barbaros
3058 4562 3345 4615 concitavit
3391 4561 3786 4628 Maximumque

2211 4639 2460 4692 clientem
2493 4651 2643 4688 suum
2670 4633 2828 4702 regiis
2856 4633 3145 4701 insignibus
3175 4641 3416 4685 ornatum
3453 4633 3501 4702 i_u
3532 4632 3785 4698 Hispania

2212 4710 2540 4775 relinquens,
2575 4700 2800 4772 trajectu
2824 4706 2872 4775 in
2903 4700 3127 4755 Galliam
3153 4702 3414 4775 exercitu,
3434 4700 3783 4775 Constantem

2214 4771 2429 4832 Vienna:
2455 4771 2666 4844 captum
2696 4773 2978 4829 interfecit.
3014 4773 3237 4836 Orosius
3271 4773 3360 4825 lib.
3393 4787 3486 4834 vn,
3526 4771 3784 4827 Sozome-

2211 4865 2310 4903 nus
2344 4851 2433 4901 lib.
2464 4865 2534 4912 ix,
2562 4863 2677 4912 cap.
2698 4848 2783 4899 l5.
3597 4863 3636 4894 ο

2288 4910 2550 4974 iClaudio
2602 4910 2856 4970 Postumo
2909 4914 3188 4977 Dardano,
3234 4911 3486 4980 prazfeclo
3531 4910 3786 4978 praetorio

2206 4991 2529 5044 Galliarum:
2555 4989 2705 5057 cujus
2729 4987 2958 5041 maxime
2990 4983 3258 5057 industria
3279 4983 3498 5036 Jovinus
3528 4992 3785 5050 tyrannus

2205 5077 2393 5115 avrrso
2422 5062 2487 5113 ab
2520 5052 2634 5131 59'
2651 5060 2767 5124 ejus
2795 5059 3048 5131 societate
3078 5052 3288 5131 otaulfo
3319 5068 3442 5131 rege
3491 5066 3783 5131 oppressus

2206 5142 2304 5198 est,
2340 5141 2395 5184 ut
2427 5121 2812 5192 Tiroi’ro'siier
2841 5128 2891 5178 in
2920 5123 3421 5198 Ch_roni_co-tradit_:
3453 5122 3592 5189 quod
3616 5121 3781 5198 etiam

2205 5193 2483 5256 confirmat
2519 5193 3223 5267 Olyttipiodorus.pardani_
3262 5194 3594 5267 praefectura:
3631 5193 3785 5244 testis

2205 5283 2285 5327 est
2316 5272 2532 5325 Honorii
2563 5262 2645 5323 lex
2677 5269 2775 5321 117
2805 5265 2927 5320 cod.
2960 5262 3169 5317 Theod.
3195 5263 3260 5316 de
3286 5262 3694 5324 decurionibus;
3729 5270 3786 5314 et

2205 5353 2359 5398 vetus
2395 5341 2666 5406 inscriptio
2703 5353 2822 5405 quae
2868 5334 3009 5387 haud
3053 5335 3234 5402 procul
3266 5330 3784 5406 Sistaricoprovin-

2200 5417 2296 5467 cite
2335 5413 2374 5464 ll
2408 5404 2766 5465 Narbonensis
2805 5406 3039 5459 cernitur
3075 5406 3126 5458 in
3165 5420 3297 5471 rupe
3333 5419 3497 5472 opere
3544 5404 3783 5456 humano

2201 5484 2400 5547 divisa,
2431 5495 2587 5550 quam
2617 5479 2776 5545 vulgo
2806 5478 3014 5530 Petram
3050 5477 3270 5530 scissam
3306 5483 3523 5528 vocant.

2273 5593 2376 5646 CL.
2427 5588 2781 5644 POSTUMUS
2826 5587 3192 5642 DARDANUS
3231 5588 3292 5639 V.
3338 5585 3468 5639 INL.
3502 5584 3586 5638 ET
3622 5583 3707 5637 PA

2274 5661 2521 5717 TlilCl/E
2582 5658 2983 5712 DIGNITATIS.
3046 5655 3521 5711 EXCONS‘ULARI
3571 5655 3705 5708 PRO

2276 5731 2523 5785 VlNCl/E
2577 5729 2992 5784 VIENNENSIS.
3040 5728 3128 5782 EX
3167 5726 3509 5781 MAGISTRO
3548 5722 3700 5779 SCRI

2277 5803 2337 5860 Nl
2372 5802 2496 5861 LIB.
2526 5800 2890 5870 ΕΧΩΟΑΞΒΤ.
2913 5797 3232 5856 EXPIUEF.
3261 5793 3700 5854 PRET.GALL.
