4072 6348
245 349 346 405 ειι

1504 331 1982 405 erasmus-nun
2022 332 2149 391 us.
2194 334 2258 405 ς.

253 462 465 521 erimina
489 458 643 513 simul
668 458 1101 510 exsecrarentur.
1128 450 1410 520 lEtateque
1436 452 1629 513 media,
1647 459 1824 517 patres
1851 454 1902 511 Α
1930 462 2138 507 rentur.
2166 453 2267 508 Sed
2294 462 2349 507 ut
2375 455 2625 525 comperi,
2656 455 3135 528 erubescebatjam
3180 464 3340 513 etiam
3368 464 3494 514 tunc

252 555 416 612 nostri
448 550 546 605 sub
570 562 686 617 uno
710 546 1065 601 contubernio
1088 584 1104 609 ,
1153 544 1235 597 vix
1267 544 1392 597 dum
1422 560 1451 596 a
1484 545 1701 612 pltct‘ilia
1722 587 1737 611 ,
1771 545 1821 596 in

252 656 415 704 totam
455 641 871 696 adolescentiam
911 638 1103 704 evecti,
1137 637 1361 707 principi
1412 637 1647 691 llonorio
1678 647 1701 672 ι
1729 636 1823 690 tri-

152 742 155 743 ⁷
252 740 383 797 buni
420 735 719 803 notariique
767 732 1085 798 militavere,
1140 740 1280 784 tanta
1325 732 1545 784 caritate
1591 730 1828 799 peregri-

252 839 417 885 nante
440 837 496 880 ut
526 827 666 879 inter
705 837 799 877 eos
839 821 1059 875 minima
1109 822 1269 875 fuerit
1300 836 1457 874 causa
1486 821 1785 876 concordiae
1810 863 1825 888 ,

246 919 393 1007 ‘quod
418 916 507 971 ﬁlii
534 915 827 969 amicorum
858 913 1434 967 commemorabantur.
1454 912 1507 965 ln
1536 912 1831 981 principatu
1865 928 1874 935 ·

252 1002 613 1064 Valentiniani
659 1006 993 1075 imperatoris
1023 1002 1049 1041 δ
1091 1018 1227 1057 unus
1282 1002 1574 1057 Galliarum
1625 1005 1832 1073 prmfuit

254 1101 419 1173 parti,
449 1099 581 1152 alter
607 1095 879 1151 soliditati.
921 1092 1026 1150 Sed
1058 1094 1128 1148 ita
1157 1110 1215 1149 se
1244 1095 1473 1165 quodam
1508 1094 1666 1149 modo
1696 1096 1829 1150 tituli

258 1194 537 1248 amborum
569 1188 1003 1259 compensatione
1030 1188 1262 1241 fraterna
1291 1186 1739 1256 ponderaverunt,
1774 1195 1833 1242 ut

259 1283 411 1350 prior
441 1279 601 1336 fuerit
631 1279 847 1333 fascium
879 1288 899 1316 ε
936 1287 1193 1346 tempore,
1221 1280 1306 1344 qui
1332 1288 1445 1331 erat
1470 1278 1729 1346 posterior
1755 1277 1833 1331 di-

259 1376 486 1445 gnitatc.
517 1372 744 1428 Ventum
777 1370 841 1424 ad
875 1385 993 1434 nos,
1025 1369 1076 1421 id
1102 1378 1202 1433 est,
1230 1380 1444 1422 ventum
1472 1380 1552 1423 est
1578 1370 1643 1422 ad
1675 1383 1837 1438 nepo-

263 1477 378 1523 tes:
403 1481 536 1537 quos
570 1465 642 1519 nil
662 1464 898 1519 decuerit
927 1463 1044 1531 plus
1073 1478 1263 1518 cavere
1292 1478 1447 1532 quam
1474 1479 1539 1517 ne
1559 1472 1834 1532 parentum

263 1559 713 1629 antiquorumque
744 1565 1048 1608 nostrorum
1083 1568 1175 1622 per
1199 1569 1294 1608 nos
1321 1554 1456 1609 forte
1479 1554 1719 1609 videatur
1744 1570 1837 1610 an-

242 1652 468 1720 ‘tiquata
494 1647 729 1701 dilectio.
772 1645 853 1701 Ad
897 1644 998 1700 hoc
1039 1645 1089 1697 in
1133 1645 1361 1699 similem
1394 1645 1835 1711 familiaritatem,

268 1750 464 1809 praeter
504 1736 891 1793 haereditariam
923 1737 1322 1805 praerogativam
1351 1778 1364 1800 ,
1411 1736 1701 1791 multifaria
1742 1752 1837 1806 op-

1926 544 2008 596 vir
2029 544 2201 598 serius
2231 553 2284 598 et
2308 544 2488 599 formae.
2512 547 2636 601 dote
2661 548 2954 615 placuisse;
2980 548 3174 619 quippe
3200 549 3283 605 cui
3302 551 3495 605 merito

1928 635 2124 704 ingenii
2148 636 2443 694 sull'ecissot
2473 639 2739 704 adamari;
2770 649 2823 695 et
2862 656 2987 697 vere
3017 642 3252 711 optimus
3272 645 3495 714 quisque

1928 742 2135 781 morum
2152 728 2493 796 praestantius
2508 730 2895 798 pulchritudine
2916 733 3105 801 placet.
3130 732 3297 789 Porro
3317 745 3495 791 autem

1931 819 2360 886 praatervolantia
2400 821 2637 889 corporis
2681 821 3051 893 decoramenta
3084 828 3350 880 currentis
3393 826 3496 895 ιεῖί

1932 911 2170 980 profectu
2191 910 2507 980 defectuque
2531 912 2821 967 labascunt.
2850 914 2999 968 Hunc
3019 931 3229 986 quoque
3250 926 3498 972 manente

1932 1002 2215 1063 sententia,
2236 992 2541 1071 Gallis'post
2565 1002 2846 1072 prcefectus
2873 1003 2896 1040 τ’
2923 1006 3139 1061 Priscus
3166 1008 3498 1073 Valerianus,

1932 1090 2169 1146 consiliis
2210 1092 2319 1145 suis
2352 1094 2810 1163 tribunalibusque
2844 1095 3090 1158 sociavit;
3117 1098 3374 1167 judicium
3406 1117 3502 1154 au-

1933 1182 2133 1250 tiquum
2176 1185 2705 1252 perseverantissime
2754 1194 2981 1253 tenens,
3027 1198 3086 1242 ut
3126 1191 3213 1244 cui
3268 1192 3502 1246 scientia

1934 1271 2154 1326 obtentu
2181 1273 2440 1342 junxerat
2494 1275 2735 1332 sobolem
2756 1318 2771 1341 ,
2815 1260 3061 1348 jungeret
3085 1288 3136 1334 et
3166 1279 3499 1349 dignitatem.

1936 1360 2048 1415 Tua
2074 1377 2203 1416 vero
2234 1373 2340 1417 tam
2370 1364 2533 1430 clara,
2560 1374 2668 1419 tam
2700 1368 3005 1435 spectabilis
3032 1368 3193 1422 dictio
3213 1381 3315 1435 est,
3343 1381 3399 1425 ut
3426 1373 3503 1425 illi

1937 1450 2174 1507 divisio°
2208 1453 2542 1520 Palmmonis,
2592 1459 2826 1526 gravitas
2883 1458 3136 1515 Gallionis
3181 1461 3504 1516 abundantia

1938 1542 2225 1614 Delphidii,
2250 1548 2476 1616 Agroecii
2510 1548 2809 1618 disciplina,
2837 1550 3091 1607 fortitudo
3112 1554 3324 1619 Alcimi,
3347 1555 3505 1609 Adel-

1940 1635 2049 1709 phii
2090 1637 2418 1701 teneritudo,
2452 1641 2597 1709 rigor
2628 1643 2829 1709 Magni,
2854 1643 3080 1701 dulcedo
3111 1645 3352 1710 Victorii,
3404 1663 3509 1703 non

1941 1731 2099 1784 modo
2131 1746 2235 1785 non
2285 1732 2559 1801 superiora
2586 1777 2599 1800 ,
2644 1735 2795 1808 15.1
2842 1738 2939 1793 sed
2987 1739 3071 1793 vix
3115 1739 3509 1809 aequiparabilia

275 1832 603 1905 portunitate
626 1828 1028 1897 compellimur:
1060 1836 1187 1881 aetas
1233 1828 1505 1897 utriusque
1535 1844 1638 1883 non
1663 1827 1838 1883 minus
1868 1813 1916 1875 Β
1944 1821 2266 1876 scribantur.
2303 1822 2442 1877 Sane
2476 1840 2541 1877 ne
2564 1826 2740 1879 videar
2765 1826 2856 1881 tibi
2889 1828 2985 1882 sub
3011 1829 3110 1882 hoc
3141 1830 3286 1897 quasi
3319 1830 3513 1900 hyper-

264 1924 452 1992 juncta
484 1935 640 1991 quam
670 1919 861 1989 patria.
894 1920 1038 1973 Unus
1078 1934 1176 1973 nos
1208 1921 1447 1974 exercuit
1474 1920 1650 1989 ludus,
1677 1920 1840 1990 magi-

273 2023 385 2069 ster
413 2012 668 2075 instituit;
724 2026 823 2065 una
881 2026 980 2065 nos
1036 2010 1216 2063 laetitia
1268 2010 1536 2076 dissolvit,
1585 2012 1841 2067 severitas

273 2107 527 2170 coercuit,
560 2103 841 2174 disciplina
863 2103 1125 2157 formavit.
1162 2102 1234 2158 De
1262 2112 1480 2168 caetero,
1506 2107 1550 2159 si
1577 2105 1713 2160 Deus
1742 2117 1840 2158 an-

275 2201 411 2267 nuit,
444 2202 497 2253 in
537 2197 689 2252 annis
714 2199 823 2267 jam
856 2196 1143 2252 senectutis
1174 2198 1321 2251 initia
1368 2198 1722 2265 pulsantibus,
1769 2198 1843 2253 si-

278 2306 415 2356 mus,
450 2290 548 2343 nisi
590 2288 819 2357 respuis,
865 2287 1054 2341 animae
1106 2287 1243 2352 duae,
1297 2287 1505 2341 animus
1537 2302 1706 2355 unus;
1746 2289 1845 2343 im-

274 2381 605 2451 buamusque
658 2376 854 2433 liberos
908 2377 1131 2431 invicem
1162 2378 1465 2447 diligentes,
1497 2380 1635 2434 idem
1675 2380 1843 2447 velle,

283 2472 448 2538 nolle,
478 2470 741 2540 refugere,
768 2470 981 2523 sectari.
1019 2468 1128 2523 lloc
1160 2480 1366 2540 patrum
1399 2485 1525 2525 vero
1548 2471 1654 2540 jam
1684 2486 1845 2541 supra

274 2574 419 2628 vota,
447 2548 491 2618 si
522 2578 616 2632 per
646 2562 918 2616 Rusticum
967 2562 1436 2631 Apollinaremque
1457 2606 1470 2629 ,
1528 2578 1843 2633 proavorum

277 2646 715 2727 pradicabilium,
736 2663 840 2709 tam
863 2652 1218 2711 reformentur
1240 2654 1400 2709 corda
1418 2670 1575 2726 quam
1605 2657 1842 2713 nomina.

279 2750 434 2807 vale.
748 2840 908 2913 ιω
945 2839 1270 2896 EPISTGLA
1310 2839 1381 2898 Χ.

597 2934 843 2991 Sidonius
877 2934 1126 3002 Sapaudo
1168 2951 1259 2986 suo
1295 2932 1531 2987 salutem.

352 3024 409 3083 Si
455 3024 579 3098 quid
622 3026 838 3081 omnino
888 3024 1215 3093 Pragmatius
1248 3026 1471 3081 illustris
1498 3068 1510 3092 ,
1562 3024 1664 3080 hoc
1712 3026 1850 3083 inter

278 3119 507 3189 reliquas
550 3118 712 3174 animi
748 3118 972 3172 virtutes
1025 3118 1223 3185 optime
1273 3117 1430 3181 facit;
1487 3116 1631 3187 quod
1661 3132 1845 3172 amore

278 3210 576 3285 studiorum
598 3218 649 3263 te
669 3208 1003 3279 singulariter
1019 3215 1183 3272 amat,
1209 3208 1260 3260 in
1283 3223 1387 3278 quo
1408 3208 1544 3273 solo,
1570 3208 1651 3262 vel
1678 3208 1843 3261 maxi-

278 3318 371 3369 me
410 3303 649 3361 animum
681 3303 929 3366 advertit,
962 3302 1159 3356 veteris
1196 3301 1420 3373 peritiae,
1452 3301 1846 3371 diligenti-mque

279 3397 554 3453 resedisse
581 3396 818 3465 vestigia.
852 3396 914 3455 Et
934 3395 1145 3467 quidem
1179 3409 1282 3448 non
1320 3394 1507 3464 injuria
1547 3394 1640 3452 tibi
1675 3396 1845 3449 fautor

281 3497 362 3543 est
390 3506 401 3539 2
434 3503 555 3542 nam
601 3486 823 3541 debetur
853 3488 919 3541 ab
958 3501 1021 3541 eo
1065 3487 1406 3557 percopiosus
1438 3486 1628 3542 litteris
1658 3487 1845 3543 honor.

272 3579 434 3634 Hunc
464 3579 586 3632 olim
615 3588 948 3647 perorantem
978 3587 1030 3633 et
1056 3578 1321 3633 rhetorica
1350 3578 1537 3631 sedilia
1584 3580 1850 3647 plausibili

283 3671 523 3723 oratione
574 3668 900 3737 frangentem
922 3709 936 3735 ,
984 3684 1135 3723 socer
1164 3669 1417 3738 eloquens
1448 3671 1585 3725 ultro
1618 3672 1667 3725 in
1698 3672 1848 3725 fami-

278 3760 405 3815 liam
435 3760 710 3830 patriciam
736 3761 953 3819 ascivit:
981 3760 1103 3816 licet
1135 3760 1207 3814 illi
1240 3761 1303 3815 ad
1334 3762 1433 3819 hoc
1464 3763 1544 3835 (ut
1569 3764 1756 3819 sileam
1786 3764 1851 3833 de

278 3867 478 3924 genere
505 3854 588 3908 vel
613 3853 803 3926 censu)
844 3863 993 3921 aetas,
1026 3863 1300 3920 venustas,
1332 3855 1523 3924 pudor,
1556 3859 1855 3927 patrocina-

360 4027 445 4082 ET
468 4028 673 4082 NEVM
701 4026 931 4082 GALLA
969 4026 1167 4079 CLAR.
1216 4026 1304 4080 ET
1331 4025 1457 4079 INL.
1486 4026 1645 4079 FEM.
1681 4026 1775 4080 MA

356 4100 655 4153 TERFAM.
700 4097 862 4152 EJUS
894 4096 1069 4151 LOCU
1108 4097 1219 4149 CUI
1250 4095 1475 4149 NOMEN
1509 4096 1779 4150 ΤΗΕΟΡΟ

358 4170 421 4223 ιι
452 4170 575 4224 EST
610 4169 871 4224 VIARUM
931 4166 1114 4223 USUM
1152 4167 1369 4222 CrESlS
1425 4166 1776 4232 UTIthQUE

434 4240 681 4295 MONTIU
694 4241 735 4291 Μ
780 4239 1095 4291 LATERIB.
1136 4236 1701 4291 PHAES'I'ITERUNT.

414 4310 643 4364 MUROS
686 4309 771 4364 ET
814 4307 1076 4361 PORTAS
1116 4308 1502 4361 υιςυκιιυλτ.
1547 4307 1731 4373 QUOD

418 4380 481 4433 lN
522 4379 705 4435 AGRO
747 4378 1035 4432 PROPRIO
1074 4378 1551 4432 CONSTITUTUM
1589 4374 1725 4432 Τυβὶ

415 4436 592 4504 Ttoalt
628 4450 893 4504 OMNIUM
939 4448 1352 4502 VOLUERUNT
1392 4449 1554 4502 esse
1595 4446 1729 4501 con

364 4522 573 4576 MUNE.
616 4520 1003 4574 ADNITENTE
1057 4519 1260 4571 ETIAM
1321 4518 1383 4571 V.
1445 4519 1575 4572 INL.
1624 4518 1783 4572 CUM.

284 4614 289 4617 ·
363 4591 452 4645 AC
502 4590 773 4643 FRATRE
821 4588 1178 4643 ΜΕΜΟΒΑΤΙ
1220 4588 1356 4642 VIBI
1394 4592 1497 4640 42L.
1544 4586 1788 4643 Ll-.P|DO

274 4686 283 4692 ’
406 4658 870 4716 εχουιιευωιιι
920 4657 1297 4713 (ὶΕΙιΜᾹΝΙᾸΞ
1351 4658 1604 4713 ΡΒΙΜᾹΞ.
1660 4658 1752 4711 EX

364 4729 532 4784 MAG.
577 4729 902 4783 MEMORIAE
946 4728 1191 4783 EXCOM.
1234 4729 1471 4783 RERUM
1516 4727 1786 4781 PRIVAT.

438 4800 530 4854 UT
571 4800 753 4854 ERGA
800 4800 1064 4853 OMNIUM
1114 4798 1430 4852 SALUTEM
1485 4798 1716 4852 EUBUM

362 4870 667 4926 STUDIUM
727 4869 810 4924 ET
868 4868 1273 4923 DEVOTIOMS
1320 4868 1531 4924 PUBL:
1576 4885 1589 4920 :
1630 4869 1788 4924 TITU

685 4940 813 4995 LUS
844 4940 1007 4994 PUSS
1038 4956 1051 4991 :
1094 4953 1108 4989 :
1152 4938 1468 4994 OSTENDI.

295 5070 579 5138 Egregium
618 5069 839 5139 insignis
859 5070 1036 5138 operis
1065 5076 1500 5139 monumentum:
1529 5082 1593 5121 ex
1623 5082 1729 5136 quo
1759 5085 1863 5123 non

293 5143 471 5195 solum
501 5138 741 5193 Dardani
776 5152 831 5193 et
860 5141 1037 5195 Nevia:
1075 5138 1239 5192 Gallae
1272 5140 1459 5191 uxoris
1487 5138 1697 5191 nomina
1724 5139 1863 5192 didi-

291 5214 488 5275 cimus,
521 5210 613 5263 sed
630 5212 803 5264 varias
828 5221 1081 5279 praeterea
1112 5210 1348 5275 ejusdem
1373 5217 1426 5262 et
1448 5209 1653 5262 Claudii
1681 5209 1863 5275 Lepidi

289 5281 480 5337 fratris
502 5281 804 5343 dignitates.
840 5283 1081 5334 Dardano
1103 5281 1227 5334 item
1252 5280 1490 5333 scribunt
1517 5280 1865 5348 Hieronymus

290 5360 355 5406 et
376 5352 698 5419 Augustinus
718 5367 731 5401 :
752 5354 848 5408 sed
870 5353 1188 5421 Augustinus
1212 5352 1469 5404 honorum
1494 5350 1609 5417 ejus
1631 5365 1733 5403 non
1758 5365 1869 5403 me-

290 5422 474 5484 ιιιὶηἱι.
508 5422 861 5489 ﬂ'wronymus
882 5422 1145 5491 duplicem
1179 5423 1294 5491 ejus
1322 5423 1687 5491 praefecturam
1716 5435 1867 5475 com-

292 5501 581 5546 memorat.

377 5571 401 5597 ει
434 5562 696 5621 Principis
717 5562 994 5617 secretarii
1022 5586 1033 5614 ς
1062 5564 1153 5630 qui
1194 5563 1370 5616 aditus
1404 5562 1665 5615 honorum
1704 5563 1866 5615 nobili

291 5631 700 5691 ululesceutiae.
742 5634 983 5688 Cassiod.
1020 5634 1247 5688 Senator
1270 5634 1359 5686 lib.
1389 5648 1406 5684 ι
1446 5633 1681 5685 Variar.:
1714 5632 1870 5685 Pater

293 5702 566 5757 candidati
607 5705 696 5774 sub
737 5703 1093 5757 Valentiniano
1144 5704 1377 5772 principe
1398 5704 1548 5774 gessit
1599 5703 1783 5756 tribuni
1824 5714 1871 5756 et

294 5775 491 5841 notarii
515 5773 844 5829 laudabiliter
873 5775 1212 5847 dignitatem:
1264 5773 1537 5843 Itonor‘qut'
1568 5783 1686 5828 tunc
1717 5774 1872 5830 daba-

1945 1912 2120 1967 bolico
2152 1912 2427 1969 rhetorum
2477 1917 2717 1986 catalogo
2751 1918 3014 1973 blanditus
3041 1920 3306 1990 quippiam
3343 1922 3511 1991 grati-

1946 2003 2236 2075 ﬁcatusque
2262 2048 2277 2072 ,
2310 2009 2477 2061 solam
2532 2008 2621 2062 tibi
2653 2011 2995 2064 acrimoniam
3029 2012 3333 2079 Quintiliani
3368 2029 3515 2082 pom-

1947 2112 2174 2169 patnque
2207 2099 2424 2154 Palladii
2467 2105 2760 2171 comparari
2787 2119 2890 2157 non
2930 2106 3173 2174 ambigo,
3206 2106 3300 2160 sed
3339 2107 3515 2175 potius

1946 2191 2249 2259 acquiesco.
2276 2193 2610 2261 Quapropter
2632 2194 2672 2247 si
2704 2195 2821 2265 quis
2853 2205 2969 2264 post
3017 2211 3113 2251 vos
3138 2197 3339 2252 Latina:
3373 2199 3514 2255 favet

1946 2282 2265 2346 eruditioni,
2317 2283 2432 2340 huic
2466 2284 2711 2338 amicitia:
2763 2287 2958 2354 gratias
2990 2287 3125 2356 agit,
3156 2298 3211 2342 et
3251 2288 3515 2345 sodalitati

1947 2384 2163 2440 vestrae,
2192 2376 2235 2430 si
2263 2377 2387 2445 qttid
2414 2376 2641 2430 hominis
2664 2377 2839 2442 habet,
2868 2379 3057 2433 tertius
3083 2388 3229 2449 Optat
3250 2380 3510 2435 adhiberi.

1948 2468 2259 2539 Quanquam
2293 2470 2431 2540 quod
2478 2478 2561 2524 est
2598 2472 2833 2542 gravius,
2868 2486 2971 2525 non
3013 2472 3083 2525 sit
3131 2472 3258 2526 satis
3288 2475 3518 2533 ambitus

1951 2563 2051 2617 iste
2075 2560 2341 2617 fastidium
2396 2559 2551 2614 vobis
2592 2561 2953 2626 excitaturus,
2985 2562 3107 2631 quia
3155 2563 3302 2631 pauci
3347 2564 3518 2619 studia

1950 2670 2091 2710 nunc
2121 2654 2405 2710 honorant.
2439 2652 2607 2709 Simul
2636 2662 2684 2709 et
2718 2655 2943 2709 naturali
2976 2654 3106 2710 vitio
3138 2655 3299 2711 ﬁxum
3330 2666 3411 2713 est
3434 2671 3520 2712 ra-

1948 2751 2289 2821 dicatumque
2322 2750 2624 2819 pectoribus
2654 2752 2933 2816 humanis,
2965 2760 3021 2806 ut
3055 2754 3142 2820 qui
3176 2765 3280 2806 non
3324 2750 3519 2806 intelli-

1938 2851 2078 2915 gunt
2100 2852 2261 2909 artes,
2292 2856 2399 2896 non
2428 2842 2689 2895 inirentur
2730 2840 2981 2895 artifices.
3012 2840 3163 2896 Vale.

1962 2918 1965 2923 ‘
2512 2931 2844 2987 EPISTOLA
2876 2932 2967 2987 χι.

2268 3027 2513 3084 Sidonius
2540 3024 2813 3080 Potentino
2843 3042 2937 3078 suo
2964 3024 3182 3078 salutem

2026 3122 2243 3180 Multum
2273 3130 2325 3177 te
2374 3132 2612 3175 amamus
2643 3135 2656 3171 :
2691 3127 2745 3173 et
2780 3118 2993 3186 quidem
3024 3116 3241 3185 hujusce
3286 3114 3522 3171 dilectio-

1954 3218 2036 3273 nis
2084 3230 2189 3270 non
2219 3221 2302 3270 est
2346 3226 2603 3268 erroneus
2652 3220 2742 3273 aut
2782 3210 3028 3263 fortuitus
3074 3208 3313 3262 aﬁ‘ectus.
3361 3208 3522 3262 Nam-

1953 3324 2057 3378 que
2102 3314 2160 3364 ut
2204 3304 2402 3361 sodalis
2435 3303 2525 3357 tibi
2557 3302 2850 3356 devinctior
2880 3301 3090 3367 ﬁerem,
3135 3298 3386 3367 jud;cavi.
3432 3299 3527 3353 Est

1954 3401 2096 3455 enim
2122 3395 2523 3453 consuetudinis
2556 3408 2711 3460 mete,
2742 3402 2799 3446 ut
2839 3392 3028 3458 eligam
3066 3400 3189 3444 ante
3209 3431 3223 3455 ,
3253 3401 3373 3460 post
3407 3390 3528 3443 dili-

1958 3505 2098 3561 gam.
2122 3489 2399 3555 Quaenam,
2420 3483 2613 3552 inquis,
2648 3483 2699 3537 in
2726 3498 2811 3537 me
2832 3482 2925 3537 tibi
2955 3462 3153 3546 probari
3176 3483 3219 3532 la
3249 3479 3529 3549 placuere?

1958 3582 2139 3639 Dicam
2164 3578 2390 3633 libenter
2409 3584 2463 3629 et
2482 3574 2744 3629 breviter:
2766 3588 2989 3642 quorum
3014 3587 3174 3625 unum
3200 3571 3312 3625 ﬁeri
3330 3571 3527 3641 gratia,

1948 3676 2179 3743 alterum
2211 3673 2395 3727 charta
2421 3669 2710 3737 compellit.
2736 3668 2974 3722 Veneror
3002 3668 3052 3720 in
3082 3666 3376 3719 actionibus
3400 3663 3531 3728 tuis,

1953 3766 2093 3837 quod
2147 3764 2307 3817 multa
2356 3763 2495 3817 bono
2536 3761 2724 3827 cuique
2764 3757 3039 3813 imitabilia
3084 3757 3243 3825 geris.
3291 3755 3434 3808 Colis
3474 3763 3531 3807 ut

1957 3858 2047 3929 qui
2075 3854 2458 3919 solertissime,
2505 3850 2735 3905 aediﬁcas
2766 3858 2821 3903 ut
2850 3849 2938 3919 qui
2966 3848 3405 3919 dispositissime,
3436 3860 3530 3899 vc-

1956 4039 2036 4079 tnr
2082 4024 2314 4095 egregiis,
2346 4021 2468 4074 dum
2497 4024 2565 4095 ad
2587 4020 3140 4095 imperiale‘secretnm
3179 4019 3306 4095 tales
3344 4024 3532 4095 constet

1953 4096 2073 4203 elig‘i
2105 4088 2153 4147 Ϊη
2185 4088 2361 4160 quibus
2392 4090 2797 4159 reprehensionis
2832 4091 3005 4143 vilium
3044 4099 3252 4155 nequeat
3290 4088 3528 4141 inveniri.

2081 4163 2426 4203 f‘nncnlnrnm
2476 4169 2565 4203 mit
2613 4160 2892 4203 mut-sitim“
2942 4162 2991 4203 in
3035 4160 3207 4203 nlimm
3257 4158 3528 4203 nrnvinnia

2081 4158 2565 4217 (lonsttlaremant
2613 4160 2893 4227 pra-sidem
2942 4162 2991 4213 in
3035 4160 3208 4229 aliqua
3257 4158 3529 4229 provincia

1960 4236 2149 4292 Galliae
2180 4234 2345 4287 fuisse
2386 4242 2599 4300 Oportet
2630 4241 2831 4298 patrem
2869 4227 3136 4297 Aquilini.
3158 4230 3286 4282 Nam
3326 4227 3531 4281 Sidonii

1962 4314 2111 4375 pater
2142 4304 2429 4373 praefectus
2446 4304 2697 4373 praetorio
2716 4302 2809 4354 toti
2837 4300 3022 4355 Gallia:
3046 4300 3275 4369 praefuit,
3296 4300 3390 4352 lib.
3418 4314 3530 4364 vm,

1960 4377 2119 4430 enisl.
2145 4377 2196 4430 6.

2051 4393 2075 4427 s
2107 4417 2119 4430 .
2187 4417 2196 4426 .

1995 4393 2058 4484 ple
2081 4393 2434 4513 llnbaliquibus
2457 4442 2643 4513 libris,
2658 4449 2844 4513 tenore.

1883 4494 1937 4555 Ῑ)
2032 4514 2056 4552 ἀ
2093 4494 2919 4582 pisefeciorius.'Przelectus
2960 4510 3102 4565 enim
3135 4507 3382 4577 prtetorio
3409 4506 3535 4560 Gal-

1962 4588 2149 4641 liarum
2177 4581 2367 4647 fuerat,
2396 4585 2446 4637 in
2470 4597 2638 4651 eoque
2662 4581 3267 4651 magistratuassessore
3290 4593 3415 4651 usus
3436 4592 3534 4651 get

1961 4673 2092 4711 nero
2121 4671 2218 4709 suo
2250 4648 2569 4723 Pragmatio;
2603 4652 2667 4705 Et
2689 4648 2805 4721 jain
2855 4649 3220 4723 prtelectorius
3249 4658 3363 4723 erat
3393 4648 3533 4701 Aviti

1962 4731 2097 4794 Aug.
2134 4718 2449 4795 principatu,
2483 4734 2539 4776 ut
2565 4718 2721 4795 docet
2750 4722 2933 4795 titulus
2962 4719 3216 4795 carminis
3246 4718 3299 4772 8.

2031 4790 2189 4867 60"
2225 4790 2433 4867 Horum
2456 4791 2853 4867 omniumnihil
2888 4790 3047 4867 hodie
3070 4796 3537 4867 superestprmtcr

1964 4857 2381 4923 dcaa'mationes
2405 4863 2734 4927 Quintiliani.
2767 4862 3082 4913 Palaemonis
3115 4873 3287 4913 tamen
3313 4857 3536 4911 Hadria-

1964 4940 2016 4993 ni
2044 4948 2338 5002 temporum
2368 4935 2597 4986 rhetoris
2624 4932 2860 4984 meminit
2882 4931 3141 5002 Eusebius
3164 4929 3217 5002 in
3239 4928 3533 5002 Chronico;

1936 5022 1943 5027 ‘
1965 4997 2221 5061 Gallionis
2241 5006 2417 5060 fratris
2443 5003 2525 5056 sui
2548 5003 2747 5055 Seneca
2772 5004 2822 5053 in
2844 5000 3154 5068 praefatione
3176 4997 3537 5068 Quaestiunnm

1968 5077 2312 5132 naturalium.
2372 5073 2605 5127 Atticum
2667 5066 2915 5125 Tironem
2970 5069 3301 5134 Delphidium
3361 5066 3544 5121 laudat

1968 5147 2238 5202 Ausonius
2275 5146 2511 5198 carmine
2542 5140 2573 5193 5
2613 5141 2999 5195 Professorum.
3048 5138 3187 5191 ldem
3220 5138 3380 5191 etiam
3408 5136 3547 5190 Cen-

1970 5218 2175 5271 sorium
2207 5215 2438 5269 Atticum
2467 5212 2771 5282 Agrmcium
2790 5212 3024 5282 carmine
3056 5208 3390 5282 ‘15._Atticum
3423 5208 3547 5282 llae-

1969 5303 2227 5357 ronytnus
2253 5287 2302 5339 in
2333 5279 2617 5357 Chronico.
2665 5280 2907 5357 Adelphii
2945 5279 3202 5357 memoria
3242 5279 3540 5357 obscurior.

1970 5348 2147 5425 Mag'ni
2196 5356 2425 5410 oratoris
2462 5352 2683 5407 Romani
2713 5352 2906 5425 clarior
2944 5352 3216 5425 ex__r_pist..
3252 5348 3546 5425 87i_lliero-

1973 5418 2137 5499 nymi,
2164 5437 2216 5481 et
2239 5425 2567 5499 cx‘apologia
2598 5425 2696 5499 diu
2722 5422 2993 5499 Ruﬁnum.
3023 5419 3287 5474 Victorius
3323 5418 3544 5499 fortasse

1970 5488 2159 5553 rhetor
2189 5507 2269 5550 est
2298 5488 2662 5557 Massiliensis,
2692 5493 2843 5559 cujus
2878 5499 3087 5545 exstant
3132 5500 3393 5557 poemata.
3428 5488 3547 5539 Pal~

1976 5569 2145 5623 ladius
2176 5567 2218 5619 is
2249 5564 2454 5618 videtur
2478 5564 2541 5617 dc
2584 5580 2686 5630 quo
2716 5561 3072 5633 Symmachus
3106 5559 3361 5633 tum‘aliis
3392 5561 3519 5633 locis

1977 5648 2087 5692 tum
2117 5638 2274 5705 epist.
2301 5637 2352 5699 9,
2388 5637 2477 5687 ltb.
2505 5650 2555 5706 to:
2584 5626 2775 5706 Movet,
2804 5633 2994 5706 inquit,
3026 5646 3181 5683 novus
3211 5627 3432 5706 Iit/tenari
3456 5626 3545 5676 llo-

1975 5725 2086 5778 sprs
2133 5703 2335 5761 Latiare
2376 5704 2666 5778 concilium,
2717 5703 2974 5778 divisionis
3023 5709 3151 5761 arte,
3202 5703 3545 5753 inventionum

1977 5772 2140 5849 copia,
2169 5792 2402 5831 sensuum
2432 5776 2698 5845 gravitate,
2735 5773 2843 5827 luce
2872 5772 3151 5832 verborum.
