4072 6348
547 354 653 439 sis

1807 376 2047 433 SIDONII
2084 374 2533 431 APODLI'NARIB

3696 383 3815 436 541

546 480 691 553 naris
722 506 777 551 ut
803 509 891 565 qut
935 489 1323 557 emcactssime,
1355 490 1526 557 pascis
1557 491 1723 560 utqui
1752 492 2111 557 exactissime,
2140 494 2195 553 Λ
2219 491 2480 554 evolutus,
2500 490 2611 557 jam
2649 495 2792 544 metu
2823 488 3181 558 exsanguibus
3209 488 3536 546 Gabalitanis
3560 506 3591 547 e
3621 494 3815 561 proxi-

543 594 736 663 jocaris
777 600 833 644 ut
860 588 947 659 qui
976 586 1297 640 facetissime
1318 626 1331 647 ,
1360 584 1567 653 judicas
1603 593 1659 638 ut
1682 586 1771 654 qui
1794 586 2112 654 mquissime‘,

545 682 736 736 suades
779 688 835 732 ut
877 676 963 746 qui
991 674 1353 730 sincerissime
1374 716 1388 739 ,
1417 676 1770 729 commoveris
1800 685 1855 729 ut
1883 676 1970 745 qui
2003 684 2113 729 tar-

544 771 782 833 dissime,
813 767 1043 837 placaris
1080 763 1231 835 1&2
1264 772 1320 818 ιιι
1344 765 1432 833 qui
1459 764 1760 829 celerrime,
1794 765 2036 819 redamas
2061 774 2118 818 ut

542 862 630 931 qui
652 858 977 914 fidelissime.
1004 857 1129 909 llaec
1151 855 1327 909 omnia
1350 854 1593 921 exempla
1620 854 1830 909 vivendi
1853 854 1960 923 jam
1993 854 2117 909 hinc

542 953 610 1007 ab
651 950 805 1006 annis
848 946 1134 1017 puberibus
1186 960 1336 1001 meus
1370 944 1704 1014 'Apollinaris
1753 945 1797 999 si
1852 948 2113 1015 sequitur,

540 1044 747 1114 gaudeo
778 1051 961 1096 :certe
986 1080 1000 1105 ,
1042 1046 1103 1093 ut
1144 1046 1425 1108 sequatur,
1456 1038 1736 1092 admoneo.
1790 1038 1844 1091 In
1889 1053 1993 1107 quo
2022 1038 2119 1092 do-

541 1134 709 1190 cendo
741 1130 1189 1199 instituendoque,
1231 1128 1389 1182 modo
1437 1128 1536 1182 sub
1566 1143 1667 1198 ope
1696 1128 1890 1184 Christi
1942 1129 2118 1199 dispo-

542 1228 643 1281 sita
664 1224 974 1287 succedant,
1002 1221 1284 1290 plurimum
1311 1219 1462 1273 lzetor
1492 1220 1774 1273 maximam
1806 1234 1889 1273 me
1919 1221 2118 1274 formu-

542 1317 650 1371 lam
669 1315 790 1369 vitae
817 1314 882 1368 de
911 1311 1149 1367 moribus
1181 1310 1282 1364 tuis
1311 1317 1699 1364 mutuaturum.
1732 1309 1882 1364 Vale.

1087 1401 1415 1457 EPISTULA
1454 1401 1568 1456 XII.

860 1496 1105 1551 Sidonius
1146 1494 1393 1549 Calminio
1424 1511 1514 1548 suo
1553 1495 1793 1550 salutem.

612 1590 762 1659 Quod
786 1590 957 1644 rarius
986 1588 1048 1642 ad
1082 1603 1175 1642 vos
1198 1604 1228 1642 a
1269 1587 1421 1641 nobis
1452 1587 1637 1656 pagina
1679 1594 1849 1652 meat,
1891 1603 1994 1642 non
2024 1602 2119 1642 no-

542 1694 651 1739 stra
694 1682 938 1750 superbia
965 1720 980 1745 ,
1030 1679 1123 1733 sed
1164 1679 1337 1732 aliena
1389 1678 1699 1746 impotentia
1742 1678 1886 1733 facit.
1937 1679 2119 1746 Neque

543 1789 704 1842 super
745 1772 827 1826 his
875 1771 1158 1840 quidquam
1208 1768 1414 1839 planius
1463 1784 1699 1838 qumras;
1750 1770 1945 1838 quippe
1998 1786 2115 1824 cum

2217 598 2305 636 mo
2355 580 2624 635 infertur:
2665 594 2800 650 quos
2844 580 3079 650 singulos
3125 596 3378 652 sparsos,
3436 583 3807 654 inoppidatos,

2220 685 2359 724 nunc
2386 669 2638 725 inauditis
2657 670 3002 725 indictionum
3030 672 3315 740 generibus
3340 674 3623 739 exhaurit,
3658 693 3811 732 nunc

2219 758 2458 813 ﬂexuosa
2499 761 2881 814 calumniarum
2930 760 3114 816 fraude
3160 763 3533 827 circumretit;
3564 775 3634 816 ne
3686 779 3809 822 tum

2219 851 2428 920 quidem
2476 851 2688 905 domum
2718 852 3010 911 laboriosos
3053 852 3232 907 redire
3273 854 3631 922 permittens,
3661 873 3796 912 cum

2222 942 2477 997 tributum
2523 957 2754 996 annuum
2785 942 3055 997 datavere.
3108 942 3328 1013 Signum
3360 955 3417 1001 et
3443 943 3547 1003 hoc
3588 956 3804 1002 certum

2219 1039 2303 1087 est
2340 1033 2664 1087 imminentis
2704 1032 2993 1096 adventus,
3040 1033 3182 1101 quod
3229 1041 3558 1100 catervatim,
3604 1052 3711 1105 quo
3737 1051 3805 1090 se

2218 1139 2426 1195 cunque
2460 1125 2820 1190 converterit,
2873 1125 3035 1180 vincti
3086 1125 3369 1180 trahuntur
3428 1128 3641 1182 vincula
3690 1138 3805 1182 tra-

2219 1216 2409 1272 hentes
2460 1234 2473 1269 :
2515 1232 2742 1287 quorum
2785 1216 2973 1271 dolore
3022 1216 3265 1284 laetatur,
3324 1218 3560 1287 pascitur
3607 1218 3751 1273 fame
3784 1236 3802 1272 :

2221 1309 2485 1379 praecipue
2540 1309 2817 1378 pulchrum
2854 1308 3141 1363 arbitratus
3166 1347 3181 1374 ,
3226 1317 3351 1364 ante
3389 1318 3602 1379 turpare
3636 1324 3801 1379 quam

2221 1402 2409 1471 punire
2444 1401 2809 1457 damnandos:
2836 1401 3040 1456 crinem
3088 1402 3216 1457 viris
3260 1404 3446 1469 nutrit,
3480 1404 3803 1459 mulieribus

2220 1493 2404 1548 incidit
2433 1511 2446 1549 :
2477 1510 2507 1549 e
2533 1494 2723 1561 quibus
2754 1503 2962 1559 tamen,
2990 1495 3031 1548 si
3065 1510 3182 1549 rara
3204 1496 3459 1566 quosdam
3505 1497 3660 1552 venia
3703 1511 3800 1553 re-

2219 1584 2482 1652 spexerit,
2535 1584 2633 1639 hos
2679 1584 2933 1637 venalitas
2978 1584 3156 1648 solvit,
3191 1583 3346 1655 144
3382 1585 3591 1640 vanitas
3637 1586 3798 1653 illos,

2220 1682 2395 1735 nullos
2416 1680 2801 1735 misericordia.
2834 1679 2939 1735 Sed
2964 1679 3292 1747 explicanda:
3326 1680 3511 1735 bestiae
3554 1681 3647 1735 tali
3692 1695 3801 1736 nec

2222 1781 2492 1826 oratorum
2530 1773 2796 1841 .princeps
2847 1771 3051 1825 Marcus
3098 1771 3325 1837 Arpinas
3366 1811 3382 1837 ,
3452 1785 3551 1826 nec
3602 1782 3798 1841 poeta-

544 1865 740 1920 silentii
783 1864 938 1932 lit-jus
986 1862 1359 1917 necessitatem
1403 1875 1499 1929 par
1524 1859 1661 1929 apud
1690 1876 1781 1913 vos
1830 1872 2001 1915 metus
2039 1863 2119 1917 in-
2148 1865 2194 1925 B
2222 1878 2336 1917 runt
2371 1863 2961 1936 PubliusMantuanus,
3002 1861 3247 1917 sufﬁcere
3278 1871 3515 1931 possunt.
3559 1863 3799 1920 Proinde

543 1966 907 2028 terpretetur._
935 1957 1048 2010 Iloc
1095 1956 1266 2008 solum
1318 1962 1494 2005 tamen
1544 1952 1709 2008 libere
1747 1968 1935 2022 gemo,
1977 1956 2116 2023 quod

545 2056 753 2109 turbine
808 2052 1179 2107 dissidentium
1216 2052 1443 2119 partium
1474 2065 1722 2119 segreges
1751 2048 1903 2111 facti,
1936 2058 2117 2102 mutuo

544 2146 758 2200 minime
785 2144 1010 2198 fruimur
1046 2150 1283 2209 aspectu.
1318 2140 1502 2209 Neque
1539 2155 1771 2208 unquam
1800 2140 1981 2206 patria:
2010 2140 2118 2192 sol-

544 2236 701 2291 licitis
731 2233 940 2287 offerris
970 2232 1278 2295 obtutibus;
1314 2230 1412 2283 nisi
1454 2230 1670 2283 forsitan
1712 2232 1837 2282 'cum
1885 2230 1947 2281 ad
1979 2230 2117 2283 arbi-

544 2328 704 2382 trium
751 2325 971 2378 terroris
1016 2323 1173 2377 alieni
1199 2363 1213 2388 ,
1246 2336 1341 2375 vos
1369 2321 1566 2385 lorica‘,
1601 2336 1696 2374 nos
1728 2323 2117 2390 propugnacula

544 2427 753 2485 tegunt.
791 2416 886 2471 Ubi
912 2416 1023 2482 ipsc
1050 2414 1102 2467 in
1132 2414 1231 2466 hoc
1261 2413 1431 2466 solum
1462 2413 1699 2480 captivus
1729 2412 2030 2477 adduccris,
2063 2422 2119 2467 ιιι

544 2508 827 2576 pharetras
866 2505 1069 2573 sagittis
1100 2518 1358 2567 vacuare,
1402 2502 1647 2569 lacrymis
1692 2504 2118 2572 oculosimplere

544 2597 783 2665 cogaris;
817 2596 971 2649 nobis
1016 2609 1227 2661 quoque
1276 2608 1381 2647 non
1430 2594 1831 2658 recusantibus,
1861 2595 2002 2662 quod
2031 2604 2118 2649 tua

543 2688 673 2743 satis
724 2685 869 2740 aliud
913 2685 1201 2738 moliuntur
1230 2694 1349 2737 vota
1374 2727 1387 2751 ,
1438 2698 1594 2752 quam
1630 2684 1825 2752 jacula.
1860 2685 1964 2739 Sed
1995 2685 2119 2754 quia

542 2778 807 2834 interdum
828 2817 842 2840 ,
876 2786 929 2831 et
954 2778 1000 2831 si
1032 2792 1136 2829 non
1169 2792 1261 2844 per
1296 2776 1555 2829 faederum
1588 2777 1897 2841 veritatem,
1931 2778 2119 2832 saltem

542 2888 638 2943 per
679 2872 1011 2926 induciarum
1061 2870 1341 2939 imaginem
1368 2910 1383 2934 ,
1414 2868 1654 2938 quaedam
1694 2871 1805 2937 spei
1836 2880 2030 2923 nostra:
2058 2870 2120 2924 li-

541 2964 759 3020 bertatis
784 2964 1015 3017 fenestra
1038 2961 1344 3031 resplendet
1368 2978 1381 3014 :
1409 2961 1646 3029 impense
1668 2961 1867 3030 flagito,
1897 2962 1970 3015 uti
1997 2976 2115 3027 nos,

542 3070 662 3110 cum
704 3056 931 3109 maxime
960 3063 1137 3123 potes,
1180 3054 1338 3106 affatu
1368 3051 1576 3120 pagina:
1601 3051 1893 3120 frequentis
1924 3052 2118 3120 imper-

541 3148 676 3211 tias;
706 3148 881 3201 sciens
913 3145 1005 3198 tibi
1042 3146 1092 3198 in
1137 3143 1326 3197 animis
1362 3141 1515 3211 14.3
1546 3141 1888 3195 obsessorum
1917 3142 2110 3195 civium

2222 1954 2340 2022 quia
2372 1953 2565 2007 dicitur
2597 1953 2711 2006 haec
2742 1954 2852 2019 ipsa
2875 1951 3139 2021 pernicies
3164 1954 3591 2022 appropinquare
3619 1952 3801 2025 (cuius

2221 2044 2611 2112 proditionibus
2659 2044 2800 2097 Deus
2844 2042 3045 2114 obviet)
3075 2042 3312 2111 praeveni
3340 2045 3581 2099 morbum
3612 2044 3800 2113 provi-

2220 2136 2413 2187 dentiae
2460 2135 3131 2203 salubritate;contraquc
3176 2135 3296 2190 lites
3323 2136 3716 2206 iurgiosorum,
3746 2137 3799 2192 si

2218 2239 2338 2293 quas
2370 2234 2671 2290 moventur,
2694 2224 3027 2293 pactionibus
3047 2224 3298 2291 consule,
3328 2235 3351 2263 ο
3393 2218 3576 2280 contra
3598 2226 3799 2281 tributa

2220 2316 2591 2369 securitatibus
2625 2333 2638 2369 :
2672 2331 2739 2371 ne
2787 2316 2958 2369 malus
3006 2317 3166 2370 homo
3214 2316 3375 2371 rebus
3418 2317 3682 2372 bonorum
3710 2319 3799 2375 vel

2219 2406 2359 2475 quod
2390 2416 2605 2469 noceat,
2635 2407 2718 2460 vel
2764 2406 2903 2476 quod
2949 2415 3167 2475 praestet
3208 2407 3464 2462 inveniat.
3503 2408 3557 2461 In
3584 2422 3797 2464 summa

2220 2498 2285 2551 de
2314 2500 2573 2552 Seronato
2596 2498 2674 2551 vis
2704 2498 2947 2567 accipere
2961 2500 3085 2568 quid
3111 2499 3371 2553 sentiam?
3400 2498 3596 2553 Caneri
3626 2499 3797 2569 afﬂigi

2220 2608 2315 2663 per
2338 2593 2756 2661 suprascriptum
2790 2593 2983 2646 damno
3014 2604 3293 2660 verentur;
3333 2592 3465 2648 mihi
3494 2593 3713 2649 latronis
3738 2598 3797 2650 et
3828 2604 3831 2605 '

2221 2685 2477 2739 beneficia
2505 2694 2747 2752 suspecta
2778 2693 2919 2738 sunt.
2950 2685 3098 2739 Vale.

2772 2775 3101 2831 EPISTOLA
3129 2775 3268 2829 XIV.

2611 2869 2852 2924 Sidonius
2883 2870 3023 2937 Apro
3050 2886 3141 2923 suo
3172 2870 3400 2922 salutem.

2289 2959 2314 2995 ι¹
2346 2958 2596 3014 Calenses
2640 2975 2781 3015 nunc
2825 2970 2874 3013 te
2903 2961 3080 3026 Baiae,
3127 2968 3180 3013 et
3225 2961 3431 3014 scabris
3471 2960 3796 3017 cavernatim

2185 3040 2190 3047 ’
2219 3059 2420 3106 ructata
2454 3050 2751 3119 pumicibus
2778 3065 2913 3119 aqua
2944 3049 3245 3117 sulphuris,
3274 3058 3432 3119 atque
3450 3047 3706 3119 iecorosis
3732 3064 3799 3106 ac

2222 3141 2658 3210 plttisiscentibus
2681 3140 2939 3209 languidis
2962 3140 3291 3209 medicabilis
3323 3140 3521 3209 piscina
3542 3140 3796 3195 delectat.

544 3240 683 3295 illam
736 3252 950 3292 manere
980 3237 1232 3307 gratiam,
1265 3250 1380 3305 quae
1426 3234 1771 3289 obliviscatur
1821 3231 2183 3293 obsidentisC
2217 3237 2295 3291 An
2338 3236 2562 3290 fortasse
2607 3246 2856 3289 montana
2899 3236 3056 3289 sedes
3096 3236 3295 3288 circum
3340 3235 3592 3301 castella;
3638 3245 3693 3291 et
3740 3238 3799 3293 in

545 3330 818 3385 invidiam.
850 3329 999 3383 Vale.

1050 3418 1370 3473 EPISTOLA
1416 3418 1555 3472 XIII.

830 3512 1073 3566 Sidonius
1092 3521 1117 3548 ει
1144 3511 1443 3581 Pannychio
1479 3528 1572 3564 suo
1594 3513 1825 3565 salutem.

614 3603 641 3643 δ
664 3603 981 3659 Seronatum
1013 3603 1208 3657 Tolosa
1260 3605 1401 3658 nosti
1432 3603 1608 3658 redire
1646 3622 1657 3655 :
1698 3606 1741 3659 si
1773 3605 2002 3658 nondum
2037 3608 2114 3675 (et

544 3695 704 3751 credo
732 3695 872 3764 quod
903 3694 1181 3764 nondum),
1218 3695 1296 3748 vel
1344 3709 1439 3763 per
1470 3698 1580 3749 haec
1604 3694 1770 3750 disce.
1811 3695 1931 3759 Jam
1954 3694 2115 3750 Clau-

544 3791 768 3844 sentiam
798 3789 965 3857 pergit
990 3787 1282 3843 Evantltius
1308 3806 1320 3853 ;
1348 3791 1563 3859 jamque
1600 3800 1900 3844 contractas
1925 3806 2113 3860 operas

542 3881 680 3949 cogit
710 3879 1014 3943 cruderare,
1039 3879 1082 3933 si
1114 3879 1237 3946 quid
1268 3879 1402 3934 forte
1431 3880 1637 3947 dejectu
1666 3881 1880 3935 caducae
1915 3883 2114 3937 frondis

456 3980 459 3985 ‘
543 3984 701 4040 agger
732 3969 1011 4024 insorduit.
1043 3968 1199 4023 Certe
1238 3970 1281 4023 si
1311 3970 1436 4038 quid
1468 3971 1841 4040 voraginosum
1872 3983 1974 4036 εει,
2001 3973 2113 4041 ipse

544 4059 704 4114 ltumo
733 4059 957 4113 advecta
988 4060 1264 4113 scrobibus
1306 4059 1536 4128 0ppletis
1568 4060 1805 4129 trepidus
1846 4072 2111 4130 exmquat,

544 4161 599 4205 ut
621 4161 741 4220 pote
764 4150 991 4205 bclluam
1019 4166 1165 4203 suam
1191 4149 1255 4203 de
1287 4150 1427 4202 valle
1453 4149 1660 4204 Tarmis
1686 4150 1945 4204 ducaliter
1967 4163 2117 4206 ante-

544 4256 826 4305 cessurus;
852 4241 1107 4294 musculis
1147 4238 1338 4293 similis
1368 4239 1509 4293 inter
1548 4254 1765 4303 saxosa,
1797 4242 1880 4294 vel
1910 4241 2112 4307 brevia,

545 4332 853 4385 balenarum
892 4328 1276 4396 corpulentiam
1306 4329 1857 4397 prmgubernantibus.
1910 4332 1979 4384 At
2026 4332 2115 4386 ille

546 4421 621 4474 sic
650 4420 724 4473 ira
746 4420 909 4481 celer,
938 4418 1077 4487 quod
1111 4416 1259 4486 piger
1285 4417 1447 4483 mole,
1484 4432 1576 4472 seu
1603 4418 1764 4472 draco
1790 4434 1818 4472 e
1843 4433 2005 4487 specu
2028 4422 2111 4474 vix

618 4564 643 4592 ι
684 4552 1033 4619 Bituriceusi,
1070 4551 1186 4605 viro
1242 4548 1467 4618 illustri,
1520 4558 1579 4603 ut
1624 4558 1707 4603 est
1752 4550 1803 4603 in
1849 4548 2115 4608 Concione
2143 4558 2196 4616 D

548 4626 643 4735 “bl;
670 4640 882 4764 aliquo
914 4690 1268 4763 superiuslib.
1304 4689 1549 4764 tt_,_epist.
1584 4666 1648 4744 1.⁶
1666 4690 1811 4764 Τυηο
1835 4692 2113 4764 Aturribus

545 4767 770 4829 redibat,
794 4760 933 4818 nunc
954 4760 1145 4818 Tolosa
1174 4781 1184 4816 :
1210 4762 1491 4828 utrobique
1512 4775 1575 4815 ex
1602 4760 1721 4814 aula
1751 4762 1891 4830 regis
1916 4763 2111 4818 Gotho-

547 4852 688 4901 rum,
719 4851 940 4904 quorum
980 4836 1215 4902 partibus
1247 4832 1473 4904 favebat.

619 4920 641 4945 ο
684 4901 1005 4961 securitates
1033 4915 1153 4957 sant
1179 4901 1396 4971 apoclue
1424 4918 1437 4953 :
1467 4902 1782 4956 documenta
1816 4901 2110 4958 illationum

546 4978 777 5045 appellat
819 4975 1181 5047 Symmachus
1219 4974 1306 5026 lib.
1343 4988 1407 5047 x7,
1451 4974 1607 5041 epist.
1649 4974 1737 5041 45,
1785 4974 2115 5047 syngraphas

546 5044 818 5110 nimirum,
841 5044 971 5115 quas
992 5046 1077 5113 qui
1101 5044 1294 5097 tributa
1317 5046 1531 5115 solvunt
1551 5060 1577 5095 a
1607 5044 2002 5115 susceptoribus
2026 5060 2116 5100 ac-

549 5113 971 5185 cipiuntftducia:
992 5130 1171 5170 causa.
1204 5114 1551 5185 Cassiodorus
1578 5114 1919 5185 canonicario
1944 5113 2116 5169 Vene-

548 5184 737 5241 tiarum
771 5204 785 5240 :
822 5186 1036 5240 Validas
1057 5192 1296 5253 contrarte
1320 5184 1541 5249 apochas
1566 5184 1879 5253 invenerunt,
1907 5184 2118 5238 invictas

548 5259 841 5311 securitates
870 5256 975 5310 illis
1005 5256 1139 5309 dedit
1166 5252 1428 5305 calamitas
1454 5270 1547 5305 sua
1576 5268 1593 5305 :
1624 5252 1866 5307 violenter
1908 5253 2117 5307 abstulit

547 5326 681 5397 quod
720 5326 992 5395 quaerebas.
1039 5326 1200 5397 Hinc,
1236 5324 1629 5377 Pritniscrinius
1680 5325 2021 5377 securitatum
2064 5325 2117 5379 in

548 5395 723 5451 efficio
752 5396 960 5451 comitis
993 5395 1203 5463 privati.

618 5465 645 5503 ά
675 5465 869 5535 Scripti
898 5462 1096 5533 aliquot
1120 5464 1236 5535 libri
1263 5463 1519 5535 Caienses,
1541 5463 1628 5517 alii
1659 5462 1888 5517 Calenses
1914 5465 2116 5535 legunt.

550 5538 689 5592 Bais:
726 5545 851 5591 sunt
897 5550 1047 5603 aqua:
1074 5534 1274 5588 calidae.
1315 5534 1379 5587 Et
1424 5543 1546 5587 sunt
1575 5535 1730 5588 hodie
1754 5535 1805 5587 in
1838 5534 2112 5600 Arvernis,

549 5623 668 5676 qua:
723 5609 772 5662 id
802 5620 994 5660 nomen
1041 5606 1159 5658 vico
1202 5603 1502 5676 dederunt:
1544 5617 1665 5676 nam
1708 5604 1910 5676 calidas
1952 5618 2115 5672 aquas

549 5672 718 5745 patria
748 5677 923 5746 lingua
957 5685 1168 5730 vocant.
1202 5672 1484 5746 In_Tabula
1511 5674 1669 5727 etiam
1704 5673 2025 5746 lieutingeri,
2059 5682 2117 5746 ut

550 5742 710 5817 supra
753 5742 952 5802 dictum
998 5755 1107 5812 est,
1147 5744 1483 5817 nominantur
1513 5746 1677 5817 Aqua:
1713 5742 1911 5817 Calida;
1949 5744 2002 5798 in
2032 5745 2117 5800 iti-

552 5813 681 5874 nere
706 5817 845 5886 quod
876 5818 941 5872 ab
967 5820 1419 5887 Augustoncmeto
1451 5813 1760 5871 Lutzdunum
1784 5814 1945 5871 ducit.

2221 3329 2462 3398 eligenda
2509 3328 2635 3382 sede
2666 3328 2892 3398 perfugii
2921 3369 2935 3394 ,
2970 3327 3253 3397 quamdam
3295 3329 3494 3397 pateris
3525 3344 3591 3383 ex
3622 3330 3800 3384 muni-

2220 3422 2419 3475 tionum
2452 3420 2747 3489 frequentia
2782 3421 3195 3475 difﬁcultatem?
3234 3422 3496 3491 Quidquid
3530 3422 3658 3476 illttd
3689 3430 3799 3491 est,
3882 3420 3885 3421 ⁷

2218 3514 2357 3583 quod
2386 3514 2469 3567 vel
2501 3514 2711 3583 negotio
2731 3528 2906 3579 vacas,
2942 3516 2993 3567 in
3026 3516 3209 3568 urbem
3243 3516 3508 3580 tamen,ni
3533 3515 3793 3587 fallimur,

2221 3616 2245 3642 υ
2300 3606 2632 3675 rogationum
2678 3607 3127 3674 contemplatione
3168 3606 3505 3662 revocabere.
3555 3608 3792 3675 Quarum

2220 3696 2373 3749 nobis
2396 3696 2786 3753 solemnitatem
2811 3698 3012 3765 primus
3042 3698 3329 3752 Mamertus
3359 3708 3507 3767 pater
3534 3707 3587 3753 et
3612 3701 3795 3769 ponti-

2216 3785 2325 3853 fex,
2352 3788 2785 3842 reverentissimo
2804 3789 3075 3857 exemplo,
3097 3788 3374 3842 utilissimo
3396 3790 3792 3860 experimento,

2219 3878 2441 3943 invenit,
2470 3878 2717 3946 instituit,
2754 3879 2979 3933 invexit.
3017 3879 3181 3933 Erant
3209 3878 3421 3947 quidem
3454 3879 3600 3947 prius
3626 3880 3798 3948 (quod

2216 3972 2361 4023 salva
2408 3970 2528 4025 fidei
2572 3984 2703 4039 pace
2756 3972 2823 4024 sit
2861 3970 3082 4039 dictum)
3127 3986 3294 4038 vagas,
3326 3980 3599 4039 tepentes,
3634 3972 3799 4027 infre-

2218 4071 2577 4130 quentesque,
2614 4071 2775 4129 utque
2825 4061 2978 4132 145
3028 4062 3103 4114 sic
3129 4061 3389 4129 dixerim,
3435 4062 3801 4117 oscitabundus

2218 4154 2658 4221 supplicationes;
2684 4168 2801 4221 qua:
2823 4167 2965 4220 saepe
2989 4153 3417 4221 interpellantum
3452 4153 3800 4221 prandiorum

2218 4243 2457 4295 obicibus
2488 4242 2893 4307 hebetabantur,
2927 4244 3155 4297 maxime
3179 4252 3265 4296 aut
3291 4243 3508 4306 imbres,
3539 4252 3629 4297 aut
3649 4258 3801 4299 sere-

2218 4333 2434 4385 nitatem
2468 4331 2858 4399 deprecaturae;
2887 4331 2953 4386 ad
2981 4348 3112 4401 quas
3143 4334 3224 4404 (ut
3246 4335 3321 4388 nil
3343 4334 3573 4403 amplius
3600 4334 3798 4406 dicam)

2220 4423 2374 4489 ligulo
2426 4424 2621 4489 pariter
2669 4430 2828 4491 atque
2861 4422 3143 4478 ltortulano
3191 4438 3297 4479 non
3327 4424 3563 4494 oportuit
3598 4438 3802 4479 conve-

2295 4564 2317 4589 θ
2354 4555 2425 4607 De
2460 4553 2715 4608 institutis
2745 4570 2771 4605 a
2808 4556 3062 4609 Mamerto
3102 4555 3385 4610 Viennensi
3428 4555 3680 4622 episcopo
3706 4569 3800 4609 ro-

2219 4624 2521 4694 gationibus
2543 4634 2715 4679 exstat
2738 4625 2948 4680 ltomilia
2973 4626 3161 4680 Alcimi
3186 4626 3327 4679 Aviti
3349 4625 3590 4693 ejusdem
3615 4625 3803 4679 Eccle-

2220 4698 2311 4749 site
2326 4695 2598 4759 antistitis,
2624 4708 2674 4749 et
2699 4696 3038 4750 consentiunt
3059 4698 3259 4765 antiqui
3282 4696 3798 4765 omnesscriptores.

2220 4767 2397 4832 Quare
2430 4770 2621 4819 trustra
2663 4766 2938 4829 laborant,
2968 4767 3057 4833 qui
3094 4764 3374 4836 propterea
3395 4764 3802 4836 rquodqlitanias

2221 4835 2741 4904 supplicationesque
2774 4844 2899 4891 ante
2928 4834 3238 4889 Mamertum
3270 4836 3324 4887 in
3365 4834 3603 4904 Ecclesia
3631 4836 3801 4889 exsti-

2223 4907 2350 4960 tisse
2380 4905 2588 4975 legunt,
2614 4903 2734 4962 ideo
2762 4907 2907 4960 illum
2939 4908 3271 4976 rogationum
3301 4918 3406 4958 non
3441 4903 3670 4976 primum
3703 4920 3806 4976 au-

2221 4974 2449 5041 ctorem,
2478 4976 2571 5029 sed
2614 4974 3026 5030 restanratorem
3058 4976 3163 5029 dici
3188 4974 3397 5028 volunt.
3440 4974 3685 5040 Frustra,
3717 4974 3803 5027 itt-

2222 5060 2404 5115 quam.
2438 5045 2617 5115 Neque
2646 5049 2785 5102 enim
2813 5046 3037 5115 quaestio
3059 5055 3141 5099 est
3161 5061 3228 5098 au
3255 5047 3459 5111 primus
3488 5044 3800 5097 litaniarum

2222 5130 2372 5171 usum
2422 5118 2471 5170 in
2507 5117 2797 5171 Ecclesium
2844 5115 3131 5179 invexerit,
3166 5129 3325 5184 quem
3370 5121 3578 5168 constat
3629 5115 3801 5169 multo

2182 5198 2188 5202 '
2220 5188 2573 5255 antiquiorem
2618 5186 2782 5240 fuisse
2807 5204 2818 5237 :
2847 5185 2939 5239 sed
2969 5199 3160 5255 aureas
3201 5186 3491 5238 instituerit
3519 5190 3639 5253 quas
3672 5194 3803 5237 ante

2220 5254 2607 5311 Ascensionem
2664 5256 2873 5309 Domini
2930 5254 3313 5319 celebrantur,
3364 5255 3804 5323 Rogationesque

2220 5328 2431 5395 propria
2455 5327 2565 5394 jam
2597 5341 2728 5380 voce
2754 5333 3141 5395 nuncupantur.
3171 5325 3230 5379 ln
3258 5338 3385 5393 quo,
3415 5322 3476 5377 ut
3504 5322 3634 5395 dixi.
3668 5338 3808 5377 con-

2219 5394 2460 5450 Sentinnt
2500 5410 2706 5459 omnes,
2748 5403 2802 5448 et
2838 5394 3046 5449 Sidonii
3084 5396 3245 5449 verba
3292 5394 3510 5457 invenit,
3539 5394 3799 5456 instituit,

2219 5466 2424 5529 invexit,
2449 5465 2677 5518 dubitari
2704 5464 3027 5534 nonisinunt.
3061 5465 3417 5534 Rogationum
3441 5477 3571 5532 ergo
3593 5462 3804 5531 primus

2220 5545 2406 5587 auctor
2455 5534 2760 5588 Mamertus.
2803 5533 2917 5589 Non
2964 5533 3427 5601 soluminstituit,
3457 5543 3514 5587 ut
3544 5543 3696 5585 stata:
3736 5548 3806 5586 ac

2219 5604 2490 5675 solemnes
2515 5603 2621 5675 illis
2650 5604 2837 5659 diebus
2860 5605 3277 5675 supplicationes
3305 5612 3509 5668 essent,
3541 5601 3638 5675 sed
3667 5616 3805 5669 sup-
3857 5610 3869 5642 δ

2219 5674 2562 5741 plicationnm
2585 5672 2811 5730 formam
2843 5671 3035 5732 usitata
3054 5675 3378 5731 sanctiorem
3409 5671 3809 5743 augustiorem-

2218 5759 2321 5814 que
2354 5745 2569 5814 prtescri
2578 5744 2701 5813 psit.
