4072 6348
301 298 415 354 545

1579 293 2056 353 EPIS’I‘OLARUM
2095 295 2223 351 LIB.
2267 296 2307 349 V

3463 310 3567 366 διο

296 414 447 464 nire.
477 407 532 461 In
566 405 648 462 his
669 414 846 463 autem
878 423 1007 479 quas
1036 406 1337 478 suprafatus
1366 422 1605 462 summus
1636 408 1885 463 sacerdos
1912 412 1965 469 Α
1988 408 2235 478 gerulum
2284 407 2683 475 codicellorum,
2731 425 2957 480 quorum
2996 412 3053 469 in
3097 415 3324 473 adventu
3348 456 3366 486 ,
3413 417 3565 475 fratri

210 475 225 525 Ῐ
293 509 361 556 et
404 499 624 569 protulit
673 499 874 568 pariter
896 475 967 555 vet
1023 475 1278 564 contulit,
1319 498 1619 567 jejunatur,
1667 508 1879 561 oratur,

295 592 569 661 psallitur,
602 590 780 646 ﬂetur.
806 590 887 645 Ad
919 590 1031 644 haec
1054 599 1105 645 te
1126 590 1257 645 festa
1286 589 1551 644 cervicum
1579 589 1880 644 humiliata-

295 697 462 749 rum,
510 690 565 737 et
601 680 923 736 sternacium
970 680 1163 735 civium
1205 680 1492 749 suspiriosa
1534 682 1881 736 contubernia

293 781 471 844 peto:
501 782 555 829 et
591 774 636 828 si
672 773 967 843 spiritalem
1017 772 1253 827 animum
1295 782 1440 827 tuum
1483 774 1618 828 bene
1665 774 1875 839 metior,

295 865 463 921 modo
510 864 670 919 citius
712 865 915 928 venies,
950 863 1092 934 quod
1121 878 1224 918 non
1249 863 1317 919 ad
1343 864 1549 933 epulas,
1584 864 1677 919 sed
1704 865 1770 919 ad
1798 866 1876 917 la-

295 972 515 1029 crymas
540 959 809 1014 evocaris.
844 958 995 1013 Vale.

847 1047 1182 1105 EPISTOLA
1220 1048 1335 1104 XV.

656 1140 905 1195 Sidonius
928 1139 1140 1194 Ruricio
1162 1158 1253 1195 suo
1281 1140 1518 1198 salutem.

369 1234 547 1289 Ollicii
576 1248 822 1288 sermone
851 1234 1101 1302 praefato,
1130 1234 1473 1303 bibliOpolam
1504 1244 1738 1291 vestrum
1769 1251 1870 1292 non

295 1326 553 1395 gratiose,
582 1323 676 1379 sed
700 1323 1017 1392 judicialiter
1043 1337 1293 1391 expertus
1332 1325 1541 1380 insinuo
1593 1344 1605 1380 :
1639 1328 1789 1397 cujus
1819 1338 1873 1382 ut

296 1416 461 1470 ﬁdem
492 1417 545 1471 in
574 1425 820 1483 pectore,
851 1416 929 1468 sic
954 1414 1005 1468 in
1035 1430 1195 1483 opere
1232 1417 1579 1484 celeritatem,
1613 1419 1753 1472 circa
1779 1419 1874 1473 do-

294 1506 505 1560 minum
562 1514 612 1559 te
652 1504 782 1558 mihi
825 1503 1032 1572 sibique
1089 1520 1425 1560 communem
1478 1508 1608 1561 satis
1663 1508 1872 1563 abunde

292 1595 546 1665 probavi.
593 1604 619 1631 ε
651 1594 867 1648 Librum
909 1595 1066 1663 igitur
1104 1595 1213 1663 jam
1262 1595 1375 1665 ipse
1407 1597 1649 1665 deportat
1673 1599 1868 1668 Hepta-

293 1685 508 1752 teuchi,
546 1685 802 1754 scriptum
845 1684 1124 1739 velocitate
1146 1701 1350 1740 summa
1372 1726 1385 1750 ,
1430 1701 1637 1743 summo
1669 1690 1864 1756 nitore;

1988 501 2146 555 etiam
2174 510 2261 556 tuo
2291 500 2529 571 Ecdicio,
2560 504 2710 572 cujus
2730 519 2881 576 teque
2905 507 3068 563 titulis
3094 523 3157 564 ac
3182 512 3315 565 meis
3340 512 3562 581 gaudes,

1986 592 2159 645 honor
2195 593 2449 661 patricius
2477 594 2715 660 accedit;
2758 597 3073 667 celerrime,
3120 599 3166 654 si
3204 601 3405 670 cogites
3448 601 3564 671 ejus

1983 688 2227 747 aetatem;
2263 682 2307 737 si
2338 684 2545 747 merita,
2586 683 2910 742 tardissime.
2943 687 3180 758 Namque
3207 690 3424 760 illejam
3455 693 3563 762 pri-

1981 769 2104 824 dem
2155 771 2461 841 sullragium
2521 772 2793 843 dignitatis
2846 776 3097 832 ineundae
3145 794 3252 834 non
3300 780 3461 836 solvit
3505 783 3561 837 in

1982 858 2153 925 lance,
2183 862 2275 915 scd
2308 862 2361 915 in
2386 863 2499 917 acie
2528 880 2541 915 :
2568 867 2923 934 mrariumque
2948 867 3215 935 publicum
3246 870 3360 939 ipse
3384 874 3560 941 priva-

1980 958 2065 1003 tus
2116 968 2219 1004 non
2260 955 2497 1020 pecuniis
2525 994 2538 1018 ,
2588 955 2682 1008 sed
2723 955 2987 1010 manubiis
3038 958 3403 1027 locupletavit.
3449 962 3559 1017 lIoc

1977 1047 2156 1093 tamen
2209 1053 2394 1096 sancte
2421 1042 2589 1097 Julius
2617 1044 2825 1113 Nepos,
2868 1048 3031 1101 armis
3076 1049 3276 1116 pariter
3317 1066 3557 1106 summus

1978 1132 2247 1201 Augustus
2299 1148 2362 1188 ac
2414 1135 2652 1188 moribus
2682 1175 2697 1199 ,
2751 1136 2890 1205 quod
2937 1138 3233 1193 decessoris
3283 1140 3554 1197 Anthemii

1975 1218 2163 1285 ﬁdem,
2191 1224 2369 1277 fratris
2397 1218 2477 1277 tui
2497 1225 2781 1279 sudoribus
2812 1226 3095 1295 obligatam
3115 1271 3128 1295 ,
3172 1244 3277 1297 quo
3315 1231 3553 1297 citerior,

1974 1312 2075 1365 hoc
2114 1313 2430 1368 laudabilior
2477 1316 2739 1381 ahSolvit;
2788 1317 3048 1386 siquidem
3098 1318 3196 1373 iste
3244 1322 3551 1390 complevit,

1973 1407 2114 1476 quod
2138 1400 2229 1461 ille
2251 1409 2543 1477 saepissime
2573 1410 2937 1477 pollicebatur.
2971 1412 3085 1475 Quo
3113 1410 3190 1476 lit,
3218 1419 3275 1465 ut
3298 1412 3549 1484 deinceps

1972 1515 2067 1570 pro
2094 1502 2371 1569 republica
2410 1504 2641 1570 Optimus
2688 1503 2909 1572 quisque
2958 1504 3125 1572 pos~it
3157 1518 3219 1557 ac
3269 1505 3478 1571 debeat,
3507 1506 3552 1561 si

1972 1594 2095 1661 quid
2126 1594 2356 1661 cuipiam
2403 1594 2594 1647 virium
2647 1604 2747 1659 est,
2782 1595 2904 1663 quia
2944 1609 3185 1660 securus,
3219 1594 3345 1649 hinc
3369 1595 3552 1650 avidus

1971 1684 2279 1753 impendere
2317 1686 2567 1754 :quaudo
2598 1685 2812 1755 quidem
2846 1698 3054 1741 mortua
3083 1703 3291 1757 quoque
3322 1688 3553 1758 impera-

291 1790 598 1847 quanquam
619 1787 674 1831 et
699 1791 737 1845 a_
755 1775 909 1829 nobis
937 1775 1194 1829 relectum
1220 1785 1273 1830 et
1299 1785 1659 1831 retractatum.
1695 1779 1870 1834 Defert
1900 1763 1944 1822 Β
1976 1786 2116 1846 tore,
2170 1779 2506 1833 laborantum
2569 1779 2833 1832 devotioni
2902 1780 3157 1848 quidquid
3206 1779 3553 1849 sp0p0nderit

291 1876 352 1923 et
376 1867 621 1923 volumen
647 1864 1047 1935 prophetarum,
1071 1866 1194 1921 licet
1216 1882 1300 1921 me
1323 1868 1543 1923 absente
1563 1870 1867 1938 decursum,

291 1974 395 2016 sua
427 1970 601 2015 tamen
628 1973 755 2014 cura
800 1974 1067 2029 manuque
1110 1959 1177 2013 de
1211 1962 1549 2029 supervacuis
1590 1965 1869 2019 sententiis

291 2051 667 2117 cruderatum;
716 2066 817 2107 nec
843 2049 1104 2121 semperb
1158 2051 1250 2105 illo
1293 2060 1476 2106 contra
1519 2053 1745 2122 legente,
1779 2059 1865 2121 qui

290 2144 614 2214 promiserat
633 2156 848 2211 operam
881 2157 1029 2197 suam
1060 2158 1074 2197 :
1103 2142 1263 2197 credo
1285 2144 1403 2212 quia
1436 2145 1712 2213 infirmitas
1758 2146 1869 2200 fne-

292 2234 367 2289 rit
419 2233 803 2303 impedimento
837 2274 851 2298 ,
910 2233 1194 2302 quominus
1264 2234 1495 2300 pollicita
1553 2237 1864 2306 compleret.

290 2326 482 2383 Restat
524 2336 581 2381 ut
604 2327 904 2383 exhortatio
931 2335 1139 2392 vestra,
1187 2325 1297 2379 sive
1336 2329 1572 2395 sponsio,
1617 2328 1865 2384 famulum

290 2420 373 2476 sic
398 2420 478 2474 vel
510 2419 812 2474 studentem
848 2417 1002 2489 ιιιθ
1030 2419 1260 2486 placere,
1290 2419 1370 2472 vel
1402 2420 1667 2485 meritum,
1699 2424 1863 2491 gratia

292 2510 616 2579 competenti
645 2516 1018 2564 remuneretur
1046 2524 1059 2560 :
1086 2523 1202 2577 qua:
1232 2506 1410 2577 utique
1438 2524 1534 2577 pro
1566 2511 1657 2563 tali
1688 2512 1864 2567 labore

290 2601 341 2657 si
365 2601 845 2672 solvitur,,incipiet
874 2608 1103 2653 vestram
1129 2600 1395 2668 respicere
1414 2603 1733 2657 mercedem.
1760 2605 1863 2659 Sed

290 2706 415 2747 cum
438 2692 538 2748 hoc
559 2707 659 2763 ego
686 2692 755 2747 de
774 2691 886 2746 sola
912 2691 1076 2761 gratia
1108 2706 1312 2760 precer,
1342 2706 1435 2747 vos
1453 2693 1576 2763 quid
1601 2705 1864 2750 mereatur

290 2783 541 2851 aSpicite,
565 2799 721 2853 quem
740 2790 955 2837 constat
978 2782 1224 2837 allectum
1255 2783 1456 2837 domini
1482 2784 1650 2854 magis
1665 2786 1864 2841 ambire

291 2888 453 2946 quam
482 2874 776 2944 prtemium.
808 2874 957 2930 Vale.

825 2964 1156 3021 EPISTOLA
1192 2964 1333 3021 XVI.

556 3057 802 3114 Sidonius
828 3066 849 3095 ο
881 3055 1190 3127 Papianillw
1213 3072 1318 3109 sua:
1344 3056 1576 3112 salutent.

1977 1870 2243 1938 princrp=,
2274 1884 2487 1937 semper
2513 1868 2761 1923 redhibet
2799 1868 2949 1939 147
2978 1870 3319 1938 principatus.
3346 1871 3549 1925 Interea

1972 1969 2057 2026 tu,
2103 1963 2145 2014 si
2178 1960 2422 2014 allectum
2457 1974 2600 2013 tuum
2626 1960 2761 2013 bene
2791 1962 2999 2030 colligo,
3049 1962 3194 2015 hisce
3239 1963 3547 2027 eotnpcrtis,

1970 2068 2216 2121 maguum
2260 2054 2506 2106 solatium
2549 2054 2686 2108 inter
2717 2052 2937 2107 adversa
2968 2058 3202 2108 maxima
3234 2056 3378 2123 capis
3410 2073 3421 2107 :
3453 2069 3549 2111 nec

1968 2145 2200 2198 animum
2249 2155 2393 2197 tuum
2435 2161 2464 2197 a
2490 2146 2699 2199 tramite
2735 2145 3094 2203 communium
3126 2146 3435 2214 gaudiorum
3466 2148 3546 2200 vi-

1967 2235 2102 2288 cina:
2151 2250 2361 2304 quoque
2392 2235 2686 2288 obsidionis
2732 2244 2905 2288 terror
2934 2237 3213 2290 exorbitat.
3243 2236 3373 2289 Novi
3402 2236 3543 2290 enim

1967 2325 2152 2393 probe,
2183 2305 2249 2378 ne
2281 2339 2399 2377 meo
2430 2324 2646 2391 quidem
2672 2332 2743 2388 te,
2785 2340 2942 2393 quem
2975 2340 3042 2379 ex
3074 2326 3190 2394 lege
3232 2325 3541 2393 participas,

1966 2416 2043 2471 sic
2075 2416 2277 2470 honore
2322 2417 2551 2469 lat-tatam
2589 2432 2601 2468 :
2632 2411 2753 2485 quia
2782 2417 2905 2471 licet
2935 2417 3008 2471 sis
3036 2432 3165 2470 uxor
3202 2417 3357 2481 bona,
3391 2432 3544 2471 soror

1966 2522 2177 2577 quoque
2219 2507 2413 2575 optima
2442 2522 2519 2560 es.
2552 2507 2662 2573 Qua
2695 2507 2760 2560 de
2784 2522 2860 2573 re,
2903 2508 3135 2576 prOpitio
3168 2508 3277 2561 Deo
3307 2508 3540 2572 Christo,

1967 2600 2247 2666 ampliatos
2262 2600 2639 2667 prosapiaetuze
2666 2598 2845 2653 titulos
2874 2614 2970 2668 ego
3003 2599 3223 2652 festinus
3240 2601 3542 2667 gratatoriis

1965 2691 2203 2759 apicibus
2235 2690 2511 2758 IllSCI‘IpsI,
2567 2691 2769 2759 pariter
2806 2690 3087 2744 absolvens
3130 2691 3540 2746 sollicitudinem

1964 2791 2106 2837 tuam
2131 2824 2143 2847 ,
2177 2783 2353 2836 fratris
2401 2782 2657 2852 pudorem
2691 2801 2704 2834 :
2738 2800 2893 2851 quem
2924 2784 2996 2837 uil
3029 2767 3339 2853 de'propria
3363 2785 3540 2853 digni-

1966 2884 2071 2929 tate
2100 2876 2474 2938 indicaturum,
2518 2876 2561 2927 si
2595 2880 2952 2929 verecundum
2984 2876 3119 2929 forte
3149 2878 3404 2941 nescires,
3440 2891 3539 2930 nec

1962 2966 2039 3019 sic
2066 2965 2285 3033 impium
2312 2964 2601 3032 judicares.
2630 2965 2744 3034 Ego
2774 2981 2902 3020 vero
2948 2981 3051 3021 non
3083 2976 3286 3021 tantum
3315 2968 3538 3035 insigni-

1962 3058 2060 3114 bus
2093 3058 2315 3122 vestris,
2360 3072 2475 3126 qute
2508 3067 2559 3111 tu
2610 3058 2863 3115 hactenus
2889 3073 3089 3129 quanto
3118 3061 3359 3127 liberius,
3392 3070 3539 3115 tanto

368 3147 616 3204 Ravenna
653 3149 872 3204 veniens
903 3146 929 3185 ἀ
954 3155 1188 3217 quazstor
1224 3147 1528 3202 Licinianus
1553 3190 1567 3214 ,
1609 3164 1727 3204 cum
1753 3150 1860 3221 pri-
1888 3116 1935 3180 ο
1965 3148 2329 3218 impatientius
2376 3148 2759 3217 prmstolabare
2823 3150 3154 3220 (quanquam
3212 3151 3277 3205 iis
3325 3166 3539 3221 quoque

292 3254 446 3298 mum
471 3240 670 3310 tetigit,
712 3241 843 3309 Alpe
870 3239 1201 3304 transmissa,
1224 3238 1407 3294 Galliae
1435 3239 1629 3305 solum,
1658 3241 1861 3298 litteras

292 3332 555 3389 adventus
592 3332 674 3387 sui
720 3332 942 3403 praevias
970 3332 1154 3397 misit,
1206 3331 1398 3401 quibus
1430 3331 1628 3387 indicat
1658 3347 1776 3388 esse
1804 3349 1862 3390 se

362 3468 475 3539 61,Δ
501 3476 528 3503 ει
557 3464 1081 3539 Ut_Pentateuchu_m_
1108 3475 1318 3539 veteres
1342 3466 1677 3539 appellarunt
1704 3469 1860 3536 quin-

291 3535 405 3608 que
424 3535 587 3591 libros
608 3537 792 3608 Mosis,
822 3537 890 3608 ita
915 3546 969 3608 et
992 3535 1473 3608 Triteuchumtres
1499 3538 1585 3608 qui
1616 3539 1859 3605 proxime

291 3605 605 3673 ecquuntur,
631 3606 811 3672 Josue,
833 3606 1047 3661 Judices
1075 3616 1128 3660 et
1150 3605 1310 3659 Ruth.
1340 3605 1427 3660 Sic
1456 3607 1596 3661 enim
1627 3610 1862 3662 Athana-

292 3679 406 3749 sius
437 3676 502 3730 ad
542 3677 903 3749 Marcellinum
937 3694 947 3727 :
980 3685 1235 3749 utrosque
1264 3691 1400 3749 vero!
1432 3676 1588 3749 simul
1622 3676 1857 3749 junctus,

291 3746 698 3803 Octateucbum.
741 3748 815 3800 Ita
843 3745 1193 3801 Cassiodorus
1228 3760 1346 3815 cap.
1382 3747 1405 3800 l
1444 3745 1748 3802 Divinarum
1782 3745 1859 3802 in;

289 3817 644 3881 stitutionum,
677 3825 731 3872 et
760 3816 932 3871 Graeci
970 3830 1159 3871 omnes
1186 3830 1409 3886 quorum
1440 3823 1638 3884 scripta
1670 3819 1856 3885 legun-

290 3895 383 3942 tur
402 3892 473 3948 εἰς
500 3894 587 3947 τήν
619 3890 977 3958 Ὀκτὰτευχον.
1015 3886 1148 3955 Quia
1178 3897 1354 3941 autem
1399 3888 1626 3958 ιιειπωῑ,
1656 3888 1861 3958 υι-Ερὶ·

289 3958 519 4028 pbanius
561 3966 615 4012 et
652 3956 1349 4028 Ilieronyinusiobservant,
1398 3956 1673 4010 historiam
1718 3956 1856 4028 Ruth

288 4027 453 4082 tinum
498 4029 549 4081 iu
600 4028 794 4082 librum
839 4027 959 4081 eum
999 4027 1270 4082 ludicibus
1314 4028 1686 4095 compingunt,
1739 4027 1861 4081 inde

288 4096 487 4152 factum
533 4106 616 4153 est
652 4107 709 4152 ut
739 4097 1157 4165 Heptateuchum
1202 4098 1441 4165 plerique
1487 4097 1717 4151 dixerint
1765 4112 1861 4165 pro

291 4166 615 4223 Octateucbo
647 4185 662 4221 :
693 4175 752 4223 ut
788 4169 1140 4238 Hieronymus
1168 4167 1326 4238 epist.
1361 4167 1391 4220 7
1428 4175 1480 4221 et
1503 4166 1594 4233 28,
1629 4176 1682 4221 et
1708 4166 1862 4221 Sido-

292 4238 414 4292 nius
447 4239 547 4293 hoc
575 4239 711 4293 loco.

364 4306 391 4345 ι’
418 4307 582 4363 Vetus
607 4309 876 4363 adnotatio
897 4309 948 4362 in
965 4308 1146 4363 codice
1164 4306 1405 4361 Martiani
1431 4306 1679 4373 Capellae,
1700 4321 1856 4373 quam

291 4377 552 4448 integram
584 4379 776 4448 protuli
804 4380 870 4432 ad
892 4378 1190 4433 Ennodium
1215 4378 1307 4433 lib.
1333 4394 1370 4439 ι,
1402 4379 1558 4447 epist.
1588 4378 1654 4431 i9
1680 4395 1697 4448 εί
1710 4377 1861 4431 Felix

290 4446 465 4502 rhetor
503 4446 829 4502 emendabam
857 4458 1031 4502 contra
1058 4451 1248 4518 legente
1290 4446 1530 4501 Deuterio
1558 4446 1858 4500 scholastica

292 4517 545 4585 discipulo
572 4535 697 4571 meo.
730 4518 828 4585 Qui
860 4520 1022 4574 libros
1048 4517 1119 4573 ex’
1139 4518 1419 4573 collatione
1450 4518 1724 4572 meliorum
1764 4533 1859 4570 co-

1966 3238 2253 3313 granditer)
2299 3249 2552 3309 quantum
2600 3242 2891 3295 concordia
2926 3241 3120 3298 fruor:
3154 3258 3312 3311 quam
3356 3259 3537 3313 parem

1971 3332 2191 3398 n05tris,
2217 3331 2433 3399 suisque
2457 3331 2640 3385 liberis
2669 3332 2723 3384 in
2753 3340 3025 3402 posterum
3053 3344 3288 3403 exopto;
3317 3334 3454 3389 votis
3484 3334 3544 3389 iu

1970 3468 2074 3522 vult
2100 3481 2331 3520 exercere
2372 3466 2564 3519 mariti.
2596 3466 2707 3534 Qua
2752 3466 2819 3521 de
2849 3483 2905 3521 re
2937 3477 2992 3519 ut
3021 3481 3255 3521 canones
3297 3468 3538 3521 omittam

1963 3539 2051 3607 qui
2082 3537 2275 3606 passim
2320 3547 2637 3603 occurrunt,
2672 3539 2924 3607 praeclara
2962 3547 3137 3592 exstat
3167 3537 3299 3606 Lupi
3329 3537 3541 3592 Tricas-

1967 3608 2072 3663 sini
2102 3619 2154 3662 et
2181 3607 2472 3675 Euphronii
2501 3608 2994 3676 Augustodunensis
3022 3609 3394 3676 episcoporum
3426 3609 3538 3675 epi-

1973 3680 2107 3733 stola
2138 3693 2256 3745 qute
2297 3692 2496 3731 morem
2526 3677 2668 3731 hunc
2714 3688 2938 3732 testatur
2972 3696 2984 3730 :
3017 3678 3113 3731 sed
3158 3678 3281 3730 huic
3316 3678 3538 3731 edenda:

1969 3749 2107 3802 alius
2121 3750 2222 3799 erit
2240 3747 2402 3804 locus.
2425 3748 2534 3801 Deo
2555 3748 2844 3814 adjuvante
2856 3750 2908 3802 ¥.
2935 3747 3084 3801 Nunc
3106 3747 3234 3800 satis
3255 3747 3323 3800 sit
3352 3761 3539 3801 exem-

1966 3819 2111 3887 plum
2143 3816 2367 3887 Paulini_
2381 3816 2594 3887 Nolani,
2626 3818 2721 3887 icui
2754 3817 2977 3887 rTerasia
3023 3818 3090 3871 de
3128 3816 3353 3887 conjuge
3385 3817 3537 3887 laeta

1964 3884 2137 3951 soror,
2168 3896 2223 3938 ut
2255 3886 2308 3937 in
2332 3884 2594 3938 Chronico
2625 3886 2854 3953 loquitur
2876 3887 3071 3939 ldatius
3106 3901 3119 3937 :
3146 3885 3396 3939 Germani
3427 3886 3539 3938 An—

1966 3955 2384 4021 tissiodorensis,
2416 3955 2484 4009 de
2511 3970 2617 4024 quo
2648 3955 2699 4008 in
2730 3955 2843 4022 ejus
2872 3956 2988 4009 Vita
3014 3954 3536 4024 Constantiusgpres-

1967 4026 2161 4108 byteroz
2201 4024 2412 4108 Ux'orju
2434 4022 2657 4108 sororem
2676 4040 2738 4105 ea:
2761 4026 2973 4108 conjuge
2992 4032 3217 4108 mutetur
3239 4039 3271 4108 ξ.
3284 4032 3338 4077 et
3365 4022 3508 4108 Leon

1968 4091 2027 4149 tii
2052 4095 2288 4162 episcopi
2336 4094 2762 4162 Burdegalensis,
2794 4091 2861 4148 de
2888 4091 3037 4162 cujus
3077 4093 3347 4147 Placidina
3396 4091 3535 4146 idem

1967 4166 2150 4219 scribit
2207 4163 2527 4218 Fortunatus
2591 4182 2602 4216 :
2661 4164 2890 4233 denique
2942 4164 3120 4219 Urbici
3171 4165 3532 4217 Arvernorum

1966 4235 2222 4304 episcopi,
2276 4249 2433 4300 quem
2481 4242 2663 4287 narrat
2720 4232 3008 4302 Gregorius
3058 4233 3240 4304 lib._t,
3289 4247 3408 4300 cap.
3442 4233 3534 4297 M,

1966 4302 2161 4359 multis
2181 4305 2427 4372 lacrymis
2456 4304 2672 4368 eluisse,
2702 4306 2843 4373 quod
2892 4302 3328 4358 consuetudinem
3360 4303 3535 4373 eccle—

1965 4377 2231 4430 siasticam
2262 4383 2463 4428 temere
2488 4372 2770 4443 aliquando
2794 4375 3063 4428 violasset.
3086 4373 3236 4443 Quod
3259 4387 3387 4440 ergo
3420 4372 3540 4440 lege

1966 4460 2028 4499 ac
2056 4460 2202 4498 more
2240 4446 2522 4506 sancitum,
2552 4442 3063 4512 praadeeessorisque
3092 4444 3173 4499 sui
3203 4442 3341 4497 facto
3372 4452 3537 4495 testa-

1968 4524 2077 4568 tum
2128 4515 2444 4568 meminerat
2483 4514 2753 4579 Sidonius,
2786 4516 2835 4567 id
2885 4528 2978 4567 aut
3026 4515 3291 4583 ignorare,
3324 4521 3415 4565 aut
3435 4512 3541 4583 fim-

292 4582 474 4642 dicurn
510 4582 777 4654 emendat,
811 4588 1011 4643 socium
1042 4589 1257 4643 adhibet
1289 4590 1375 4657 qui
1408 4591 1563 4656 legat,
1594 4588 1717 4640 dum
1746 4588 1857 4653 ipse
1888 4594 1937 4653 D
1964 4600 2105 4657 pune
2147 4596 2490 4657 contemnere
2528 4586 2615 4657 qui
2660 4586 2861 4657 potuit?
2888 4585 2952 4657 Et
3001 4582 3177 4657 tamen
3209 4592 3332 4638 sunt
3356 4582 3445 4651 qui
3474 4598 3539 4635 ex

290 4659 534 4727 codicem
570 4673 727 4712 unum
772 4659 1003 4727 inspicit.
1056 4660 1105 4712 ls
1156 4668 1338 4712 contra
1367 4658 1541 4726 legere
1564 4658 1855 4713 dicebatur.

291 4726 351 4782 In
388 4729 494 4782 alio
538 4728 719 4783 codice
762 4726 1013 4784 Macrobii
1051 4728 1336 4782 Theodosii
1389 4727 1700 4781 emendator
1749 4727 1861 4780 haec

291 4808 573 4853 annotarat
621 4817 633 4850 :
686 4799 916 4854 Aurelius
976 4798 1246 4851 Memmius
1297 4796 1630 4865 Symmachus
1683 4796 1747 4849 V.
1797 4795 1854 4849 C.

290 4869 617 4923 emendabam
644 4869 896 4924 Ravenna:
922 4885 1035 4922 cum
1066 4866 1325 4920 Macrobio
1347 4865 1549 4918 Plotina
1583 4866 1816 4919 Eudoxio
1841 4882 1859 4919 :

292 4937 484 5008 quibus
516 4939 691 4994 verbis
711 4950 896 4994 contra
928 4939 1118 5008 legisse
1150 4936 1444 5008 Eudoxium
1473 4936 1751 5003 signiﬁcat.

368 5018 390 5046 ε
420 5009 559 5063 Aviti
598 5011 820 5079 Augusti
863 5005 1017 5075 liliae',
1053 5006 1257 5062 Sidonii
1286 5006 1434 5059 uxori
1465 5015 1586 5079 ante
1615 5005 1858 5059 sacerdo-

290 5079 444 5144 tium,
493 5094 636 5133 nunc
664 5076 858 5144 sorori,
902 5095 969 5134 ex
999 5092 1261 5134 canonum
1298 5076 1609 5145 praescripto
1658 5085 1711 5129 et
1740 5091 1856 5142 pcr-

288 5158 449 5218 petua
483 5149 867 5204 consuetudine
901 5150 1090 5218 priscae
1121 5147 1373 5218 Ecclesia:
1406 5162 1421 5198 :
1452 5147 1506 5197 in
1547 5160 1649 5218 qua
1678 5146 1763 5212 qui
1791 5159 1855 5197 ex

289 5216 537 5289 conjugio
575 5220 639 5272 ad
679 5216 1032 5273 sacerdotium
1075 5217 1505 5289 asciscebantur,
1539 5216 1604 5267 ab
1631 5228 1856 5268 uxorum

288 5285 409 5342 toro
429 5285 677 5358 separati,
708 5304 812 5343 non
832 5290 984 5343 aliter
1010 5289 1257 5356 deinceps
1278 5302 1397 5341 cum
1422 5285 1527 5338 illis
1555 5299 1856 5358 quamcum

287 5354 575 5429 sororibus,
594 5360 961 5415 versabantur.
988 5354 1337 5429 Hieronymus
1364 5357 1518 5429 epist.
1555 5354 1579 5405 1
1613 5356 1686 5429 ad,
1707 5355 1861 5429 Pam-

286 5428 556 5500 machium
587 5448 598 5482 :
624 5429 887 5500 Episwpi,
934 5426 1229 5499 presbyteri,
1262 5428 1483 5492 diaconi,
1524 5434 1611 5500 aut
1642 5426 1860 5500 virgines

284 5498 574 5570 eliguntur,
617 5496 707 5553 aut
736 5496 875 5570 vidui
900 5496 942 5566 ,ἡ
972 5510 1058 5553 aut
1082 5496 1231 5570 icerte
1278 5508 1393 5570 post
1432 5496 1772 5570 sacerdotium
1810 5496 1860 5547 in

284 5568 549 5641 cateruam
575 5572 768 5641 pudici.
818 5569 1040 5623 Faustus
1086 5569 1327 5641 Reiensis
1374 5568 1434 5641 Ain
1482 5568 1722 5641 epistola
1755 5580 1859 5641 nou

288 5639 439 5697 edita
472 5659 485 5693 :
516 5636 693 5694 Perdit
738 5648 954 5712 gratiam
996 5639 1271 5693 consecrati
1299 5639 1385 5707 qui
1434 5637 1603 5689 adhuc
1633 5636 1865 5707 ofﬁciunt

356 5733 389 5771 "
417 5732 563 5796 uane
591 5734 870 5799 epistolam
908 5732 1169 5791 edidimus
1197 5746 1359 5798 supra
1386 5733 1491 5789 col.
1524 5732 1617 5787 66.

1964 4655 2269 4723 Papianillae
2296 4656 2565 4709 mentione
2596 4656 2695 4710 hoc
2740 4656 2857 4709 loco
2886 4655 3061 4708 fucum
3087 4654 3202 4708 ﬁeri
3232 4667 3389 4722 posse
3416 4667 3541 4705 con-

1966 4726 2163 4789 lidant;
2211 4732 2265 4777 et
2308 4724 2427 4792 quia
2466 4726 2557 4778 lih.
2599 4741 2668 4789 tv,
2718 4727 2873 4793 epist.
2923 4724 3021 4789 12,
3068 4740 3188 4776 cum
3235 4723 3557 4793 Apollinare.

1966 4794 2073 4848 lilio
2099 4794 2403 4848 Terentium
2430 4794 2879 4863 Menandrumque
2904 4795 3026 4862 legit
3053 4794 3303 4863 Sidonius
3327 4792 3533 4863 episco-

1965 4879 2083 4933 pus,
2109 4866 2230 4918 inde
2262 4865 2424 4916 lilium
2453 4866 2556 4933 62
2580 4865 2686 4931 jam
2731 4862 3026 4932 ephebum,
3055 4864 3163 4932 jam
3196 4862 3397 4917 Graeca:
3432 4862 3537 4933 La-

1966 4930 2194 5002 tinteque
2241 4934 2429 5002 lingua:
2469 4930 2776 4988 att—ctoribus
2816 4930 3117 4997 initiatum,
3161 4949 3188 4985 a
3238 4930 3535 5002 patrejrtm

1964 5000 2215 5074 episcopo
2236 5000 2536 5072 susceptum
2560 5006 2885 5058 Contendant
2915 5023 2928 5060 :
2957 5019 3110 5074 quem
3133 5018 3221 5074 res
3243 5003 3355 5074 ipsa
3384 5000 3540 5054 docet

1964 5070 2217 5142 epistolas
2264 5070 2450 5128 omnes
2494 5074 2885 5128 Constantiana:
2923 5070 3278 5135 collectionis,
3324 5070 3428 5124 hoc
3458 5079 3539 5142 est

1965 5141 2218 5199 librorum
2269 5159 2339 5196 VII
2373 5146 2603 5210 priorum
2630 5188 2645 5213 ,
2689 5161 2818 5213 quas
2859 5147 3139 5213 episcOpus
3187 5142 3437 5213 dictavit,
3488 5141 3541 5213 in

1965 5214 2093 5289 ipsis
2140 5228 2273 5289 pene
2307 5210 2660 5289 pontiﬁcatus
2688 5210 2936 5282 auspiciis
2972 5210 3242 5289 dictasse.
3266 5211 3369 5267 Sed
3416 5210 3541 5289 quid

1968 5280 2516 5347 facias'homiitihus,
2569 5285 2657 5353 qui
2706 5280 2826 5339 cum
2875 5286 2983 5339 veri
3015 5284 3144 5339 nihil
3192 5283 3405 5350 dicant,
3440 5280 3541 5337 Sibi

1968 5362 2143 5407 tamen
2177 5354 2371 5407 clausis
2400 5356 2564 5407 oculis
2596 5356 2737 5409 credi
2768 5357 2990 5409 volunt?

2040 5422 2064 5459 ἀ
2097 5425 2170 5477 De
2218 5425 2373 5490 hujus
2413 5424 2583 5477 altero
2614 5425 2663 5479 in
2710 5425 2935 5479 Galliam
2964 5425 3192 5480 adventu
3244 5424 3350 5493 jam
3379 5433 3538 5493 supra

1971 5495 2183 5559 scripsit
2225 5489 2317 5547 lib.
2352 5510 2439 5557 ut,
2474 5495 2627 5559 epist.
2681 5497 2731 5548 7.
2774 5496 2924 5551 Nunc
2970 5496 3035 5550 de
3084 5489 3345 5551 codicillis
3375 5489 3538 5559 patri-

1972 5558 2173 5629 elatus,
2222 5578 2357 5634 quos
2414 5558 2629 5621 Ecdicio
2678 5569 2857 5621 comiti
2899 5567 3071 5622 attulit
3114 5583 3143 5621 a
3206 5565 3406 5632 Nepote
3432 5558 3537 5612 Ath

1973 5643 2149 5706 gusto.
