4072 6348
561 339 666 402 517

565 561 795 607 nostram
829 546 1214 617 praifectoriam
1249 544 1408 608 nacti,
1442 544 1597 597 etiam
1630 544 1904 612 patriciam
1948 542 2133 596 divino

565 641 743 696 favore
768 640 1124 694 reddidimus:
1145 639 1215 691 ita
1233 635 1332 706 ipsi
1352 651 1507 704 quam
1527 636 1816 704 suscipiunt
1836 635 2132 704 patriciam,

565 738 588 769 τι
614 733 806 786 faciam
843 731 1198 784 consularem.
1247 728 1438 782 Roscia
1471 737 1522 782 te
1564 729 1790 794 salutat,
1823 742 1950 781 cura
1993 742 2137 780 com-

565 824 780 880 munis:
810 838 928 892 qua:
970 819 1024 877 in
1074 821 1203 875 avize
1252 821 1639 890 amitarumque
1682 819 2139 890 indulgentissimo

564 915 703 979 sinu,
739 913 881 983 quod
913 929 1032 968 raro
1084 913 1368 981 nepotibus
1400 911 1658 980 contingit
1703 911 1907 974 alienis,
1941 922 2139 963 etcum

565 1005 851 1060 severitate
892 1006 1165 1058 nutritur:
1196 1019 1296 1072 qua
1333 1013 1506 1058 tamen
1547 1013 1787 1058 tenerum
1839 1017 1942 1056 non
1991 1002 2138 1056 infir-

567 1107 740 1153 matur
769 1111 962 1164 aevum,
989 1096 1080 1150 sed
1111 1097 1430 1149 informatur
1458 1095 1745 1164 ingenium.
1768 1093 1914 1148 Vale.

1000 1190 1156 1262 143
1185 1189 1513 1245 EPISTULA
1555 1188 1718 1243 xvii.

883 1284 1124 1338 Sidonius
1163 1281 1190 1319 δ
1222 1280 1436 1350 Eriphio
1473 1299 1562 1335 suo
1588 1283 1824 1334 salutem.

637 1377 728 1441 Es,
773 1369 954 1445 Eriphi
987 1389 1158 1439 meus,
1202 1374 1313 1440 ipse
1341 1373 1430 1441 qui
1462 1386 1675 1441 semper
1712 1388 1725 1423 :
1771 1386 2144 1439 nunquamque

569 1461 621 1522 te
653 1475 853 1520 tantum
882 1466 1112 1528 venatio,
1148 1465 1358 1529 civitas,
1387 1477 1510 1533 ager
1534 1471 1740 1527 avocat,
1765 1470 1822 1516 ut
1852 1479 1954 1517 non
1975 1461 2144 1516 obiter

571 1557 839 1625 voluptate
882 1555 1175 1608 litterarum
1224 1563 1438 1608 teneare
1483 1570 1497 1605 :
1543 1552 1703 1621 fitque
1738 1565 1802 1606 eo
1840 1551 2045 1618 studio,
2090 1560 2147 1605 nt

571 1663 668 1703 nec
698 1661 876 1702 nostra
914 1646 1171 1711 fastidias,
1204 1645 1294 1714 qui
1335 1645 1450 1710 tibi,
1483 1654 1538 1697 ut
1569 1644 1777 1708 scribis,
1826 1658 2005 1697 musas
2036 1645 2143 1696 ole.

570 1756 709 1795 mus.
748 1739 878 1804 Quae
915 1737 1180 1792 sententia
1226 1746 1400 1790 tamen
1437 1735 1578 1805 large
1616 1735 1874 1804 probatur
1900 1750 2027 1788 vero
2060 1750 2144 1788 ca-

1822 325 2066 391 SlDONll
2105 325 2550 387 APOLLINARIS

563 472 841 514 commune
868 456 1180 525 deposcens,
1211 457 1270 504 ut
1297 450 1434 506 sicut
1463 463 1558 503 nos
1577 455 1854 520 utramque
1880 448 2131 502 familiam
2161 451 2213 510 Α
2235 447 2442 514 joeosa,
2490 441 2786 512 fatigatoria
2825 459 2835 491 :

3711 320 3824 376 548

2883 446 3140 507 praeterea
3179 436 3362 508 (quod
3401 434 3820 504 beatissimum)

2238 537 2380 590 nulla
2415 536 2613 590 mentio
2651 535 2717 587 de
2765 532 3110 600 pmestatibus
3147 538 3236 582 aut
3266 527 3333 581 de
3365 527 3613 591 tributis;
3641 529 3824 584 nullus

2239 644 2416 683 sermo
2445 630 2532 698 qui
2573 628 2842 697 proderet,
2881 625 3022 679 nulla
3065 639 3288 693 persona
3320 639 3437 691 qua:
3473 623 3818 692 proderetur.

2242 723 2492 778 Fabulam
2526 731 2672 775 certe
2698 719 2899 774 referre
2927 718 3138 786 dignam
3168 717 3362 780 relatu,
3395 715 3680 783 dignisque
3699 729 3824 768 senu-

2242 815 2422 870 tentiis
2439 814 2662 882 quisque
2694 812 2955 879 potuisset
2984 827 2996 861 :
3021 809 3336 862 audiebatur
3361 806 3820 862 ambitiosissime.

2241 908 2348 961 Nec
2387 917 2500 960 erat
2531 905 2732 958 idcirco
2771 919 2873 957 non
2908 903 3158 956 distineta
3191 905 3448 963 narratio,
3482 904 3605 968 quia
3641 900 3822 953 laetitia

2243 1001 2524 1069 permixta.
2581 997 2722 1051 inter
2751 996 2862 1049 hare
2888 996 2998 1048 otio
3026 993 3113 1047 diu
3147 993 3395 1047 marcidis
3425 993 3632 1060 aliquid
3664 1005 3824 1059 agere

2243 1094 2433 1147 visum.
2472 1091 2588 1144 Mox
2623 1089 2906 1168 bipertitis,
2938 1095 2996 1140 ut
3022 1095 3138 1141 erat
3165 1097 3316 1149 aetas,
3348 1085 3821 1139 acclamationibus

2245 1184 2527 1252 afﬂagitata
2577 1181 2842 1250 profertur
2887 1180 2971 1232 his
3012 1178 3140 1248 pila,
3197 1178 3278 1230 his
3335 1177 3529 1231 tabula.
3582 1179 3819 1245 διώξει-ω

2245 1274 2448 1343 primus
2493 1287 2590 1341 ego
2636 1273 2856 1340 signifer
2905 1271 3000 1336 fui,
3050 1285 3166 1339 quae
3217 1270 3370 1334 mibi,
3419 1277 3477 1322 ut
3523 1272 3689 1334 nosti,
3721 1286 3819 1326 non

2247 1366 2424 1418 minus
2452 1365 2584 1417 libro
2605 1379 2784 1417 comes
2818 1362 3060 1415 habetur.
3106 1363 3283 1416 Altera
3323 1377 3387 1416 ex
3433 1372 3606 1430 parte,
3661 1362 3822 1418 frater

2247 1469 2398 1510 meus
2433 1456 2767 1523 Domnicius,
2807 1455 2967 1507 homo
2996 1455 3177 1524 gratia:
3201 1469 3440 1517 summie,
3461 1454 3658 1507 snmmi
3683 1455 3822 1524 lepo-

2248 1551 2342 1610 ris,
2368 1559 2596 1602 tesseras
2625 1557 2836 1616 ceperat
2866 1547 3241 1616 quatiebatque
3269 1565 3282 1601 :
3310 1561 3414 1613 quo
3438 1548 3582 1601 velut
3601 1548 3822 1603 classico

2248 1641 2312 1693 ad
2342 1657 2560 1710 pyrgum
2589 1640 2812 1694 vocabat
2836 1639 3120 1693 aleatores.
3158 1639 3261 1691 Nos
3292 1654 3410 1691 cum
3440 1650 3657 1693 caterva
3681 1639 3822 1692 scho-

2249 1731 2552 1786 lasticorum
2583 1732 2804 1785 lusimus
2827 1731 3322 1799 abunde,quantum
3347 1731 3585 1785 membra
3615 1739 3825 1798 torpore

571 1845 690 1884 rere
723 1847 734 1881 :
774 1844 1072 1898 quanquam
1114 1837 1166 1881 et
1196 1836 1435 1896 apparet,
1478 1837 1567 1880 aut
1607 1843 1675 1880 ex
1714 1827 1836 1895 joco
1869 1826 2068 1888 venire,
2102 1828 2143 1880 si
2176 1820 2224 1881 B
2250 1824 2451 1876 statarii
2484 1822 2682 1876 laboris
2712 1822 2982 1885 hebetata,
3013 1836 3171 1874 cursu
3202 1820 3401 1875 salubri
3431 1830 3824 1890 vegetarentur.

573 1920 724 1974 laetus
755 1934 834 1983 es,
865 1927 954 1972 aut
997 1934 1061 1972 ex
1099 1934 1302 1983 amore,
1337 1918 1380 1972 si
1426 1919 1612 1972 serius.
1649 1919 1912 1972 Caeterum
1945 1934 1971 1971 a
1999 1922 2144 1987 justo

572 2012 726 2080 longe
749 2011 991 2074 resultat,
1022 2024 1141 2064 cum
1183 2009 1311 2063 mihi
1350 2011 1608 2077 assignas,
1648 2025 1765 2078 qua:
1800 2009 1886 2063 vix
1920 2011 2142 2076 Maroni,

572 2103 656 2154 vix
681 2111 769 2155 aut
797 2101 1025 2154 Homero
1054 2110 1418 2168 competenter
1446 2101 1994 2154 accommodarentur.
2023 2101 2146 2154 llaec

571 2192 955 2260 relinquatnus,
990 2191 1169 2260 idque,
1199 2192 1338 2245 unde
1367 2206 1545 2256 causa,
1580 2194 2025 2246 sermocinemur.
2063 2193 2148 2245 Di-

570 2287 664 2353 rigi
698 2285 760 2338 ad
793 2295 842 2338 te
875 2285 1121 2354 prmcipis
1157 2300 1365 2349 versus,
1399 2299 1532 2354 quos
1576 2284 1674 2337 viri
1706 2284 2016 2353 amplissimi
2064 2300 2149 2337 so-

573 2379 681 2431 reri
733 2379 804 2430 tui
847 2378 1094 2444 precibus
1140 2376 1336 2430 indulsi
1373 2395 1385 2432 :
1419 2377 1507 2445 qui
1551 2379 1903 2432 coxitubernio
1951 2378 2147 2432 mixtus

571 2468 869 2537 :rqnalium,
897 2468 1023 2521 vivit
1048 2466 1284 2521 moribus
1317 2467 1379 2520 ad
1400 2467 1694 2536 jubendum
1721 2469 2150 2537 obsequendum-

573 2568 673 2626 que
700 2557 846 2626 juxta
873 2557 1090 2626 paratis.
1117 2556 1221 2610 Sed
1259 2559 1380 2625 quia
1413 2558 1553 2612 scire
1591 2559 1862 2613 desideras
1894 2571 1946 2612 et
1978 2561 2149 2613 locum

574 2658 628 2701 et
670 2662 905 2713 causam,
939 2664 1043 2716 quo
1095 2648 1300 2702 facilius
1346 2649 1614 2719 intelligas
1655 2667 1767 2705 rem
1801 2653 2148 2720 peregrinam,

573 2738 666 2795 tibi
699 2741 874 2810 potius
897 2742 1026 2794 vitio
1049 2750 1216 2804 verte,
1237 2742 1375 2810 quod
1408 2743 1679 2811 loqmcior
1710 2746 1813 2799 erit
1834 2761 1994 2812 Opere
2020 2761 2152 2814 prte-

573 2829 724 2886 fatio.
752 2830 1189 2887 Conveneramus
1226 2834 1292 2887 ad
1333 2836 1500 2888 sancti
1533 2835 1669 2890 Justi
1700 2838 2026 2904 sepulcrum,
2059 2839 2150 2892 sed

573 2923 666 2978 tibi
712 2925 994 2979 infirmitas
1037 2925 1444 2993 impedimenta,
1480 2944 1544 2981 ne
1576 2938 1699 2982 tunc
1732 2929 1989 2985 adesses:
2025 2947 2149 3000 pro-

571 3012 742 3073 cessio
773 3019 942 3072 fuerat
989 3029 1112 3073 ante
1160 3019 1367 3084 lucana,
1416 3020 1724 3076 solemnitas
1767 3024 2148 3088 anniversaria,

571 3109 798 3181 pOpulus
837 3110 1020 3180 ingens
1052 3126 1188 3164 sexu
1230 3127 1293 3166 ex
1326 3121 1576 3180 utroque,
1617 3130 1773 3182 quem
1805 3116 2149 3182 capacissima

2250 1915 2344 1969 Hic
2387 1917 2468 1969 vir
2507 1915 2728 1970 illustris
2774 1915 3140 1979 Philematius,
3185 1924 3243 1969 ut
3281 1924 3363 1969 est
3398 1914 3530 1970 illud
3561 1913 3827 1970 Mantuani

2252 2018 2424 2077 poeta:
2452 2024 2464 2060 :

2373 2099 2537 2148 Ausus
2561 2106 2612 2148 et
2638 2101 2739 2161 ipse
2765 2111 2905 2148 manu
2926 2100 3161 2161 juvenem
3188 2105 3379 2149 tentare
3401 2097 3642 2160 laborem,

2257 2195 2412 2264 150
2456 2199 2804 2261 Sparistarum
2850 2209 2909 2249 se
2957 2196 3271 2250 turmalibus
3312 2203 3620 2250 constanter
3653 2195 3826 2249 immi-

2252 2285 2406 2339 scuit.
2430 2283 2655 2339 Pulchre
2680 2286 2816 2338 enim
2837 2286 2936 2340 hoc
2958 2286 3281 2351 fecerat,sed
3307 2303 3426 2342 cum
3451 2289 3626 2342 adhuc
3650 2297 3828 2343 essent

2251 2379 2373 2431 anni
2419 2379 2672 2431 minores.
2712 2377 2810 2443 Qui
2849 2395 2967 2433 cum
2999 2380 3303 2448 frequenter
3331 2379 3396 2434 de
3439 2381 3555 2434 loco
3586 2390 3822 2435 stantum

2253 2469 2412 2524 medii
2438 2472 2706 2525 currenti?»
2723 2471 2950 2538 impulsu
2969 2479 3424 2537 summoveretur;
3451 2487 3588 2527 nunc
3609 2486 3823 2542 quoque

2253 2570 2500 2629 acceptus
2529 2560 2580 2614 in
2611 2575 2810 2625 aream,
2854 2569 2960 2615 tam
3005 2562 3122 2630 pilae
3163 2575 3342 2616 coram
3382 2562 3829 2632 prmtervolantis,

2253 2667 2409 2721 quam
2437 2653 2774 2720 superjecue,
2806 2666 2904 2705 nec
2932 2651 3272 2706 intercideret
3303 2654 3590 2718 tramitem,
3623 2668 3724 2707 nec
3745 2669 3832 2706 ca-

2253 2754 2433 2808 veret;
2462 2744 2524 2796 ad
2557 2744 2655 2797 hoc
2682 2759 2777 2811 per
2803 2744 3195 2812 catastropham
3225 2760 3365 2813 saepe
3396 2755 3666 2812 pronatus,
3694 2757 3833 2813 mgre

2252 2833 2319 2890 dc
2350 2836 2573 2889 ruinoso
2604 2836 2747 2889 flexu
2780 2850 2835 2889 se
2868 2835 3234 2905 recolligeret;
3268 2841 3472 2907 primus
3503 2837 3612 2891 ludi
3650 2837 3717 2892 ab
3746 2852 3835 2892 ac-

2253 2938 2410 2984 centu
2436 2942 2556 2982 sese
2578 2928 2806 2982 removit
2832 2929 3152 2997 suspiriosus
3187 2928 3324 2983 extis
3363 2929 3829 2984 incalescentibus.

2253 3022 2490 3089 Namque
2517 3031 2568 3074 et
2589 3019 2846 3088 jecuscnli
2873 3021 3003 3074 fibra
3035 3031 3270 3076 tumente
3293 3022 3598 3090 pungebant
3626 3021 3836 3076 exerci-

2255 3121 2420 3167 tatum
2453 3112 2626 3166 crebri
2655 3109 2889 3166 dolores.
2924 3113 3111 3167 Destiti
3143 3113 3388 3181 protinus
3419 3124 3470 3166 et
3501 3113 3633 3182 ipse,
3660 3113 3836 3167 factu-

572 3200 786 3255 basilica
811 3216 917 3254 non
945 3212 1178 3270 caperet,
1207 3211 1261 3256 et
1286 3203 1579 3270 quamlibet
1605 3206 1771 3258 cincta
1803 3205 2007 3261 diffusis
2032 3224 2151 3279 ριγ-
2178 3183 2224 3253 C
2258 3219 2346 3258 rus
2369 3204 2742 3258 communione
2769 3204 3013 3258 cessandi
3056 3220 3166 3259 rem
3194 3207 3453 3274 Caritatis,
3488 3221 3553 3261 ne
3577 3221 3837 3261 verecun-

572 3300 659 3361 pta
691 3292 999 3359 porticibus.
1034 3292 1191 3345 Cultu
1225 3302 1440 3360 peracto
1473 3294 1791 3362 vigiliarum,
1838 3313 1968 3365 quas
1992 3299 2150 3351 alter-

573 3394 731 3438 nante
755 3383 1052 3438 mulcedine
1079 3387 1324 3438 monachi
1348 3386 1638 3454 clericique
1663 3389 2003 3456 ps;ilmicines
2025 3406 2151 3444 con-

572 3473 990 3538 celebraverant,
1033 3475 1261 3544 quisque
1305 3478 1355 3530 in
1399 3477 1614 3530 diversa
1656 3482 2012 3546 secessimus;
2043 3499 2148 3538 non

573 3565 993 3635 procultanten;
1025 3574 1082 3619 ut
1104 3577 1227 3635 pote
1259 3567 1321 3620 ad
1351 3569 1560 3621 tertiam
1588 3583 1782 3637 [ιι-ωδῑο
1811 3572 1994 3638 futuri,
2029 3591 2149 3629 cum

573 3657 940 3714 sacerdotibus
966 3676 1053 3714 res
1085 3660 1263 3714 divina
1311 3663 1574 3717 facienda.
1605 3664 1679 3718 De
1709 3666 1807 3719 loci
1842 3666 1996 3738 149
2021 3684 2149 3726 sane

572 3749 951 3819 turbarumque
973 3765 1304 3821 compressu,
1332 3755 1504 3822 deque
1531 3758 1828 3811 numerosis
1860 3760 2148 3816 luminibus

571 3841 753 3906 illatis,
805 3843 964 3897 nimis
1012 3845 1236 3898 anheli:
1284 3846 1442 3900 simul
1489 3855 1540 3900 et
1593 3851 1765 3902 aestati
1820 3867 1922 3904 nox
1976 3852 2148 3907 adhuc

570 3935 810 4003 proxima
863 3936 1020 3992 tacito
1057 3938 1267 3992 clausos
1306 3953 1501 4006 vapore
1547 3949 1849 4005 torruerat;
1881 3950 1932 3997 ct
1965 3944 2008 3996 si
2037 3943 2144 4010 jam

570 4026 741 4092 primo
770 4024 966 4095 frigore
985 4037 1158 4082 tamen
1183 4030 1506 4083 autumnalis
1520 4045 1724 4084 aurorae
1747 4032 2142 4100 detepescebat.

567 4113 749 4186 Itaque
779 4133 897 4170 cum
932 4119 1125 4185 passim
1156 4119 1299 4172 varia
1335 4121 1582 4173 ordinum
1615 4136 1838 4188 corpora
1865 4124 2140 4192 disperge-

567 4221 772 4271 rentur,
810 4210 1006 4276 placuit
1034 4210 1096 4262 ad
1131 4221 1152 4247 ε
1185 4211 1540 4264 conditorium
1574 4214 1776 4282 Syagrii
1807 4216 2040 4268 consulis
2072 4217 2144 4269 ci-

566 4303 711 4356 vium
737 4304 920 4371 primis
947 4320 1045 4356 una
1071 4305 1394 4373 coire,quod
1415 4320 1513 4359 nec
1536 4306 1752 4374 impleto
1772 4307 1912 4375 jactu
1934 4309 2142 4378 sagittae

565 4394 931 4460 separabatur.
982 4395 1077 4448 llic
1124 4411 1246 4463 pars
1290 4397 1390 4449 sub
1439 4399 1624 4452 tttnbra
1673 4400 1904 4466 palmitis
1952 4401 2138 4465 adulti,

567 4492 722 4550 quam
775 4483 1037 4551 stipitibus
1079 4485 1256 4537 altatis
1299 4487 1740 4556 cancellatimque
1785 4489 2138 4555 pendentibus

2257 3297 2396 3353 diam
2423 3299 2678 3353 lassitudo
2701 3298 2929 3352 fraterna
2954 3307 3243 3368 pateretur.
3276 3299 3412 3369 Ergo
3439 3310 3493 3354 ut
3514 3301 3835 3368 resedimus,

2255 3397 2309 3442 et
2339 3389 2483 3442 illum
2513 3405 2636 3443 mox
2667 3404 2857 3459 aquam
2888 3391 2952 3444 ad
2996 3390 3186 3444 faciem
3230 3399 3413 3460 petere
3450 3393 3615 3446 sudor
3644 3392 3837 3448 admo‘

2256 3484 2388 3546 nuit,
2425 3481 2660 3535 exhibita
2703 3482 2940 3550 poscenti
2978 3494 3095 3536 est:
3130 3483 3333 3551 pariter
3360 3495 3414 3538 et
3444 3485 3665 3538 linteum
3695 3485 3838 3539 villis

2255 3582 2527 3638 onustum,
2564 3572 2702 3642 quod
2743 3575 2982 3642 pridiana
3023 3591 3239 3644 squama
3286 3577 3506 3645 politum
3558 3591 3684 3632 casu
3733 3580 3837 3633 sub

2254 3665 2381 3734 ipsis
2411 3668 2647 3722 tediculae
2687 3669 2854 3721 valvis
2890 3669 3246 3737 bipatentibus
3274 3670 3338 3725 de
3365 3670 3610 3735 ianitoris
3641 3682 3827 3726 erecto

2255 3758 2588 3814 trochleatim
2617 3761 2740 3814 fune
2768 3762 2982 3816 nutabat
3009 3780 3021 3815 :
3047 3776 3152 3831 quo
3178 3763 3301 3817 dum
3330 3779 3422 3830 per
3461 3767 3626 3819 otium
3665 3781 3832 3835 genas

2253 3853 2435 3906 siccat.
2478 3853 2701 3920 Vellem,
2731 3855 2917 3923 inquit,
2951 3856 3016 3910 ad
3046 3871 3276 3925 pannum
3305 3857 3491 3912 similis
3518 3861 3699 3924 officii,
3731 3860 3838 3912 ali-

2251 3944 2389 4012 quod
2411 3945 2751 3999 tetrastichon
2770 3945 2894 3998 mihi
2913 3945 3070 4000 scribi
3086 3943 3706 4018 juberes.Fiat,inquam.
3720 3947 3830 4003 Sed

2252 4037 2392 4105 quod
2420 4037 2855 4101 meum.dixit,et
2879 4052 3070 4091 nomen
3097 4048 3267 4092 metro
3297 4047 3522 4094 teneret.
3553 4039 3828 4108 Respondi

2250 4130 2521 4198 possibilia
2569 4129 2708 4184 factu
2753 4147 2869 4200 qure
2909 4130 3258 4199 poposcisset.
3306 4131 3392 4184 Ait
3421 4139 3474 4186 et
3501 4132 3636 4201 ipse,
3680 4132 3833 4188 Dicta

2250 4234 2398 4290 ergo.
2427 4222 2578 4274 Tunc
2618 4235 2716 4290 ego
2757 4221 3020 4284 arridens,
3055 4219 3193 4275 illico
3221 4223 3359 4276 scias
3386 4223 3562 4277 Musas
3597 4225 3825 4288 moveri,

2248 4312 2292 4364 si
2319 4313 2482 4366 choro
2507 4313 2739 4380 ipsarum
2760 4329 2863 4367 non
2887 4313 3089 4383 absque
3110 4314 3322 4369 arbitris
3349 4329 3561 4369 vacem.
3589 4314 3832 4384 Respon~

2247 4403 2323 4455 dit
2347 4405 2434 4458 ille
2459 4406 2716 4459 violenter
2743 4417 2796 4460 et
2822 4407 3142 4474 perurbane,
3173 4419 3227 4462 ut
3251 4419 3334 4463 est
3361 4417 3544 4463 natura
3575 4410 3655 4464 vir
3677 4410 3833 4464 ﬂam-

2249 4507 2418 4562 meus,
2453 4493 2772 4564 quidamque
2805 4495 3061 4550 facundiae
3094 4497 3211 4551 fons
3243 4497 3591 4554 inexhaustus
3625 4517 3636 4552 :
3669 4497 3826 4568 Vide,

571 4574 851 4641 pampinus
878 4574 1195 4642 superducta
1217 4585 1490 4639 texuerat;
1517 4591 1642 4645 pars
1663 4579 1862 4645 cespite
1891 4579 1942 4631 in
1960 4578 2136 4647 viridi,
2169 4563 2221 4622 D
2247 4581 2462 4640 domine
2495 4587 2647 4656 Solii,
2679 4563 2744 4644 ne
2773 4591 2938 4660 magis
2969 4591 3160 4660 Apollo
3190 4591 3326 4647 forte
3356 4602 3651 4658 moveatur,
3685 4563 3830 4663 quod

565 4663 657 4718 sed
687 4663 906 4720 floribus
934 4665 1097 4721 odoro
1116 4667 1550 4721 consederamus.
1571 4667 1744 4722 Verba
1767 4677 1919 4722 erant
1941 4670 2134 4736 dulcia,

637 4850 658 4878 ι
690 4840 887 4896 Rectus
919 4843 1048 4896 ordo
1087 4843 1420 4912 dignitatum.
1454 4844 1583 4898 Nam
1629 4846 1931 4914 patriciitus
1965 4847 2134 4902 honor

565 4914 770 4967 medius
793 4925 871 4966 est
895 4916 1030 4968 inter
1049 4915 1418 4982 praefecturam
1443 4925 1495 4969 et
1522 4917 1872 4979 consulatum,
1901 4927 1955 4971 ut
1980 4919 2135 4974 docet

562 4984 910 5038 Cassiodorus
954 4985 1003 5037 in
1051 4983 1296 5039 Formula
1340 4987 1666 5054 patriciatus.
1717 4987 1782 5040 At
1831 4990 2136 5045 consulatus

561 5055 795 5130 muniunt
827 5055 1138 5130 dignitatum
1167 5064 1532 5130 apt-xmopuefi
1559 5062 1641 5111 καὶ
1662 5061 1856 5127 κεςέαλὴ,
1885 5069 1938 5112 ιιι
1960 5061 2137 5115 verbis

564 5133 690 5203 utar
713 5125 1075 5203 Chrysostonii
1109 5143 1172 5203 est
1215 5125 1452 5203 oratione
1482 5125 1582 5203 rei;
1606 5136 1693 5187 τήν
1724 5125 2015 5203 νὲπιγραξήν
2042 5140 2138 5186 τῶν

559 5197 827 5276 ξράξεων..
853 5198 930 5250 Ἐν
978 5207 1075 5256 τοῖς
1123 5198 1407 5276 βιωτεκοῐς,
1445 5201 1643 5265 inquit.
1689 5197 1982 5276 πράγμασι-’ἰν
2013 5206 2138 5257 εἰσιν

557 5264 722 5334 ἀρχαὶ
749 5267 938 5342 πολλοεί·
978 5271 1030 5319 οὺ
1057 5276 1224 5322 πᾶσαι
1335 5276 1423 5327 τῆς
1465 5272 1615 5328 αὐτῆς
1639 5264 1779 5332 aliter;
1800 5291 1812 5303 ο
1847 5269 1948 5325 ἄλλ’
1969 5274 2019 5326 αἱ
2045 5277 2134 5342 μέν

557 5340 777 5415 pnigeus,
807 5339 856 5389 αἱ
881 5336 931 5388 δὲ
962 5338 1218 5398 ἐλάττους·
1247 5337 1366 5403 οἷον,
1395 5342 1476 5392 ἵνα
1502 5343 1601 5394 ἀπὸ
1627 5348 1715 5400 τῆς
1737 5336 2134 5415 ⁵κατουτέροιςέὀν

555 5407 759 5478 ᾀριθμόν
791 5410 1128 5478 ποιησώμεθα,
1156 5409 1297 5463 ἔστιν
1326 5409 1348 5462 ὁ
1381 5419 1468 5469 τῆς
1499 5412 1682 5470 πόλεως
1726 5407 1954 5472 ἔκδικοςζ
1990 5415 2133 5470 ἔστιν

556 5477 804 5555 ᾀνὼτερςζς
837 5478 1040 5540 ἐκείνου,
1069 5479 1091 5531 ὁ
1120 5479 1413 5555 τοῦ.έ’ἷνους
1443 5483 1652 5552 vir/spiam"
1688 5481 1800 5536 ἔστι
1829 5486 1935 5555 μέτ’
1958 5488 2132 5540 ἐκείνου

555 5548 724 5634 ἕτερος
756 5545 932 5633 ἆρχωῖ
958 5558 1155 5618 μείζωψ
1200 5549 1311 5604 ἔστι
1341 5554 1489 5605 πάλιν
1520 5552 1542 5604 ὁ
1579 5545 1948 5621 στρατηλάτης·
1986 5555 2128 5610 ἔστιν

554 5622 580 5696 ῥ
610 5622 868 5693 ὕπαρχος·
903 5622 1035 5673 ἔστιν
1065 5622 1289 5689 (tumea.
1315 5625 1506 5675 τούτων
1535 5625 1695 5696 ἀρχῆς
1730 5626 1757 5680 ἦ
1787 5632 1882 5677 τῶν
1921 5627 2130 5679 ὑπάτων

551 5688 727 5761 ἀρχήῘ
760 5690 822 5769 lat
853 5699 970 5769 po.-_t
991 5693 1099 5769 alia
1126 5710 1138 5745 ;
1167 5694 1195 5748 ἡ
1225 5688 1577 5769 spissam);
1599 5688 1742 5763 ἧοχή
1788 5696 2009 5769 καθάπερ
2043 5717 2131 5750 κο-

548 5766 679 5831 ρυφὴ
706 5763 788 5812 καὶ
821 5761 1004 5821 κεφαλή
1033 5764 1228 5822 πάσαις
1255 5763 1523 5817 ἐπίκειται.

2247 4691 2370 4732 suas
2409 4678 2650 4733 alumnas
2680 4681 2824 4735 solus
2850 4683 2916 4737 ad
2960 4695 3163 4739 secreta
3207 4685 3484 4740 sollicitas.
3529 4685 3643 4740 Jam
3670 4695 3832 4754 potes

2317 4852 2341 4890 δ
2381 4852 2744 4926 Lugdunensi,
2776 4870 2972 4924 genero
3007 4855 3306 4911 Philematii
3336 4874 3349 4910 2
3384 4857 3448 4912 ad
3474 4871 3632 4926 quem
3662 4857 3830 4912 mittit

2247 4924 2634 4997 tetrastichutn,
2666 4928 2806 4997 quod
2836 4927 2884 4977 in
2917 4928 3083 4981 sOceri
3114 4929 3227 4994 ejus
3257 4924 3826 4997 gratiam—scripserat,

2243 5009 2361 5048 cum
2390 4996 2452 5049 ad
2485 4997 2539 5048 S.
2588 4995 2720 5051 Justi
2749 4996 3018 5051 basilicam
3050 5012 3150 5050 una
3193 4995 3584 5053 convenissent.
3632 4997 3828 5052 incidit

2244 5077 2418 5120 autem
2471 5065 2527 5119 S.
2575 5065 2708 5120 Justi
2760 5067 2994 5135 episcOpi
3045 5067 3412 5136 Lugdunensis
3456 5068 3826 5123 anniversaria

2245 5138 2550 5190 solemnitas
2572 5138 2619 5190 in
2637 5151 2686 5190 IV
2706 5151 2873 5191 nonas
2890 5138 3263 5204 Septembres:
3284 5138 3385 5193 hoc
3400 5149 3478 5194 est
3497 5139 3552 5193 in
3581 5140 3825 5195 autumni

2245 5209 2585 5275 principium,
2624 5209 2880 5262 ut'innuit
2911 5207 3182 5262 Sidonius.

2319 5287 2339 5314 ο
2381 5278 2688 5345 Sepulcrum
2728 5288 2778 5332 et
2811 5280 3213 5332 monimentum.
3245 5278 3526 5334 Petronius
3557 5297 3569 5332 :
3603 5278 3668 5333 In
3696 5297 3828 5333 con-

2243 5347 2485 5400 ditorium
2507 5349 2658 5419 etiam
2689 5359 2955 5417 prosecuta
2978 5360 3049 5402 est
3075 5350 3386 5419 defunctum.
3406 5350 3690 5405 Suetonius
3711 5350 3825 5405 Au-

2237 5420 2374 5485 gusti
2418 5433 2583 5471 xvni:
2618 5416 2968 5471 Conditor-ium
3013 5429 3059 5473 et
3102 5416 3278 5489 carpas
3321 5421 3602 5474 Alexandri
3647 5423 3822 5488 magni

2235 5503 2421 5559 corona
2443 5505 2598 5540 aai‘ea
2622 5489 2860 5552 imposita
2883 5506 2940 5542 ac
2962 5491 3170 5559 ﬂoribus
3193 5493 3411 5556 aspersis
3439 5501 3698 5544 veneratus
3722 5502 3820 5546 est.

2237 5556 2302 5629 Et
2351 5559 2402 5611 in
2450 5560 2719 5626 epitaphio
2761 5559 2937 5613 Karoli
2963 5556 3153 5629 magni
3194 5561 3350 5615 :Sub
3393 5561 3487 5615 hoc
3532 5563 3823 5616 conditorio

2231 5627 2391 5703 situm
2415 5638 2698 5703 est_corpu_s
2733 5629 2912 5703 ΚωρΙὶ
2951 5627 3121 5702 magni
3153 5640 3302 5700 atque
3344 5632 3615 5687 orthodoxi
3656 5633 3821 5703 impe-

2199 5769 2201 5771 _
2229 5699 2421 5751 ναῖοι-ἑο
2452 5714 2471 5751 :
2501 5698 2552 5752 in
2583 5698 2820 5770 antiquis
2848 5698 3291 5774 inscriptionibus
3307 5703 3694 5772 requisierim
