4072 6348
284 341 397 401 549

284 547 461 616 lepida
488 547 855 600 commoverit.
881 546 985 602 Nec
1009 548 1125 615 plus
1153 549 1302 621 151
1332 562 1588 617 moratus,
1615 570 1736 609 mox
1760 571 1857 611 suo

280 640 461 694 scriba
505 640 592 707 qui
642 639 952 707 pugillarem
984 640 1134 708 juxta
1177 642 1411 709 tenebat,
1445 644 1509 697 ad
1539 661 1623 701 me
1650 658 1858 716 vocato,

275 731 557 787 subditum
588 731 665 783 sic
692 730 1019 799 epigramma
1043 733 1336 801 composui.

410 822 551 891 Mane
577 834 718 881 novo,
744 834 832 869 seu
859 834 966 891 cum
992 821 1229 891 ferventia
1254 822 1428 873 balnea
1441 835 1673 891 poscunt,

470 886 569 929 Seu
591 896 699 931 Cum
726 892 899 931 venatu
929 882 1059 931 fmus
1080 882 1306 933 calefacta
1345 882 1521 937 madet.

410 945 513 1011 Hoc
547 946 697 992 foveat
728 941 929 1011 pulcher
945 943 1463 1011 facietul’htlematius
1485 949 1644 1011 udam,

474 1006 649 1066 Μαι-οι
675 1012 729 1055 ut
754 1008 801 1053 itt
827 1007 1042 1054 bibulum
1068 1006 1219 1055 vellus
1242 1010 1302 1055 ab
1327 1022 1413 1058 ore
1440 1008 1611 1071 liquor.

358 1091 685 1157 l"piphauius
715 1103 895 1144 noster
924 1093 1005 1143 vix
1050 1107 1208 1155 supra
1254 1095 1450 1162 scripta
1498 1107 1857 1163 peraraverat,

274 1195 333 1237 et
366 1186 664 1235 nuntiatum
689 1190 791 1246 est,
822 1180 948 1235 liora
979 1193 1247 1248 monente,
1278 1184 1519 1253 progredi
1549 1192 1855 1257 episc0pum

275 1276 348 1329 de
378 1275 713 1342 receptorio:
756 1288 956 1340 nosque
994 1275 1342 1329 surreximus.
1384 1276 1455 1329 Da
1492 1278 1762 1345 postulatae
1804 1290 1857 1333 tu

272 1364 489 1421 veniam
530 1365 831 1419 cantilenae.
877 1364 1009 1418 Illud
1054 1372 1230 1419 autem
1274 1368 1451 1432 ambo,
1503 1370 1639 1438 quod
1685 1371 1855 1439 majus

273 1468 380 1525 est,
414 1457 662 1528 quodque
686 1472 770 1512 me
798 1472 968 1527 nuper
992 1457 1042 1511 in
1068 1459 1349 1527 quemdam
1384 1460 1498 1515 dies
1528 1462 1695 1516 bonos
1719 1465 1855 1519 male

271 1548 534 1604 ferentem
584 1549 904 1614 parabolice,
955 1563 1049 1604 seu
1096 1551 1316 1619 figurate
1359 1551 1559 1607 dictare
1594 1554 1849 1623 jussistis,

272 1638 524 1709 quodque
564 1639 871 1709 expeditum
916 1652 1036 1692 cras
1065 1639 1343 1709 dirigetur,
1375 1641 1512 1695 clam
1544 1654 1850 1713 recensete;

273 1737 329 1784 et
369 1729 413 1784 si
458 1729 651 1799 placet,
682 1731 904 1785 edentes
936 1730 1145 1799 fovete;
1199 1731 1243 1785 si
1291 1730 1558 1802 diSplicet,
1608 1734 1852 1793 delentes

271 1819 608 1891 ignoscitote.
638 1819 787 1876 Vale.

780 1911 1112 1970 EPISTOLA
1153 1911 1338 1970 XVIII.

616 2024 863 2081 Sidonius
893 2034 918 2062 ἰ
948 2027 1121 2082 Attalo
1147 2043 1241 2082 suo
1270 2028 1504 2084 salutem.

345 2136 543 2192 Hedua:
564 2138 765 2193 civitati
797 2148 848 2193 te
880 2140 1166 2209 praesidere
1198 2145 1446 2211 coepisse,
1480 2144 1651 2199 libens
1687 2155 1846 2216 atque

275 2243 396 2284 cum
419 2230 610 2299 gaudio
638 2231 839 2300 accepi.
875 2231 1094 2287 Laetitia:
1123 2248 1279 2287 causa
1306 2236 1689 2304 quadripartito
1721 2246 1841 2292 est:

270 2326 462 2394 prima,
492 2324 628 2392 quod
655 2328 887 2389 amicus;
914 2331 1165 2394 secunda,
1190 2330 1327 2397 quod
1354 2328 1529 2397 justus
1551 2346 1639 2394 es;
1666 2336 1840 2397 tertia,

271 2415 410 2484 quod
458 2429 703 2480 severus;
732 2423 938 2485 quarta,
982 2420 1120 2484 quod
1161 2421 1451 2486 proximus.
1498 2422 1614 2487 Quo
1650 2423 1737 2484 lit,
1788 2432 1843 2477 ut

276 2506 473 2560 nostris
501 2514 913 2575 nostrorumque
943 2509 1327 2574 contractibus,
1372 2510 1657 2577 plurimum
1689 2513 1839 2579 velis,

269 2594 488 2659 debeas,
523 2596 695 2665 possis
732 2596 999 2666 opitulari.
1049 2597 1208 2665 Igitur
1243 2600 1571 2667 amplectens
1597 2602 1648 2655 in
1690 2602 1843 2657 fami-

270 2687 388 2742 liari
414 2698 618 2743 vetusto
645 2704 839 2744 novum
864 2693 951 2759 jus
978 2694 1257 2758 potestatis
1284 2693 1534 2763 indeptae,
1568 2696 1840 2750 materiam

268 2778 541 2836 beneficiis
564 2785 665 2836 tuis
683 2784 788 2849 jam
827 2782 916 2837 diu
948 2799 1148 2852 quam).
1189 2784 1391 2851 Quibus
1422 2801 1506 2841 me
1537 2795 1739 2842 tantum
1774 2787 1835 2840 fi-

267 2872 404 2927 dere
423 2888 674 2941 agnosce,
700 2886 755 2929 ut
783 2886 835 2930 et
864 2877 906 2930 si
938 2892 1041 2930 non
1070 2878 1280 2931 invenio
1303 2894 1420 2947 qua:
1446 2894 1680 2949 poscam,
1705 2896 1841 2951 qua:-

268 2962 471 3019 siturus
498 2964 626 3021 mihi
654 2967 877 3021 videaris
906 2968 1018 3035 ipse
1046 2984 1162 3038 quro
1192 2971 1411 3026 tribuas.
1441 2970 1591 3027 Vale.

703 3085 856 3156 152
895 3084 1223 3141 EPISTULA
1266 3086 1403 3143 XIX.

614 3174 853 3230 Sidonius
886 3176 1109 3231 Pudenti
1138 3195 1230 3232 suo
1256 3181 1493 3235 salutent.

342 3285 571 3342 Nutricis
598 3302 729 3344 mere
773 3289 927 3343 filiam
963 3290 1101 3345 illius
1141 3299 1244 3346 tua:
1277 3294 1490 3360 rapuit:
1526 3291 1732 3347 facinus
1760 3292 1841 3348 in-

270 3376 515 3451 dignum,
548 3381 793 3450 quodque
831 3396 923 3436 Vos
965 3396 1167 3454 nosque
1207 3383 1546 3450 inimicasset,
1587 3383 1688 3439 nisi
1714 3400 1838 3453 pro-

264 3471 409 3526 tinus
429 3472 647 3528 scissem
683 3480 731 3526 te
754 3472 989 3528 nescisse
1021 3474 1336 3529 faciendum.
1369 3474 1473 3531 Sed
1503 3476 1839 3531 conscientiae

266 3570 370 3617 tuae
404 3565 709 3634 purgatione
733 3565 971 3635 praelata,
992 3576 1175 3635 petere
1202 3566 1437 3637 dignaris
1462 3567 1630 3635 culpae
1662 3568 1840 3622 calen-

265 3653 333 3707 tis
362 3655 747 3724 impunitatem.
774 3656 886 3711 Sub
915 3656 1221 3713 conditione
1262 3656 1519 3728 concedo,
1545 3659 1587 3712 si
1632 3668 1839 3727 stupra-

269 3756 439 3801 torem
469 3743 495 3783 δ
543 3762 637 3815 pro
678 3747 897 3803 domino
932 3747 1043 3819 jam
1090 3741 1347 3819 patronus
1383 3751 1623 3821 originali
1664 3751 1838 3806 solvas

264 3836 600 3907 inquilinatu.
636 3838 825 3893 Mulier
865 3850 1042 3894 autem
1084 3840 1171 3894 illa
1209 3842 1315 3911 jam
1346 3841 1513 3897 libera
1546 3852 1629 3897 est
1663 3862 1673 3896 :
1720 3858 1837 3915 qua:

267 3936 377 3981 tum
430 3928 640 3982 demum
690 3930 956 3985 videbitur
1004 3948 1111 3986 non
1164 3932 1392 3987 ludibrio
1438 3932 1686 4000 addicta,
1739 3934 1835 3989 sed

265 4031 533 4086 assumpta
562 4020 809 4089 conjugio
835 4038 853 4089 ;
877 4023 922 4076 si
948 4037 1070 4079 reus
1109 4035 1291 4080 noster
1323 4040 1416 4093 pro
1436 4040 1540 4093 quo
1580 4025 1834 4095 precaris,

265 4126 389 4164 mox
419 4112 583 4166 cliens
612 4113 779 4168 factus
808 4130 839 4168 e
870 4114 1175 4183 tributario,
1209 4116 1464 4187 plebeiam
1497 4118 1669 4186 potius
1706 4118 1838 4171 inci-

266 4203 377 4271 piat
406 4202 599 4259 babere
630 4220 915 4276 personam
946 4224 1101 4279 quam
1125 4210 1477 4264 colonariam.
1504 4210 1631 4264 Nam
1665 4226 1836 4266 meam

267 4294 381 4349 hmo
404 4298 517 4349 sola
546 4312 642 4352 seu
662 4299 1001 4366 compositio,
1027 4316 1120 4355 seu
1151 4302 1461 4365 satisfactio,
1494 4302 1573 4355 Vt‘l
1600 4317 1703 4356 non
1728 4316 1839 4357 me-

264 4387 521 4444 diocriter
542 4393 917 4448 contumeliam
946 4396 1233 4450 emendat:
1266 4397 1353 4464 qui
1387 4397 1488 4451 tuis
1514 4397 1650 4451 votis
1678 4406 1837 4465 atque

262 4482 517 4534 amicitiis
547 4486 644 4536 hoc
673 4484 977 4554 acquiesco,
1000 4486 1043 4539 si
1065 4486 1205 4539 laxat
1236 4487 1451 4541 libertas
1477 4487 1749 4555 maritum,
1770 4502 1837 4542 ne

266 4574 594 4645 constringat
625 4590 775 4645 pinna
804 4586 1096 4648 raptorem.
1127 4577 1276 4633 Vale.

342 4735 368 4763 ι
395 4726 1091 4799 _ComitiAugnstodunensi
1132 4746 1143 4783 :
1179 4728 1281 4785 hoc
1319 4729 1483 4794 enim,
1520 4730 1730 4799 Opinor,
1759 4740 1841 4786 est

266 4797 408 4865 quod
445 4800 518 4868 ait
550 4795 734 4851 Aiduze
764 4802 972 4851 civitati
1000 4799 1286 4868 praesidere
1313 4795 1568 4867 cepisse.
1600 4795 1838 4856 Comita-

268 4876 377 4937 lunt
410 4867 731 4921 [Ειιυθιιεεηι
779 4879 903 4923 ante
944 4867 1253 4923 cathedram
1298 4870 1654 4937 episcopalem
1702 4872 1841 4926 rexit

267 4936 554 5008 Qregorius
583 4937 902 4999 Lingonicus
930 4943 1081 4993 annis
1105 4940 1192 5003 40,
1212 4951 1266 4992 ιιι
1299 4936 1626 4994 Turonensis
1650 4942 1700 4993 in
1722 4942 1838 5008 ejus

270 5005 386 5080 Vita
421 5011 596 5080 refert.
646 5009 777 5062 lluic
809 5026 969 5078 nepos
1014 5010 1108 5062 fuit
1141 5008 1370 5080 Attalus,
1414 5011 1481 5063 de
1524 5025 1629 5078 quo
1657 5005 1840 5066 auctor

267 5077 524 5147 ideurlb.
548 5091 627 5141 tn,
651 5094 769 5147 cap.
801 5080 884 5134 15.
913 5082 1047 5134 Ante
1076 5081 1173 5133 ltos
1198 5095 1323 5133 vero
1346 5077 1549 5133 Attalus
1573 5080 1656 5134 hic
1682 5082 1835 5133 alter.

342 5148 362 5181 υ
408 5146 609 5215 Duplex
658 5146 745 5203 illa
787 5149 1058 5204 distinctio
1098 5153 1471 5217 agricolarum,
1515 5151 1567 5204 in
1608 5151 1840 5204 censitos

267 5230 360 5287 Seu
395 5220 729 5287 triuiitarios,
764 5234 947 5274 servos
970 5229 1022 5273 t-t
1050 5222 1268 5274 colonos
1300 5220 1519 5283 liberos,
1552 5220 1638 5287 qui
1670 5229 1723 5274 et
1762 5222 1841 5273 in-

267 5286 475 5353 quilini,
507 5287 627 5360 end.
661 5290 737 5360 de
773 5292 1041 5359 agricolis,
1079 5300 1330 5360 perpetua
1363 5301 1414 5343 et
1442 5286 1692 5344 c0nstans
1738 5304 1839 5343 non

265 5365 368 5429 est,
402 5372 467 5409 ne
490 5356 629 5425 apud
658 5359 800 5425 ipsos
813 5356 1036 5429 'quitletn
1062 5356 1492 5429 juriéconsultos.
1518 5361 1691 5427 Quare
1714 5360 1838 5413 ferri

266 5424 371 5501 hoc
399 5429 512 5480 loco
542 5424 715 5496 potest
741 5424 1011 5501 Sidonius,
1031 5424 1116 5501 qui
1144 5432 1390 5485 eumdem
1421 5424 1675 5484 Pudentis
1704 5433 1841 5500 agri-

266 5495 442 5570 colam
484 5495 721 5564 servum,
763 5495 1105 5568 originarium
1146 5504 1482 5570 inquilinum,
1514 5513 1561 5554 et
1593 5495 1838 5555 colonum

268 5563 396 5641 facit
425 5581 438 5618 :
471 5577 524 5621 et
546 5563 1013 5641 manumitti'vult,
1036 5582 1093 5626 ut
1123 5563 1301 5625 liat'ex
1325 5563 1538 5626 domino
1561 5580 1836 5641 patronus,

265 5634 374 5707 63
402 5650 466 5689 ex
494 5651 651 5691 servo
685 5640 874 5709 cliens.
900 5642 989 5696 Sic
1020 5643 1158 5695 enim
1182 5651 1234 5695 et
1264 5642 1302 5695 Ι.
1329 5657 1365 5695 ιι
1410 5643 1528 5696 cod.
1561 5634 1619 5695 in
1651 5634 1839 5709 quibus

266 5709 642 5782 caus-iscoloni
666 5708 911 5782 dominos
935 5724 1186 5766 accusare
1213 5720 1453 5780 possunt,
1484 5708 1840 5782 agrtciilarum

270 5774 475 5829 domini
503 5784 559 5832 et
582 5781 795 5841 patroni
823 5774 1218 5846 distinguuntur

1555 342 2031 405 El‘lSTOLARUM
2070 348 2198 407 LIB.
2241 352 2302 408 γ.

282 470 471 518 nosse,
500 468 659 522 quem
693 467 935 522 pransum
969 455 1233 512 sententia
1275 463 1381 511 tam
1422 460 1715 527 repentina,
1748 470 1852 516 tant
1884 466 1938 525 Α

3431 356 3537 421 550

2503 465 2829 524 EPISTOLA
2873 467 2987 526 XX.

2318 579 2560 643 Sidonius
2592 581 2793 637 Pastori
2824 602 2915 639 suo
2945 584 3157 641 salutem

2034 713 2185 789 Quod
2208 713 2305 770 die.
2320 713 2574 771 hesterno
2598 719 2841 773 tractatui
2862 719 3094 776 civitatis
3116 722 3167 775 in
3196 723 3422 780 concilio
3443 725 3536 782 de-

1964 802 2128 873 fuisti,
2159 822 2226 860 ex
2258 805 2517 860 industria
2552 808 2745 863 factum
2782 824 2903 878 pars
2942 812 3130 866 melior
3153 815 3385 884 accepit;
3416 832 3533 887 qua:

1962 897 2229 965 suspicata
2259 906 2340 951 est
2372 897 2424 951 id
2453 906 2505 953 te
2530 912 2741 966 cavere,
2772 912 2839 955 ne
2867 901 2967 956 tuis
2998 900 3236 961 humeris
3273 921 3407 962 onus
3447 909 3532 963 fu-

1964 999 2095 1044 turae
2118 991 2402 1058 legationis
2429 992 2813 1061 imponeretur.
2843 995 3091 1051 Gratulor
3130 998 3225 1054 tibi
3251 1000 3389 1071 quod
3417 1002 3534 1057 istis

1961 1082 2197 1137 moribus
2236 1084 2390 1151 vivis,
2430 1094 2490 1139 ut
2522 1101 2741 1141 necesse
2767 1088 2963 1142 habeas
2993 1090 3305 1147 electionem
3346 1095 3422 1148 tui
3467 1096 3533 1149 ti-

1962 1189 2108 1230 mere
2138 1192 2151 1228 :
2184 1176 2341 1231 laudo
2369 1174 2692 1245 efficaciam,
2727 1180 2959 1251 suspicio
2986 1183 3338 1251 prudentiam,
3377 1188 3529 1259 153

1962 1282 2260 1336 prosequor
2301 1269 2459 1325 laude
2495 1270 2821 1327 felicitatem.
2862 1270 2999 1341 Opto
3040 1272 3271 1343 denique
3308 1276 3529 1347 aequalia

1960 1356 2045 1425 iis,
2080 1373 2212 1427 quos
2239 1360 2513 1431 mqualiter
2535 1377 2676 1417 amo.
2711 1362 2869 1416 Multi
2894 1361 3197 1433 frequenter
3225 1381 3356 1435 quos
3378 1381 3530 1423 exse-

1958 1450 2172 1505 crabilis
2192 1454 2516 1521 pepularitas
2538 1458 2666 1525 agit,
2685 1456 2875 1510 civium
2900 1458 3161 1527 maximos
3184 1473 3341 1514 manu
3362 1474 3524 1530 pren-

1957 1550 2098 1607 sant,
2125 1557 2275 1611 a:que
2297 1558 2550 1599 consessu
2584 1545 2792 1613 publico
2821 1545 3112 1616 abducunt,
3143 1563 3205 1603 ac
3232 1560 3528 1620 sequestra-

1959 1632 2026 1685 tis
2047 1632 2229 1686 oscula
2261 1634 2574 1703 impingunt,
2598 1649 2812 1703 operam
2836 1650 2984 1690 suam
3008 1637 3401 1707 spondent,sed
3425 1656 3527 1695 non

1956 1723 2127 1791 petiti.
2167 1722 2339 1791 thue
2378 1725 2659 1780 videantur
2690 1726 2741 1779 in
2779 1728 2975 1796 negotii
3020 1730 3317 1785 communis
3355 1745 3527 1786 asser-

1880 1832 1927 1893 B
1959 1813 2100 1867 tione
2132 1813 2311 1881 legati,
2331 1817 2665 1871 evectionem
2688 1817 2993 1885 refundunt,
3018 1818 3267 1889 ipsosque
3287 1831 3528 1891 sumptus

1954 1903 2091 1959 ultro
2122 1913 2388 1972 recusant,
2412 1915 2465 1961 et
2494 1908 2559 1961 ab
2586 1907 2785 1961 ambitu
2816 1908 2951 1962 clam
2972 1918 3163 1979 rogant
3187 1911 3447 1981 singulos,
3472 1920 3527 1969 ut

1949 1994 2017 2050 ah
2042 1995 2285 2050 omnibus
2306 1996 2477 2065 palam
2508 2008 2776 2067 rogentur.
2793 1998 2881 2054 Sic
2904 2015 3113 2070 quoque
3136 2015 3256 2056 cum
3284 2002 3525 2072 fatigatio

1949 2087 2163 2142 illorum
2214 2089 2439 2159 gratuita
2492 2091 2658 2158 possit
2711 2091 2937 2145 libenter
2983 2091 3211 2159 admitti,
3277 2094 3526 2150 libentius

1951 2187 2124 2233 tamen
2150 2189 2306 2250 atque
2328 2180 2607 2234 amabilius
2628 2182 2915 2236 verecundi
2938 2184 3202 2251 leguntur,
3220 2183 3377 2254 idque
3398 2200 3521 2241 cum

1946 2285 2181 2340 expensa
2222 2290 2235 2326 :
2279 2282 2479 2325 tantum
2511 2272 2833 2341 impudentia
2876 2284 2994 2328 sese
3025 2273 3359 2342 ingerentum
3392 2291 3523 2344 pon-

1946 2361 2090 2418 deris
2144 2362 2322 2427 habet,
2372 2364 2533 2417 etiam
2568 2375 2587 2402 σ
2640 2364 2769 2419 fasci
2823 2378 2943 2419 cum
2991 2363 3270 2419 tributario
3311 2364 3524 2421 nomine

1948 2460 2183 2527 ipsorum
2210 2459 2279 2511 nil
2308 2458 2725 2527 superfunditur.
2757 2457 2983 2513 Proinde
3006 2473 3302 2528 quanquam
3336 2468 3386 2515 te
3416 2475 3521 2514 non

1945 2550 2156 2617 fefellit,
2208 2550 2334 2620 quid
2384 2549 2505 2604 boni
2555 2550 2749 2619 quique
2801 2550 3209 2615 meditarentur,
3259 2547 3422 2604 redde
3472 2558 3523 2605 te

1946 2651 2124 2699 tamen
2155 2642 2573 2713 exspectantium
2598 2644 2754 2705 votis,
2773 2649 3221 2719 expetentumque
3241 2644 3516 2697 caritatem

1944 2738 2143 2805 proba,
2167 2736 2255 2804 qui
2281 2735 2389 2804 jam
2421 2735 2653 2805 probasti
2686 2734 2963 2803 pudorem.
2994 2733 3145 2800 Quod
3170 2733 3381 2789 defuisti
3416 2735 3521 2803 pri-

1943 2841 2109 2890 mum,
2140 2826 2415 2882 modestia:
2447 2826 2728 2881 ascribitur
2754 2843 2765 2878 :
2799 2825 2865 2879 ad
2893 2824 3157 2894 ignaviam
3191 2823 3407 2892 respicit
3432 2838 3518 2879 se-

1942 2920 2113 2974 cunda
2144 2918 2347 2973 dilatio.
2388 2918 2648 2972 Praeterea
2676 2917 2767 2970 tibi
2794 2916 3062 2970 Arelatem
3096 2914 3399 2984 profecturo
3428 2924 3512 2968 est

1941 3009 2262 3065 venerabilis
2288 3010 2339 3063 in
2370 3008 2556 3063 itinere
2596 3015 2781 3073 mater,
2816 3006 3028 3072 fratres,
3071 3015 3331 3073 amantes,
3362 3004 3516 3060 reda-

1943 3101 2243 3170 mantisque
2270 3102 2454 3170 patriae
2498 3100 2691 3164 solum,
2722 3098 2786 3153 ad
2818 3097 2958 3167 quod
2988 3104 3041 3152 et
3064 3107 3257 3167 praeter
3285 3096 3518 3151 occasio-

1865 3207 1911 3269 C
1943 3210 2064 3254 nem
2104 3194 2420 3265 voluptuose
2452 3196 2703 3249 venitur:
2749 3202 2856 3248 tum
2883 3193 3073 3248 domus
3106 3193 3337 3259 propria,
3369 3191 3518 3261 cujus

1944 3294 2234 3350 auctorem,
2276 3285 2506 3351 vineam,
2551 3299 2803 3350 messem,
2835 3283 3113 3348 olivetum,
3152 3288 3349 3336 tectum
3387 3290 3519 3351 qum

1944 3393 2047 3448 que
2095 3376 2289 3449 ipsum,
2338 3377 2423 3432 vel
2470 3376 2594 3431 dum
2639 3376 3067 3446 praeterveharis,
3117 3374 3383 3442 inspicere
3434 3382 3520 3429 res

1942 3468 2206 3524 commodi
2230 3478 2331 3525 εει.
2364 3468 2699 3539 Quapropter
2726 3468 2920 3523 missus
2952 3482 2981 3521 a
3011 3465 3162 3521 nobis
3188 3472 3244 3521 et
3272 3464 3366 3520 tibi
3392 3472 3517 3534 per-

1943 3562 2109 3617 venis.
2149 3562 2385 3632 Namque
2414 3564 2518 3618 erit
2558 3563 2679 3617 talis
2716 3562 2816 3616 vite
2861 3570 2963 3616 tute
3002 3574 3283 3631 causaeque
3324 3560 3519 3617 nostrai

1940 3653 2196 3719 cenditio,
2235 3656 2286 3708 ni
2318 3652 2493 3722 fallor,
2527 3641 2686 3723 atque
2716 3652 3108 3723 Opportunitas,
3140 3659 3197 3707 ut
3225 3667 3323 3723 pro
3352 3653 3517 3709 bene-

1940 3742 2058 3798 ficio
2086 3743 2285 3797 civitati
2318 3759 2474 3812 posse
2505 3745 2767 3812 imputare
2800 3743 3225 3814 quandocunque
3250 3744 3505 3811 videaris,

1940 3833 2082 3906 quod
2104 3844 2221 3889 tuos
2248 3833 2465 3889 videris.
2496 3834 2643 3889 Vale.

2381 3964 2539 4036 15!.
2572 3964 2905 4021 EPISTOLA
2942 3965 3101 4023 XXI.

2103 4079 2352 4135 Sidonius
2382 4080 2649 4134 Sacerdoti
2676 4088 2723 4132 et
2748 4077 2958 4133 Iustino
2983 4079 3088 4132 suis
3109 4077 3341 4134 salutem.

2010 4210 2036 4247 ά
2064 4211 2333 4266 Victorius
2365 4221 2581 4281 patruus
2612 4221 2808 4276 vester,
2843 4211 2924 4265 vir
2949 4220 3007 4265 ut
3029 4204 3294 4280 egregius,
3318 4210 3394 4265 sic
3424 4202 3509 4266 uni
3552 4220 3555 4223 '

1939 4304 2218 4373 decunque
2264 4305 2620 4371 doctissimus,
2672 4318 2793 4358 cum
2838 4312 3030 4358 caetera
3080 4312 3344 4372 potenter,
3394 4312 3503 4357 tum

1941 4392 2314 4463 potentissime
2353 4393 2593 4448 condidit
2621 4407 2828 4451 versus.
2862 4393 2987 4448 Mihi
3009 4408 3220 4463 quoque
3248 4408 3457 4461 semper
3485 4408 3513 4451 ιι

1942 4501 2106 4557 parvo
2145 4500 2272 4541 cura
2313 4499 2606 4539 musarum.
2646 4484 2795 4539 Nunc
2832 4499 2930 4539 vos
2958 4486 3162 4553 parenti
3184 4485 3375 4540 venitis
3408 4486 3514 4540 lia:-

1864 4570 2119 4648 Dredes,
2170 4593 2325 4648 quam
2369 4577 2526 4647 jure,
2576 4584 2686 4630 tam
2734 4576 2946 4632 merito.
2999 4576 3147 4631 Ilicet
3198 4591 3296 4648 ego
3348 4574 3516 4647 poeta:

2021 4742 2043 4769 ο
2084 4731 2170 4786 Sic
2203 4730 2503 4800 legendum,
2537 4744 2639 4783 non
2669 4728 2885 4800 fascium
2909 4728 3192 4782 tributario.
3226 4730 3515 4797 Etiam,in-

1946 4801 2079 4871 quit,
2112 4817 2232 4857 cum
2261 4799 2549 4871 expensam
2582 4799 2784 4853 itineris
2811 4800 2860 4853 in
2892 4800 3095 4871 seipsus
3122 4801 3399 4871 recipiunt,
3425 4803 3517 4855 tri-

1946 4869 2303 4939 buterumquc
2333 4869 2583 4925 oneribus
2610 4882 2793 4922 eorum
2822 4882 2979 4923 causa
3009 4869 3137 4922 nihil
3168 4873 3393 4924 accedit.
3413 4872 3512 4927 Ler-

1947 4944 2084 5011 gatis
2114 4943 2253 4993 enim
2281 4940 2496 5011 decerni
2527 4939 2667 5011 solet
2690 4942 2975 5011 viaticum.
3002 4940 3257 4994 Arcadius
3286 4942 3419 5011 libro
3449 4942 3515 4995 de

1949 5009 2263 5065 Muneribus
2291 5010 2555 5074 civilibus,
2586 5010 2649 5065 D.
2681 5010 2746 5064 de
2772 5009 3081 5063 muneribus
3108 5018 3160 5062 et
3184 5010 3471 5064 honoribus
3500 5029 3510 5063 :

1947 5080 2123 5151 Legati
2159 5098 2357 5150 quoque
2396 5082 2484 5150 qui
2528 5082 2593 5132 ad
2636 5081 2918 5135 sacrarium
2948 5080 3189 5151 principis
3231 5083 3513 5148 mittuntur,

1946 5148 2179 5204 viaticum
2210 5148 2347 5220 quod
2380 5148 2647 5221 legatiuum
2677 5151 2881 5214 dicitur,
2908 5148 3161 5202 interdum
3187 5151 3350 5204 solent
3380 5154 3515 5217 ααείτ

1981 5238 2083 5277 ere.

1946 5240 2258 5363 ὴεξῶρυτριί
2287 5300 2634 5363 potest,_cum
2668 5300 2911 5363 tempora
2942 5304 3059 5363 non;
3088 5288 3413 5360 discrepent,
3447 5307 3512 5363 an

1946 5361 2033 5417 hic
2073 5363 2141 5417 sit
2179 5358 2444 5416 Victorius
2473 5358 2900 5431 Aquitanusqui
2940 5358 3514 5431 Cyclumil’a—mhalem

1946 5433 2106 5486 Hilari
2138 5432 2518 5498 archidiaconi,
2545 5432 2766 5486 Enniani
2795 5430 2973 5500 postea
3010 5430 3295 5498 pontificis,
3327 5442 3513 5499 rogatu

1946 5502 2266 5570 composuit,
2296 5502 2643 5557 Constantino
2676 5513 2730 5557 et
2760 5502 2893 5556 Rufo
2919 5515 3083 5567 coss.,
3118 5512 3174 5553 ιιι
3202 5517 3265 5555 ex
3297 5500 3409 5570 cjus
3445 5502 3511 5554 ad

1949 5572 2184 5626 lli.arum
2206 5574 2427 5641 epistola
2455 5584 2614 5640 patet.
2633 5572 2849 5627 Victorii
2868 5578 3134 5641 autemex
3163 5571 3326 5623 fratre
3350 5583 3514 5641 nepo-

1951 5652 2058 5695 tum
2087 5636 2282 5696 Justini
2311 5654 2365 5698 et
2391 5636 2591 5710 fratris,
2622 5646 2779 5700 tacito
2809 5642 3023 5698 nomine
3046 5639 3236 5694 iterum
3274 5636 3521 5698 meminit

1948 5711 2004 5767 in
2026 5710 2417 5784 Propemptico.
