4072 6348
538 315 636 375 551

1780 312 2026 369 SIDONII
2065 307 2514 368 APOLLINARIS

3706 313 3816 371 552

537 430 816 500 proximus
847 428 914 482 fio
942 425 1292 495 professione,
1327 439 1420 480 vos
1449 439 1673 480 semine.
1707 426 1844 496 Ergo
1871 427 2108 496 justissi-
2139 431 2193 489 Α
2221 426 2332 494 dat,
2381 436 2439 480 ut
2484 424 2745 495 jungitur.
2799 423 3032 494 ldeoque
3074 424 3390 495 patrimonia
3438 432 3642 496 tenete,
3687 427 3816 486 date

536 536 682 578 mum
722 529 822 585 est,
861 526 920 572 ut
957 517 1044 571 die
1089 517 1265 570 functo
1295 517 1372 570 sic
1400 517 1624 585 quisque
1654 526 1896 571 nostrum
1929 532 2116 572 succe-

2225 517 2484 571 carmina.
2518 516 2722 571 Valete.

547 635 3662 664 μιῇ-ψ

1553 715 2030 823 LIBER
2102 716 2766 826 SEXTUS.

921 883 1075 955 155
1114 880 1445 938 EPISTOLA
1499 879 1728 935 l’liIllA.

751 1014 994 1068 Sidonius
1026 1013 1230 1065 domino
1259 1020 1284 1048 ⁸
1315 1027 1462 1081 papa:
1486 1009 1634 1079 Lupo
1669 1012 1903 1064 salutent.

605 1147 930 1203 Benedictus
959 1145 1189 1214 Spiritus
1219 1151 1439 1198 sanctus
1469 1152 1523 1198 ct
1553 1155 1702 1212 pater
1741 1145 1833 1198 Dei
1875 1145 2118 1213 omnipo-

535 1240 719 1306 tentis,
743 1237 882 1307 quod
907 1245 960 1289 tu
986 1245 1136 1304 pater
1164 1243 1398 1302 patrum,
1431 1243 1482 1288 et
1517 1235 1802 1302 episcopus
1831 1235 2118 1304 episcopo-

533 1347 676 1396 rum,
700 1340 753 1384 et
776 1329 911 1382 alter
940 1321 1226 1381 sazculi'tui
1253 1326 1506 1392 Iacobus,
1535 1325 1602 1380 de
1631 1325 1857 1392 quadam
1896 1327 2115 1394 specula

535 1422 796 1486 caritatis,
831 1436 928 1474 nec
957 1420 1025 1474 de
1050 1417 1288 1472 inferiori
1338 1418 1695 1483 llierusalem,
1724 1428 1828 1472 tota
1865 1418 2117 1472 Ecclesia:

535 1512 630 1567 Dei
656 1512 822 1565 nostri
847 1511 1083 1565 membra
1111 1508 1528 1578 superinspicis;
1576 1509 1764 1578 dignus
1800 1510 1888 1578 qui
1932 1524 2118 1564 omnes

533 1603 830 1656 consoleris
854 1600 1118 1666 infirmos,
1148 1602 1343 1668 quique
1366 1601 1557 1653 tnerito
1586 1599 1655 1652 ab
1699 1600 1946 1653 onmibns
1992 1615 2117 1653 cen-

535 1693 748 1748 sularis.
791 1693 858 1746 Et
888 1692 1011 1760 quid
1054 1706 1193 1745 nunc
1223 1706 1321 1759 ego
1351 1690 1568 1759 dignum
1622 1690 1914 1760 dignationi
1963 1691 2119 1761 156

533 1785 654 1840 huic
679 1785 846 1854 putris
875 1794 927 1839 et
958 1784 1119 1838 fetida
1151 1793 1299 1838 reatu
1330 1792 1469 1837 terra
1511 1784 1902 1851 respondeam?
1933 1783 2114 1837 Collo-

533 1877 646 1946 quii
679 1877 926 1931 salutaris
959 1875 1052 1940 tui,
1084 1884 1138 1930 et
1167 1875 1507 1944 indigentiam
1538 1875 1742 1944 patiens
1770 1884 1824 1929 et
1847 1876 2113 1937 timorem,

535 1969 908 2023 recordatione
936 1969 1053 2022 vitae
1091 1967 1376 2036 plectibilis
1401 1968 1656 2035 adducor,
1681 1979 1734 2021 ut
1755 1970 1977 2022 clamem
2001 1969 2112 2034 tibi,

535 2057 676 2126 quod
705 2057 840 2111 dixit
866 2058 1095 2111 Domino
1119 2066 1240 2110 tuus
1267 2058 1355 2112 ille
1380 2059 1580 2126 collega
1617 2077 1629 2110 :
1667 2057 1766 2112 Exi
1793 2077 1824 2112 α
1851 2077 1927 2111 me
1954 2103 1966 2127 ,
1999 2060 2117 2127 quia

533 2150 684 2203 homo
709 2160 945 2220 peccator
973 2167 1106 2213 sum,
1137 2149 1351 2202 Domine
1384 2148 1536 2219 (Luc.
1569 2166 1617 2213 v,
1652 2150 1729 2219 8).
1782 2151 1885 2205 Sed
1933 2151 1974 2204 si
2017 2152 2114 2205 istc

533 2239 695 2294 timor
721 2255 823 2294 non
858 2248 1187 2308 temperetur
1212 2241 1432 2305 affectu,
1477 2256 1665 2295 vereor
1708 2258 1773 2294 ne
1816 2241 2112 2295 Geraseno—

531 2346 648 2386 rum
679 2332 937 2386 destituar
965 2331 1230 2400 exemplo,
1259 2331 1501 2385 discedas
1523 2349 1551 2384 a
1579 2334 1771 2386 ﬁnibus
1795 2335 1944 2388 meis.
1975 2335 2110 2400 Quin

531 2423 710 2494 potius
741 2423 902 2488 illud,
933 2423 1072 2492 quod
1106 2423 1234 2499 mihi
1266 2423 1658 2476 conducibilius
1688 2435 1798 2488 est,
1831 2426 2110 2493 collcprosi

531 2516 714 2570 meite
732 2516 1000 2584 proposita
1019 2514 1323 2568 conditione
1345 2517 1724 2583 constringam,
1745 2530 1794 2568 ut
1822 2517 1958 2569 aiam
1983 2516 2108 2572 tibi:

534 2604 596 2660 Si
618 2606 711 2669 vis,
753 2613 892 2674 potes
924 2621 1002 2657 mc
1034 2607 1283 2658 mundare
1323 2605 1551 2675 (Manli.
1587 2623 1680 2660 vm
1705 2648 1718 2671 ,
1754 2607 1841 2678 εὶ).
1880 2609 1994 2674 Qua
2027 2611 2112 2664 ille

532 2695 798 2751 sententia
832 2710 936 2748 non
967 2696 1082 2764 plus
1106 2695 1172 2748 de
1201 2695 1414 2749 Christo
1443 2697 1566 2765 quid
1611 2707 1814 2766 peteret
1858 2699 2108 2767 prodidit,

531 2798 690 2854 quam
718 2785 807 2854 qui
837 2784 1077 2839 crederet
1108 2785 1422 2850 publicavit.
1455 2789 1592 2855 Ergo
1623 2803 1689 2840 nc
1720 2805 1836 2842 eum
1869 2791 1944 2843 sis
1987 2807 2111 2859 pro-

530 2878 617 2932 cul
648 2877 895 2947 ambiguo
936 2878 1134 2946 primus
1176 2879 1412 2931 omnium
1465 2889 1595 2944 toto,
1639 2896 1740 2948 qua
1785 2889 1950 2950 patet,
1982 2884 2110 2937 orbe

529 2968 863 3039 pontificum,
898 2983 1019 3022 cum
1047 2969 1418 3038 prmrogativa:
1463 2957 1787 3037 subjiciatur,
1833 2986 1952 3025 cum
1985 2988 2113 3027 cen-

529 3074 670 3117 surae
697 3069 800 3114 tua:
825 3068 1073 3114 attremat
1113 3059 1274 3113 etiam
1307 3060 1457 3114 turba
1485 3061 1725 3130 collegii;
1750 3077 1868 3116 cum
1903 3065 1954 3117 in
1983 3079 2110 3133 gra-

528 3151 708 3206 vitatis
740 3161 934 3206 vestra:
961 3152 1416 3224 comparationem
1435 3191 1449 3216 ,
1476 3152 1590 3220 ipsa
1614 3155 1772 3207 etiam
1800 3155 2110 3223 grandaevo-

528 3254 648 3299 rum
677 3243 840 3296 corda
865 3251 1211 3310 puerascant;
1245 3257 1364 3296 cum
1395 3252 1514 3312 post
1543 3244 1828 3298 desudatas
1854 3243 1880 3282 ι’
1909 3246 2111 3301 militim

528 3331 828 3389 Lirinensis
871 3333 1158 3397 excubias,
1199 3342 1253 3388 et
1284 3334 1338 3386 in
1361 3335 1652 3403 apostolica
1694 3336 1820 3391 sede
1853 3348 1874 3374 ο
1918 3353 2108 3392 novem

527 3423 634 3495 iam
661 3424 884 3478 decursa
912 3423 1296 3493 quinquennia,
1327 3425 1601 3494 utriusque
1627 3436 1932 3483 sanctorum
1965 3428 2109 3483 ordi-

528 3514 616 3571 nis
678 3514 962 3584 quemdam
1023 3524 1075 3568 te
1127 3516 1667 3571 conclamatissimum
1725 3520 2104 3588 primipilarem

527 3603 784 3674 spiritalia
815 3613 988 3658 castra
1018 3617 1338 3659 venerentur
1373 3624 1386 3660 :
1418 3614 1472 3658 tu
1505 3606 1849 3661 nihilominus
1875 3608 2108 3664 hastato-

531 3709 650 3751 rum
699 3695 1262 3766 antesignatorumquc
1306 3697 1574 3767 paulisper
1625 3701 1974 3755 contubernio
2016 3717 2105 3758 se-

531 3796 860 3856 questratus,
889 3786 1106 3841 ultimos
1130 3789 1346 3842 calones
1375 3796 1497 3843 tuos
1524 3790 1764 3858 lianque
1794 3809 1898 3846 non
1929 3794 2107 3864 despi-

528 3881 624 3946 cis,
658 3889 712 3935 et
741 3880 805 3936 ad
841 3879 1072 3936 extimos
1103 3882 1462 3937 trahariorum
1490 3885 1576 3953 qui
1611 3899 1705 3953 per
1748 3886 2105 3956 insipientiam

527 3987 678 4026 suam
721 3971 897 4026 adhuc
938 3972 1004 4026 ad
1057 3973 1236 4028 carnis
1274 3974 1512 4028 sarcinas
1558 3975 1767 4043 sedent,
1813 3980 1986 4033 crucis
2017 3979 2104 4034 diu

526 4070 751 4132 portata:
779 4062 971 4117 vexilla
993 4062 1327 4129 circumfers,
1347 4077 1409 4118 ac
1431 4079 1646 4120 manum
1663 4066 1854 4137 linguae
1876 4069 2103 4139 porrigis

527 4152 582 4208 in
612 4153 942 4208 conscientia
971 4153 1284 4207 vulneratis.
1316 4153 1495 4218 Nosti,
1530 4164 1587 4209 nt
1624 4169 1863 4226 apparet,
1913 4175 1978 4214 ex
2011 4163 2104 4215 ad-

526 4259 684 4300 versa
729 4245 845 4300 acie
898 4244 1187 4309 sauciatos,
1239 4243 1344 4298 dux
1394 4252 1665 4312 veterane,
1717 4250 1996 4319 colligere;
2051 4264 2107 4310 et

663 4396 930 4466 Episcopo
957 4395 1282 4474 Tricassino.
1314 4398 1369 4474 l_n
1405 4397 1545 4474 hunc
1570 4399 1762 4474 librum
1789 4412 1843 4456 et
1870 4419 2101 4474 sequen-

525 4477 634 4540 tem
671 4477 936 4536 congesta:
987 4478 1112 4521 sunt
1155 4469 1396 4535 epistolae
1443 4470 1510 4522 ad
1556 4473 1839 4539 episcopos
1867 4469 2100 4540 scriptae.

525 4536 920 4617 Gallicanorum
951 4547 1130 4617 putem
1156 4539 1274 4617 ejus
1305 4540 1402 4592 aevi
1434 4536 1756 4617 pontificum
1784 4536 1988 4617 Sidonii
2015 4547 2098 4617 ju-

524 4608 667 4681 dicio
699 4606 855 4681 facile
882 4608 1134 4681 princeps
1156 4606 1355 4678 Lupus,
1389 4623 1508 4662 cum
1537 4611 1749 4665 cmteris
1773 4614 1955 4681 rebus,
1989 4606 2098 4673 tum

523 4679 829 4750 Britannica
882 4679 1170 4749 legatione,
1212 4687 1268 4734 et
1313 4680 1482 4750 pacati
1522 4681 1726 4736 civibus
1777 4685 1890 4738 suis
1923 4679 2103 4744 Attila:

522 4749 692 4820 gloria
729 4748 926 4804 clarus.

595 4817 623 4857 ι)
667 4820 966 4892 lnsulanam
990 4819 1242 4889 angelica:
1263 4823 1691 4892 congregationis
1713 4825 1954 4881 militiam
1970 4830 2103 4886 dixit

525 4889 758 4947 Faustus
786 4890 1035 4945 Reiensis
1070 4891 1294 4959 epistola
1328 4889 1781 4959 5'ad’lturicium,
1823 4898 1890 4952 de
1922 4901 2101 4954 Lirino

523 4960 710 5017 eadem
761 4961 1005 5027 loquens,
1062 4976 1180 5030 quae
1226 4977 1511 5019 commune
1552 4972 1676 5017 tunc
1704 4978 1820 5021 erat
1846 4972 2096 5025 sicculum

520 5031 893 5101 abdicantibus
939 5034 1294 5101 gymnasium.
1372 5039 1426 5087 ln
1483 5051 1543 5088 ea
1603 5047 1872 5092 versatum
1940 5043 2099 5099 fuisse

521 5100 734 5176 Lupum
760 5100 1102 5176 inon_splurn
1147 5103 1230 5176 hic
1281 5104 1429 5158 locus
1471 5109 1724 5172 ostendit,
1768 5120 1820 5162 et
1857 5110 1948 5165 lib.
1983 5129 2097 5176 vut.

517 5173 678 5241 epist.
714 5173 799 5237 14,
823 5172 916 5226 sed
947 5173 1240 5227 Eucherius
1266 5189 1476 5243 qucque
1494 5177 1557 5228 ad
1584 5176 1837 5233 Hilarium
1857 5181 1922 5234 de
1945 5172 2098 5239 laude

518 5243 687 5321 creati
708 5260 725 5322 ἐ
740 5243 880 5322 ,Ηαξς
907 5243 1101 5307 habuit,
1113 5244 1321 5322 nquit,
1344 5247 1607 5322 revereudi
1630 5251 1842 5303 nominis
1869 5251 2094 5322 Lupum,

555 5311 606 5387 ui
635 5313 774 5387 nobis
806 5314 953 5365 illum
977 5330 1036 5366 ex
1059 5311 1492 5387 tribuiﬁenjamin
1520 5316 1718 5387 Lupum
1743 5323 1914 5374 retulit
1943 5311 1961 5376 Ξ
1989 5311 2096 5378 hinc

555 5328 606 5365 ut
635 5326 774 5364 notus
806 5326 953 5365 illum
977 5330 1036 5366 ex
1059 5326 1191 5366 tribu
1224 5326 1492 5384 Benjamtn
1520 5326 1718 5387 Lupum
1743 5326 1914 5374 retulit
1943 5339 1961 5376 :
1989 5326 2091 5378 lucc

516 5326 695 5460 Zabuit
744 5399 1043 5460 germanum
1084 5389 1202 5460 ejus
1230 5383 1572 5460 Vincentium,
1616 5391 1816 5460 interno
1845 5410 2091 5460 gemmam

515 5453 786 5523 splendore
816 5456 1150 5525 perspicuam.
1188 5455 1317 5523 Lupi
1347 5453 1567 5512 fratrem
1595 5459 1722 5512 dicit
1757 5453 2090 5519 Vincentium

517 5526 912 5599 presbyterum,
958 5524 1254 5599 clarissimi
1296 5529 1529 5581 nominis
1573 5533 1911 5597 scriptorem.
1955 5535 2090 5599 Quin

513 5594 703 5647 horum
733 5596 1066 5662 potissmium
1099 5597 1407 5650 meminisse
1438 5599 1573 5666 apud
1621 5594 1872 5654 llilarinm
1909 5594 2094 5658 Arela-

514 5671 718 5736 tensam
750 5666 976 5726 videtur,
1034 5668 1173 5736 quod
1230 5667 1416 5721 Hilarii
1468 5683 1707 5723 sororem
1743 5673 2088 5731 I’imcniolatn

515 5732 698 5807 Lupus
730 5737 782 5792 in
811 5732 1149 5793 matrimonio
1172 5738 1437 5810 quondam
1470 5741 1747 5799 habuerat.

2223 880 2578 951 peritissimus
2610 881 2822 937 tubicen
2853 883 2917 937 ad
2947 885 3221 940 Christum
3252 902 3279 941 a
3308 889 3540 957 peccatis
3565 890 3810 960 receptui

2219 985 2441 1035 canere;
2490 973 2641 1042 157
2689 981 2745 1026 et
2800 975 3090 1044 evangelici
3132 981 3364 1046 pastoris
3402 982 3651 1050 exemplo
3698 998 3810 1039 non

2219 1061 2448 1130 amplius
2479 1062 2695 1131 laetaris,
2735 1064 2780 1117 si
2824 1075 3174 1132 permaneant
3208 1069 3356 1134 sani,
3396 1085 3553 1139 quam
3604 1071 3652 1124 si
3697 1088 3808 1127 non

2219 1161 2533 1206 remaneant
2558 1153 2849 1225 desperati.
2883 1154 2958 1210 Te
2989 1171 3120 1225 ergo
3150 1173 3336 1213 norma
3369 1176 3603 1230 morum,
3633 1172 3688 1218 te
3717 1180 3809 1219 co-

2218 1243 2396 1298 lumna
2430 1245 2706 1311 virtutum,
2740 1257 2809 1310 te,
2834 1247 2880 1300 si
2913 1247 3139 1302 blandiri
3164 1250 3269 1305 reis
3293 1250 3436 1317 licet,
3481 1267 3632 1321 vera,
3680 1256 3806 1324 quia

2217 1347 2424 1401 sancta,
2450 1337 2700 1405 dulcedo,
2728 1338 3141 1406 despicatissimi
3184 1342 3378 1396 vermis
3408 1343 3588 1398 ulcera
3625 1345 3806 1415 digitis

2219 1430 2609 1484 exhortationis
2659 1443 2994 1486 contrectare
3035 1448 3141 1487 non
3182 1435 3393 1503 piguit:
3438 1435 3534 1490 tibi
3563 1439 3807 1494 avaritia:

2177 1587 2194 1595 η
2219 1534 2326 1573 non
2358 1517 2452 1573 fuit
2485 1534 2703 1587 pascere
2727 1521 2943 1576 monitis
2969 1523 3202 1577 animam
3230 1524 3803 1598 fragilitatejejuuam;

2219 1621 2274 1666 et
2300 1610 2366 1665 dc
2391 1612 2645 1681 apotheca
2676 1614 2978 1668 dilectionis
3009 1616 3304 1686 altissimm,
3338 1621 3615 1674 sectanda:
3647 1623 3804 1677 nobis

2220 1699 2531 1756 humilitatis
2561 1705 2845 1772 propinare
2871 1720 3198 1761 mensuram.
3247 1707 3352 1763 Sed
3395 1725 3509 1775 ora,
3543 1720 3604 1765 ut
3630 1729 3804 1781 quan-

2219 1791 2394 1860 doque
2425 1794 2770 1861 resipiscam,
2821 1808 3074 1876 quantum
3117 1814 3263 1854 meas
3307 1801 3572 1870 deprimat
3621 1805 3804 1859 oneris

2219 1884 2446 1954 impositi
2493 1902 2664 1940 massa
2724 1889 2983 1943 cervices.
3040 1891 3356 1946 Facinorunt
3396 1895 3802 1952 continuatione

2219 1979 2381 2032 miser
2408 1995 2470 2032 eo
2500 1983 2839 2036 necessitatis
2868 1984 3090 2048 accessi,
3125 1996 3181 2037 ut
3212 1987 3257 2039 is
3302 2001 3397 2055 pro
3439 1999 3659 2055 peccato
3702 2003 3800 2056 po-

2220 2069 2328 2136 puli
2360 2086 2502 2124 nunc
2535 2087 2691 2126 orare
2731 2074 3043 2142 compellar,
3093 2091 3188 2144 pro
3230 2093 3333 2145 quo
3376 2079 3605 2148 populus
3649 2080 3802 2133 inno-

2219 2167 2432 2212 centum
2465 2161 2552 2214 vix
2592 2161 2752 2216 debet
2785 2162 3074 2231 impetrare
3117 2165 3162 2219 si
3194 2167 3476 2235 supplicet.
3512 2168 3641 2222 Nam
3681 2171 3800 2239 quis

2217 2247 2353 2301 bene
2384 2250 2646 2304 medelam
2678 2267 2818 2322 aeger
2844 2252 3149 2323 impartiat?
3179 2260 3297 2325 quis
3329 2258 3564 2313 febriens
3596 2261 3620 2294 ά
3650 2276 3800 2313 arro-

2216 2341 2345 2393 tanti
2377 2350 2516 2395 tactu
2550 2344 2758 2412 pulsum
2780 2346 3068 2416 distinguat
3089 2349 3445 2405 incolumem?
3470 2351 3588 2419 quis
3612 2353 3795 2407 descr-

2216 2440 2297 2486 tor
2317 2435 2592 2488 scientiam
2624 2437 2869 2491 militaris
2897 2439 2972 2492 rei
2991 2440 3114 2508 jure
3144 2441 3476 2496 laudaverit?
3503 2445 3625 2513 quis
3641 2459 3764 2498 escu
3783 2471 3796 2481 -

2216 2524 2390 2579 lentus
2421 2527 2738 2582 abstemium
2771 2541 3137 2600 competenter
3168 2535 3441 2604 arguerit?
3485 2536 3797 2604 lndignissi-

2214 2631 2333 2670 mus
2380 2618 2683 2673 mortalium
2733 2637 2954 2677 necesse
3002 2623 3174 2678 habeo
3213 2625 3392 2680 dicere
3437 2628 3577 2695 quod
3620 2628 3795 2682 facere

2214 2704 2501 2762 detrecto:
2547 2717 2602 2761 ct
2640 2709 2703 2763 ad
2750 2727 2866 2764 mea
2915 2712 3030 2780 ipse
3069 2713 3233 2768 verba
3272 2715 3623 2781 damnabilis,
3672 2733 3793 2771 cum

2215 2795 2469 2865 imperem
2492 2813 2612 2867 quae
2635 2815 2736 2854 non
2770 2801 2984 2870 impleo,
3013 2803 3152 2858 idem
3176 2805 3227 2859 in
3257 2821 3340 2859 me
3363 2807 3601 2875 quotidie
3623 2822 3788 2877 cogor

2212 2886 2414 2943 dictare
2444 2892 2784 2946 sententiam.
2817 2892 2922 2948 Sed
2961 2896 3004 2949 si
3047 2903 3100 2949 tu
3133 2897 3270 2951 inter
3299 2915 3383 2952 me
3411 2909 3464 2952 et
3507 2899 3655 2952 illum
3708 2903 3791 2954 cui

2214 2982 2671 3053 concrucifigeris,
2701 2985 2882 3041 .lcsum
2909 2987 3180 3044 Christum
3211 2991 3491 3046 Dominum
3524 3005 3789 3060 nostrum,

2213 3088 2311 3144 pro
2357 3077 2624 3131 scelerum
2678 3094 2917 3134 meorum
2968 3084 3188 3153 populo,
3236 3086 3420 3154 junior
3460 3103 3611 3156 mage
3635 3105 3793 3159 quam

2213 3167 2390 3220 minor
2413 3167 2614 3235 Moses,
2643 3171 2967 3228 intercessor
2996 3175 3256 3242 assistas;
3307 3192 3410 3231 non
3451 3179 3672 3232 ulterius
3700 3178 3793 3232 de-

2212 3257 2527 3313 scendemus
2559 3260 2608 3313 in
2642 3260 2910 3317 infernum
2946 3263 3223 3332 viventes;
3258 3282 3356 3321 nec
3383 3283 3474 3336 per
3503 3269 3792 3322 carnalium

2212 3349 2456 3404 vitiorum
2487 3352 2751 3407 incentiva
2782 3353 3058 3420 flammati,
3089 3356 3154 3410 ad
3178 3357 3347 3412 altare
3372 3358 3586 3412 Domini
3616 3360 3792 3428 ignem

2214 3441 2416 3494 diutius
2470 3446 2827 3499 accendemus
2857 3446 3114 3501 alienum.
3149 3448 3278 3515 Quia
3325 3466 3623 3520 quanquam
3670 3467 3790 3520 nos,

2212 3539 2272 3584 ut
2315 3542 2438 3601 pote
2465 3549 2604 3596 reos.
2635 3536 2820 3605 gloria:
2855 3537 2989 3592 libra
3031 3555 3135 3594 non
3173 3543 3390 3613 respicit
3423 3559 3440 3600 :
3475 3545 3632 3615 158
3659 3544 3792 3598 satis

2212 3631 2390 3678 tamen
2420 3640 2687 3696 superque
2717 3629 3098 3697 gaudebimus,
3127 3633 3170 3687 si
3221 3643 3437 3702 precatu
3491 3645 3581 3688 tuo
3615 3635 3793 3690 levare

2210 3715 2481 3771 valeamus
2520 3715 2789 3773 interioris
2819 3720 3050 3776 hominis
3082 3727 3272 3791 nostri,
3322 3733 3376 3779 ct
3411 3724 3458 3780 si
3501 3741 3603 3780 non
3647 3725 3791 3780 inte-

2215 3820 2364 3875 grum
2410 3807 2477 3861 ad
2523 3804 3033 3881 remunerationem,
3093 3823 3240 3870 certe
3289 3816 3372 3869 vel
3424 3816 3790 3871 cicatricatum

2209 3905 2392 3966 pectus
2423 3897 2488 3952 ad
2521 3900 2751 3955 veniam.
2805 3901 3012 3958 Memor
3052 3906 3219 3960 nostri
3266 3921 3384 3962 esse
3414 3906 3656 3977 dignare,
3695 3907 3793 3962 do-

2213 3987 2355 4042 mine
2389 4005 2544 4059 papa.

2787 4083 3115 4142 EPISTOLA
3160 4086 3221 4142 ΙΙ.

2410 4172 2654 4228 Sidonius
2684 4193 2832 4246 papw
2863 4186 2885 4213 ε
2917 4176 3214 4249 Pragmatio
3239 4197 3330 4234 suo
3359 4184 3593 4238 salutem.

2289 4264 2623 4321 Venerabilis
2672 4265 2692 4304 τ
2748 4269 3001 4341 Eutropia
3050 4281 3326 4342 matrona,
3375 4275 3516 4346 quod
3568 4275 3634 4330 ad
3690 4292 3791 4332 nos

2289 4426 2310 4453 ε
2346 4417 2530 4472 Annos
2551 4418 2645 4474 45.
2678 4421 2881 4485 Quibus
2910 4437 2977 4478 ex
3009 4428 3183 4484 verbis
3213 4428 3499 4484 cardinalis
3529 4429 3790 4486 Baronius

2211 4499 2317 4570 mra
2352 4488 2610 4570 subducta
2651 4492 2851 4560 colligit
2880 4494 3189 4570 Sidonium,
3223 4500 3311 4568 qui
3343 4515 3447 4555 non
3470 4501 3639 4555 multo
3667 4512 3790 4570 post

2216 4557 2497 4638 adeptum”
2520 4557 2900 4638 episcopatum
2927 4564 3061 4621 hanc
3098 4557 3378 4638 epistolam
3413 4557 3698 4634 scribebat,
3733 4572 3789 4630 in

2209 4625 2499 4708 episcppali
2530 4625 2782 4708 cathedra
2812 4634 2997 4708 sedere
3020 4625 3244 4706 coepisse
3273 4655 3413 4695 anno
3438 4639 3637 4696 Christi
3655 4625 3786 4696 4'72;

2211 4695 2262 4752 ls
2289 4695 2433 4775 enim
2460 4699 2732 4775 Lupi__erat
2752 4704 2808 4775 in
2833 4695 3136 4775 episcopatu
3162 4711 3248 4765 45.
3456 4695 3459 4696 ν
3546 4733 3555 4743 ο

2283 4767 2333 4854 1
2349 4769 2406 4854 .l'n
2452 4767 2716 4854 aliquibus
2748 4767 2916 4854 libris,
2951 4767 3208 4854 arroganti
3239 4791 3286 4833 et
3311 4783 3597 4854 (egrotanti.

2280 4837 2389 4920 64,
2423 4849 2454 4921 ὀ
2492 4841 2650 4922 Cujus
2696 4843 2841 4922 sedis
2889 4837 3044 4902 fuerit
3070 4837 3406 4922 "episcopus,
3447 4868 3553 4906 non
3591 4856 3784 4922 liquet.

2210 4907 2315 4992 Qui
2349 4907 2491 4992 enim
2532 4907 3068 4992 Augustmlunensem
3110 4907 3787 4992 fuisse.conjiciunt,'Eu:

2209 4981 2417 5061 phronii
2449 4981 2811 5040 successorem
2841 4989 2928 5058 qui
2959 4989 3195 5043 interfuit
3223 4981 3437 5061 synodo
3456 4981 3786 5060 [Spatia-ensi,

2205 5052 2487 5130 manifesto
2525 5052 3269 5130 argumento'revincuntur,’
3298 5063 3440 5130 quod
3479 5052 3784 5118 Eduuruni

2206 5119 2307 5176 hoc
2349 5119 2844 5203 tetttpore'atitistes
2880 5129 3044 5203 fuerit
3075 5119 3417 5191 Euphronius
3445 5149 3460 5188 :
3489 5135 3641 5203 cujus
3687 5149 3787 5186 no-

2206 5206 2326 5272 men
2359 5208 2605 5273 una-cum
2629 5197 2934 5273 Pragmatio
2954 5201 3309 5267 subscriptum
3333 5218 3453 5258 cum
3486 5197 3696 5273 legatur
3729 5205 3786 5257 in

2205 5264 2431 5344 epistola
2463 5263 2643 5344 Fausti
2671 5263 2749 5344 ad
2773 5267 3052 5344 Lycidam,
3081 5263 3322 5341 sequitur
3350 5285 3408 5328 ut
3445 5263 3786 5344 Pragmatius

2205 5332 2291 5385 hic
2316 5333 2558 5387 diversus
2591 5337 2661 5388 sit
2686 5337 2751 5388 ab
2777 5336 3058 5393 Aiduensi.

2279 5401 2298 5438 ί
2343 5403 2527 5485 Vidua_
2565 5405 2839 5485 Arverna,
2873 5409 3042 5485 _cujus
3094 5412 3234 5485 filius
3281 5413 3556 5485 Agrippini
3615 5415 3780 5468 filiam

2202 5471 2452 5525 duxerat.
2489 5474 2633 5528 lianc
2665 5478 2831 5553 etiam
2873 5471 2973 5534 levi
2997 5483 3314 5553 conjectura
3330 5471 3428 5540 VS;
3451 5471 3783 5553 'EutrOpiam

2202 5556 2321 5624 esse
2353 5553 2557 5624 putant,
2592 5546 2757 5624 cujus
2773 5563 2965 5624 nomen
2994 5552 3045 5605 in
3077 5546 3514 5624 martyrologium
3547 5546 3784 5609 relatum

2199 5620 2416 5693 .estoxvn
2449 5613 2698 5693 calendas
2721 5617 2986 5693 octobris.
3033 5613 3416 5679 Liceat'autem
3446 5641 3568 5680 cum
3597 5627 3786 5693 singu~

2197 5679 2327 5734 laris
2362 5687 2632 5765 .exemplr
2665 5685 2863 5765 femina
2923 5692 3147 5765 alteram
3203 5679 3568 5765 componere,
3625 5679 3786 5765 cujus

2195 5753 2439 5826 egregias
2485 5755 2742 5830 seruique
2783 5760 3192 5820 decentissimas
3244 5753 3469 5823 viriutes
3522 5753 3791 5847 praedicat
