4072 6348
433 418 541 485 555
570 392 573 393 ί

1707 412 1945 487 SIDONII
1988 410 2427 469 APOLLINARIS

430 543 571 598 dicio
610 538 1022 609 comperissent,
1065 536 1229 589 certis
1277 531 1492 603 quidem
1531 530 1719 600 signis,
1765 529 1861 583 sed
1907 543 2011 582 non
2040 534 2096 591 Α
2119 532 2288 590 ceret,
2318 533 2379 577 ut
2400 521 2610 591 gladius
2636 518 2932 589 impolitus,
2974 516 3042 572 de
3081 527 3229 571 cura
3256 512 3479 570 raritate
3504 512 3698 586 rubigi-

433 633 738 688 recentibus
782 628 1109 700 inquisivere
1146 624 1403 695 vestigiis.
1457 626 1627 693 Atque
1678 622 1852 677 obiter
1897 620 2013 675 hate

433 722 619 779 eadem
652 722 937 781 laboriosa,
969 717 1269 786 priusquam
1304 716 1338 769 ii
1368 714 1637 780 adessent,
1689 714 1740 765 in
1771 710 2011 780 negetia-

434 816 567 871 toris
594 812 761 869 nostri
794 810 955 866 domo
985 809 1356 878 dominioque;
1400 806 1570 877 palam
1620 822 1749 859 sane
1794 818 2013 859 venunt-

434 908 555 962 dala
584 904 924 971 defungitur;
982 901 1133 971 161
1165 899 1397 969 quodam
1436 896 1705 951 Prudente
1741 895 1867 964 (boc
1896 894 2014 947 viro

434 1013 653 1060 nomen,
684 1010 840 1065 quem
877 1007 1016 1047 nunc
1032 991 1365 1046 Tricassibus
1384 989 1578 1057 degere
1602 986 1739 1041 fama
1760 984 2013 1055 divulgat)

434 1090 737 1158 ignotorum
770 1088 922 1141 nobis
955 1084 1228 1137 hominum
1270 1081 1606 1135 collaudante
1638 1087 2013 1140 contractum;

436 1185 590 1251 cujus
624 1179 947 1248 Subscriplio
984 1179 1119 1230 intra
1155 1174 1433 1228 formulam
1480 1172 1861 1234 nundinarum,
1902 1178 2018 1223 tan-

436 1290 596 1345 quam
649 1274 825 1327 idonei
880 1269 1273 1338 astipulatoris,
1323 1262 2019 1341 ostenditur..Auctoritas

437 1379 703 1438 personae,
757 1361 1126 1431 opportunitas
1161 1360 1459 1426 praesentia:
1490 1370 1624 1420 tuae,
1674 1355 1810 1408 inter
1837 1367 2018 1408 coram

437 1459 646 1529 positos
690 1456 770 1508 fac
797 1455 843 1506 lc
884 1452 1099 1514 valebit,
1146 1450 1188 1501 si
1246 1447 1567 1517 digllabiltlf,
1612 1445 1805 1499 seriem
1858 1442 2021 1498 totius

439 1549 695 1618 indagare
717 1546 1004 1600 violentiat.
1028 1543 1157 1610 Quae
1188 1539 1328 1611 quod
1351 1541 1563 1608 gravius
1593 1549 1697 1601 est,
1730 1554 1795 1592 eo
1819 1537 2023 1591 facino-

439 1642 515 1697 ris
546 1639 793 1700 accessit,
824 1644 1079 1705 quantum
1106 1633 1421 1701 portitorum
1451 1630 1609 1684 datur
1639 1643 1799 1682 nosse
1823 1642 2026 1682 memo-

440 1743 583 1797 ratu,
620 1741 676 1785 ut
696 1731 854 1785 etiam
888 1729 940 1782 in
964 1727 1057 1781 illo
1085 1725 1366 1780 latrocinio
1396 1723 1681 1793 quemdam
1711 1721 1777 1776 de
1802 1736 2025 1776 numero

441 1826 678 1881 viantum
709 1829 920 1877 constet
950 1820 1290 1874 exstinctum.
1334 1815 1437 1872 Sed
1470 1818 1591 1886 quia
1631 1814 1817 1885 judicii
1864 1815 2025 1869 Vt'Sll'i

445 1918 763 1974 medicinam
806 1922 1105 1982 expetunt,
1155 1909 1567 1979 civilitatemque
1622 1909 1709 1976 qui
1753 1907 2023 1977 negotium
2058 1876 2105 1940 Β

445 2008 727 2067 criminale
768 2006 1104 2077 parturiunt;
1152 2013 1475 2069 vestrarum,
1521 2001 1563 2053 si
1618 2001 1751 2053 bene
1809 2000 2022 2063 metior,

443 2101 676 2173 partium
718 2098 913 2169 pariter
941 2106 995 2151 et
1018 2108 1224 2149 morum
1261 2092 1373 2157 est,
1415 2093 1588 2161 aliqua
1612 2089 1849 2145 indemni
1879 2105 2027 2143 com-

442 2195 709 2265 positione
734 2192 958 2245 iStorttm
984 2186 1175 2250 dolori,
1209 2184 1418 2238 illorum
1444 2183 1679 2252 periculo
1707 2181 2025 2245 subvenire;

444 2295 501 2341 et
529 2281 757 2353 quodam
797 2280 1024 2335 salubris
1073 2275 1354 2332 sententia:
1406 2280 1850 2342 temperamento,
1893 2270 2031 2325 hanc

444 2384 651 2447 partem
683 2374 858 2429 minus
880 2371 1158 2436 afflictam,
1188 2368 1333 2422 illam
1357 2366 1535 2420 minus
1564 2379 1735 2433 ream,
1760 2374 1813 2419 et
1836 2374 2032 2419 utram-

444 2485 551 2539 que
581 2469 698 2539 plus
730 2467 907 2520 facere
929 2476 1170 2525 securam
1202 2479 1215 2515 :
1268 2475 1337 2514 ne
1379 2456 1542 2528 jnrgii
1584 2467 1776 2525 status,
1821 2468 1879 2512 ut
1912 2473 2034 2513 sese

448 2564 555 2617 fert
594 2558 851 2628 temporis
894 2558 1103 2625 locique
1155 2553 1417 2615 civilitas,
1474 2550 1633 2605 talem
1685 2549 1925 2605 discedat
1969 2550 2034 2603 ad

435 2646 761 2713 'terminum,
785 2648 998 2719 qualem
1027 2645 1191 2713 cmpit
1221 2643 1416 2697 habere
1467 2639 1807 2710 principium.
1837 2640 2037 2695 Memor

448 2744 622 2799 nostri
651 2756 771 2799 esse
799 2740 1044 2809 dignare,
1068 2734 1287 2790 domine
1318 2747 1474 2803 papa.

1022 2824 1355 2883 EPISTULA
1411 2823 1451 2877 V
1463 2866 1476 2878 .

595 2924 843 2980 Sidonius
869 2922 1077 2975 domino
1101 2933 1249 2990 papa:
1279 2926 1304 2953 ιι
1323 2912 1629 2985 TlteOplasto
1658 2914 1896 2968 salutem.

519 3018 746 3075 Causam
778 3030 951 3072 meam
981 3014 1228 3068 nesciens
1254 3012 1387 3081 agit,
1416 3008 1507 3081 qui
1536 3009 1602 3063 ad
1634 3024 1728 3063 vos
1769 3026 1797 3063 a
1828 3025 1912 3064 me
1955 3010 2042 3065 lit-

447 3121 592 3168 teras
613 3118 813 3179 portat.
848 3107 979 3161 Nam
1010 3104 1137 3160 dum
1170 3103 1333 3157 votivi
1364 3101 1493 3155 mihi
1526 3101 1583 3154 fit
1603 3101 1819 3169 gerulus
1846 3116 2044 3171 oppor-

447 3211 612 3259 unus
639 3199 825 3263 officii,
854 3195 1182 3252 beneficium
1214 3203 1464 3263 praestat,
1493 3192 1634 3263 quod
1661 3207 1718 3246 se
1746 3192 2039 3248 arbitratur

450 3296 737 3363 accipere:
772 3291 931 3345 sicuti
974 3300 1118 3343 nunc
1171 3286 1499 3342 venerabilis
1554 3285 1835 3353 Donidius,
1878 3289 2031 3358 162

448 3388 643 3456 dignus
673 3387 814 3440 inter
845 3380 1270 3453 spectatissimos
1298 3392 1538 3448 quosque
1567 3381 1859 3447 numerari,
1884 3382 2034 3447 cujus

450 3479 702 3536 clientem
749 3488 1054 3547 puerosque
1095 3472 1437 3536 commendo,
1487 3470 1777 3541 profectos,
1833 3488 1926 3528 seu
1982 3475 2033 3527 in

451 3572 665 3644 patroni
692 3569 1089 3632 necessitatem,
1121 3581 1215 3621 seu
1246 3565 1297 3620 in
1335 3563 1559 3618 domini.
1590 3563 1853 3620 Laborem
1882 3582 2036 3633 pere—

450 3664 800 3735 grinantium,
832 3677 936 3732 qua
969 3659 1194 3730 potestis
1232 3670 1360 3726 ope,
1391 3656 1740 3722 humanitate,
1772 3656 2035 3711 interces-

450 3753 606 3813 sione
637 3753 882 3809 tutamini
910 3770 920 3805 :
968 3766 1032 3807 ac
1057 3750 1103 3805 si
1137 3750 1189 3804 in
1216 3747 1395 3816 aliquo
1424 3748 1627 3803 amicus
1671 3750 1783 3818 ipse
1814 3764 1907 3817 per
1933 3748 2032 3803 im-

452 3847 699 3919 peritiam
732 3834 1133 3914 novitatemque
1163 3841 1391 3912 publica:
1431 3842 1857 3897 conversationis
1886 3842 2034 3897 vide-

452 3938 599 3995 bitur
628 3939 807 3994 minus
860 3938 1073 4002 efﬁcax,
1108 3950 1204 3991 vos
1262 3936 1365 3990 hoc
1409 3933 1583 4003 potius
1630 3935 1873 4004 aspicite,
1904 3935 2031 4006 quid

452 4030 690 4087 absentis
706 4044 888 4095 causa,
908 4045 1013 4085 non
1037 4027 1163 4098 quid
1188 4027 1469 4097 praesentis
1494 4042 1721 4095 persona
1745 4037 2033 4084 mereatur.

453 4121 660 4180 Memor
687 4121 860 4178 nostri
883 4135 1003 4177 esse
1028 4119 1268 4190 dignare,
1300 4117 1519 4173 domine
1547 4133 1698 4187 papa.

1024 4208 1351 4263 EPIS‘I‘OLA
1391 4207 1479 4261 Vl.

636 4305 881 4360 Sldonius
902 4303 1108 4356 domino
1132 4316 1279 4370 papa:
1308 4298 1335 4337 δ
1364 4298 1611 4368 Eutrapio
1632 4300 1867 4353 salutem.

530 4398 813 4466 Postquam
845 4393 1177 4459 fcedlfragam
1219 4401 1434 4458 gentem
1480 4390 1687 4445 redisse
1720 4392 1770 4445 in
1795 4406 1922 4447 suas
1952 4407 2039 4449 se-

456 4487 555 4545 des
574 4486 834 4554 comperi,
885 4498 1056 4553 neque
1084 4482 1373 4551 quidquam
1419 4482 1685 4535 viantibus
1728 4483 2036 4539 insidiarum

456 4592 679 4650 parare;
704 4576 852 4632 nefas
873 4574 1077 4630 credidi
1099 4574 1325 4627 ulterius
1351 4570 1650 4626 officiorum
1681 4572 1897 4629 differre
1924 4588 2038 4630 ser-

2116 632 2261 673 nem.
2295 614 2451 671 Unde
2479 613 2644 668 misso
2675 612 2730 666 in
2768 612 2873 665 hoc
2901 608 3077 665 solum
3106 606 3309 677 negotii
3338 605 3531 677 gerulo
3554 604 3702 661 liuet-

2118 726 2322 775 rarum,
2348 722 2511 777 quam
2540 704 2698 760 vobis
2744 704 2817 758 sit
2853 700 3156 771 corpusculi
3204 707 3378 754 status
3430 697 3483 752 in
3506 695 3703 765 solido,

2117 816 2346 874 quamve
2372 815 2441 857 ex
2470 798 2635 854 animi
2662 794 2925 854 sententia
2951 804 3042 851 res
3069 800 3313 864 agantur,
3334 790 3599 855 sollicitus
3628 790 3705 845 in-

2117 896 2275 966 quiro
2301 914 2314 947 :
2349 906 2578 964 sperans
2602 905 2675 946 ne
2701 888 2872 946 semel
2894 886 3027 943 mihi
3052 899 3206 942 arnor
3232 892 3416 940 vester
3444 882 3707 947 indultus,

2118 998 2212 1044 aut
2231 986 2497 1056 interiecti
2519 983 2727 1041 itineris
2748 980 3105 1052 longitudine,
3135 986 3229 1033 aut
3273 975 3533 1032 absentia:
3560 988 3710 1029 com-

2122 1085 2301 1141 munis
2318 1082 2669 1140 diuturnitate
2696 1085 2982 1135 tenuetur:
3015 1077 3138 1153 qnia
3169 1074 3381 1129 bonitas
3414 1070 3712 1126 conditoris

2123 1176 2508 1232 habitationem
2537 1173 2717 1245 potius
2749 1171 3027 1228 hominum
3062 1182 3223 1239 quam
3267 1165 3551 1221 caritatem
3584 1165 3713 1217 tina-

2124 1269 2265 1323 libus
2291 1266 2498 1325 claudit
2544 1264 2826 1335 angustiis.
2877 1264 3063 1318 liestat
3106 1270 3168 1316 ut
3209 1268 3388 1315 vestra
3434 1256 3715 1315 beatitudo

2124 1358 2517 1428 compunctorii
2567 1354 2882 1411 salubritate
2928 1351 3195 1409 sermonis
3242 1351 3452 1405 avidam
3514 1359 3717 1405 nostra:

2125 1450 2441 1522 ignorantia:
2462 1457 2646 1515 pascat
2672 1446 2927 1503 esuriem.
2959 1445 3054 1500 Est
3070 1443 3215 1499 enim
3243 1442 3338 1497 tibi
3380 1441 3544 1496 nimis
3570 1441 3716 1508 usui,

2126 1553 2187 1601 ut
2204 1542 2673 1601 exhortationibus
2702 1542 2809 1596 tuis
2845 1537 3119 1594 intorioris
3153 1535 3309 1608 163
3342 1535 3576 1589 hominis
3603 1548 3718 1587 ma-

2126 1638 2265 1693 ciem
2294 1649 2672 1708 saepenumero
2692 1632 2951 1704 mysticus
2978 1629 3143 1698 adeps
3170 1636 3228 1683 et
3254 1625 3513 1696 spiritalis
3528 1626 3716 1681 arvina

2125 1728 2421 1786 distendat.
2454 1726 2659 1783 Mentor
2688 1725 2860 1781 nostri
2884 1730 3008 1779 esse
3031 1723 3274 1792 dignare,
3311 1721 3532 1776 domine
3553 1733 3712 1790 papa.

2683 1816 3012 1874 I‘JPISTOLA
3053 1813 3164 1869 VII.

2310 1919 2557 1975 Sidonias
2581 1916 2792 1971 donatio
2819 1927 2967 1983 papa
2996 1921 3020 1950 ο
3051 1908 3271 1965 Fonteio
3296 1910 3531 1963 salutem.

2202 2014 2259 2069 Si
2285 2010 2488 2081 aliquid
2516 2009 2583 2065 ad
2630 2006 2984 2064 inchoandam
3012 2004 3241 2074 gratiam
3286 2000 3596 2071 compendii
3626 2014 3725 2071 po»

2131 2106 2293 2161 steris
2324 2103 2525 2157 tribuat
2554 2099 2896 2155 necessitudo
2950 2096 3225 2166 premissa
3280 2095 3578 2161 seniorum,
3624 2108 3725 2163 ego

2130 2209 2346 2268 quoque
2387 2194 2455 2249 ad
2484 2193 2818 2263 apostolatus
2848 2189 2921 2243 tui
2962 2187 3205 2243 notitiam
3263 2186 3560 2255 pleniorem
3601 2200 3724 2240 cum

2130 2289 2484 2361 praerogativa
2535 2284 2847 2340 domesticas
2893 2277 3273 2335 familiaritatis
3310 2277 3533 2334 accedo.
3590 2276 3722 2331 Nam

2132 2382 2213 2439 sic
2239 2392 2292 2437 te
2322 2378 2539 2435 familia:
2567 2391 2705 2432 mea:
2726 2373 3115 2429 validissimum
3166 2372 3218 2425 in
3268 2370 3486 2426 Christo
3513 2384 3725 2440 semper

2136 2482 2420 2543 patronum
2468 2469 2635 2523 fuisse
2680 2466 3019 2530 reminiscor,
3040 2468 3107 2517 ‘ut
3147 2461 3414 2518 amicitias
3456 2469 3577 2518 tuas
3618 2478 3725 2517 non

2141 2572 2249 2619 tam
2278 2560 2612 2631 expetendas
2634 2558 2774 2634 mihi
2814 2571 2975 2626 quam
3010 2555 3334 2625 repetendas
3384 2561 3585 2622 putem.
3633 2553 3727 2609 His

2138 2656 2409 2726 adjicitur,
2434 2653 2575 2722 quod
2620 2649 2993 2719 indignissimo
3020 2646 3151 2701 mihi
3197 2646 3509 2716 impositum
3548 2654 3727 2701 sacer-

2139 2747 2335 2804 dotalis
2364 2760 2561 2801 nomen
2586 2742 2748 2797 oflicii
2795 2740 3087 2809 confugere
3136 2752 3224 2795 me
3273 2739 3341 2793 ad
3388 2752 3611 2809 precum
3637 2748 3728 2794 ve-

2140 2850 2377 2898 strarum
2398 2837 2647 2910 praesidia
2673 2834 2990 2905 compellit:
3022 2843 3085 2888 ut
3108 2831 3286 2889 adhuc
3317 2832 3581 2888 ulcerosa
3604 2845 3729 2887 eon-

2140 2935 2381 2991 scientia:
2411 2931 2572 2989 nimis
2600 2929 2777 2985 hiulca
2808 2929 3031 2984 vulnera
3070 2935 3253 2982 vestro
3299 2925 3490 2981 saltem
3519 2924 3730 2980 cicatri-

2141 3036 2333 3085 centur
2359 3036 2534 3081 oratu.
2568 3024 2907 3093 Quapropter
2926 3034 3017 3076 me
3041 3032 3298 3090 meosque
3320 3017 3727 3087 commendans,

2144 3128 2201 3175 et
2228 3131 2496 3174 excusans
2526 3114 2734 3188 litteras
2777 3112 3035 3177 seriores,
3076 3108 3355 3180 granditer
3381 3107 3629 3188 obsecro,
3680 3115 3732 3163 ut

2146 3209 2535 3267 intercessione
2558 3186 2815 3263 consueta
2841 3202 2997 3272 cujus
3008 3201 3213 3256 viribus
3236 3201 3471 3256 immane
3491 3186 3729 3269 poli-etis,

2142 3300 2404 3357 clericalis
2442 3298 2675 3354 tirocinii
2700 3297 2752 3350 in
2788 3295 2943 3351 nobis
2963 3292 3230 3364 reptantia
3257 3291 3557 3348 rudimenta
3586 3302 3733 3349 tuea-

2140 3392 2271 3448 mini
2304 3410 2318 3445 :
2351 3400 2408 3445 ut
2444 3390 2490 3445 si
2520 3388 2637 3459 inid
2660 3386 2965 3458 dignabitur
2992 3386 3059 3441 de
3100 3400 3309 3441 morum
3342 3385 3603 3453 pravitate
3636 3402 3732 3441 no-

2101 3551 2111 3562 .
2139 3495 2375 3540 atrorum
2404 3481 2750 3538 immutabilis
2775 3479 2867 3537 Dei
2899 3490 3110 3536 mutare
3137 3480 3443 3546 clementia,
3472 3488 3644 3536 totum
3679 3480 3729 3534 id

2139 3574 2515 3644 suffragiorum
2538 3582 2840 3628 vestrorum
2863 3572 3163 3642 patrocinio
3185 3572 3502 3629 debeamus.
3527 3572 3732 3629 Memor

2142 3666 2314 3723 nostri
2339 3681 2462 3723 esse
2493 3666 2736 3737 dignare.
2768 3666 2986 3721 domine
3017 3681 3172 3737 papa.

2587 3759 2744 3831 ια
2783 3760 3115 3816 EPISTOLA
3155 3760 3291 3815 vnt.

2319 3850 2569 3906 Sidonius
2596 3850 2801 3905 domino
2833 3866 2981 3921 papa:
3016 3848 3042 3887 ά
3083 3850 3263 3905 ϐνωεο
3317 3852 3550 3906 salutem.

2209 3944 2436 4014 Apicum
2480 3942 2689 3997 oblator
2731 3956 3021 4011 pauperem
3076 3942 3239 3995 vitam
3290 3941 3403 3996 sola
3460 3940 3765 3999 mercandi.

2138 4035 2351 4091 actione
2376 4042 2671 4090 sustentat:
2706 4047 2811 4088 non
2836 4033 2911 4088 illi
2940 4042 3021 4087 est
3049 4033 3321 4102 opificium
3354 4033 3604 4104 qucStui,
3635 4034 3735 4088 mi-

2140 4126 2256 4183 litia
2284 4125 2591 4192 commodo,
2621 4124 2830 4179 cultura
2862 4123 3181 4193 compendio
3211 4140 3225 4179 :
3256 4124 3357 4179 hoc
3388 4124 3561 4194 ipsum
3591 4124 3732 4195 quod

2145 4219 2495 4277 mercenariis
2553 4216 3027 4288 prosecutionibus
3064 4224 3121 4271 et
3151 4215 3383 4272 ioc’atitia
3424 4216 3735 4285 fatigatione

2145 4309 2511 4381 cognoscitur,
2545 4308 2685 4364 fama
2714 4308 2929 4379 quidem
2960 4323 3076 4371 sua,
3133 4308 3226 4363 sed
3268 4308 3495 4362 facultas
3538 4310 3736 4363 crescit

2146 4402 2341 4457 aliena.
2372 4401 2480 4457 Sed
2510 4401 2964 4469 tamenquoniam
2998 4400 3076 4454 illi
3106 4400 3239 4455 fides
3256 4413 3447 4469 magna
3477 4406 3580 4463 est,
3605 4410 3659 4454 et
3689 4398 3737 4453 si

2146 4507 2313 4564 parva
2342 4491 2661 4554 substantia,
2690 4490 2903 4561 quoties
2940 4506 3061 4547 cum
3094 4490 3335 4561 pecuniis
3360 4489 3735 4559 quorumpiam

2148 4589 2175 4618 ι
2205 4581 2400 4650 catapli
2422 4581 2657 4637 recentis
2703 4579 2968 4636 nundinas
3003 4582 3134 4647 adit,
3182 4579 3546 4636 creditoribus
3598 4578 3739 4635 bene

458 4686 697 4737 moneta,
729 4685 796 4724 ne
825 4680 1003 4725 vester
1038 4666 1266 4721 affectus
1301 4663 1584 4732 quamdam
1617 4665 1748 4720 vitio
1797 4680 1918 4721 meo
1947 4667 2048 4722 du-
2074 4658 2128 4719 D
2151 4672 2386 4729 credulis
2414 4673 2528 4728 sola
2577 4673 2797 4743 deponi;
2852 4689 3063 4729 morum
3110 4673 3481 4744 experiment.
3528 4687 3627 4743 ριιο
3657 4672 3742 4744 με-

502 4845 560 4911 ,ι
585 4835 751 4911 llujus
781 4848 973 4911 nomen
1004 4834 1141 4886 inter
1171 4830 1450 4911 episcopos
1476 4829 1566 4900 qui
1605 4830 1811 4901 synodo
1840 4833 2035 4890 Arela-

461 4904 619 4969 tensi,
652 4902 719 4960 de
748 4918 849 4973 qua
875 4903 1124 4965 Faustus,
1156 4902 1540 4973 subscripsere.

533 4977 561 5017 δ
595 4976 672 5031 Ad
705 4971 846 5029 hunc
874 4974 1013 5028 inter
1035 4973 1168 5027 alios
1189 4971 1378 5027 Gallia:
1406 4972 1689 5044 episcopos
1720 4974 1913 5044 scripta
1943 4991 2041 5031 ex—

461 5059 568 5104 stat
590 5046 814 5114 epistola
843 5044 1004 5098 llilari
1042 5057 1191 5113 papa:
1238 5058 1378 5114 anuo
1426 5043 1549 5114 .564.
1605 5043 2038 5100 lnterfuit'etiam

462 5112 668 5188 synodo
724 5112 1471 5183 Arelatensi’suprascriptae.
1525 5112 1659 5169 Sunt
1713 5117 1801 5184 qui
1854 5126 2040 5183 putent

463 5188 848 5243 Arausicanum
870 5185 1181 5253 episcopum
1210 5198 1330 5239 esse
1356 5188 1508 5253 cujus
1536 5185 1737 5240 mentio
1767 5186 1819 5239 in
1844 5198 2040 5253 marty-

462 5257 684 5326 rologiis
712 5271 763 5309 vt
788 5244 1122 5309 calflunia's.
1186 5325 1191 5326 ί
1252 5324 1289 5326 __
1422 5244 1439 5253 ’
1987 5244 2003 5256 ’

538 5338 561 5366 ε
589 5324 859 5395 Episcopo
884 5325 1217 5381 Vasionensi.
1251 5324 1361 5396 Hoc
1386 5326 1527 5396 enim
1561 5326 1716 5379 docet
1736 5326 1958 5396 epistola
1986 5328 2039 5390 4,

462 5398 558 5455 lib.
586 5394 681 5459 vn.
707 5396 773 5466 ad
802 5396 1075 5451 eumdem.
1122 5396 1297 5463 Quare
1349 5394 1486 5449 idem
1537 5410 1748 5466 quoque
1773 5394 2045 5453 'Fonteius

463 5469 677 5524 videtur
706 5464 772 5520 ad
802 5480 961 5534 quem
1004 5476 1058 5522 et
1095 5466 1326 5534 collegas
1372 5464 1654 5534 episcopos
1684 5476 1807 5520 sunt
1852 5468 2044 5522 Leonis

462 5537 644 5609 magni
692 5547 742 5592 et
802 5536 964 5609 Hilari
1021 5551 1170 5609 papa}
1215 5535 1477 5609 epistolae.
1520 5537 1600 5609 lix
1651 5536 1833 5591 anidi
1880 5540 2041 5593 etiam

503 5605 764 5692 resulteri
796 5605 1321 5692 professione'li'quet
1347 5605 1625 5661 Fonteium
1651 5609 1859 5678 synodo
1911 5613 2041 5664 Are-

521 5677 656 5736 tensi
684 5693 804 5734 eum
826 5681 1035 5733 caeteris
1055 5677 1311 5739 adfuisse.
1686 5677 1691 5678 '

536 5747 566 5789 δ
607 5750 875 5831 Episcopo
906 5747 1245 5831 Massiliensi,
1276 5748 1416 5831 quod
1442 5746 1653 5831 docebit
1682 5749 1839 5817 epist.
1864 5748 1919 5811 2,
1938 5751 2038 5831 _lib.

466 5817 959 5890 Viget—aliasque
1009 5820 1183 5875 eidem
1226 5826 1411 5890 postea
1464 5817 1650 5871 scribit
1704 5833 1799 5884 pro
1851 5819 2040 5873 eodem

468 5886 755 5949 Atuantio:
780 5886 882 5946 hoc
901 5890 1045 5947 enim
1074 5886 1270 5946 nomen
1291 5886 1479 5945 lectori
1495 5905 1654 5956 quem
1681 5890 2045 5945 υυωοωιιιι.

910 6000 959 6007 ’-
1009 5996 1287 6019 και-*ιι-

2142 4834 2473 4903 Subscripsit
2501 4834 2643 4889 idem
2672 4833 2880 4904 synodo
2926 4835 3252 4889 Arelatensi.
3307 4833 3374 4887 Et
3402 4833 3524 4903 quia
3560 4839 3740 4904 novus

2143 4914 2263 4962 erat
2307 4908 2587 4975 episcopus
2616 4903 2735 4959 cum
2771 4906 2886 4959 haec
2911 4906 3171 4960 scriberet
3189 4904 3472 4975 §idtittius,
3514 4917 3619 4958 non
3660 4903 3740 4958 fu-

2144 4977 2251 5032 tilis
2283 4972 2441 5031 fuerit
2464 4972 2769 5042 conjectura
2798 4976 2842 5029 si
2869 4976 3009 5030 hunc
3037 4988 3158 5029 esse
3174 4972 3418 5030 Graecum
3444 4976 3734 5030 diaconum

2143 5047 2447 5112 credamus,
2475 5047 2540 5101 ad
2563 5062 2721 5116 quem
2739 5057 2822 5102 est
2850 5045 3032 5101 Fausti
3060 5046 3303 5101 Reiensis
3331 5044 3555 5115 epistola
3598 5058 3729 5101 con-

2149 5128 2234 5174 tra
2262 5116 2589 5173 Nestorium.

2221 5198 2245 5241 9
2266 5188 2487 5244 Navium
2510 5204 2628 5259 quae
2649 5188 2713 5241 ad
2737 5196 2951 5259 portum
2982 5186 3370 5259 Massiliensem
3398 5186 3736 5255 appulerant.

2150 5259 2371 5331 Proprie
2417 5256 2561 5315 enim
2604 5259 2888 5331 natantia
2922 5256 3173 5331 dicuntur
3193 5271 3313 5326 qua:
3356 5256 3733 5331 importantur.

2148 5327 2325 5396 Quare
2355 5333 2406 5385 in
2433 5330 2703 5385 veteribus
2728 5328 2945 5395 glossis,
2978 5327 3225 5398 Cataplus
3253 5340 3325 5380 est
3368 5328 3617 5380 adventus
3643 5344 3739 5381 na-

2147 5401 2303 5455 vium.
2338 5400 2513 5455 Utitur
2537 5402 2726 5453 iterum
2757 5413 2819 5451 ea
2841 5411 2971 5451 voce
2998 5397 3089 5452 lib.
3120 5412 3211 5464 vn,
3234 5400 3392 5467 epist.
3420 5398 3470 5453 7.
3489 5398 3577 5453 Sic
3597 5407 3741 5451 catae

2151 5472 2265 5540 plus
2294 5470 2612 5524 Puteolanas
2642 5469 2880 5540 Ciceroni
2914 5483 3010 5536 pro
3038 5467 3259 5540 Rabirio
3295 5467 3572 5531 Postumo,
3602 5468 3739 5540 __Nr'-

2153 5537 2315 5594 liaous
2346 5540 2570 5594 Martiali
2596 5555 2612 5603 ;
2641 5546 2695 5593 et
2718 5538 2822 5591 alio
2845 5553 3064 5609 genere,
3080 5537 3334 5609 Latagum
3356 5540 3589 5605 cataplus
3601 5538 3741 5593 Mar-

2152 5611 2311 5671 cello,
2336 5611 2451 5664 sive
2480 5621 2531 5663 ut
2553 5610 2671 5663 aliis
2703 5608 2898 5676 placet,
2953 5608 3274 5665 Vindiciano
3298 5610 3352 5663 in
3380 5610 3622 5664 carmine
3669 5609 3742 5664 dc

2152 5680 2431 5752 Medicina.
2479 5681 2591 5752 σε
2638 5679 2859 5743 Contra.
2906 5694 3027 5752 cum
3066 5694 3099 5734 e
3127 5687 3285 5748 portu
3326 5681 3572 5752 solvitur,
3614 5681 3743 5752 ὰνᾲο

2150 5750 2591 5891 amnicum:
2619 5764 2728 5821 quo
2775 5750 2994 5806 nomine
3029 5760 3218 5819 portus
3271 5761 3390 5806 erat
3428 5750 3745 5807 Constanti-

2170 5839 2185 5876 I
2318 5838 2356 5873 Ι.

2170 5838 2356 5876 ιυνυιι.

3138 6004 3227 6021 ...Α
3498 6008 3509 6011 ,
3571 5998 3683 6005 ,μγ-.
