4072 6348
223 408 334 468 557

220 613 302 670 ob
332 614 435 668 hoc
488 608 676 666 dubito
708 609 884 665 audita
931 608 1158 665 fidenter
1205 622 1451 666 asserere
1491 627 1504 662 :
1549 610 1671 681 quia
1717 623 1824 665 non

224 720 422 778 parum
465 703 596 760 inihi
643 703 861 758 intimos
891 711 1076 772 agunt,
1123 701 1319 773 quibus
1356 712 1440 758 est
1471 711 1526 758 et
1554 704 1670 774 ipse
1695 703 1826 758 satis

227 799 475 856 intimus.
512 796 681 866 Hujus
708 795 871 866 igitur
912 803 1154 851 teneram
1201 794 1452 863 frontem,
1505 796 1637 851 dura
1682 794 1826 850 rudi-

227 895 415 951 me‘nta
439 890 794 947 commendo:
821 897 875 946 et
899 889 1022 961 quia
1048 905 1244 946 nomen
1279 891 1518 961 ejusdem
1560 891 1824 946 lectorum

229 1005 410 1062 nuper
440 988 597 1044 albus
623 987 850 1058 accepit,
875 987 1165 1056 agnoscitis
1214 985 1520 1055 profecturo
1551 994 1578 1024 ι
1604 985 1706 1040 civi
1739 999 1826 1040 me

230 1085 543 1157 epistolam,
572 1083 770 1139 clerico
799 1081 1049 1138 debuisse
1072 1080 1376 1136 formatam.
1429 1080 1599 1149 Quem
1634 1093 1827 1150 prope—

233 1177 378 1235 diem
402 1193 514 1233 non
545 1177 737 1247 injuria
760 1191 885 1231 reor
915 1187 1269 1231 mercatorem
1297 1175 1639 1246 splendidum
1672 1174 1824 1240 fore;

234 1275 281 1331 si
310 1275 399 1330 hic
422 1272 488 1328 ad
518 1280 696 1327 vestra
739 1269 997 1338 obseQuia
1030 1268 1314 1335 feStinaus,
1366 1269 1656 1338 frigoribus
1709 1266 1828 1323 fon-

237 1368 378 1422 tium
409 1365 700 1421 civicorum
728 1376 870 1431 saape
894 1360 920 1400 δ
957 1362 1154 1417 fontem
1201 1361 1516 1417 mercatoris
1544 1359 1828 1416 anteferat.

236 1461 445 1518 Memor
465 1458 634 1515 nostri
662 1471 782 1512 esse
810 1455 1054 1526 dignare,
1087 1455 1301 1511 domine
1332 1470 1486 1525 papa.

317 1641 344 1671 ι
367 1632 664 1703 Epistolam
690 1631 831 1703 dicit,
849 1631 1049 1684 hancce
1083 1642 1242 1703 quam
1271 1625 1507 1703 dictabat
1553 1643 1564 1678 :
1608 1625 1839 1694 privatas

243 1697 451 1761 scilicet
474 1704 700 1768 litteras,
727 1702 918 1769 quibus
934 1697 1261 1764 Amantium,
1290 1707 1348 1752 ut
1368 1697 1538 1769 civem
1567 1709 1838 1769 co_mmen-

245 1777 471 1832 daturus
501 1785 636 1838 erat,
665 1765 872 1828 etiarnsi
931 1771 1157 1826 clericus
1208 1783 1313 1823 non
1366 1767 1569 1823 fuisset.
1619 1765 1841 1838 Forma-

245 1856 381 1906 tam.
415 1837 698 1899 canoniCas
729 1844 968 1897 litteras:
1003 1854 1134 1909 quas
1159 1841 1280 1895 ideo
1304 1841 1513 1902 lectori,
1548 1846 1606 1892 ut
1633 1837 1840 1906 episco-

250 1930 356 1987 pus
384 1917 636 1979 debebat,
672 1915 793 1987 quia
826 1915 942 1987 sine
973 1911 1056 1966 his
1102 1911 1428 1987 peregrinari
1467 1909 1697 1987 clericis
1732 1923 1836 1987 non

253 1979 429 2052 licuit,
462 1998 519 2041 ut
545 1979 772 2041 concilia
799 1985 976 2039 omnia
1008 1985 1206 2049 passim
1235 1979 1544 2037 ostendunt.
1594 1979 1698 2033 Sed
1733 1979 1840 2052 for-

250 2033 1059 2123 matutini"Haasius.
1080 2033 1647 2122 iustissimam...
1676 2091 1689 2115 ,
1734 2033 1840 2104 duo
1870 2033 1918 2094 B

249 2145 453 2202 genera
478 2129 712 2202 fuerunt.
746 2127 877 2181 Nam
903 2126 1085 2180 clerici
1131 2135 1223 2178 aut
1269 2125 1331 2202 in.
1354 2125 1512 2202 aliam
1539 2123 1842 2202 dioecesim

251 2194 578 2266 iransibant,
612 2210 668 2253 ut
692 2198 748 2253 in
781 2213 843 2252 ea
874 2207 1172 2258 manerent,
1209 2206 1261 2250 ct
1284 2196 1602 2249 dimisstirize
1643 2194 1844 2246 daban-

253 2281 363 2340 tur,
399 2286 531 2342 quas
561 2265 799 2342 Synodus
831 2270 882 2342 in
906 2269 1089 2342 Trullo
1121 2282 1268 2342 svnt,
1292 2267 1602 2342 a’trrolurtxo't;
1629 2265 1843 2342 proprie

253 2337 450 2408 voeat';
479 2337 606 2397 sine'
631 2343 824 2411 quibus
861 2341 1001 2411 inter
1044 2339 1298 2411 Ecclesia:
1349 2339 1568 2411 alterius
1616 2337 1844 2411 clericos

253 2429 367 2472 non
394 2409 798 2482 cooptabantur,
817 2410 1001 2483 μηδένα
1029 2417 1126 2464 τῶν
1167 2410 1405 2483 ἁπάντων
1435 2409 1674 2483 κληρικῷν
1703 2409 1844 2483 iure;

255 2493 352 2545 τῆς
373 2493 458 2541 τοῦ
490 2480 663 2540 ὁίκείου
686 2480 970 2540 intendam
1016 2484 1104 2554 ἔσχ-γ
1129 2484 1262 2553 ileon
1290 2480 1595 2538 ἀπολυτιέῆς
1627 2480 1677 2532 ὲν
1697 2480 1846 2552 ἑτέρᾳ
1872 2506 1879 2512 -

257 2556 605 2609 κατάπτεσθαι
629 2554 752 2609 (sici
770 2553 1050 2609 Ἐκκλησία.
1086 2501 1320 2609 ἑὶυεαιιθ
1341 2551 1555 2609 ueneris
1585 2558 1708 2603 sunt
1736 2547 1846 2602 for—

257 2556 605 2613 κατάπτεσθαι
629 2554 752 2624 (sic)
770 2547 1059 2624 Ἐκκλησίᾳξ
1081 2547 1320 2624 Eiusque
1341 2551 1555 2624 generis
1585 2558 1708 2603 sunt
1726 2547 1846 2624 for—

257 2609 418 2683 mata:
440 2609 650 2691 omnes;
676 2609 796 2694 qum
824 2609 960 2692 apud
990 2609 1378 2685 Burcharduni,
1403 2622 1616 2694 lvonem
1640 2632 1694 2676 et
1715 2620 1847 2694 Graj

259 2699 464 2753 tianun:
493 2691 760 2766 leguntur.
794 2691 897 2749 Aut
926 2710 1031 2766 non
1063 2695 1275 2766 penitus
1301 2691 1622 2766 migrabant,
1655 2691 1749 2766 sed
1780 2691 1844 2743 ad

259 2779 496 2838 tempus,
515 2763 710 2836 privati
724 2781 819 2821 seu
836 2763 1250 2838 publicinegotii
1264 2779 1448 2829 causa,
1461 2772 1525 2838 _u_t
1543 2763 1629 2816 hic
1642 2764 1812 2816 Aman
1825 2791 1845 2802 ο

265 2835 398 2905 tius,
422 2849 476 2893 et
505 2835 593 2908 qui
619 2839 686 2893 ad
716 2835 1024 2892 comitatum
1057 2837 1236 2908 ibant;
1265 2843 1424 2904 atque
1461 2835 1845 2908 liiscommcn-

265 2910 470 2965 datitia:
501 2905 702 2964 tantum
729 2908 1015 2970 dabantur,
1036 2923 1167 2976 quas
1191 2905 1361 2960 Graeci
1389 2907 1688 2972 promiscue
1708 2919 1850 2976 nunc

265 2983 587 3055 ευσξτατᾳάς
608 2981 902 3055 nominant,
935 2975 1073 3034 nunc
1095 2977 1441 3055 ripmixarg,_id
1470 2985 1552 3055 est
1576 2975 1844 3055 pacificas.

264 3051 383 3107 Etsi
407 3053 547 3106 enim
591 3051 840 3121 pacificas
885 3066 914 3104 a
960 3045 1730 3121 commendatitiisaliquando
1767 3045 1848 3099 di-

265 3122 488 3178 stinctas
511 3118 702 3178 doceat
723 3136 894 3178 canon
924 3120 990 3174 40
1011 3121 1199 3190 synodi
1217 3118 1689 3190 Chalcedonensis,
1714 3132 1847 3190 con-

268 3203 378 3249 stat
405 3203 584 3247 tameu
615 3193 917 3261 neglectum
971 3187 1054 3246 ab'
1079 3193 1198 3246 aliis
1233 3190 1525 3245 discrimen
1578 3189 1628 3242 id
1659 3187 1845 3261 fuisse.

269 3265 448 3332 Quare
474 3263 648 3319 Graeci
691 3260 812 3332 ipsi,
855 3277 976 3317 cum
1019 3263 1208 3316 harum
1245 3262 1544 3315 litterarum
1593 3260 1848 3314 formulas

269 3334 512 3401 tradunt,
535 3335 604 3388 de
621 3333 759 3389 binis
785 3343 985 3389 tantum
1013 3348 1258 3403 quaerere
1278 3333 1601 3406 solent,rrc:ic
1625 3333 1849 3406 γράφου-

268 3427 352 3487 ςιν
378 3407 421 3487 ei
436 3407 706 3487 ᾀρχιιριῐς
737 3407 1062 3472 συστατικὸν,
1079 3409 1286 3487 καὶπῷς
1303 3405 1602 3458 ἀπολυτικόν
1615 3405 1848 3485 γράμμα.
1879 3410 1924 3469 C

270 3476 447 3531 Latini
475 3476 624 3530 'vero
677 3486 961 3546 utrumque
1012 3490 1181 3546 genus
1229 3479 1578 3546 formularum
1631 3476 1847 3528 nomine

270 3547 534 3616 complexi
593 3556 754 3602 sunt:
805 3545 886 3600 ita
922 3556 981 3601 tit
1020 3545 1284 3600 formatas
1315 3545 1508 3598 litterae
1556 3546 1848 3599 uuiversim

271 3619 633 3689 respondeant
679 3617 984 3683 canonicis,
1038 3617 1662 3689 navoutmic‘irrta'rolaig
1703 3617 1850 3686 (quo

272 3687 433 3745 etiam
463 3689 624 3744 modo
653 3689 989 3759 appellantur
1018 3691 1070 3743 in
1094 3687 1587 3759 synodojleldensi
1621 3703 1740 3743 can.
1759 3690 1848 3751 50,

272 3767 330 3815 et
357 3760 424 3814 ab
453 3756 742 3815 llincmaro
788 3761 840 3814 in
898 3756 1138 3814 formata
1179 3759 1245 3812 ad
1278 3756 1508 3813 Aineam
1541 3759 1850 3827 episcopum

271 3829 653 3900 Parisiensem)
690 3830 1104 3900 dividanturque
1153 3831 1204 3884 in
1235 3829 1572 3884 dimissorias
1621 3838 1677 3884 et
1705 3845 1852 3884 com-

273 3902 637 3967 mendatitias,
668 3901 807 3956 sicut
832 3902 940 3956 illa:
961 3904 1032 3962 sic
1055 3902 1362 3962 ἀπολυτικάς
1388 3906 1472 3955 καὶ
1501 3903 1818 3961 συστατικὰς
1839 3919 1850 3953 :

274 3987 576 4043 quanquam
630 3973 983 4040 dimissorias,
1040 3973 1160 4042 quia
1217 3977 1335 4027 sine
1389 3972 1854 4026 commendatione

276 4043 454 4115 aliqua
499 4046 750 4114 pacisque
777 4043 1021 4114 symbolo
1048 4058 1152 4098 nou
1177 4044 1412 4115 fiebant,
1467 4043 1850 4115 cotinnentlati-

275 4114 382 4170 tias
431 4131 644 4186 quoque
674 4116 943 4169 interdum
979 4123 1033 4170 et
1073 4114 1322 4183 pacificas
1368 4114 1713 4186 appellabant
1747 4132 1758 4166 :
1802 4124 1853 4166 at

273 4200 385 4241 non
414 4184 598 4242 contra
627 4186 986 4252 dimissorias,
1014 4200 1133 4254 qua:
1163 4184 1617 4240 commendatitia:
1649 4193 1854 4238 tantum

275 4267 479 4312 essent.
512 4257 587 4312 Ex
620 4273 726 4326 quo
759 4265 904 4325 patet
932 4257 1130 4312 rectius
1180 4257 1372 4310 fecisse
1413 4255 1658 4309 Graecum
1689 4257 1869 4308 inter-.

275 4338 482 4399 prelem
509 4329 698 4399 synodi
723 4327 1204 4398 Carthaginiensis,
1235 4343 1356 4381 cum
1409 4329 1687 4399 formatam
1733 4341 1851 4380 can.

274 4397 350 4452 25
376 4401 484 4453 vim
516 4397 668 4453 verbi
695 4409 911 4453 secutus
932 4397 1298 4468 ίτετυπωμένην
1328 4398 1516 4460 vertit,
1552 4411 1711 4460 quant
1737 4411 1856 4450 cum

277 4471 582 4529 ἀπλυτικήν
610 4470 854 4539 exposuit
905 4488 918 4521 :
950 4471 1072 4540 quia
1095 4471 1162 4523 de
1198 4469 1523 4540 dimissoriis
1560 4468 1639 4540 ibi
1681 4483 1860 4524 sermo

277 4555 390 4596 non
420 4552 556 4605 erat,
579 4542 672 4596 sed
702 4542 771 4596 de
796 4541 945 4610 puris
971 4539 1452 4595 ’commendatitiis.
1513 4539 1589 4592 De
1620 4539 1860 4593 formatis

278 4626 414 4679 ergo
435 4611 588 4679 plena
614 4622 736 4666 sunt
762 4611 1016 4675 concilia,
1045 4620 1103 4665 ut
1151 4611 1259 4667 dixi
1294 4627 1308 4667 :
1339 4620 1392 4666 et
1441 4619 1565 4664 nota
1617 4619 1698 4664 est
1727 4611 1862 4664 ratio

278 4691 631 4737 numerorum
669 4683 910 4737 formatis
960 4682 1352 4744 addentlorum,
1379 4697 1535 4750 quam
1565 4696 1628 4735 ex
1673 4683 1861 4750 synodi

278 4753 518 4809 Nicaeam
549 4753 854 4824 praescripto
879 4753 1048 4810 edidit
1071 4753 1281 4808 Atticus
1315 4753 1860 4822 Constantinopolita-

280 4837 405 4889 nus,
435 4837 498 4879 ex
526 4824 702 4880 Attico
723 4825 1030 4892 Gratianus,
1058 4825 1344 4894 caeterique
1389 4839 1652 4879 canonum
1695 4825 1859 4878 colle-

280 4903 484 4961 ctores,
523 4897 612 4965 qui
640 4895 985 4952 formatarum
1038 4899 1201 4952 etiam
1249 4895 1493 4964 exempla
1543 4895 1854 4964 subjiciunt.

280 4965 396 5021 Nec
420 4965 635 5021 difﬁcile
676 4977 757 5024 est
809 4969 976 5022 cuivis
1008 4969 1095 5036 qui
1149 4967 1308 5020 modo
1335 4967 1541 5021 litteras
1573 4966 1786 5020 Graecas
1809 4977 1863 5019 et

282 5051 540 5092 numeros
567 5053 700 5108 quos
725 5037 956 5109 singulae
976 5037 1297 5108 significant,
1328 5053 1432 5091 non
1465 5036 1679 5109 penitus
1708 5039 1860 5106 igno-

282 5116 390 5171 ret,
407 5115 574 5162 t0tum
597 5109 806 5162 illarum
821 5108 1110 5162 artificium
1133 5109 1342 5163 collatis
1357 5108 1655 5178 praesertim
1679 5123 1866 5162 exem-

282 5178 394 5248 plis
423 5181 744 5248 perspicere.
799 5179 905 5234 Sed
950 5181 1070 5248 quia
1112 5188 1363 5247 corrupta
1402 5179 1513 5232 fere
1540 5178 1867 5245 antiquario-

283 5261 406 5305 rum
459 5250 588 5302 vitin
631 5265 692 5304 ac
723 5251 904 5304 mutila
958 5261 1083 5306 sunt
1121 5252 1366 5320 exempla
1405 5265 1540 5320 quae
1564 5248 1865 5317 proferunt,

281 5320 392 5390 67
425 5321 698 5376 emendari
738 5321 1055 5390 restituique
1107 5330 1234 5376 ante
1282 5319 1460 5375 omnia
1512 5319 1733 5375 debent.
1785 5319 1869 5374 Sit

282 5406 420 5462 ergo
441 5391 597 5462 nobis
621 5394 950 5461 exemplum,
984 5393 1125 5462 quod
1164 5409 1194 5446 a
1217 5392 1471 5448 Gratiano
1497 5391 1550 5446 d.
1585 5391 1654 5444 75
1689 5400 1869 5459 poste-

284 5460 436 5532 riore
462 5461 580 5516 loco
628 5460 965 5532 producitur.
1001 5460 1088 5517 'Ea
1139 5473 1220 5518 est
1268 5465 1517 5530 formata,
1565 5478 1674 5518 non
1714 5461 1780 5530 Δ,
1812 5474 1871 5518 ut

286 5530 492 5606 habent
511 5530 644 5606 libri
659 5535 882 5606 vulgati,
898 5534 990 5588 sed
1013 5533 1310 5590 Wolfeonis
1334 5551 1420 5604 ep.
1443 5533 1871 5606 Constantiensis

285 5602 361 5659 ad
388 5602 694 5676 Bernaltum
720 5602 1188 5676 A'rgentariensem
1234 5602 1482 5676 (utra—que
1523 5606 1649 5660 olim
1681 5605 1871 5661 civitas

285 5675 549 5747 maxima:
593 5675 893 5746 Sequan’or.
921 5676 1255 5747 provinciae),
1288 5675 1515 5746 non’pro
1542 5678 1868 5742 llermanno,

286 5746 516 5817 sed'pro
544 5747 773 5804 Annone
798 5746 1020 5818 scripta.
1047 5748 1222 5818 Quare
1245 5747 1527 5816 siclegitur
1556 5749 1606 5801 iu
1637 5759 1745 5802 vet.
1770 5764 1872 5802 ms.

365 5816 428 5875 ll.
452 5832 510 5876 Υ.
534 5830 590 5876 Δ.
620 5829 681 5875 Π.
716 5816 1050 5876 Sanctissinto
1092 5819 1146 5871 in
1171 5816 1372 5888 Christo
1402 5819 1551 5888 fratri
1581 5835 1878 5888 summaque

286 5888 567 5953 dulcedine
585 5903 815 5959 caritati;
836 5890 1189 5959 amplectende
1208 5886 1460 5944 Bernalw
1472 5886 1888 5958 Argentariensis

1487 395 1812 453 El’lSTOLA
1829 395 1968 454 ltUltl
2007 399 2138 455 LIB.
2178 398 2264 456 Vl.

221 535 416 592 gnere.
448 507 591 573 Inter
611 517 923 573 dictandum
956 516 1086 570 milii
1115 516 1214 570 ista
1240 524 1488 586 suggesta
1528 524 1674 582 sunt,
1721 529 1819 571 nec
1844 521 1899 580 Α

1943 3535 2043 3588 cui
2069 3535 2416 3604 respondetA
2437 3537 2484 3590 Μ
2507 3538 2547 3592 H
2573 3538 2635 3605 Ν,
2655 3539 2705 3593 id

1953 3615 2058 3672 est,
2091 3621 2127 3659 ι.
2172 3623 2259 3660 xL.
2296 3623 2406 3660 vni.
2448 3624 2498 3662 ι..

3410 397 3521 473 558

2488 519 2820 577 EPISTOLA
2860 521 2931 578 ix
3565 484 3577 498 ’

2171 609 2416 665 Sidonius
2441 611 2647 668 domino
2673 631 2821 686 papte
2849 615 2994 687 Lupo
3033 619 3270 676 salutem.

2007 705 2101 760 Vir
2120 704 2229 774 jam
2263 703 2520 760 honestus
2549 705 2753 776 Gallus,
2788 708 2908 778 quia
2933 709 3112 779 jussus
3147 712 3212 768 ad
3233 714 3518 789 conjugem

1935 796 2114 853 redire
2140 812 2246 852 non
2277 797 2504 865 distulit,
2534 799 2833 854 litterarum
2882 818 3120 860 mearum
3168 808 3321 880 165
3357 811 3519 868 obse-

1934 891 2142 962 quium,
2169 900 2469 946 vestrarum
2495 900 2735 961 reportat
2761 893 3031 951 effectum.
3060 897 3155 952 Cui
3185 915 3311 956 cum
3331 903 3520 974 pagina

1935 999 2094 1054 quam
2123 985 2414 1051 miseratis,
2461 995 2824 1054 reseraretur,
2873 1000 3108 1044 actutum
3171 1005 3523 1064 compunctus

1935 1077 2224 1148 ingemuit;
2258 1077 2684 1147 destinatamque
2728 1095 2833 1134 non
2862 1082 2930 1135 ad
2975 1100 3060 1138 me
3089 1086 3397 1159 epistolam,
3427 1092 3523 1148 sed

1935 1169 1988 1223 in
2011 1183 2070 1224 se
2096 1169 2416 1223 sententiam
2441 1169 2719 1238 judicavit.
2768 1171 2950 1242 Itaque
2981 1173 3266 1232 confestim
3318 1180 3419 1235 iter
3472 1183 3525 1236 in

1937 1263 2166 1332 patriam
2196 1264 2506 1334 spopondit,
2563 1265 2866 1332 adornavit,
2919 1269 3164 1338 arripuit.
3214 1273 3383 1338 Quem
3430 1291 3527 1333 nos

1940 1364 2159 1426 prepter
2190 1356 2327 1411 lianc
2352 1357 2520 1425 ipsam
2550 1357 2897 1427 paenitudinis
2930 1361 3284 1435 celeritatem,
3319 1384 3424 1422 non
3455 1370 3528 1424 in-

1942 1451 2236 1520 crepative,
2262 1451 2355 1506 sed
2388 1453 2749 1508 consolatorie
2771 1456 2948 1524 potius
2969 1460 3296 1527 compellare
3321 1465 3531 1521 curavi-

1946 1619 2164 1694 civttatts
2209 1638 2478 1694 episcopo.
2544 1622 2788 1694 Wolfeon
2847 1624 3246 1685 Constantiensis
3294 1633 3532 1691 Ecclesia:

1945 1693 2134 1762 prtesul
2163 1703 2420 1764 perpetua:
2446 1693 2776 1749 beatitudinis
2810 1707 2950 1764 optat
2982 1699 3036 1751 in
3065 1701 3264 1756 Christo
3294 1707 3528 1763 salutem.

1946 1773 2001 1816 Υ.
2027 1775 2083 1842 E._
2105 1776 2162 1842 et.
2194 1762 2349 1842 2._De
2379 1775 2560 1818 caetero
2589 1767 2784 1842 noverit
2825 1762 3001 1822 sancta
3025 1772 3321 1840 fraternitas
3347 1762 3532 1842 vestra,

1943 1835 2083 1914 quod
2112 1834 2206 1887 iste
2226 1836 2441 1914 clericus
2472 1837 2675 1889 nomine
2705 1838 2876 1914 ᾼηηο,
2908 1834 3083 1894 nostra
3104 1845 3156 1896 in
3201 1850 3422 1914 par-ascia
3453 1834 3536 1905 ῑηζ

1945 1913 2254 1988 structuscc
2285 1905 2552 1988 detonsus,
2573 1908 2886 1988 fparilitatem
2913 1923 3138 1988 nostram
3181 1905 3374 1986 rogavit
3413 1938 3538 1988 qua-

1946 1986 2088 2029 tenus
2102 1975 2181 2029 illi
2201 1979 2643 2031 commendatitias
2656 1979 2848 2032 litteras
2861 1975 3307 2041 conscriberentus.
3331 1975 3536 2047 Deinde

1946 2058 2066 2116 post
2088 2047 2187 2100 alia
2217 2065 2229 2100 :
2256 2048 2452 2102 Sancta
2481 2049 2710 2102 Trinitas
2730 2061 2946 2105 vestram
2970 2054 3332 2112 beatitudinem
3353 2062 3422 2112 ad
3455 2080 3538 2117 re-

1947 2118 2136 2191 gimen
2168 2131 2354 2191 sancta:
2375 2135 2504 2191 _sute
2549 2119 2794 2174 Ecclesia:
2840 2127 3196 2191 perpetualitcr
3225 2134 3344 2183 bene
3374 2133 3539 2188 valere

1947 2187 2213 2274 con‘cedat.
2245 2190 2331 2258 46',
2365 2187 2741 2272 Indictionex.
2773 2187 3009 2247 Continet
3033 2196 3140 2251 lucc
3177 2202 3398 2267 formata
3431 2187 3538 2274 epi;

1948 2260 2083 2314 stola
2109 2275 2361 2313 summam
2382 2263 2580 2314 numeri
2605 2278 2661 2314 si.
2687 2277 2802 2317 ccc.
2833 2279 2960 2318 xxv.

2023 2331 2244 2387 Summa
2293 2333 2506 2387 numeri
2562 2332 2818 2387 adnotata
2865 2346 2947 2390 est
2987 2352 3227 2393 ucccxxv
3259 2351 3424 2399 recte.
3463 2344 3536 2400 Ea

1950 2400 2354 2485 e‘nimest‘quae
2381 2404 2769 2485 exromnibus,
2817 2405 2969 2474 juxta
3019 2408 3184 2485 Attici
3229 2412 3575 2484 formulam,-

1954 2470 2155 2555 ϐξφώρ
2185 2472 2378 2528 litteris
2424 2475 2670 2556 et__notis,
2703 2470 3241 2556 lttm:commut_iihus,
3276 2492 3384 2538 ttttn
3421 2470 3540 2556 pro:

1925 2545 2085 2612 .priis
2120 2543 2172 2596 in
2214 2559 2378 2598 unum
2405 2545 2649 2600 collectis
2689 2548 2996 2602 conficitur.
3045 2543 3370 2609 Cooununes
3410 2543 3540 2614 voco

1953 2630 2073 2696 quae
2096 2615 2156 2699 in.
2178 2615 2432 2699 omnibus
2443 2615 2702 2699 formatis
2723 2620 3071 2699 reperiuntur
3097 2640 3111 2687 ;
3147 2625 3393 2694 proprias
3422 2643 3541 2699 quae

1952 2686 2164 2740 variant
2187 2687 2240 2740 in
2264 2687 2506 2756 singulis,
2542 2686 2642 2743 hoc
2671 2689 2861 2745 modo:

2097 2798 2402 2856 Communes
2430 2803 2631 2858 litteras.
3108 2809 3363 2879 Proprias.

1954 2907 2012 2950 Π.
2055 2896 2226 2965 prima
2251 2895 2425 2950 Patris
2467 2937 2481 2950 .
2525 2913 2689 2952 Lxxx.
2803 2911 2860 2954 Υ.
2903 2901 3076 2967 prima
3104 2903 3421 2973 Wolfeonis,
3452 2913 3539 2978 qui

2882 2972 3089 3025 scribit.
3392 2993 3538 3025 nam:

2882 2984 3089 3028 scribit.
3392 2993 3540 3039 cecc.

1956 3049 2014 3092 Υ.
2059 3037 2226 3105 prima
2292 3035 2410 3091 Filii
2467 3078 2479 3090 .
2539 3054 2688 3096 cccc.
2803 3053 2856 3096 E.
2893 3044 3132 3168 fectantda
3184 3046 3420 3105 Bernalti
3457 3053 3545 3110 cui

2893 3128 2997 3167 .cri
3045 3133 3054 3168 I
3085 3133 3164 3168 ur.
3487 3140 3538 3168 ν-

2893 3126 3164 3168 εονιυιιυιι.

2893 3126 2915 3165 s
3152 3156 3164 3168 .

1957 3187 2014 3233 A.
2058 3181 2232 3248 prima
2255 3179 2488 3248 Spiritus
2515 3180 2573 3237 S.
2660 3196 2697 3236 ι.
2812 3195 2872 3240 N.
2918 3125 3408 3269 ῗέὲξὲυληηοηῑε,

2910 3265 3125 3326 accipit.
3487 3279 3520 3319 ι
3531 3306 3544 3320 ,

1956 3332 2012 3375 II.
2057 3322 2228 3392 prima
2262 3321 2427 3377 Patri.
2477 3361 2489 3376 .
2531 3340 2701 3380 Lxxx.

2825 3338 2880 3381 Σ.
2917 3339 3108 3403 quarta
3169 3331 3501 3403 Constantia!
3529 3376 3546 3403 ,

2908 3398 3048 3454 unde
3077 3402 3352 3458 scribitur.
3462 3398 3548 3464 cc.

2828 3477 2889 3523 x.
2923 3479 3048 3544 nota
3077 3471 3413 3544 lndictionis,
3492 3493 3545 3532 x.

2819 3555 2938 3608 quae
2993 3543 3045 3596 id
3101 3548 3360 3613 temporis
3411 3557 3547 3613 erat,

2827 3626 2948 3666 cum
2963 3614 3160 3678 scripta
3180 3628 3260 3669 est
3277 3617 3546 3673 Formata.

3044 3685 3264 3742 Summa
3286 3704 3475 3744 uccxv.

2345 3792 2560 3848 Summa
2592 3797 2856 3864 utriusque
2887 3814 3150 3854 ncccxxv.

1959 3462 2025 3532 ψ’
2056 3473 2178 3518 nota
2210 3466 2442 3520 numeri.
2488 3505 2502 3519 .
2564 3483 2705 3522 xcrx.

2204 3677 2424 3732 Summa
2447 3695 2601 3733 neu.

2031 3905 2112 3960 Ad
2144 3905 2286 3958 hunc
2319 3906 2538 3960 modum
2579 3907 2813 3977 cujusvis
2847 3910 3091 3963 formatae
3121 3926 3388 3966 summam
3435 3923 3547 3970 sta-

1961 3976 2055 4030 tim
2086 3990 2260 4038 erues,
2284 3977 2328 4029 si
2358 3976 2425 4028 ad
2459 3992 2613 4044 acu,
2632 3976 2793 4047 quem
2825 3995 3106 4034 numerum
3134 3983 3382 4039 omnibus
3403 4001 3548 4040 cont-

1962 4061 2177 4125 munem
2202 4061 2320 4125 esse
2355 4047 2789 4125 vitles,_al_t_erum
2817 4049 3059 4125 adjicias,
3087 4054 3178 4125 qui
3207 4070 3285 4125 ex
3317 4058 3549 4125 propriis

1961 4117 2439 4196 cujusquelitteris
2456 4127 2510 4196 et
2539 4119 2832 4196 indictione
2865 4117 3142 4190 prodierit.
3173 4117 3334 4196 fSunij
3360 4117 3543 4196 porro,

1966 4188 2056 4256 qui
2085 4189 2152 4241 ab
2184 4189 2265 4240 liis
2292 4191 2552 4264 numeris,
2589 4197 2643 4242 et
2671 4191 2814 4264 quod
2845 4188 3004 4264 certa,
3042 4195 3273 4264 quadam
3321 4188 3548 4254 formula

1964 4269 2296 4333 texerentur,
2332 4259 2682 4333 indenomen
2714 4263 2958 4333 formatis
2986 4259 3184 4319 factum
3207 4277 3410 4333 putent.
3447 4269 3552 4324 Ve-

1964 4331 2076 4410 rius
2107 4329 2358 4410 estﬂuod
2386 4329 2512 4384 alibi
2543 4332 2971 4410 observavimus,
3007 4329 3289 4410 formatam
3335 4355 3363 4392 a
3391 4340 3551 4410 sigilli

1965 4399 2133 4454 forma
2180 4401 2397 4463 dictam,
2457 4417 2559 4469 qun
2618 4404 2978 4459 muniebatur.
3025 4406 3114 4462 Sic
3159 4410 3299 4462 cuitu
3343 4399 3552 4468 veteres

1965 4471 2451 4557 glossm‘Vaticanaz.
2475 4488 2487 4523 :
2521 4473 3108 4557 lv‘oi-rnatant_cpistolam
3149 4480 3425 4557 sigillatum
3477 4483 3553 4538 in-

1968 4551 2364 4619 terpretantur:
2401 4542 2561 4619 idque
2591 4544 2728 4619 haud
2755 4542 2918 4619 dubie
2943 4550 3112 4602 sensit
3139 4542 3226 4619 qui
3271 4551 3552 4608 formatatn

1968 4613 2021 4694 in
2049 4614 2278 4694 concilio
2304 4613 2712 4694 Carthagineusi
2747 4616 3138 4694 iGrzecevertit
3157 4613 3552 4694 ’τετυπωμένηι

1973 4686 2064 4738 Est
2104 4684 2260 4764 enim“
2292 4692 2486 4764 surron
2517 4685 2812 4764 ἓττιστςολήν)
2854 4689 3185 4764 obsignare:
3217 4694 3326 4764 68
3355 4684 3407 4749 et
3437 4684 3553 4751 cer-

1893 4786 1944 4846 D
1972 4767 2097 4838 tum.
2111 4766 2193 4808 est
2222 4755 2449 4822 sigillum
2482 4758 2677 4825 apponi
2706 4759 2921 4812 solitum
2949 4755 3554 4822 forrnatist'oncilium

1970 4826 2325 4880 Calnlonense
2347 4841 2403 4880 ιι.
2428 4841 2548 4880 ean.
2575 4829 2645 4880 50
2673 4845 2685 4880 :
2713 4827 2919 4880 Litteris
2950 4833 3002 4880 in
3029 4832 3208 4880 auibus
3236 4836 3554 4880 sinlnnminn

2016 4825 2403 4901 :iliilonenselt,
2428 4841 2548 4901 can.
2575 4829 2645 4901 50
2673 4845 2694 4901 :_
2713 4827 2919 4901 Litteris
2950 4833 3002 4884 in
3029 4832 3208 4901 quibus
3236 4836 3335 4889 sint
3351 4840 3556 4892 nomina

1965 4899 2189 4975 eliiscgpi
2213 4907 2260 4975 e-t
2287 4897 2502 4975 civitatis
2536 4898 2738 4975 plumbo
2763 4897 3338 4975 impressaaﬂatbodus
3359 4908 3557 4975 episco-

1969 4965 2068 5040 pus
2096 4965 2432 5040 1‘i'cvit‘_ensis
2464 4967 2517 5040 in
2539 4970 2765 5040 formata
2794 4965 2888 5024 sua
2923 4973 3059 5040 apud
3111 4974 3367 5030 lvonciu:
3393 4965 3553 5032 'Ilauc

1970 5034 2237 5114 epistolam
2261 5034 2454 5114 Graecis
2485 5039 2665 5092 litteris
2691 5039 2810 5114 hinc
2835 5034 2972 5114 inde
3001 5045 3199 5098 munire
3225 5048 3555 5114 decrevimus,

1972 5119 2018 5163 et
2040 5109 2232 5162 annulo
2262 5109 2484 5160 ecclesiae
2531 5119 2719 5162 nostrte
2757 5110 2956 5166 bullare
2993 5116 3302 5170 censuimus.
3346 5109 3560 5176 Bullare

1972 5178 2506 5261 illius_s_:eculi"verbo
2531 5195 2657 5261 usus
2682 5179 2838 5261 dixit,
2867 5186 3233 5261 utﬁoo).).edaz_v
3263 5197 3319 5243 et
3348 5191 3559 5261 ὡύλλας

1971 5251 2276 5336 inlesum.
2308 5246 2520 5336 l‘iicetas
2554 5246 2866 5336 Ch'oniates,
2899 5246 3150 5336 .Bullam,
3194 5246 3384 5336 id_esl,
3416 5246 3562 5336 sigil-

1972 5321 2100 5385 lum,
2153 5337 2213 5373 ac
2249 5323 2426 5392 7133309
2476 5335 2563 5374 seu
2621 5322 2843 5390 formant
2895 5321 3204 5392 imprimere.
3255 5321 3560 5388 Bernardus

1972 5391 2293 5474 epist..230,
2319 5389 2536 5474 Exstant
2565 5389 2745 5474 littera:
2764 5389 3290 5474 integrteet-bullattv.
3323 5405 3559 5474 Den'que

1973 5463 2112 5519 sicut
2143 5464 2522 5531 imperatorum
2548 5463 2957 5522 constitutiones
2981 5469 3327 5528 inferioribus
3348 5463 3561 5529 εποιῖιίε

1974 5550 2080 5588 non
2125 5535 2297 5589 solum
2349 5538 2567 5606 runtxa‘z,
2599 5537 2747 5605 quasi
2801 5536 3062 5606 forntales,
3119 5544 3214 5598 sed
3246 5545 3404 5598 etiam
3433 5547 3562 5600 Θεῐοε

1973 5609 2150 5671 τύποι,
2180 5619 2346 5681 sach
2392 5605 2590 5674 fornice,
2629 5605 2854 5676 utraque
2902 5605 3075 5681 lingua
3121 5614 3364 5668 vocitatae
3400 5624 3560 5680 sunt;

1977 5685 2098 5752 post
2123 5677 2281 5752 etiam
2302 5675 2578 5752 Caesarum
2622 5689 2676 5732 et
2719 5675 3026 5752 pcntilicunt
3059 5683 3350 5752 diplomata
3401 5675 3560 5740 bullae

1979 5747 2138 5816 vulgo
2160 5746 2401 5821 a-sigillis
2431 5746 2776 5821 nuncupatur:
2804 5751 2880 5805 sic
2910 5746 3190 5806 formatam
3216 5754 3498 5821 epistolam
3531 5773 3570 5816 to

1981 5821 2147 5890 [arma
2186 5817 2388 5890 dixisse
2421 5817 2687 5890 videntur,
2733 5821 2877 5875 velut
2906 5837 2933 5874 a
2967 5821 3105 5875 bulla
3136 5817 3416 5882 bullatatn.

2053 5889 2080 5928 ιι
2106 5887 2360 5959 Quidam,
2383 5889 2708 5959 mediatoris,
2726 5892 2840 5960 alii,
2866 5893 3202 5947 mediatoris
