4072 6348
493 314 603 382 859

1770 324 2012 379 SIDONII
2052 324 2503 381 APOLLINABIS

3674 332 3784 390 560

492 452 647 503 mus;
678 452 797 506 quia
817 437 1143 491 vicinaretur
1164 435 1482 489 innocentiae
1513 434 1757 492 festinata
1789 443 2071 495 correctio.
2101 446 2156 502 Α
2180 456 2362 496 coram
2414 442 2722 496 narratione
2762 441 3064 510 patefaciet.
3119 441 3251 497 Nam
3293 442 3595 511 prudentia:
3641 452 3778 505 satis

491 530 681 602 Neque
729 531 873 585 enim
926 530 1226 598 quisquam,
1275 528 1437 583 etiam
1473 528 1577 583 sibi
1631 531 1767 586 bene
1808 536 2072 600 conscius,

488 623 616 693 plus
647 621 823 675 facere
853 620 1227 688 praesumpsit;
1261 620 1305 673 si
1338 621 1456 689 quis
1489 631 1666 676 tamen
1715 633 1906 679 vestrm
1954 640 2077 679 cor-

486 716 757 784 reptionis
788 713 1013 768 orbitam
1037 728 1140 768 non
1177 714 1391 783 reliquit
1437 734 1448 767 :
1489 716 1687 785 quippe
1714 732 1834 771 cum
1872 732 1934 773 ea
1964 719 2075 788 ipsa

486 821 610 875 qua:
654 804 912 874 legimus,
962 805 1232 873 parcentis
1278 805 1439 859 verba
1499 820 1778 872 censure,
1827 809 2075 863 maxima:

485 898 889 953 emendationis
917 898 1261 951 incitamenta
1286 898 1413 951 sint.
1445 897 1578 952 Nam
1603 900 1727 969 quid
1761 910 1937 971 potest
1958 916 2076 956 esse

486 991 860 1060 castigationis
893 990 1116 1058 hujusce
1148 1000 1334 1046 tenore
1363 994 1671 1061 pretiosius,
1709 994 1761 1048 in
1794 1010 1895 1065 qua
1938 985 2076 1051 forte

484 1094 712 1153 peccato
733 1085 944 1139 animus
974 1099 1135 1153 roger,
1168 1086 1368 1154 reperit
1396 1085 1723 1142 intrinsecus
1750 1088 2071 1156 remedium,

484 1169 610 1233 eun'i
662 1193 765 1232 non
809 1179 1016 1233 valeret
1052 1179 1390 1233 extrinsecus
1437 1180 1678 1235 invenire
1737 1182 2075 1236 convicium?

484 1272 641 1338 Quod
664 1281 933 1342 superest,
960 1273 1330 1339 obsecramus,
1364 1283 1424 1328 ut
1462 1274 1651 1330 crebra
1690 1278 1934 1330 oratione
1980 1290 2074 1345 per

484 1381 642 1434 quam
672 1365 817 1419 vitiis
843 1364 1089 1418 omnibus
1116 1364 1351 1421 immane
1379 1367 1751 1433 dominamini,
1801 1382 1899 1422 nos
1938 1382 2073 1437 quo-

484 1473 591 1527 que
639 1460 777 1512 sicut
820 1457 1164 1527 evangelieos
1203 1473 1388 1528 magos
1436 1474 1707 1515 remeasse
1734 1460 2071 1513 manifestum

481 1558 588 1612 est,
622 1550 706 1603 vel
728 1550 837 1618 jam
870 1564 1011 1603 nunc
1058 1565 1153 1618 per
1175 1550 1333 1604 aliam
1388 1552 1524 1605 viam
1546 1568 1762 1607 morum
1791 1553 1841 1605 in
1893 1552 2073 1606 beato-

481 1655 603 1695 rum
627 1643 851 1710 patriam
876 1641 1051 1697 redire
1072 1641 1300 1697 faciatis.
1320 1641 1461 1698 Pene
1474 1644 1757 1698 omiseram
1775 1645 1913 1713 quod
1940 1660 2073 1713 prte-

482 1734 800 1788 tereundum
858 1735 1078 1789 minime
1133 1734 1250 1787 fuit.
1297 1735 1453 1804 Agite
1503 1737 1703 1805 gratias
1750 1736 2066 1790 Innocentio

2182 532 2383 603 obviat,
2437 533 2713 603 epistolari
2756 533 3004 587 formulae
3059 533 3295 588 debitam
3352 536 3777 594 concinnitatem

2180 624 2458 694 plurifario
2498 639 2751 681 sermone
2796 626 3091 695 porrigere.
3138 626 3280 681 Sane
3322 628 3776 697 quia'seeundum

2180 715 2266 769 vel
2293 715 2480 771 notitia
2504 754 2519 780 ,
2551 716 2635 771 vel
2659 715 2855 786 judicia
2901 726 3110 772 terrena
3132 758 3145 783 ,
3193 718 3378 772 solent
3405 720 3557 790 167
3584 720 3778 791 hujus-

2179 810 2321 863 modi
2364 809 2610 864 homines
2659 811 2907 864 honestas
2950 810 3151 866 habere
3190 826 3415 879 causas;
3449 823 3501 867 tu
3548 828 3771 885 quoque

2180 906 2332 969 potes
2364 898 2522 967 hujus
2553 898 2830 965 laboriosi,
2853 901 2953 954 etsi
3008 901 3289 971 impugnas
3312 903 3612 972 perfidiam,
3647 921 3776 975 pro-

2178 1004 2414 1059 pugnare
2445 1005 2749 1059 personam.
2795 992 2999 1049 Memor
3029 994 3200 1049 nostri
3231 1010 3353 1052 esse
3385 996 3641 1067 dignare,
3673 999 3775 1055 do-

2178 1081 2322 1136 mine
2346 1096 2503 1152 papa.

2732 1178 3062 1234 EPISTOLA
3102 1180 3215 1236 ΧΙΙ.

2357 1266 2604 1323 Sidonius
2629 1270 2833 1325 domino
2863 1288 3010 1343 papa:
3040 1269 3066 1309 ἀ
3096 1272 3321 1329 Patienti
3345 1276 3580 1335 salutent.

2247 1359 2455 1428 Aliquis
2479 1361 2711 1431 aliquem
2734 1404 2748 1427 ,
2776 1379 2875 1433 ego
2913 1365 3061 1419 illum
3091 1368 3358 1436 praecipue
3380 1378 3510 1439 puto
3539 1387 3638 1425 suo
3678 1374 3763 1426 vi-

2175 1464 2302 1505 vere
2342 1450 2486 1505 bono
2529 1451 2620 1521 qui
2648 1452 2778 1508 vivit
2804 1455 2983 1509 alieno
3013 1474 3025 1508 :
3051 1457 3248 1526 quique
3281 1458 3515 1513 fidelium
3545 1461 3764 1516 calami-

2177 1552 2311 1599 tates
2342 1545 2796 1617 indigentiamque
2825 1548 3108 1604 miseratus
3131 1591 3146 1616 ,
3179 1551 3305 1605 facit
3331 1552 3381 1605 in
3406 1554 3565 1609 terris
3596 1570 3763 1624 opera

2173 1638 2457 1693 etelorum.
2505 1639 2772 1706 Quorsum
2805 1641 2905 1695 ista
2945 1640 3059 1695 hmc
3087 1683 3101 1707 ,
3133 1641 3345 1710 inquis?
3372 1642 3449 1699 Te
3495 1648 3762 1705 sententia

2174 1744 2331 1799 quam
2359 1732 2621 1796 maxime,
2646 1747 2779 1801 papa
2811 1732 3344 1803 heatissime,petit;
3368 1736 3451 1790 cui
3483 1753 3588 1791 non
3612 1739 3736 1793 sufli

458 1825 759 1892 spectabili
789 1827 929 1890 viro,
955 1826 1045 1895 qui
1076 1835 1132 1880 ut
1161 1827 1560 1896 prmceperatis,
1593 1827 1835 1897 gnaviter
1860 1844 2060 1882 morem
2096 1824 2139 1881 B
2168 1820 2241 1875 cit
2267 1821 2371 1875 illis
2403 1830 2606 1875 tantum
2640 1823 3050 1878 necessitatibus
3078 1839 3236 1893 opem
3268 1826 3412 1881 ferre
3439 1843 3570 1898 quas
3600 1845 3760 1885 nove-

477 1920 652 1987 gessit
672 1920 944 1989 injunctis.
976 1920 1179 1975 Memor
1208 1922 1378 1975 nostri
1418 1935 1537 1977 esse
1566 1921 1803 1992 dignare,
1849 1918 2063 1977 domine

474 2024 637 2083 papa.

1036 2105 1385 2161 .EPISTOLA
1424 2106 1467 2159 X
1480 2146 1492 2159 .

645 2198 892 2252 Sidonius
922 2199 1130 2251 domino
1161 2213 1306 2267 papa:
1332 2206 1357 2233 ιι
1379 2196 1622 2252 Censorio
1652 2198 1885 2251 salutem.

531 2292 785 2347 Gerulum
800 2292 1097 2346 litterarum
1112 2290 1309 2345 levitici
1323 2291 1523 2343 ordinis
1543 2291 2054 2347 honestatoflicium.

444 2381 577 2441 'Hic
612 2398 733 2437 cum
782 2384 983 2437 familia
1028 2396 1124 2437 sua
1168 2382 1582 2451 deprmdationis
1617 2385 1773 2454 166
1818 2383 2057 2437 Gothicae

473 2475 743 2529 turbinem
769 2475 965 2541 vitans,
1002 2475 1053 2527 in
1082 2474 1409 2528 territorium
1450 2483 1688 2528 vestrum
1723 2476 1930 2529 delatus
1952 2485 2054 2540 est,

471 2564 614 2635 ipso,
636 2569 792 2621 utsic
815 2567 1130 2631 dixerimus,
1163 2566 1400 2635 pondere
1425 2566 1560 2634 fugae
1590 2582 1603 2631 ;
1638 2567 1729 2621 ubi
1768 2568 1821 2619 in
1868 2582 1926 2620 re
1966 2567 2057 2620 Ec-

470 2658 651 2713 clesiae
672 2660 758 2712 cui
784 2659 1039 2713 sanctitas
1069 2668 1158 2712 tua
1188 2653 1459 2727 praesidet,
1510 2674 1726 2727 parvam
1758 2668 2051 2713 sementem

473 2752 856 2807 semiconfecto
886 2751 1072 2821 cespiti
1126 2752 1329 2807 advena
1375 2752 1592 2821 jejunus
1649 2752 1867 2821 injecit:
1902 2753 2053 2821 cujus

470 2857 541 2897 ex
568 2843 741 2897 solido
768 2842 1084 2912 colligendae
1112 2842 1226 2899 fieri
1256 2843 1357 2898 sibi
1380 2844 1588 2913 cepiam
1621 2853 1833 2898 exorat.
1882 2844 2050 2911 Quem

468 2936 515 2989 si
538 2934 848 2991 domesticis
876 2934 998 2990 fidei
1032 2934 1283 3005 deputata
1325 2936 1655 2992 humanitate
1698 2936 1943 3002 foveatis,
1999 2938 2048 2990 id

467 3038 568 3092 est,
597 3037 653 3081 nt
673 3028 909 3082 debitum
932 3027 959 3065 ι’
990 3028 1162 3097 glebae
1198 3042 1460 3083 canonem
1510 3043 1611 3082 non
1658 3038 1891 3098 petatur,
1936 3038 2050 3082 tan-

467 3125 580 3172 tum
609 3118 783 3173 lucelli
811 3118 1099 3186 praestitum
1129 3120 1229 3173 sibi
1259 3128 1535 3188 computat
1566 3119 1835 3189 peregrini
1867 3120 2045 3174 homio

2165 1912 2272 1977 ris;
2314 1914 2507 1982 quique
2554 1929 2724 1984 usque
2780 1916 2831 1968 in
2877 1916 3107 1971 extimos
3158 1918 3417 1973 terminos
3462 1920 3757 1978 Galliarum

2164 2005 2403 2060 caritatis
2432 2007 2620 2077 indage
2645 2018 2923 2076 porrecta,
2951 2009 3100 2079 prius
3130 2012 3275 2066 soles
3304 2012 3635 2083 indigentum
3671 2032 3760 2071 re-

2162 2098 2370 2166 spicere.
2388 2112 2599 2164 causas,
2624 2099 3063 2171 quaminspicere
3076 2117 3351 2171 personas.
3379 2105 3582 2161 Nullius
3602 2107 3759 2164 obest

2165 2190 2409 2244 tenuitati
2450 2190 2822 2260 debilitatique
2850 2234 2865 2257 ,
2908 2194 2950 2246 si
2995 2203 3045 2247 te
3088 2202 3343 2264 expetere
3390 2212 3495 2252 non
3540 2199 3754 2267 possit:

2161 2294 2280 2333 nam
2308 2283 2570 2348 praevenis
2597 2284 2842 2338 manibus
2873 2285 3017 2337 illum
3038 2327 3050 2351 ,
3084 2287 3175 2355 qui
3208 2302 3311 2343 non
3344 2289 3573 2346 valuerit
3598 2293 3663 2346 ad
3701 2302 3754 2348 te

2162 2374 2386 2443 pedibus
2418 2378 2718 2444 pervenire.
2761 2376 2976 2431 Transit
3004 2378 3055 2431 in
3090 2378 3312 2433 'alienas
3341 2383 3644 2447 provincias
3670 2385 3752 2438 vi-

2159 2467 2374 2534 gilantia
2411 2475 2495 2520 tua
2529 2486 2539 2519 :
2568 2476 2621 2522 et
2653 2469 2703 2521 in
2730 2467 2830 2523 hoc
2862 2483 3007 2524 curre
3037 2478 3141 2525 tua:
3164 2470 3389 2527 latitudo
3412 2474 3748 2544 diffunditur,

2158 2567 2217 2610 ut
2266 2559 2421 2626 longe
2452 2559 2748 2626 positorum
2802 2562 3114 2616 consoletur
3157 2565 3479 2633 angustias:
3532 2578 3586 2622 et
3628 2569 3750 2625 hinc

2168 2648 2268 2701 fuit
2287 2690 2300 2713 ,
2326 2656 2383 2700 ut
2409 2649 2530 2717 quia
2560 2652 2818 2705 rrebrotc
2835 2666 2940 2705 non
2969 2653 3145 2709 minus
3169 2655 3453 2711 absentum
3481 2673 3748 2715 verecun-

2158 2743 2267 2810 dia,
2306 2758 2463 2811 quam
2512 2755 2836 2813 praesentum
2867 2745 3199 2813 querimonia
3236 2730 3434 2816 movbt,
3464 2766 3609 2821 saepe
3637 2762 3745 2809 ter-

2156 2835 2293 2889 seris
2323 2850 2506 2890 eorum
2562 2836 2861 2907 lacrymas,
2912 2852 3139 2906 quorum
3186 2840 3375 2895 oculos
3407 2856 3513 2896 non
3544 2844 3741 2900 vidisti.

2154 2927 2355 2982 Omitto
2385 2928 2473 2981 illa
2505 2944 2621 2996 quae
2643 2930 2881 2998 quotidie
2917 2940 3137 3000 propter
3169 2932 3521 2989 defectionem
3550 2937 3743 2994 civium

2154 3032 2592 3091 pauperatorum,
2625 3024 2925 3093 irrequietis
2955 3026 3155 3080 toleras
3182 3028 3445 3095 excubiis,
3471 3032 3741 3099 precibus,

2153 3114 2426 3182 expensis.
2457 3115 2662 3168 Omitto
2689 3124 2739 3169 te
2762 3116 2856 3169 tali
2880 3130 3095 3185 semper
3116 3132 3275 3187 agere
3294 3126 3739 3190 temperamento,

466 3213 573 3274 nis,
605 3219 662 3264 ut
682 3224 897 3273 census,
928 3211 1005 3264 sie
1043 3211 1254 3264 animus
1275 3218 1553 3279 angustus,
1604 3225 1668 3265 ac
1715 3211 1762 3264 si
1792 3212 1843 3265 in
1874 3214 2045 3280 patrio
2073 3189 2118 3253 ο
2150 3206 2229 3260 sic
2278 3220 2490 3275 semper
2529 3207 2844 3273 humanam,
2901 3207 2979 3261 sic
3031 3210 3349 3264 abstemium
3386 3210 3651 3280 iudicari;
3685 3226 3741 3271 ut

468 3300 588 3354 solo
619 3301 991 3354 rusticaretur.
1024 3301 1155 3354 Huic
1180 3301 1224 3354 si
1251 3300 1561 3369 legitimam,
1596 3310 1653 3355 ut
1683 3315 1798 3356 mos
1825 3314 1927 3371 est,
1962 3319 2049 3357 so-

464 3393 726 3448 lutionem
749 3392 1047 3463 perexigua:
1078 3394 1275 3464 segetis
1318 3393 1614 3464 indulgeas,
1652 3404 1900 3464 tanquam
1925 3396 2066 3466 cpi--

464 3502 599 3557 pare
630 3487 930 3555 viaticatus,
981 3502 1103 3543 cum
1158 3487 1453 3556 gratiarum
1510 3487 1721 3543 actione
1762 3488 2044 3544 remeabit.

462 3579 572 3634 Per
612 3594 769 3649 quem
801 3579 956 3634 sime
984 3580 1124 3649 stylo
1164 3579 1336 3633 solita:
1382 3564 1704 3649 dignationis
1748 3581 2044 3649 impartias,

462 3671 595 3724 mihi
652 3670 1079 3741 fraternitatique
1118 3672 1240 3727 istic
1289 3672 1446 3740 sitae,
1505 3674 1692 3743 pagina
1755 3681 1839 3728 tua
1880 3674 2043 3729 veluti

460 3762 625 3832 paulo
645 3762 792 3834 lapsa
813 3763 1169 3834 reputabitur.
1221 3762 1427 3819 Memor
1455 3754 1621 3820 nostri
1649 3780 1771 3820 esse
1801 3764 2042 3835 dignare,

460 3855 677 3913 domine
702 3870 858 3929 papa.
1008 3932 1011 3935 Α

1020 3948 1352 4005 EPISTULA
1389 3950 1479 4004 XI.

604 4045 849 4102 Sidonius
879 4044 1087 4098 domino
1114 4060 1261 4115 papa:
1293 4055 1314 4083 ο
1334 4044 1633 4099 Eleutherio
1662 4046 1896 4100 salutem.

531 4136 771 4194 Judaeum
813 4152 1049 4206 praesens
1089 4137 1274 4191 charta
1316 4138 1657 4192 commendat
1691 4156 1702 4189 :
1750 4154 1857 4193 non
1900 4139 2041 4208 quod

386 4242 392 4248 '
460 4230 594 4289 mihi
637 4229 844 4299 placeat
882 4242 1034 4283 error
1084 4242 1178 4296 per
1222 4242 1379 4297 quem
1414 4237 1639 4297 pereunt
1664 4229 1914 4294 involuti;
1944 4229 2039 4284 sed

461 4326 586 4394 quia
625 4322 893 4376 neminem
939 4321 1176 4389 ipsorum
1207 4334 1303 4373 nos
1335 4320 1493 4374 decet
1522 4336 1588 4373 ex
1619 4334 1742 4373 asse
1763 4320 2040 4376 damnabi-

458 4414 567 4470 lem
598 4414 945 4483 pronuntiare
974 4413 1101 4466 dum
1130 4413 1283 4466 vivit.
1333 4412 1386 4465 In
1430 4427 1525 4481 spe
1551 4413 1693 4467 enim
1738 4414 1912 4468 adhuc
1945 4416 2041 4470 ab-

456 4504 742 4561 solutionis
772 4511 854 4558 est
881 4545 897 4569 ,
928 4502 1018 4557 cui
1058 4503 1292 4572 suppetit
1333 4515 1492 4572 posse
1520 4504 1782 4558 converti.
1815 4505 1946 4572 Quae
1970 4507 2039 4560 sit

2150 3310 2361 3357 constet
2392 3301 2548 3372 168
2574 3301 2936 3356 indesinenter
2965 3317 3145 3371 regem
3168 3316 3487 3373 prmsentem
3516 3308 3740 3377 prandia

2151 3401 2270 3461 tua,
2302 3398 2539 3465 reginam
2568 3394 2788 3450 laudare
2830 3395 3053 3464 jejunia.
3086 3394 3291 3451 Omitto
3335 3408 3387 3453 te
3414 3408 3560 3454 tanto
3590 3402 3737 3456 cultu

2149 3486 2431 3541 ecclesiam
2458 3486 2547 3541 tibi
2581 3486 2839 3541 creditam
2870 3498 3296 3558 convenustare,
3341 3502 3398 3545 ut
3421 3490 3632 3548 dubitet
3657 3497 3738 3549 in-

2147 3585 2362 3647 spector
2386 3579 2573 3632 melius
2606 3593 2671 3632 ne
2694 3593 2828 3633 nova
2858 3595 3022 3649 opera
3053 3591 3403 3651 censurgant,
3431 3598 3497 3637 an
3522 3592 3735 3641 vetusta

2152 3680 2487 3740 reparentur.
2522 3670 2722 3725 Omitto
2749 3686 2844 3741 per
2872 3681 2922 3726 te
2959 3672 3205 3742 plurimis
3236 3674 3367 3728 locis
3396 3676 3733 3732 basdicarum

2152 3764 2499 3820 fundamenta
2524 3780 2849 3835 consurgere
2869 3809 2882 3831 ,
2918 3777 3230 3822 ornamenta
3261 3767 3542 3838 duplicari.
3571 3770 3734 3825 Cum-

2149 3866 2265 3927 que‘
2284 3859 2448 3913 multa
2474 3859 2527 3912 in
2570 3867 2713 3913 statu
2744 3859 2867 3915 fidei
2900 3859 3003 3914 tuis
3034 3860 3480 3929 dispositionibus
3494 3844 3745 3934 augeam-

2150 3959 2256 4017 tur,
2278 3953 2450 4006 solum
2476 3951 2855 4006 haereticorum
2881 3965 3160 4006 numerum
3189 3953 3357 4007 minui
3383 3970 3398 4008 :
3424 3964 3579 4023 teque
3603 3971 3747 4025 quo-_

2148 4044 2273 4099 dam
2304 4053 2499 4099 venatu
2542 4043 2860 4113 apostolico,
2895 4042 3035 4098 feras
3064 4053 3085 4080 ε
3115 4043 3552 4101 Photinianorum
3584 4062 3730 4103 men-

2149 4146 2230 4191 tes
2276 4136 2594 4206 spiritalium
2643 4134 3085 4205 pracdicationum
3130 4137 3372 4192 cassibus
3423 4138 3745 4208 implicare,‘

2148 4235 2307 4295 atque
2337 4242 2374 4281 a
2396 4236 2486 4279 tuo
2515 4226 2773 4281 barbaros
2797 4227 2907 4295 jam
2933 4240 3191 4297 sequaces
3215 4268 3230 4295 ,
3260 4230 3472 4298 quoties
3502 4220 3747 4291 convin-i

2146 4328 2340 4374 cuntur
2366 4317 2556 4384 verbo,
2599 4333 2705 4371 non
2751 4317 2902 4372 exire
2944 4319 3197 4390 chtigio,
3223 4318 3396 4375 donec
3422 4336 3517 4376 eos
3546 4336 3574 4374 a
3605 4337 3727 4391 pro-

2147 4408 2311 4463 fundo
2335 4406 2542 4477 gurgite
2573 4406 2773 4462 erroris
2798 4408 3140 4464 felicissimus
3162 4411 3461 4466 animarum
3497 4414 3726 4480 piscator

2147 4500 2462 4556 extraxeris.
2498 4499 2562 4554 Et
2592 4499 2782 4555 horum
2815 4500 2991 4570 aliqua
3018 4511 3190 4557 tamen
3223 4517 3345 4557 eum
3380 4503 3596 4574 reliquis
3619 4504 3725 4559 for-

456 4611 586 4654 vero
650 4594 849 4659 negotii
871 4597 952 4650 sui
1000 4595 1195 4660 series,
1238 4596 1351 4663 ipse
1403 4596 1599 4651 rectius
1637 4600 2033 4667 (praesentanea
2056 4593 2113 4655 D
2138 4616 2235 4659 san
2271 4598 2715 4656 communicanda
2760 4599 3001 4670 collegis.
3040 4600 3173 4656 lllud
3202 4610 3378 4656 autem
3418 4600 3601 4656 deberi
3631 4578 3747 4657 tibi.

529 4724 1321 4815 t{.‘Epis‘eopoaAnirisiorlorensi,
1352 4746 1419 4815 ao
1439 4748 1598 4815 quem
1625 4733 1828 4815 Ruricii
1858 4732 2060 4815 epist.'

458 4808 512 4872 Ι,
542 4801 647 4862 lib:
663 4823 721 4870 ιι,
752 4801 805 4861 et
829 4801 1470 4875 Constantiigpresbyteri
1513 4801 1715 4875 faltera,
1757 4807 1811 4861 in
1854 4801 2031 4864 fronte

454 4878 712 4934 iibrorum
744 4878 811 4931 de
863 4878 983 4931 Vita
1016 4877 1076 4931 S.
1118 4873 1388 4931 Germani.
1422 4874 1529 4930 Sed
1574 4884 1801 4948 uterque
1829 4878 2031 4935 Censu-

454 4951 591 5003 rium
622 4960 794 5005 vocat.

525 5018 555 5059 ι)
585 5022 659 5074 με
686 5019 805 5073 libri
836 5018 946 5083 fere
967 5032 1175 5081 omnes,
1200 5034 1304 5072 non
1322 5019 1505 5087 petatis
1529 5034 1547 5073 :
1577 5028 1635 5073 ut
1677 5020 1913 5075 carmine
1933 5020 2024 5086 25,

457 5089 676 5143 Usuram
710 5091 1041 5159 petimurque,
1091 5088 1467 5161 reddimusque.
1505 5089 1777 5144 Canonem
1808 5094 2022 5161 proprie

452 5162 587 5213 dixit
615 5162 948 5229 pensionem,
981 5176 1101 5229 quae
1130 5160 1355 5215 debetur
1390 5174 1455 5213 ex
1482 5161 1680 5229 praedio
1704 5160 2018 5231 emphyteu-

452 5234 576 5294 tico,
603 5236 928 5307 ξμφυτευτξῶν
975 5246 1189 5307 mu_nu_s,
1239 5245 1480 5307 onusque
1639 5240 1731 5307 ’γῆν
1752 5242 2015 5307 γεωργεῖν,

450 5301 696 5362 καὶτέλοξ
731 5304 1003 5373 παρέχειν.
1057 5301 1185 5355 inde
1213 5302 1561 5367 canonicarii,
1611 5303 1703 5371 qui
1756 5301 2017 5359 can'o'nem

450 5373 718 5441 publicum
751 5372 989 5441 exigunt.

522 5454 545 5482 ε
590 5444 807 5498 Incerta:
836 5441 976 5496 sedis
1006 5442 1277 5511 episcopo.
1310 5441 1440 5495 Nam
1475 5442 1827 5499 Tornacensis
1858 5444 2018 5499 Eleu-

450 5515 654 5568 therius
694 5515 761 5568 de
789 5527 894 5581 quo
923 5512 1234 5581 quihusdam
1265 5514 1411 5566 venit
1433 5513 1485 5567 in
1516 5524 1769 5582 mentem,
1795 5515 2018 5570 Sidonio

445 5585 655 5639 videtur
674 5585 947 5653 aliquanto
980 5582 1143 5637 fuisse
1168 5583 1451 5652 posterior.

516 5654 545 5692 ιι
586 5656 852 5723 Episcopo
880 5653 1239 5724 Lugdunensi,
1268 5654 1332 5707 de
1362 5669 1468 5721 quo
1493 5655 1651 5723 epist.
1688 5655 1775 5721 l0,
1811 5656 1901 5710 lib.
1928 5673 1979 5711 xr
1998 5701 2012 5724 ,

445 5733 503 5780 et
532 5728 716 5781 ultima
761 5726 854 5779 lib.
902 5723 983 5779 iv.’
1006 5723 1053 5778 ls
1088 5734 1170 5778 est
1206 5724 1269 5777 ad
1300 5739 1457 5792 quem
1484 5723 1659 5778 Vitam
1684 5728 1738 5780 S.
1763 5723 2015 5781 Germani

444 5796 661 5860 scripsit
679 5797 1043 5864 Constantius,
1067 5796 1323 5865 cujusque
1352 5810 1548 5855 nomen
1569 5796 1706 5853 inter
1734 5796 1868 5852 alios
1904 5800 2017 5867 epi-

2125 5245 2242 5316 cet,
2274 5249 2431 5302 quem
2462 5232 2704 5301 Lugduni
2755 5232 2936 5287 sedem

2121 5320 2357 5360 ﬂlllmllS.

2077 4730 2120 4739 ”
2139 4752 2334 4808 scopos
2361 4736 2413 4791 in
2441 4736 2682 4808 epistolis
2713 4737 2895 4793 Fausti
2925 4752 2987 4792 ac
3015 4737 3223 4801 Lueidi,
3246 4746 3298 4791 et
3322 4738 3373 4792 in
3407 4739 3724 4808 martyrolo-

2176 4810 2247 4864 io.
2278 4808 2407 4862 Nam
2442 4822 2469 4859 a
2502 4807 2943 4877 Lugdunensibus
2967 4808 3079 4864 suis
3119 4809 3486 4864 anniversario
3515 4807 3603 4864 die
3631 4826 3747 4875 co-_

2162 4885 2265 4934 itur
2312 4894 2366 4932 Ill
2412 4879 2527 4933 idus
2558 4880 2919 4949 Septembres.
2978 4879 3144 4948 Hujus
3194 4895 3322 4934 vero
3358 4879 3563 4935 Sidonii
3605 4882 3722 4948 epi-

2136 4952 2289 5005 stola:
2312 4992 2327 5015 ,
2364 4949 2725 5019 Patientisque
2754 4952 2987 5021 episcopi
3034 4950 3721 5021 muniﬁcentim,mcminit

2137 5022 2424 5090 Gregorius
2462 5020 2665 5075 'l‘uron.
2701 5020 2799 5076 lib.
2844 5038 2891 5075 xi
2920 5062 2934 5086 ,
2965 5037 3014 5075 c.
3043 5022 3136 5075 24.
3169 5021 3268 5075 Ubi
3290 5037 3410 5076 cum
3443 5020 3635 5076 famem
3668 5023 3719 5077 in

2134 5092 2439 5161 Burgundia
2467 5103 2761 5161 grassatum
2790 5092 2999 5157 scribit,
3025 5093 3311 5146 confirmat
3355 5108 3535 5161 regem
3568 5109 3596 5144 a
3637 5094 3718 5148 Si-

2128 5164 2292 5218 dOnio
2334 5162 2769 5230 Burgundionum
2808 5162 3031 5286 intelligi
3065 5180 3077 5215 :
3127 5161 3537 5217 Gundobaldum
3572 5164 3719 5218 scili-

2128 5245 2242 5286 cet-
2274 5249 2431 5286 nuem
2462 5232 2704 5286 Lugduni
2755 5232 2936 5286 sedem
3006 5232 3239 5286 rubuisse
3280 5233 3386 5286 iam
3436 5245 3560 5286 ante
3603 5251 3719 5286 me-

3006 5232 3239 5289 tabuisse
3275 5233 3386 5304 jam
3436 5245 3560 5289 ante
3603 5251 3719 5289 mc-

2203 5386 2225 5413 ε
2268 5376 2610 5430 Arianorum.
2666 5372 2777 5427 Hoc
2807 5374 2949 5428 enim
2992 5385 3146 5429 erant
3177 5373 3609 5445 Burgundiones,
3662 5377 3714 5430 in

2124 5446 2317 5515 quibus
2343 5447 2409 5498 ad
2443 5454 2643 5499 rectam
2688 5445 2843 5498 fidem
2894 5446 3241 5501 traducendis
3283 5447 3558 5501 laborabat
3611 5446 3713 5500 Pa-

2126 5514 2282 5571 tiens.
2302 5516 2660 5582 Paulianistae,
2688 5514 3013 5579 Phatiniani,
3043 5517 3347 5585 Bonosiaci,
3380 5517 3479 5572 etsi
3503 5518 3712 5586 aliqua-

2123 5597 2277 5641 tenus
2308 5587 2545 5640 diversos
2570 5628 2585 5653 ,
2620 5597 2873 5653 cognatos
2896 5598 3071 5643 tamen
3094 5603 3225 5642 cum
3249 5589 3464 5643 Arianis
3495 5603 3712 5642 errores

2118 5658 2306 5782 sectati
2334 5664 2501 5726 sunt,
2535 5665 2791 5713 mternam
2834 5656 3051 5715 Christo
3088 5660 3491 5729 generationem
3526 5658 3708 5713 detra-

2138 5738 2322 5783 lentes.

2138 5743 2322 5785 tentes.
