4072 6348
460 330 561 387 563

1728 321 1971 378 διυοΝιι
2011 297 2466 377 AI‘OLLINARIS

3244 240 3291 247 νς-

3636 307 3753 369 564

461 444 643 500 videor
670 444 951 515 explesse,
998 456 1066 497 ex
1095 439 1270 512 legato
1311 438 1531 495 nuntius
1560 452 1675 492 ero.
1723 436 1867 492 ilicet
1903 438 2047 492 scias
2073 439 2125 499 Α
2151 437 2314 499 mala,
2345 437 2517 491 bonus
2550 432 2823 497 sacerdos,
2850 432 3025 487 bonus
3048 438 3224 501 pater,
3253 428 3423 485 bonus
3444 442 3619 485 annus
3642 444 3699 486 es
3728 442 3750 483 :

460 537 608 601 Volo,
663 551 760 604 per
802 548 1014 590 omnem
1059 532 1226 587 fertur
1274 530 1614 602 Aquitaniam
1672 529 1841 600 gloria
1900 538 2035 583 tua:

460 630 655 687 amaris
683 673 697 696 ,
755 628 1019 692 laudaris,
1069 624 1395 681 desideraris
1421 669 1437 694 ,
1468 625 1763 689 excoleris,
1805 622 2044 678 omnium

460 725 764 795 pectoribus
794 766 808 790 ,
858 720 1098 776 omnium
1150 720 1311 774 votis.
1380 719 1522 773 Inter
1578 719 1691 772 haec
1746 728 2044 786 temporum

2149 530 2341 602 quibus
2374 544 2552 598 Operae
2587 528 2813 598 pretium
2859 526 2989 592 fuit,
3021 526 3136 580 fieri
3179 526 3371 580 famem
3404 539 3555 579 suam
3606 524 3754 593 peri-

2153 623 2273 677 culo
2298 662 2312 688 ,
2348 621 2393 677 si
2430 621 2585 675 aliter
2616 634 2735 675 esse
2783 634 2890 673 non
2922 626 3133 687 poterat
3170 626 3257 671 tua
3288 616 3505 686 largitas
3535 616 3754 685 experi-

2158 722 2358 768 mento.
2394 713 2595 766 Memor
2626 711 2796 765 nostri
2826 724 2948 764 esse
2976 709 3232 781 dignare,
3265 708 3483 763 domine
3512 723 3674 778 papa.

464 839 3742 879 _________________.___________.______._________

1401 959 1879 1070 LIBER
1954 954 2793 1067 SEPTIMUS.

870 1151 1021 1223 171
1066 1144 1398 1203 EPISTULA
1441 1144 1685 1199 PRIMA.

636 1265 884 1321 Sidonius
908 1264 1113 1317 domino
1136 1271 1161 1299 ἰ
1193 1276 1339 1333 papae
1369 1258 1621 1313 Mamerto
1648 1258 1885 1312 salutem.

536 1422 739 1477 Rumor
760 1429 844 1476 est
877 1420 1080 1477 Gothos
1110 1420 1161 1474 in
1206 1419 1507 1474 Romanum
1536 1418 1711 1471 solum
1739 1424 1914 1471 castra
1944 1430 2053 1469 mo-

465 1516 626 1571 visse.
686 1515 822 1569 llnic
875 1528 1089 1582 semper
1134 1511 1417 1581 irruptioni
1462 1525 1559 1564 nos
1604 1509 1786 1564 miseri
1827 1508 2055 1563 Arverni

465 1609 629 1678 janua
660 1622 863 1662 sumus.
918 1606 1156 1675 Namque
1190 1604 1327 1659 odiis
1374 1603 1713 1657 inimicorum
1748 1600 1869 1655 hinc
1899 1613 2056 1669 pecu-

466 1701 617 1756 liaria
649 1700 882 1755 fomenta
925 1698 1414 1763 subministramus,
1470 1696 1591 1766 quia
1639 1695 1778 1765 quod
1827 1695 2054 1749 necdum

468 1793 727 1847 terminos
757 1808 883 1847 suos
911 1793 979 1845 ab
1006 1792 1219 1847 Oceano
1250 1790 1638 1844 inRhodannm
1667 1788 1870 1859 Ligeris
1900 1787 2054 1841 alveo

469 1885 852 1952 limitaverunt,
880 1886 1169 1955 solamjsub
1196 1900 1295 1954 ope
1320 1883 1518 1938 Christi
1545 1898 1747 1937 moram
1776 1884 1842 1938 de
1870 1893 2051 1938 nostra

469 1988 673 2034 tantum
719 1980 872 2033 obice
905 1980 1196 2048 patiuntur.
1230 1978 1706 2047 Circumjactarum
1740 1979 1894 2049 172
1924 1993 2053 2033 vero

2174 1142 2304 1195 tides
2335 1154 2433 1194 tua-
2453 1142 2504 1195 in
2537 1140 2627 1194 illo
2659 1139 2849 1194 ardore
2889 1138 3009 1208 plus
3048 1136 3210 1193 caluit
3253 1153 3266 1189 :
3307 1145 3503 1191 etcum
3536 1138 3589 1191 in
3618 1152 3723 1193 con
3748 1166 3762 1182 ι

2160 1242 2344 1303 spectu
2376 1232 2582 1301 pavida:
2616 1230 2816 1299 plebis,
2853 1230 3065 1298 objectu
3098 1229 3212 1283 solo
3244 1229 3317 1283 lui
3342 1230 3588 1299 corporis
3617 1231 3762 1300 ignis

2158 1340 2409 1381 recussus
2435 1325 2485 1378 in
2512 1334 2715 1395 tergum
2739 1322 2977 1392 fugitivis
3005 1321 3232 1376 flexibus
3266 1323 3570 1375 sinuaretur
3596 1366 3609 1388 ,
3655 1324 3761 1377 mi-

2157 1418 2342 1473 raculo
2373 1416 2621 1481 terribili,
2658 1430 2816 1484 novo,
2851 1414 3125 1480 inusitato,
3152 1414 3315 1468 adfuit
3346 1415 3501 1485 1'73
3525 1415 3763 1472 "animus

2159 1512 2351 1567 cedere
2383 1526 2479 1581 per
2500 1510 2892 1572 reverentiam,
2922 1510 3005 1562 cui
3038 1507 3237 1562 sentire
3252 1507 3442 1575 ,defuit
3472 1523 3568 1577 per
3604 1522 3763 1564 natu-

2162 1619 2299 1660 ram.
2334 1602 2569 1658 Primum
2615 1602 2773 1672 igitur
2800 1609 2853 1655 et
2881 1601 2947 1655 iis
2978 1601 3159 1669 paucis
3186 1600 3357 1654 nostri
3391 1601 3597 1655 ordinis
3628 1601 3763 1657 viris

2163 1699 2353 1753 indicis
2376 1698 2598 1768 jejunia,
2626 1696 2903 1751 interdicis
2928 1694 3145 1763 ﬂagitia,
3179 1693 3440 1764 supplicia
3473 1694 3753 1763 prcedicis,

2160 1791 2397 1847 remedia
2439 1790 2707 1859 promittis
2748 1804 2763 1843 :
2814 1788 3039 1856 exponis
3078 1786 3324 1843 omnibus
3350 1828 3365 1853 ,
3409 1802 3507 1841 nec
3537 1802 3758 1857 ptrnam

2158 1882 2499 1954 longinquam
2544 1896 2663 1936 esse
2685 1922 2698 1947 ,
2733 1896 2830 1935 nec
2861 1880 3101 1943 veniam;
3133 1878 3296 1933 doces
3317 1878 3644 1933 denuntiatae
3669 1893 3763 1933 so-

2163 1977 2404 2032 litudinis
2433 1976 2606 2030 minas
2633 1975 2936 2029 orationum
2992 1974 3291 2043 frequentia
3336 1987 3456 2027 esse
3502 1972 3764 2028 amolien-n

467 2073 636 2141 spatia
661 2112 675 2137 ,
708 2080 1040 2141 tractumque
1075 2073 1353 2140 regionum
1381 2071 1490 2140 jam
1524 2071 1729 2139 pridem
1780 2042 1927 2140 reg—ni
1960 2071 2059 2124 mi-
2089 2042 2135 2102 Β
2173 2071 2297 2135 das;
2342 2085 2530 2126 mones
2552 2068 2917 2122 assiduitatem
2947 2042 3173 2121 furentis
3202 2066 3465 2132 incendii,
3499 2081 3634 2136 aqua
3666 2080 3764 2135 ρος

444 2152 614 2221 τιθεὶς
660 2164 968 2234 importuna
1018 2164 1295 2218 devoravit
1338 2163 1639 2231 impressio.
1673 2162 1776 2217 Sed
1807 2162 2065 2216 animosi-

466 2258 561 2312 fati
592 2266 793 2313 nostras
822 2268 929 2312 tam
966 2255 1292 2319 temerariae,
1327 2263 1545 2324 tamque
1575 2256 1922 2325 periculosae,
1954 2270 2061 2309 non

472 2364 572 2407 nos
595 2357 688 2404 aut
714 2350 1015 2405 ambustam
1045 2364 1323 2403 murorum
1356 2347 1573 2414 faciem,
1608 2358 1698 2402 aut
1731 2358 1940 2417 putrem
1972 2364 2065 2403 su-

472 2442 623 2497 dium
666 2451 897 2506 cratem,
932 2451 1023 2495 aut
1056 2441 1455 2512 propugnacula
1486 2441 1704 2511 vigilum
1730 2443 1851 2496 trita
1885 2450 2067 2511 pecto-

470 2536 618 2591 ribus
648 2535 969 2590 confidimus
986 2535 1345 2603 Opitulatura:
1380 2534 1497 2589 solo
1530 2544 1706 2588 tamen
1731 2534 2063 2588 invectarum

480 2638 531 2685 te
552 2638 772 2684 auctore
802 2628 1136 2697 rogationum
1169 2628 1450 2697 palpamur
1480 2627 1679 2680 auxilio
1714 2643 1726 2680 :
1757 2626 1951 2696 quibus
1982 2627 2063 2681 in-

473 2721 736 2777 choandis
761 2720 1249 2790 instituendisqueb
1269 2721 1497 2791 populus
1510 2721 1804 2785 Arvernus,
1821 2720 1929 2773 etsi
1959 2734 2065 2774 non

476 2816 672 2871 effectu
703 2816 840 2885 pari,
889 2814 1083 2870 affectu
1110 2821 1260 2869 certe
1284 2828 1388 2867 non
1420 2812 1609 2882 impari
1640 2812 1801 2880 ccepit
1842 2810 2061 2879 initiari,

471 2919 523 2967 et
562 2908 630 2964 ob
680 2909 781 2963 hoc
811 2906 1153 2964 circumfusis
1180 2906 1410 2961 necdum
1445 2904 1536 2959 dat
1566 2913 1712 2973 terga
1744 2903 2063 2960 terroribus.

470 2998 582 3057 Non
610 2999 752 3056 enim
783 3000 913 3055 latet
950 3008 1187 3053 nostram
1220 2998 1641 3053 sciscitationem
1662 3038 1676 3062 ,
1713 2997 1900 3065 primis
1933 3004 2064 3049 tem-

471 3093 689 3161 poribus
705 3092 961 3147 harumce
978 3091 1429 3161 supplicationum
1460 3090 1853 3153 institutarum,
1874 3088 2063 3143 civitas

473 3187 686 3242 coalitus
718 3186 814 3239 tibi
844 3184 1047 3239 credita
1079 3198 1172 3250 per
1210 3180 1511 3250 cujusmodi
1562 3180 1927 3249 prodigiorum
1959 3189 2065 3234 ter—

473 3278 821 3335 riculamenta
850 3275 1194 3329 vacuabatur.
1227 3274 1357 3325 Nam
1384 3270 1543 3325 modo
1564 3278 1777 3326 cscena:
1807 3272 2063 3326 mtenium

474 3370 804 3441 publicorum
854 3368 1061 3421 crebris
1107 3374 1264 3419 terra:
1304 3362 1539 3418 motibus
1579 3363 2060 3431 concutiebantur;

2176 2163 2278 2217 tius
2305 2163 2581 2217 oculorum
2610 2174 2767 2229 quam
2810 2158 3088 2213 ﬂuminum
3118 2172 3277 2228 posse
3317 2157 3605 2227 restingui;
3641 2171 3763 2212 ητα-ι

2175 2272 2270 2311 nes
2310 2256 2572 2310 minacem
2631 2264 2788 2308 terra:
2842 2262 3083 2307 motuum
3130 2251 3578 2307 conﬂictationem
3637 2250 3763 2312 fidei

2172 2347 2457 2402 stabilitate
2487 2345 2817 2400 firmandam.
2852 2344 3015 2414 Cujus
3039 2343 3320 2399 confestim
3352 2360 3552 2416 sequax
3582 2345 3763 2399 humi-

2173 2441 2239 2496 lis
2275 2442 2426 2495 torba
2456 2440 2662 2495 consilii
2695 2485 2706 2505 ,
2740 2438 3033 2508 majoribus
3060 2453 3274 2510 quoque
3304 2441 3414 2496 suis
3448 2442 3547 2511 fuit
3572 2416 3763 2495 ibt-ita-

2172 2542 2371 2599 mento,
2404 2548 2541 2603 quos
2584 2548 2702 2587 cum
2751 2547 2858 2585 non
2907 2532 3166 2601 piguisset
3196 2533 3399 2602 fugere,
3434 2533 3615 2589 redire
3653 2549 3762 2590 non

2173 2626 2380 2696 puduit.
2412 2626 2525 2694 Qua
2557 2624 2846 2679 devotione
2872 2624 3113 2693 placatus
3154 2626 3426 2695 inspector
3456 2634 3761 2695 pectorum,

2172 2720 2330 2783 Dens,
2366 2719 2492 2775 fecit
2518 2734 2639 2774 esse
2669 2717 3091 2773 obsecrationem
3120 2727 3353 2773 vestram
3385 2718 3536 2772 vobis
3560 2717 3755 2784 saluti,

2170 2814 2379 2869 caneris
2424 2812 2743 2877 imitationi,
2786 2813 3026 2881 utrisque
3067 2810 3339 2879 praesidio.
3389 2810 3629 2881 Denique
3652 2810 3763 2868 illic

2168 2906 2420 2975 deinceps
2450 2922 2555 2960 non
2587 2905 2735 2961 fuere
2763 2906 2846 2961 vel
2879 2906 3071 2961 damna
3096 2906 3412 2973 calamitati,
3441 2906 3527 2960 vel
3552 2913 3763 2961 ostenta

2173 2999 2464 3054 formidini.
2497 2999 2625 3066 Quae
2664 2999 2843 3053 omnia
2891 2998 3069 3053 sciens
3100 2998 3328 3068 populus
3359 2998 3459 3053 iste
3488 2998 3763 3053 Viennen~

2169 3092 2317 3147 sibus
2350 3091 2451 3145 tuis
2480 3100 2533 3147 et
2560 3090 2818 3146 accidisse
2845 3092 3013 3160 prius,
3049 3098 3102 3145 et
3135 3106 3240 3144 non
3264 3090 3557 3145 accessisse
3581 3099 3762 3159 poste-

2168 3184 2299 3248 rius,
2346 3183 2568 3253 vestigia
2615 3192 2721 3236 tam
2780 3190 3143 3237 sacrosanctae
3200 3180 3596 3236 informationis
3649 3196 3763 3235 am-

2171 3276 2418 3345 plectitur
2434 3318 2448 3343 ,
2469 3275 2658 3331 sedulo
2685 3285 2893 3344 petens,
2916 3284 2974 3329 ut
3002 3276 3345 3329 conscientim
3364 3284 3466 3328 ture
3488 3273 3762 3328 beatitudo

2170 3368 2343 3421 mittat
2366 3367 2663 3422 orationum
2701 3382 2918 3421 suarum
2947 3366 3198 3436 suffragia
3233 3408 3248 3433 ,
3300 3365 3491 3434 quibus
3518 3365 3763 3435 exempla

474 3476 611 3516 nunc
644 3460 793 3529 ignes
826 3473 969 3526 saepe
996 3454 1248 3511 flammati
1277 3454 1508 3509 caducas
1537 3452 1830 3509 culminum
1870 3454 2061 3510 cristas
2093 3426 2139 3489 Ο
2174 3460 2488 3516 transmisit.
2511 3460 2573 3513 Et
2597 3460 2719 3529 quia
2746 3459 2839 3514 tibi
2870 3460 2971 3513 soli
2998 3474 3251 3515 concessa
3277 3465 3379 3524 est,
3404 3457 3762 3527 postjavorum

474 3551 778 3621 superjecto
824 3547 1131 3603 favillarum
1184 3553 1366 3601 monte
1398 3544 1759 3611 tumulabant;
1789 3560 1930 3600 nunc
1956 3557 2061 3600 stu-

476 3645 645 3716 penda
702 3644 818 3698 foro
862 3640 1057 3697 cubilia
1099 3639 1439 3695 collocabant
1486 3639 1770 3694 audacium
1818 3634 2116 3708 pavenda]

477 3734 827 3792 mansuetudo
868 3747 1153 3789 cervorum
1198 3749 1213 3786 :
1261 3747 1382 3787 cum
1438 3742 1491 3787 tu
1518 3731 1659 3787 inter
1689 3732 1787 3786 ista
1818 3730 2059 3787 discessu

478 3833 768 3899 primorum
811 3826 1255 3897 populariumque
1295 3833 1438 3881 statu
1468 3826 1616 3881 urbis
1658 3826 1955 3887 exinanito.
1990 3828 2055 3880 ad

477 3937 615 3975 nova
644 3921 789 3976 celer
821 3928 1062 3975 veterum
1087 3919 1437 3974 Ninivitarum
1464 3921 1726 3988 exempla
1758 3919 2066 3987 decurristi,

483 4030 553 4070 ne
584 4014 778 4069 divinae
807 4013 1161 4069 admonitioni
1193 4024 1279 4068 tua
1312 4027 1525 4083 quoque
1547 4012 1852 4083 desperatio
1886 4014 2071 4068 convi-

478 4111 727 4165 ciaretur.
784 4109 851 4163 Et
895 4123 1022 4164 vere
1074 4109 1184 4177 jam
1228 4108 1296 4163 de
1334 4106 1445 4162 Deo
1499 4115 1554 4161 tu
1603 4108 1828 4162 minime
1860 4116 2072 4175 poteras

478 4203 678 4271 absque
702 4210 926 4270 peccato
963 4209 1085 4269 post
1120 4200 1378 4253 virtutum
1400 4200 1769 4267 experimenta
1793 4199 2066 4256 diffldere.

478 4296 611 4349 Nam
643 4309 763 4349 cum
793 4294 907 4347 vice
946 4292 1170 4360 quadam
1201 4292 1387 4345 civitas
1423 4291 1757 4360 conﬂagrare
1798 4295 2072 4361 cmpisset.

554 4419 578 4446 ιι
620 4409 885 4477 Episcopo
932 4407 1257 4477 Viennensi,
1307 4406 1372 4458 de
1408 4422 1513 4477 quo
1548 4420 1729 4476 supra.
1777 4407 2066 4464 Mamertus

482 4480 645 4535 etiam
670 4475 869 4532 dicitur
898 4478 965 4531 ab
994 4476 1176 4529 Hilaro
1222 4490 1352 4543 papa
1383 4483 1437 4528 et
1466 4475 1686 4543 Lucido,
1716 4478 1892 4537 Avito.
1937 4478 2069 4532 Gre-

484 4550 632 4616 gorio
662 4548 932 4603 Turon.et
961 4547 1099 4600 aliis.
1120 4545 1221 4612 Qui
1241 4544 1554 4599 Mamertum
1587 4548 1846 4611 scribunt,
1866 4565 1893 4602 a
1919 4550 2067 4604 libris

485 4615 713 4688 antiquis
746 4618 1028 4673 discedunt
1080 4626 1133 4669 et
1181 4631 1209 4668 ει
1260 4615 1407 4669 vocis
1448 4616 1674 4684 origine.
1709 4618 1838 4672 Nam
1883 4635 1911 4673 a
1959 4620 2068 4673 Ma-

488 4687 660 4744 merte
694 4690 984 4743 Mamertus
1013 4687 1234 4750 dicitur,
1264 4696 1318 4740 et
1346 4703 1373 4741 a
1406 4687 1662 4741 Mamerto
1696 4690 2060 4753 Mamertinus,

488 4774 605 4829 non!
640 4758 1010 4814 Mamercinus.
1056 4756 1190 4812 Cum
1236 4759 1334 4811 hac
1376 4770 1552 4812 autem
1599 4760 1820 4827 epistola
1852 4776 2066 4830 campa-

2173 3551 2484 3606 memoriam
2512 3591 2525 3614 ,
2572 3550 2651 3604 vel
2695 3549 3059 3606 confessorem
3091 3546 3119 3585 ά
3162 3548 3501 3605 Ambrosium
3530 3547 3760 3601 duorum

2171 3653 2464 3714 martyrum
2520 3651 2846 3712 repertorem
2874 3685 2888 3709 ,
2938 3643 2989 3695 in
3034 3641 3272 3711 partibus
3329 3641 3475 3695 orbis
3510 3639 3757 3717 occidui,

2169 3738 2419 3807 martyris
2447 3745 2471 3773 ο
2502 3729 2740 3791 Ferreoli
2793 3734 2967 3790 solida
3000 3734 3276 3788 translatio
3301 3775 3316 3801 ,
3350 3734 3559 3803 adjecto
3587 3731 3760 3787 nostri

2170 3832 2345 3902 capite
2370 3830 2600 3895 Iuliani,
2634 3829 2777 3897 quod
2816 3829 2973 3883 istinc
3001 3828 3306 3883 turbulento
3335 3826 3605 3897 quondam
3637 3840 3762 3895 per-

2174 3927 2406 3980 secutori
2452 3940 2641 3979 manus
2672 3923 2856 3978 retulit
2894 3932 3114 3977 cruenta
3145 3922 3413 3977 carnificis
3448 3939 3461 3973 :
3491 3934 3598 3975 non
3628 3919 3762 3987 inju-

2174 4018 2310 4074 rium
2359 4026 2440 4072 est
2463 4060 2478 4084 ,
2510 4016 2648 4088 quod
2679 4031 2776 4087 pro
2813 4015 3252 4085 compensatione
3290 4012 3660 4082 deposcimus,
3705 4018 3764 4065 ut

2180 4112 2331 4165 nobis
2362 4110 2485 4165 inde
2515 4110 2688 4163 veniat
2727 4123 2853 4178 pars
2894 4108 3173 4178 patrocinii
3206 4149 3218 4172 ,
3249 4108 3371 4176 quia
3418 4104 3577 4177 174
3616 4104 3765 4161 vobis

2182 4208 2304 4259 hinc
2332 4205 2487 4259 rediit
2517 4219 2639 4273 pars
2667 4204 2894 4273 patroni.
2929 4203 3134 4258 Memor
3163 4201 3329 4256 nostri
3360 4215 3478 4255 esse
3503 4199 3723 4269 dignare
3745 4236 3763 4265 ,

2179 4299 2394 4354 domine
2418 4313 2570 4368 papa.

2180 4413 2355 4466 Alium
2393 4413 2591 4477 quidem
2640 4410 2877 4463 tubarum
2917 4426 3074 4463 sonus
3114 4418 3161 4463 et
3206 4410 3445 4479 strepitus
3484 4422 3765 4461 armorum»

2176 4484 2337 4535 alium
2377 4483 2612 4550 quaedam
2652 4482 2897 4548 triumphi
2939 4496 3088 4533 scena
3125 4481 3373 4533 deterreat
3412 4496 3432 4533 .'
3460 4492 3765 4548 quanquam

2177 4570 2236 4607 ea
2261 4569 2361 4606 vox
2398 4564 2595 4606 temere
2628 4552 2824 4604 omiesa
2858 4562 2937 4606 est
2969 4552 3022 4605 in
3056 4550 3303 4617 vulgatis.

2249 4622 2271 4659 ἀ
2308 4624 2382 4677 De
2413 4624 2655 4691 reliquiis
2688 4620 2781 4677 SS.
2812 4621 3052 4677 Gervasii
3103 4631 3159 4677 et
3185 4621 3413 4676 Protasii
3444 4622 3512 4675 ab
3538 4620 3767 4691 Ambro-

2176 4696 2255 4747 sio
2286 4690 2569 4749 Mediolani
2601 4699 2847 4761 repertis,
2899 4693 3213 4747 Ambrosius
3262 4694 3375 4761 ipse
3410 4693 3567 4760 epist.
3620 4690 3685 4744 i5
3711 4700 3765 4743 et

2187 4780 2435 4820 sermone
2464 4765 2525 4819 91
2551 4781 2563 4827 ;
2591 4764 2914 4831 Augustinus
2946 4781 2996 4819 Ix
3020 4762 3455 4821 Confessionum.
3480 4771 3535 4816 et
3564 4776 3678 4814 xxn
3702 4761 3768 4814 de

486 4831 654 4906 randa
678 4840 758 4906 est
780 4830 1124 4906 AlcimiAviti
1160 4830 1371 4906 ltomilia
1393 4830 1895 4906 deiiogationibus,
1920 4834 2071 4902 cujus
2099 4830 2151 4889 D
2176 4835 2432 4902 Civitate;
2458 4830 2746 4906 Gregorius
2767 4834 2970 4889 Turon.
2989 4835 3057 4890 de
3076 4832 3256 4889 Gloria
3275 4842 3592 4905 martyrum,
3614 4831 3707 4886 lib.
3724 4846 3763 4894 ι,

490 4904 691 4963 mentio
730 4900 867 4956 facta
900 4910 982 4955 est
1011 4900 1075 4953 ad
1102 4899 1259 4968 epist.
1312 4902 1378 4955 Μ
1401 4944 1413 4966 ,
1451 4900 1543 4953 ὶίΙ).
1574 4917 1623 4954 v.
1658 4903 1804 4959 Sunt
1834 4899 2075 4959 enim'nt

422 4984 423 4987 ‘
489 4982 825 5041 argumento,
856 4972 935 5026 sic
962 4980 1068 5025 tota
1102 4973 1421 5025 narrationis
1452 4974 1591 5026 serie
1620 4974 1923 5028 simillimm.

444 5044 453 5058 '
556 5043 585 5083 δ
618 5044 860 5098 Mamerti
910 5041 1233 5109 Rogationes
1264 5058 1384 5112 quae.
1421 5042 1630 5097 Domini
1682 5048 2066 5100 Ascensionem

488 5115 830 5187 antecedunt,
865 5112 1055 5167 imitati
1081 5122 1205 5187 sunt
1228 5130 1332 5168 non
1359 5114 1531 5187 solum
1563 5116 1723 5170 vieini
1746 5118 1928 5187 populi
1952 5117 2069 5171 Gal-

491 5188 592 5249 li:e,
621 5194 677 5238 ut
705 5186 791 5240 hic
823 5187 969 5239 locus
985 5184 1285 5238 ostenditet
1304 5186 1587 5239 concilium
1609 5203 1637 5238 v
1656 5184 2061 5254 Aurelianense,

490 5270 671 5310 verum
703 5256 864 5310 etiam
907 5261 1117 5327 Cretera:
1166 5257 1430 5322 nationes,
1482 5268 1641 5327 atque
1689 5259 1801 5327 ipsa
1846 5260 2059 5313 tandem

490 5326 679 5392 lioma,
726 5327 920 5381 Leonis
947 5326 1014 5380 Ill
1058 5327 1392 5392 auctoritate,
1444 5338 1499 5380 nt
1543 5328 1737 5383 docent
1787 5330 2059 5385 ritualium

489 5397 752 5471 librorum
768 5408 1033 5471 auctores.
1064 5396 1189 5471 ideo
1216 5396 1451 5471 litaniam
1474 5398 1799 5456 Gallicanam
1827 5401 2060 5471 appella-

490 5477 636 5536 runt,
666 5469 791 5540 quia
821 5468 936 5540 ejus
968 5468 1228 5540 institutio
1257 5484 1287 5523 e
1318 5469 1507 5539 Gallia,
1541 5480 1593 5525 et
1624 5468 2062 5527 litaniam'ntino-

490 5554 628 5607 rem,
675 5538 731 5594 ut
760 5556 787 5593 a
835 5539 1039 5608 majore
1082 5538 1501 5610 distinguerent,
1556 5558 1672 5611 quae
1701 5560 1771 5597 vn
1817 5543 2069 5598 calendas

490 5611 614 5667 Maii
641 5611 965 5667 celebratur.

564 5694 588 5723 ο
619 5686 723 5754 71
768 5682 956 5737 Facies
1004 5683 1276 5737 exterior:
1308 5684 1525 5738 ductum
1565 5701 1597 5739 a
1645 5700 1802 5741 scena
1849 5687 2065 5741 theatri.

488 5750 580 5809 Sic
616 5750 831 5809 see—nam
880 5755 1119 5823 corporis
1166 5754 1301 5808 dixit
1338 5755 1700 5811 Tertullianus
1747 5758 1811 5812 de
1859 5758 2067 5823 anima;

489 5835 705 5884 Icenam
731 5826 983 5894 triumphi
1003 5826 1291 5881 Eumenius
1323 5828 1375 5881 in
1397 5832 1715 5897 panegyrico
1739 5830 1801 5882 de
1828 5830 2031 5883 scholis
2056 5848 2067 5883 :

2180 4922 2297 4962 can.
2331 4911 2419 4961 47.

2266 4928 2297 4962 l.
2331 4928 2419 4961 4f.

2250 4928 2547 5033 LFerreoli
2595 4990 2789 5044 corpus
2835 4978 3098 5045 integrum
3149 4990 3267 5028 cum
3316 4973 3491 5041 Capite
3535 4972 3757 5045 Iuliani,

2178 5050 2319 5118 quod
2344 5052 2410 5103 ab
2443 5050 2696 5103 Arvernis
2718 5044 2977 5102 Viennam
3002 5046 3183 5118 fuerat
3205 5046 3447 5118 allatum,
3484 5044 3773 5118 Innn_i_l_iore

2176 5113 2405 5188 primum
2432 5122 2496 5174 ad
2514 5120 2758 5173 Rhodani
2794 5119 2964 5187 ripam
2998 5117 3214 5171 basilica
3231 5113 3737 5188 condiderantvien

2176 5184 2388 5247 nenses.
2418 5192 2705 5245 Mamertus
2742 5189 2795 5243 in
2825 5184 3140 5255 ampliorem
3173 5188 3455 5242 ecclesiam
3503 5201 3531 5239 a
3563 5200 3622 5255 se
3653 5184 3726 5237 ibi

2177 5263 2298 5319 dem
2328 5271 2689 5318 constructam
2734 5254 3029 5324 transtulit,
3073 5272 3193 5312 cum
3236 5258 3336 5312 hac
3376 5254 3768 5328 inscriptione:

2294 5377 2480 5426 Heroas
2502 5374 2675 5425 Christi
2698 5372 2920 5433 geminas
2943 5370 3050 5420 haec.
3071 5373 3294 5422 continet
3313 5371 3418 5421 aula

2301 5438 2542 5485 Julianum
2564 5436 2739 5497 capite,
2761 5446 2966 5495 corpore
2996 5433 3305 5483 Ferreolum.

2175 5545 2298 5598 llaec
2329 5542 2619 5605 Gregorius
2664 5540 2866 5593 Turon.
2904 5539 3043 5594 hunc
3088 5556 3303 5609 quoque
3337 5540 3541 5595 Sidonii
3590 5540 3772 5595 locum

2173 5616 2365 5678 citans,
2411 5613 2480 5666 de
2515 5612 2695 5666 Gloria
2744 5619 3037 5680 martyrum
3071 5612 3161 5665 lib.
3204 5627 3261 5677 ιι,
3313 5626 3433 5681 cap.
3463 5611 3517 5665 2.
3566 5609 3772 5663 Eadem

2176 5694 2473 5755 martyrum
2533 5685 2739 5751 lipsana
2798 5693 2915 5755 post
2972 5684 3350 5755 Seracenicam
3410 5682 3771 5755 direptionem

2174 5749 2480 5811 Wiliéarius
2513 5749 2899 5809 Viennensium
2951 5754 3131 5809 itidem
3183 5756 3499 5823 episcopus,
3533 5749 3775 5823 ’prOprio

2160 5830 2316 5885 'intra
2341 5826 2524 5884 urbem
2548 5826 2741 5897 templo
2771 5825 2981 5895 locavit,
3004 5834 3061 5880 ut
3085 5822 3247 5883 refert
3269 5822 3385 5882 Ado
3406 5842 3458 5882 Ill
3479 5822 3775 5881 Chronico.
