4072 6348
922 358 1257 425 Εριδτοω
1296 358 1355 419 ΙΙ,

577 503 829 561 Sidonius
854 501 1061 555 domino
1081 512 1227 567 papte
1255 494 1435 550 Graeco
1456 494 1689 549 salutem.

350 616 351 619 Ἰ
415 643 641 707 Oneras,
655 634 1179 695 consummatissrme
1196 633 1505 703 pontiﬁcum
1517 672 1531 695 ,
1548 628 1930 686 verecundiam

340 752 519 799 meam
552 731 841 791 multifaria
878 728 1035 785 laude
1066 726 1412 790 cumulando,
1448 727 1492 781 si
1521 724 1644 796 quid
1674 725 1815 796 stylo
1842 738 1935 779 ru-

343 834 577 895 sticante
630 839 955 898 peraravero
990 840 1007 878 :
1044 832 1202 893 atque
1258 821 1460 879 utinam
1520 827 1671 874 reatu
1728 826 1935 884 careat,

344 924 495 999 quod
517 921 730 995 apicum
761 917 994 987 primore
1016 928 1333 984 congressu,
1374 926 1677 984 quanquam
1709 911 1942 965 circum—

342 1018 611 1088 scriptus,
658 1009 868 1067 veritati
913 1002 1223 1061 resultantia
1260 1010 1439 1059 tamen
1481 1012 1534 1056 et
1569 1002 1780 1057 diversa
1812 1015 1942 1055 con-

346 1109 535 1169 nexui.
586 1101 903 1174 ignorantiae
948 1097 1210 1167 siquidem
1263 1110 1397 1149 meae
1437 1103 1461 1131 ι
1504 1092 1728 1149 callidus
1769 1092 1943 1147 viator

351 1199 629 1272 imposuit.
664 1195 796 1252 Nam
827 1192 951 1249 dum
990 1191 1165 1247 solum
1199 1188 1512 1244 mercatoris
1543 1186 1831 1258 praetendit
1865 1185 1945 1239 of-

352 1296 556 1361 ﬁcium,
593 1291 797 1347 litteras
823 1301 979 1345 meas.
1002 1285 1069 1341 ad
1110 1284 1350 1339 formatae
1403 1284 1599 1350 vicem,
1648 1282 1856 1337 scilicet
1887 1291 1946 1336 ut

358 1388 549 1450 lector,
585 1380 790 1448 elicuit,
819 1378 912 1435 sed
942 1390 1074 1447 quas
1103 1376 1334 1447 aliquam
1355 1376 1645 1446 gratiarum
1670 1374 1943 1429 actionem

350 1478 635 1545 continere
662 1472 953 1529 decuisset.
1000 1469 1259 1543 Namque,
1299 1476 1357 1523 ut
1380 1476 1503 1538 post
1532 1469 1795 1538 comperi,
1829 1468 1949 1538 plus

360 1566 769 1628 Massiliensium
798 1562 1129 1635 benignitate
1171 1561 1443 1633 profectus
1476 1569 1559 1616 est
1585 1575 1743 1629 quam
1773 1567 1947 1615 status

360 1662 465 1730 sui,
488 1675 585 1718 seu
618 1674 712 1729 per
735 1670 977 1723 censum,
1009 1670 1103 1711 seu
1126 1669 1220 1723 per
1250 1653 1507 1709 familiam
1539 1653 1709 1708 forma
1742 1661 1951 1723 patere-

1586 220 2073 307 Epts'rountm
2115 244 2243 300 LIB.
2292 246 2401 302 vn.

1957 363 2006 423 ι
2035 369 2385 428 aspernanter
2424 362 2743 418 resalutari.‘
2794 359 2964 431 Agere
3004 375 3123 419 cum
3169 364 3414 434 singulis,
3461 372 3622 435 prout

3509 245 3625 307 560

2038 452 2210 513 aetatis
2240 453 2377 509 ratio
2408 455 2770 524 permitteret;
2794 454 3107 525 grandaevos
3123 455 3621 527 obsequiis,acqu:e-

2040 558 2137 600 vos
2164 542 2354 601 officiis
2381 545 2651 616 obligare;
2700 545 3007 616 pudicitiam
3040 560 3149 617 prae
3178 546 3388 603 eteteris
3417 547 3626 605 sobrie-

2044 648 2314 709 talemque
2338 641 2531 696 sectari
2559 659 2571 695 :
2608 642 2748 712 quod
2774 653 2878 697 iam
2911 641 3235 699 laudandum
3267 643 3319 698 in
3346 642 3629 713 iuventute

2043 746 2201 801 quam
2232 748 2434 791 rarum.
2467 735 2831 790 Smnmatibns
2861 734 3134 806 deinceps,
3178 746 3234 792 et
3275 743 3402 793 tunc
3442 737 3632 793 comiti

2044 823 2267 892 civitati,
2316 841 2421 893 non
2471 827 2647 881 minus
2699 828 3007 898 opportuni,
3055 844 3216 899 quam
3258 828 3631 900 frequentibus

2045 908 2286 972 excubiis
2321 919 2561 988 agnosci,
2617 919 2974 985 innotescere,
3030 921 3474 987 familiarescere;
3526 922 3632 977 sic-

2046 1025 2153 1081 que
2198 1012 2314 1078 ejus
2362 1011 2414 1065 in
2464 1010 2580 1065 dies
2625 1011 2881 1068 sedulitas
2938 1013 3201 1082 majorum
3257 1012 3634 1071 sodalitatibus

2048 1104 2355 1176 promoveri
2388 1125 2398 1157 :
2436 1105 2615 1161 fovere
2655 1106 2778 1161 boni
2805 1108 3001 1178 quique
3026 1109 3267 1163 certatim
3288 1150 3301 1171 .
3343 1110 3482 1165 votis
3512 1122 3635 1164 om—

2051 1213 2166 1264 nes,
2203 1198 2414 1268 plurimi
2438 1197 2697 1263 consiliis,
2731 1197 2921 1267 privati
2945 1198 3119 1265 donis,
3151 1200 3327 1256 cuncti
3357 1200 3636 1259 beneﬁciis

2050 1292 2333 1363 adjuvare;
2366 1308 2567 1362 perque
2600 1292 2713 1346 haec
2744 1307 2869 1362 spes
2900 1308 3136 1362 opesque
3166 1292 3319 1347 istius
3365 1294 3523 1367 176
3550 1308 3638 1351 ra.

2053 1385 2203 1456 ptim,
2232 1385 2607 1455 saltuatimque
2640 1384 2927 1439 cumulari.
2958 1384 3118 1439 Forte
3149 1385 3343 1441 accidit
3375 1393 3432 1440 ut
3458 1385 3638 1441 diver-

2052 1477 2196 1532 SUI‘iO
2222 1478 2305 1530 cui
2330 1477 2441 1545 ipse
2466 1487 2821 1543 successerat,
2850 1476 3091 1546 quaedam
3113 1476 3308 1533 femina
3330 1494 3435 1533 non
3461 1479 3641 1538 minus

2052 1583 2215 1623 censu
2247 1584 2404 1639 quam
2436 1569 2674 1624 tuoribus
2707 1569 2897 1625 idonea
2941 1569 3309 1623 vicinaretur:
3345 1570 3498 1639 cujus
3532 1570 3644 1628 lilia

2057 1661 2295 1717 infantiae
2339 1660 2448 1729 jam
2499 1659 2825 1730 temporibus
2873 1660 3133 1726 emensis,
3180 1659 3411 1716 necdum
3460 1671 3645 1717 tamen

365 1764 471 1813 tur.
511 1753 642 1820 Quae
674 1759 853 1805 tamen
886 1756 943 1804 ut
968 1755 1116 1819 gesta
1164 1756 1311 1813 sunt,
1366 1746 1410 1800 si
1454 1745 1719 1816 quispiam
1758 1744 1949 1815 dignus
1980 1750 2027 1810 Β
2057 1750 2327 1806 nubilibus
2378 1753 2533 1805 annis
2574 1752 3055 1822 appropinquabat.
3112 1751 3244 1806 lluic
3289 1752 3375 1808 hic
3416 1752 3646 1808 blandus

363 1848 564 1904 relator
598 1844 903 1908 evolveret,
952 1844 1145 1898 ﬁerent
1186 1840 1420 1910 jucunda
1472 1848 1792 1894 memoratu.
1844 1837 1949 1893 Sed

360 1938 618 2013 quoniam
644 1935 844 2003 jubetis
866 1932 1026 2002 ‘ipse,
1084 1940 1143 1985 ut
1184 1930 1386 2001 aliquid
1420 1930 1572 1984 vobis
1604 1944 1631 1983 a
1661 1944 1748 1985 me
1770 1930 1949 1984 laetum

362 2034 751 2103 cOpiosumque
800 2028 987 2105 pagina
1035 2025 1214 2092 ferat;
1270 2025 1392 2079 date
1435 2026 1664 2089 veniam,
1726 2024 1770 2078 si
1817 2023 1953 2079 hanc

364 2128 536 2197 ipsam
571 2120 835 2178 tabellarii
868 2112 1034 2175 austri
1066 2118 1485 2189 hospitalitatem
1510 2117 1737 2183 comicis
1752 2118 1953 2173 salibus

364 2216 806 2289 comparandam,
861 2214 1006 2268 salva
1058 2221 1356 2267 vestrarum
1414 2212 1622 2266 aurium
1665 2211 1954 2267 severitate

369 2312 818 2386 perstringamus;
870 2323 936 2363 ne
979 2306 1218 2363 secundo
1270 2305 1600 2360 insinuatum
1659 2320 1765 2359 non
1814 2319 1954 2359 nunc

374 2407 600 2478 primum
631 2416 794 2458 nosse
818 2400 1113 2456 videamur.
1146 2398 1316 2454 Simul
1344 2408 1397 2453 et
1428 2398 1472 2452 si
1498 2398 1662 2453 moris
1684 2407 1765 2453 est
1796 2413 1953 2469 regu-

373 2499 566 2563 larum,
607 2506 662 2550 ιιι
691 2510 757 2552 ex
792 2492 1015 2548 materia
1046 2491 1192 2546 omni
1234 2499 1561 2560 usurpentur
1590 2490 1847 2560 principia
1878 2489 1958 2543 di-

370 2591 547 2657 cendi,
594 2605 690 2644 cur
730 2588 813 2641 hic
842 2601 1054 2658 quoque
1081 2584 1436 2655 quodetinque
1466 2582 1597 2638 mihi
1627 2583 1953 2639 sermocina-

374 2692 492 2736 turo
523 2681 745 2735 materia
779 2679 987 2749 longius
1033 2686 1304 2744 qumratur
1333 2683 1804 2746 exspectaturque,
1855 2677 1956 2730 nisi

373 2788 428 2831 ut
452 2775 687 2831 sermoni
714 2774 867 2849 175
888 2782 1073 2829 nostro
1102 2771 1168 2826 sit
1196 2772 1308 2842 ipse
1338 2787 1434 2841 pro
1454 2786 1637 2837 causa,
1666 2771 1749 2827 cui
1777 2780 1959 2826 noster

376 2885 558 2926 sermo
586 2869 685 2924 erit
715 2883 810 2937 pro
837 2867 1087 2922 sarcina?
1129 2866 1359 2921 Arverni
1392 2866 1515 2921 huic
1541 2866 1731 2935 patria,
1771 2882 1961 2937 parcn-

378 2974 458 3029 tes
490 2962 750 3018 natalibus
797 2978 900 3017 non
934 2961 1201 3032 superbis,
1250 2960 1344 3015 sed
1396 2960 1679 3026 absolutis,
1727 2970 1781 3016 et
1825 2963 1961 3017 sicut

377 3056 509 3123 nihil
542 3056 746 3111 illustre
783 3055 1073 3126 iactantes,
1122 3054 1193 3108 ita
1234 3052 1364 3108 nihil
1396 3053 1594 3108 servile
1620 3062 1958 3121 metuentes;

2058 1842 2339 1913 (siquidem
2395 1860 2453 1895 ca
2506 1852 2636 1897 aetas
2686 1843 2986 1912 infantulae,
3020 1852 3079 1899 ut
3124 1844 3297 1899 adhuc
3341 1845 3643 1916 decenter),

2058 1952 2198 1992 nunc
2226 1936 2469 2007 quaedam
2499 1937 2708 2002 frivola,
2732 1953 2874 1993 nunc
2904 1938 3031 1992 ludo
3053 1954 3100 2003 a;
3127 1949 3176 1993 ta
3199 1939 3442 2010 virgineo
3464 1947 3649 1998 scruta

2057 2030 2318 2093 donabat;
2373 2030 2567 2101 quibus
2612 2031 2695 2084 isti
2738 2047 2924 2101 parum
2954 2030 3243 2102 grandibus
3270 2031 3447 2088 causis
3478 2031 3649 2101 pluri-

2059 2139 2202 2177 mum
2246 2123 2569 2192 virguncula:
2619 2124 2829 2178 animus
2876 2122 3242 2192 copulabatur.
3294 2123 3435 2179 Anni
3475 2123 3649 2179 obiter

2060 2215 2295 2267 thalamo
2321 2229 2474 2283 pares
2498 2233 2508 2266 ε
2530 2214 2654 2283 quid
2681 2230 2861 2269 moror
2887 2214 3106 2268 multis?
3129 2214 3457 2269 Adolescens
3475 2214 3647 2282 solus,

2061 2307 2259 2370 tenuis,
2296 2306 2637 2376 peregrinus,
2665 2306 2801 2361 filius
2846 2305 3097 2372 familias,
3145 2316 3199 2360 et
3224 2321 3253 2361 e
3294 2306 3463 2375 patria
3494 2313 3648 2375 patre

2062 2416 2167 2454 non
2192 2399 2367 2454 solum
2400 2415 2505 2453 non
2532 2401 2774 2466 volente,
2821 2414 3007 2454 verum
3046 2398 3205 2454 etiam
3248 2399 3527 2470 ignorante
3561 2399 3649 2455 di-

2062 2493 2310 2561 scedens,
2343 2492 2572 2563 puellam
2619 2508 2722 2547 non
2757 2492 3067 2547 inferiorem
3105 2492 3391 2560 natalibus,
3425 2492 3652 2548 faculta-

2068 2586 2208 2640 tibus
2240 2586 2597 2653 superiorem,
2624 2585 2803 2641 medio
2834 2586 3111 2656 episcopo,
3140 2585 3263 2656 quia
3293 2586 3487 2654 lector,
3511 2585 3654 2642 sola-

2066 2678 2138 2731 tio
2169 2678 2403 2744 comitis,
2447 2681 2570 2750 quia
2608 2681 2799 2745 cliens,
2841 2696 2999 2738 socru
3040 2682 3145 2736 non
3179 2681 3499 2751 inspiciente
3528 2682 3653 2737 sub-

2070 2773 2340 2830 stantiam.
2379 2786 2573 2842 sponsa
2609 2788 2712 2826 non
2745 2773 3062 2842 dispic’ente
3094 2764 3403 2842 personam,
3433 2787 3656 2829 uxorem

2069 2866 2220 2933 petit,
2254 2864 2524 2932 impetrat,
2549 2865 2715 2920 ducit.
2748 2864 3176 2920 Conscribuntur
3208 2867 3400 2921 tabulae
3444 2866 3656 2934 nuptia-

2069 2956 2145 3010 les
2177 2975 2189 3011 :
2218 2958 2344 3013 etsi
2377 2974 2475 3027 qua
2513 2957 2629 3012 istic
2663 2958 2991 3029 municipioli
3033 2959 3201 3013 nostri
3250 2958 3656 3029 suburbanitas,

2073 3051 2557 3106 matrimonialibus
2608 3050 2716 3104 illic
2765 3051 2966 3105 inserta
3016 3050 3384 3118 documentis,
3441 3050 3658 3107 mimica

374 3148 612 3206 contenti
643 3162 803 3203 censu
832 3146 1066 3211 modico,
1086 3145 1179 3200 sed
1204 3144 1393 3201 eodem
1423 3145 1505 3200 vel
1534 3145 1856 3213 sufﬁciente,
1882 3150 1963 3203 vel
1994 3135 2038 3201 C
2076 3145 2318 3215 largitate
2352 3144 2625 3199 recitatur.
2651 3143 2873 3205 Peracta
2896 3142 3393 3214 circumscriptione
3422 3144 3658 3214 legitima

379 3242 584 3297 libero:
610 3242 795 3298 militia
826 3241 931 3297 illis
965 3241 1016 3294 in
1055 3238 1289 3294 clericali
1323 3240 1500 3309 potius
1540 3256 1698 3309 quam
1733 3240 1784 3294 in
1817 3241 1964 3312 pala-

383 3334 497 3390 tino
528 3333 754 3390 decursa
792 3334 1069 3388 comitatu.
1101 3332 1257 3387 Pater
1287 3332 1372 3387 isti
1408 3332 1685 3403 granditer
1724 3334 1884 3405 frugi,
1911 3344 1966 3391 et

380 3425 566 3479 liberis
590 3440 775 3494 parum
803 3424 1038 3479 liberalis
1067 3442 1079 3477 :
1106 3412 1303 3494 quique
1330 3438 1427 3494 per
1452 3424 1669 3479 nimiam
1702 3429 1966 3495 parcimo-

378 3516 522 3571 niam
542 3515 727 3585 juveni
756 3514 863 3569 filio
894 3515 1013 3586 plus
1044 3515 1299 3585 prodesse
1329 3530 1488 3585 quam
1522 3517 1733 3585 placere
1764 3520 1967 3576 malue-

378 3609 467 3663 rit.
494 3592 612 3676 Qno
639 3607 825 3662 relicto
855 3616 981 3662 tunc
1014 3622 1145 3676 puer
1170 3606 1269 3662 iste
1310 3622 1405 3661 vos
1433 3608 1583 3678 petiit
1611 3608 1771 3665 nimis
1799 3625 1968 3681 expe-

377 3700 551 3767 ditus;
582 3699 720 3770 quod
750 3706 865 3753 erat
894 3699 1183 3752 maximum
1212 3698 1493 3755 conatibus
1523 3700 1708 3770 primis
1738 3702 1967 3770 impedi-

379 3804 617 3849 mentum
646 3813 657 3845 :
685 3793 816 3848 nihil
846 3802 928 3848 est
956 3795 1097 3847 enim
1121 3792 1315 3847 viatico
1335 3793 1433 3847 levi
1458 3794 1694 3865 gravius.
1714 3796 1964 3851 Attamen

384 3888 585 3954 primus
617 3886 690 3941 illi
729 3887 779 3941 in
820 3895 995 3941 vestra
1019 3886 1215 3940 moenia
1241 3887 1373 3942 satis
1398 3887 1665 3942 secundus
1689 3888 1959 3944 introitus.

381 3974 409 4018 δ
442 3978 624 4033 Sancti
658 3978 929 4033 Eustachii
957 3977 1047 4048 qui
1080 3977 1227 4033 vobis
1250 3977 1503 4046 deccésit,
1548 3987 1785 4034 actutum
1817 3980 1962 4035 dicto

382 4071 628 4141 factoque
675 4072 887 4140 gemina
937 4070 1238 4127 benedictio
1289 4080 1372 4125 est
1418 4090 1428 4122 :
1477 4071 1765 4141 hOSpitium
1820 4074 1965 4130 brevi

382 4165 687 4234 quaesitum,
712 4163 823 4233 jam
858 4162 1131 4219 Eustachii
1160 4178 1287 4219 cura
1315 4162 1467 4219 facile
1501 4164 1796 4231 inventum,
1831 4168 1970 4222 cele-

383 4257 515 4312 riter
548 4256 775 4322 aditum,
815 4255 1047 4310 civiliter
1078 4256 1332 4313 locat‘um.
1362 4256 1480 4312 lam
1512 4258 1742 4327 primum
1773 4261 1966 4315 crebro

382 4363 605 4405 accursu
633 4348 883 4404 excolere
904 4348 1129 4425 vicin‘os,
1159 4348 1447 4405 identidem
1486 4350 1553 4406 ab
1584 4351 1649 4405 iis
1682 4353 1795 4422 ipse
1826 4354 1966 4411 haud

2017 3307 2028 3318 .
2071 3247 2122 3289 et
2157 3237 2339 3291 fraude
2380 3237 2628 3301 solemni,
2676 3236 2819 3291 levat
2862 3236 3080 3291 divitem
3124 3236 3404 3306 conjugem
3457 3251 3659 3307 pauper

2070 3330 2346 3386 adamatus
2383 3348 2395 3384 :
2426 3342 2480 3385 et
2512 3330 2795 3400 diligenter
2831 3347 2950 3400 quae
2988 3332 3056 3386 ad
3094 3346 3336 3387 socerum
3387 3328 3661 3402 pertinue-

2073 3434 2192 3479 rant
2222 3423 2429 3479 rimatis
2460 3417 2893 3493 eonvasatisque,
2936 3439 3044 3479 non
3085 3439 3249 3493 parvo
3287 3424 3445 3478 etiam
3483 3424 3661 3478 corol-

2071 3519 2202 3573 lario
2250 3517 2555 3571 facilitatem
2605 3517 3084 3586 credulitatemque
3137 3516 3517 3572 muniﬁcentia:
3564 3531 3658 3572 so-

2070 3610 2268 3665 crualis
2297 3625 2580 3679 mungens,
2630 3611 2865 3677 receptui
2916 3612 2967 3664 in
3021 3611 3245 3678 patriam
3287 3610 3483 3664 cecinit
3522 3625 3663 3679 prte-

2070 3703 2311 3773 stigiator
2349 3702 2597 3755 invicms.
2655 3701 2771 3767 Quo
2820 3700 3060 3768 profecto
3110 3711 3281 3755 mater
3325 3700 3514 3770 puella:
3562 3713 3662 3770 pro

2074 3809 2094 3834 ο
2131 3794 2487 3867 hyperbolicis
2517 3791 2888 3847 instrumentis
2910 3793 3073 3860 cmpit
3100 3793 3368 3847 actiooem
3401 3801 3663 3862 repetun-

2069 3890 2255 3949 darum
2291 3888 2425 3943 velle
2456 3900 2788 3955 proponere;
2841 3898 2892 3938 ct
2938 3893 3061 3939 tunc
3101 3886 3316 3939 demmn
3354 3884 3421 3939 de
3451 3883 3662 3938 manci-

2070 3985 2279 4052 piorum
2330 3976 2662 4047 Sponsalitia:
2695 3977 2999 4030 donationis
3032 3976 3184 4047 177
3224 3976 3493 4045 paucitate
3523 3986 3661 4030 mm-

2068 4092 2206 4136 rerc,
2228 4073 2440 4142 quando
2459 4072 2568 4140 jam
2602 4071 2667 4126 de
2693 4079 2945 4137 nepotum
2967 4067 3351 4123 numerositate
3370 4064 3661 4136 gaudebat.

2072 4171 2149 4225 Ad
2198 4169 2336 4223 hanc
2388 4166 2699 4236 placandam
2753 4172 2936 4218 uoster
2970 4163 3284 4232 Hippolytus
3316 4168 3659 4230 perrexerat,

2067 4280 2185 4320 cum
2218 4264 2423 4316 litteras
2470 4274 2614 4314 meas
2657 4258 2805 4328 prius
2851 4256 3067 4312 obtulit.
3120 4255 3340 4310 Habetis
3384 4252 3664 4309 historiam

2072 4356 2286 4426 juvenis
2314 4351 2498 4408 eximii
2526 4368 2536 4403 :
2574 4349 2805 4405 fabulam
2836 4346 2862 4385 εὶ
2891 4348 3106 4404 Milesiae
3127 4346 3212 4403 vel
3234 4345 3425 4401 Atticae
3449 4358 3662 4416 parem.

458 4542 482 4567 ιι
512 4538 813 4585 Amantius.
866 4529 939 4610 Ita
964 4543 1128 4620 lenm!
1159 4530 1573 4620 vocatjep'isLtola
1604 4531 1635 4582 7
1683 4540 1737 4620 ett
1770 4532 1843 4620 l'l‘
1868 4533 1968 4586 hn-
2004 4537 2053 4597 υ
2082 4532 2251 4620 tionis
2288 4536 2504 4620 propter
2550 4538 2799 4608 nuptias,
2834 4538 2994 4583 quam
3031 4521 3369 4620 .bypobol'ur'n
3397 4534 3439 4620 3
3464 4516 3671 4620 graecis

388 4604 666 4673 insce;et_
690 4614 851 4673 supra
901 4599 1262 4673 indicavimus
1292 4599 1358 4654 ad
1409 4601 1503 4654 lib.
1570 4616 1619 4673 Vl
1649 4642 1663 4665 ,
1704 4603 1756 4657 8.
1804 4603 1973 4659 Porro

390 4670 497 4727 non
542 4670 878 4737 dissimilem,
926 4681 981 4723 at
1030 4671 1302 4726 contrario
1349 4681 1549 4726 eventu
1596 4671 1870 4728 historiam
1907 4676 1975 4729 de

387 4741 695 4811 Andarcbio
718 4740 1059 4807 Massiliensi,
1104 4743 1192 4811 qui
1225 4741 1345 4796 Ursi
1389 4742 1520 4796 civis
1550 4743 1776 4797 Arverni
1813 4746 1974 4799 tiliam

387 4828 613 4881 uxorem
642 4812 833 4867 callida
860 4812 1046 4867 fraude
1074 4814 1316 4882 appetiit,
1359 4812 1518 4868 habet
1542 4811 1830 4883 Gregorius
1864 4816 1974 4870 Tu-

386 4904 505 4942 ron.
539 4883 631 4939 lib.
666 4898 738 4948 1V,
771 4898 913 4937 vat.
1702 4948 1705 4951 _

457 4955 484 4994 δ
519 4954 905 5011 Massiliensem
938 4952 1246 5008 cathedram
1279 4953 1468 5009 ordine
1508 4964 1761 5009 rexerant
1792 4956 1974 5013 Vene-

388 5029 518 5098 rius,
554 5024 871 5098 Eu_stathius
913 5033 968 5080 et
1007 5022 1224 5078 Graecus
1253 5024 1513 5098 episcopi.
1570 5025 1809 5098 Decessit
1847 5044 1975 5098 ergo

389 5097 575 5159 Graeco
619 5094 955 5165 Eustathius,
1003 5098 1117 5150 sive
1162 5103 1220 5149 ut
1250 5096 1335 5149 alii
1367 5096 1624 5160 scribunt,
1674 5094 1973 5153 Eustasius.

389 5170 474 5224 Sic
504 5168 645 5225 enim
692 5167 884 5239 legitur
925 5168 978 5239 in
1024 5167 1249 5239 epistola
1292 5166 1456 5239 Hilari
1488 5180 1819 5239 papmianno
1847 5169 1973 5225 464.

391 5239 702 5294 Eustathius
747 5235 887 5307 apud
917 5236 1252 5293 Gennadium
1300 5238 1367 5291 de
1405 5235 1768 5304 Seriptoribus
1799 5242 1976 5296 eccle-

393 5312 623 5365 siasticis
647 5311 699 5364 in
730 5309 937 5364 Mnseo.
1150 5326 1164 5344 -

464 5395 485 5420 ε
516 5382 628 5457 Alii
653 5381 1100 5457 perltgperbolicis.
1136 5380 1248 5457 lac.
1283 5379 1553 5457 Cujacius,
1599 5379 1691 5457 vir
1718 5382 1892 5452 magni
1924 5391 1979 5457 et

394 5453 567 5507 csacti
611 5452 830 5521 judicii,
891 5450 1189 5521 legendum"
1222 5461 1405 5507 censet
1454 5450 1739 5521 hypobolict
1775 5450 1975 5523 :iquorl

397 5524 546 5578 valde
589 5525 894 5594 probarem,
945 5523 988 5576 si
1034 5523 1253 5594 alicujus
1300 5523 1503 5593 antiqui
1555 5523 1673 5577 lihri
1721 5523 1976 5594 sull‘ragio

399 5596 677 5649 niteretur.
738 5593 813 5647 De
861 5594 940 5646 his
971 5593 1112 5647 enim
1158 5604 1237 5647 est
1275 5609 1474 5650 sermo.
1535 5594 1730 5649 Verum
1771 5593 1976 5650 utrovis

402 5666 556 5737 modo
590 5666 756 5733 legas,
802 5663 943 5718 idem
985 5674 1067 5717 εει
1094 5679 1303 5737 sensus.
1342 5666 1489 5736 ,Nam
1537 5675 1627 5719 aut
1660 5667 1975 5737 hypobolica

406 5735 524 5795 "licit
556 5738 909 5793 instrumenta
940 5736 1282 5805 sponsalitia),
1336 5735 1390 5790 ut
1435 5752 1558 5792 mox
1588 5735 1759 5804 vocat,
1809 5738 1979 5793 dona-

2080 4591 2335 4671 appellari
2384 4591 2580 4653 docent
2619 4591 2754 4665 juris
2787 4591 3142 4671 interpretes?
3195 4600 3285 4671 aut
3320 4591 3673 4671 hyperbolica

2082 4662 2169 4728 illa
2204 4671 2390 4728 eadem
2424 4662 2799 4725 instrumenta,
2852 4664 2903 4718 izi
2934 4662 3147 4733 quibus
3185 4662 3673 4733 Amantiusimulta

2083 4743 2304 4813 pra-dia,
2340 4756 2444 4813 non
2475 4754 2570 4813 sua
2600 4738 2692 4791 sed
2724 4737 2918 4799 aliena,
2948 4732 3201 4813 bypoboli
3230 4734 3444 4813 nomine
3474 4732 3673 4813 hyper-

2084 4803 2256 4868 bolice
2284 4803 2506 4880 largitus
2537 4809 2709 4861 fuerat
2739 4824 2907 4880 :_qn;e
2938 4803 3077 4859 nunc
3105 4805 3309 4880 abipso
3345 4803 3676 4880 frttstra__sc_i-

2083 4886 2209 4940 licet
2259 4874 2696 4951 reposcebantur.
2745 4878 3013 4930 Caeterum
3048 4876 3318 4951 admonet
3344 4874 3675 4951 sponsalitiac

2086 4945 2393 5010 donationis
2428 4954 2651 5013 mentio,
2704 4958 2761 4999 ut
2809 4962 2995 5002 vocem
3046 4948 3181 5001 hanc
3211 4945 3459 4999 Ennodio
3489 4954 3676 4999 nostro

2087 5027 2431 5082 restituamns
2457 5040 2469 5074 :
2496 5023 2548 5075 in
2582 5020 2700 5074 \‘ita
2740 5018 3043 5086 Epiphanii,
3074 5018 3227 5086 cujus
3257 5017 3429 5069 oratio
3471 5014 3678 5086 descii-

2084 5097 2226 5152 bitur
2253 5097 2361 5166 72
2402 5093 2465 5147 ad
2511 5084 2919 5166 Gundobaldum
2940 5084 3171 5166 regem:
3200 5086 3314 5166 Sit,
3344 5084 3516 5156 inquit
3537 5086 3680 5166 ,Mﬁlii

2086 5169 2160 5222 tui
2186 5155 2489 5237 ερὸηᾯιιὶιὶα
2523 5162 2754 5231 largitas,
2776 5231 2786 5237 _
2806 5155 3060 5237 absolutio
3102 5155 3466 5237 captiuorum}
3497 5155 3680 5227 offerat

2087 5229 2249 5308 pacti}:
2282 5255 2387 5290 sua:
2421 5229 2622 5308 ntunns,
2647 5231 2786 5308 quod
2812 5241 2856 5284 et
2878 5230 3118 5308 _Clt_ristus
3145 5229 3382 5308 accipiat.

2161 5308 2187 5347 ἀ
2222 5309 2501 5375 Nunquam
2532 5297 2773 5357 dubitavi
2804 5302 2927 5375 quin
2958 5300 3027 5375 ita
3058 5297 3317 5375 scriptum
3358 5308 3557 5375 esset‘a
3590 5297 3679 5375 _S_i-

2089 5380 2274 5443 donio,
2309 5368 2410 5431 non
2447 5376 2661 5442 militim,
2693 5368 2846 5441 cujus
2878 5372 2987 5443 hoc
3011 5372 3128 5426 loco
3158 5368 3332 5443 aliena
3363 5379 3445 5427 est
3471 5368 3679 5438 signiﬁ-

2090 5453 2253 5506 catio.
2306 5450 2350 5503 Μ
2382 5450 2811 5519 lesiorumvcro
2856 5442 3068 5519 fabulae,
3110 5442 3383 5519 amatoria;
3412 5448 3587 5503 erant,
3629 5446 3682 5519 et

2081 5524 2379 5578 ἀκόλαστοι.
2404 5521 2582 5587 Quare
2601 5516 2817 5570 Milesia:
2847 5513 3096 5587 dicuntur
3118 5528 3304 5587 omnes
3330 5511 3446 5587 ejus
3466 5511 3682 5587 generis

2080 5603 2135 5649 et
2165 5579 2489 5663 argumenti,
2541 5592 2591 5663 in
2623 5602 2733 5659 quo
2766 5586 3026 5663 eacelluit
3054 5583 3333 5663 Aristides.
3361 5579 3683 5663 Plutarchus

2083 5665 2134 5718 in
2168 5650 2386 5727 Crasso,
2445 5650 2510 5716 de
2542 5650 2749 5715 Sur'ena
2785 5658 3043 5713 Seleucia:
3076 5654 3435 5727 triumphante
3462 5657 3596 5727 :__Tr‘,~u
3626 5650 3681 5707 δέ

2080 5722 2480 5810 γερουσίαν τῶν
2508 5732 2778 5788 Σελευκέων
2806 5731 3044 5805 ἀθροίσας
3081 5730 3361 5795 εἰσήνεγκεν
3408 5722 3673 5797 ἀκόλαστα

3405 5922 3432 5930 να
