4072 6348
201 4924 231 4948 ⁶
338 4909 360 5008 l

351 5019 363 5110 ἒ

350 5183 359 5248 ἵ

405 3259 561 3319 rapa-

375 4753 384 4824 ξ
408 4756 627 4812 Punicae
649 4753 856 4824 Apuleii
882 4755 1039 4811 dicta:
1061 4771 1090 4810 a
1118 4753 1319 4811 Severo
1346 4759 1474 4823 imp.
1506 4755 1560 4808 in
1587 4755 1834 4821 epistola,

393 245 497 304 567
907 203 912 208 ’
1009 226 1014 230 ’

1683 243 1923 302 SlDO-Nll
1963 233 2441 306 APOLLINARIS'

3581 197 3699 312 5...

397 362 569 418 Simul
590 372 644 419 et
673 365 930 447 ignoscite
956 375 1147 435 praeter
1173 380 1387 436 acquum
1419 363 1762 434 epistolarem
1785 364 1984 420 formu-
2013 369 2063 428 Α
2093 368 2382 437 quidquam
2414 366 2710 437 pontiﬁcali
2746 366 3001 438 deperire
3027 381 3304 439 pet-sonte;
3330 369 3474 442 quod
3503 386 3699 429 sacer-

400 455 504 510 lam
530 455 825 526 porrigenti
852 476 863 509 :
889 471 1047 527 quam
1071 457 1140 512 ob
1170 457 1272 511 hoc
1298 465 1439 528 styto
1461 467 1704 514 morante
1735 458 1983 530 produxi,

400 537 606 606 utnon
649 563 899 623 tanquam
945 553 1183 622 ignotum
1233 554 1569 623 reciperetis,
1615 569 1774 625 quem
1815 554 1989 610 civem

400 632 678 697 beneﬁciis
707 642 1035 698 reddidistis.
1081 642 1288 699 Pariter
1317 654 1374 700 et
1402 655 1589 702 natura
1621 656 1989 718 comparatum

401 745 506 802 est,
543 746 598 790 ut
625 736 816 806 quibus
852 737 1211 807 impendimus
1256 740 1514 810 studium,
1569 752 1887 813 praestemus
1912 745 1993 799 al-

402 828 623 885 fectum.
642 829 751 886 Vos
777 845 906 886 vero
924 833 1268 888 Eustachium
1295 836 1600 903 pontiﬁcem
1629 847 1756 893 tunc
1781 854 1845 893 ex
1870 853 1993 894 asse

405 910 567 990 digno
594 921 811 978 haerede
839 923 1140 981 decessisse
1166 927 1558 994 monstrabitis,
1583 928 1627 982 si
1679 938 1738 982 ut
1773 929 1988 998 propin-

402 1015 522 1082 quis
551 1001 880 1086 testamenti,
926 1017 1006 1072 sic
1035 1018 1323 1074 clientibus
1358 1019 1644 1088 patrocinii
1684 1019 1856 1089 legata
1885 1019 1994 1072 sol-

402 1109 558 1190 vatis.
592 1109 734 1166 Ecce
778 1097 950 1179 parui,
974 1121 1038 1190 et
1065 1096 1367 1168 obedientis
1415 1113 1647 1169 ofﬁcium
1681 1112 1994 1183 garrulitate

403 1188 692 1274 complevi,
726 1188 1152 1284 licct‘negotium
1185 1207 1400 1262 indocto
1430 1206 1520 1277 qui
1565 1206 1883 1276 prolixitatis
1913 1206 1994 1261 itt-

400 1297 595 1368 jungit,
621 1286 763 1368 {egre
789 1297 934 1354 ferre
959 1315 1069 1354 non
1097 1299 1314 1366 debeat,
1345 1301 1389 1354 si
1419 1315 1526 1354 non
1550 1309 1657 1355 tam
1681 1301 1994 1370 eloquentes

405 1391 664 1461 epistolas
690 1393 893 1462 recepit
934 1408 1094 1462 quam
1127 1393 1399 1463 loquaces.
1439 1393 1644 1448 Memor
1673 1394 1841 1449 nostri
1872 1408 1993 1449 esse

405 1482 644 1555 dignare,
674 1483 892 1540 domine
923 1499 987 1553 pa
998 1499 1081 1552 pa.
1977 1490 1979 1493 '

965 1577 1305 1634 EPISTOLA
1345 1579 1433 1633 Ill.

568 1671 815 1727 Sidonius
844 1672 1052 1726 domino
1077 1689 1224 1742 papa:
1253 1683 1280 1710 α
1309 1673 1562 1745 Megethio
1592 1674 1828 1729 salutent.

2096 459 2227 516 dotii
2270 459 2534 530 fastigium
2561 474 2669 515 non
2710 459 2954 530 frangitis
2994 461 3273 529 comitate,
3323 462 3419 518 sed
3451 463 3695 524 ﬂectitis.

2096 553 2297 622 Quibus
2320 551 2516 623 agnitis
2537 553 2614 608 sic
2641 551 2946 619 inardesco,
2972 560 3029 607 ut
3057 561 3167 608 tum
3195 569 3284 610 me
3303 553 3405 610 sim
3438 555 3696 613 felicissi-

2097 663 2241 702 mum
2266 646 2624 716 iudicaturus,
2654 660 2777 701 cum
2807 645 2940 700 mihi
2968 660 3151 702 coram
3177 648 3355 717 posito
3386 649 3486 705 sub
3505 649 3696 706 divina

2096 756 2197 810 ope
2225 739 2531 810 contigerit,
2556 748 2664 794 tam
2702 754 2952 795 securum
2975 739 3042 796 de
3067 741 3177 796 Deo
3206 757 3306 798 suo
3331 753 3537 812 pectus,
3561 745 3698 802 licet

2096 831 2539 902 prmsttmptiosis,
2576 831 2732 902 179
2767 831 2929 886 arctis
2965 839 3153 888 tamen
3183 833 3368 890 fovere
3387 837 3693 906 complexi-

2096 924 2217 979 bus.
2255 924 2499 993 Accipite
2545 923 2895 978 conﬁtentem
2937 924 3220 994 :suspicio
3265 925 3482 996 quidem
3526 929 3696 984 nimis

2096 1030 2342 1083 severos,
2372 1025 2426 1070 et
2455 1015 2839 1071 imbecillitatis
2859 1031 2994 1071 mea:
3021 1018 3294 1085 conscius,
3317 1021 3698 1088 aequanimiter

2097 1109 2212 1164 fero
2243 1125 2466 1180 asperos
2504 1108 2634 1164 mihi
2661 1127 2674 1163 :
2706 1109 2802 1164 sed
2819 1143 2839 1174 -,
2886 1109 3028 1180 quod
3071 1110 3346 1166 fatendum
3389 1122 3491 1178 est,
3541 1114 3697 1171 hisce

2099 1204 2337 1259 moribus
2369 1203 2582 1258 facilius
2607 1203 2909 1259 humilitate
2935 1204 3322 1272 submittimur,
3353 1222 3511 1277 quam
3544 1208 3699 1264 fami-
3779 1195 3792 1207 ’

2097 1295 2328 1351 Iiaritate
2355 1295 2644 1350 sociemur.
2697 1296 2751 1349 In
2783 1310 3015 1363 summa,
3050 1297 3250 1353 viderit
3274 1314 3378 1370 qua
3407 1301 3696 1357 conscien-

2099 1388 2185 1442 tim
2215 1387 2343 1442 dote
2371 1397 2660 1458 turgescat,
2703 1387 2793 1458 qui
2829 1401 2888 1443 se
2913 1385 3272 1444 ambientibus
3301 1389 3534 1460 rigidum
3560 1393 3693 1446 red-

2097 1479 2174 1534 dit
2199 1472 2211 1532 i
2236 1495 2334 1549 ego
2365 1489 2544 1535 tamen
2574 1494 2782 1534 morum
2809 1478 2952 1535 illius
2987 1481 3268 1536 aemulator
3295 1497 3417 1538 esse
3459 1485 3696 1554 praeele-

2097 1573 2288 1641 gerim,
2323 1574 2413 1643 qui
2438 1572 2599 1626 etiam
2627 1573 2786 1642 longe
2811 1572 3110 1642 positorum
3155 1575 3381 1631 incitare
3418 1575 3470 1632 in
3512 1593 3574 1634 se
3606 1579 3694 1633 af-

2097 1665 2262 1719 fectat
2309 1664 2578 1719 allectum.
2636 1664 2769 1719 Illud
2814 1680 3028 1734 quoque
3077 1665 3210 1720 mihi
3262 1666 3404 1723 inter
3452 1669 3695 1728 maxima

400 1773 404 1782 '
477 1765 575 1818 Diu
605 1765 938 1834 multumque
968 1764 1286 1829 deliberavi,
1326 1780 1626 1835 quanquam
1655 1765 1784 1820 mihi
1814 1765 1992 1820 animo

2099 1754 2373 1825 granditer
2401 1755 2550 1810 cordi
2581 1765 2684 1820 est,
2717 1756 2858 1826 quod
2895 1757 3229 1827 apostolatus
3256 1760 3423 1815 vestri
3457 1763 3695 1830 patroci-

402 1857 627 1913 allectus
657 1856 941 1927 studioque
973 1857 1190 1925 parendi
1219 1857 1623 1922 sollicitaretur,
1663 1874 1730 1911 an
1763 1857 1998 1913 destina-

405 1965 544 2024 rem,
587 1949 749 2025 sicuti
781 1948 1035 2019 injungis,
1069 1949 1578 2003 contestatiunculas
1611 1965 1744 2018 quas
1776 1950 1891 2018 ipse
1919 1951 1998 2005 di-

399 2041 566 2097 ctavi.
588 2041 730 2097 Vicit
750 2040 817 2095 ad
843 2040 1090 2113 ultimum
1115 2041 1401 2107 sententia,
1426 2057 1545 2110 quae
1578 2040 1671 2096 tibi
1692 2041 1995 2110 obsequen-

404 2134 533 2192 dum
563 2132 857 2189 deﬁniebat
882 2149 894 2185 :
919 2145 1048 2201 ergo
1080 2131 1247 2200 petita
1279 2132 1573 2186 transmisi.
1604 2135 1668 2186 Et
1689 2134 1815 2202 quid
1836 2133 1998 2187 modo

403 2225 687 2281 dicemus?
738 2223 1028 2295 grandisne
1080 2221 1196 2277 haec
1225 2223 1576 2279 obedientia?
1608 2233 1736 2294 puto
1780 2225 2000 2294 grandis

404 2316 802 2388 esttgrandior
849 2318 1179 2390 impudentia
1225 2326 1424 2371 tamen.
1471 2316 1584 2370 Ilac
1631 2317 1772 2371 enim
1824 2316 1998 2371 fronte

393 2419 702 2488 possemus,
727 2412 1037 2474 ﬂuminibus
1072 2414 1229 2491 173
1254 2426 1440 2488 aquas,
1470 2410 1622 2471 silvis
1659 2411 1803 2487 ligna
1827 2419 1997 2471 trans-

400 2509 617 2564 mittere
667 2527 677 2560 :
733 2509 834 2564 hac
879 2511 1022 2564 enim
1087 2509 1387 2565 temeritate
1430 2509 1672 2578 Apellcm
1724 2510 1993 2577 peniculo,

403 2603 545 2660 coelo
589 2602 867 2670 Phidiam,
911 2603 1117 2676 omalleo
1164 2602 1498 2673 Polycletum
1563 2616 1992 2655 muneraremur.

401 2695 568 2751 Dabis
598 2712 727 2766 ergo
759 2695 972 2751 veniam
1001 2697 1430 2766 praesumptioni,
1483 2709 1616 2764 papa
1656 2703 1860 2758 sancte,
1912 2694 1994 2748 fa-

402 2778 604 2855 cunde,
631 2787 978 2854 venerabilis,
1012 2803 1131 2856 qua:
1162 2787 1478 2843 doctissimo
1506 2786 1744 2840 examini
1776 2794 1866 2839 tuo
1897 2801 1993 2839 na-

391 2878 561 2935 turali
593 2864 914 2951 garrulitate
954 2880 1268 2936 deblaterat.
1310 2879 1482 2936 Habet
1516 2879 1850 2934 consuetudo
1897 2895 1994 2933 no-

401 2982 512 3029 stra
541 2989 640 3042 pro
670 2973 796 3041 ritu,
832 2983 892 3028 ut
922 2984 976 3030 et
1005 2975 1050 3029 si
1081 2989 1246 3044 pauca
1277 2974 1406 3042 edit,
1447 2973 1611 3028 multa
1648 2974 1990 3029 conscribat:

401 3067 569 3122 veluti
594 3076 676 3122 est
705 3068 927 3122 canibus
965 3067 1228 3135 innatum,
1270 3079 1325 3122 ut
1355 3077 1409 3122 et
1439 3068 1481 3121 si
1517 3084 1622 3121 non
1663 3067 1877 3131 latrant,
1911 3078 1989 3122 ta-

2101 1851 2247 1903 nium
2269 1851 2546 1918 copiosutn
2571 1851 2872 1907 verissimis
2897 1851 3130 1907 dominis
3155 1853 3350 1910 animae
3370 1870 3527 1921 meae,
3552 1858 3695 1914 Sim-

2101 1942 2262 2012 plicio
2285 1942 2674 2012 etApollinari,
2707 1943 2995 1998 intermina
3029 1945 3419 2002 intercessione
3442 1950 3694 2007 conferre

2103 2048 2200 2088 vos
2229 2035 2489 2103 comperi.
2521 2035 2580 2090 Si
2607 2051 2795 2090 verum
2826 2045 2929 2101 est,
2957 2051 3087 2106 rogo
3133 2046 3193 2092 ut
3238 2053 3345 2092 non
3383 2038 3579 2096 habeat
3599 2057 3693 2097 ve-

2101 2135 2207 2179 stra
2238 2126 2432 2181 caritas
2455 2128 2651 2182 ﬁnem:
2688 2128 2732 2182 si
2767 2128 2958 2183 falsum
2987 2138 3091 2196 est,
3125 2140 3248 2198 peto
3275 2139 3330 2184 ut
3351 2146 3458 2186 non
3479 2131 3696 2191 diﬂ‘erat

2103 2219 2302 2275 habere
2352 2220 2694 2290 principium.
2752 2221 3019 2277 Praeterea
3082 2223 3403 2279 commendo
3445 2228 3694 2294 gerulum

2083 2311 2421 2391 litterarum,
2467 2313 2551 2368 cui
2589 2314 2736 2381 iStic,
2785 2313 2833 2368 id
2867 2323 2969 2381 est,
3020 2315 3074 2369 in
3110 2315 3426 2372 Vasionensi
3468 2321 3690 2390 oppido,

2101 2404 2350 2479 quiddam
2379 2406 2715 2460 necessitatis
2753 2417 2999 2461 exortum
3028 2409 3205 2462 sanari
3237 2419 3429 2466 vestra:
3457 2414 3694 2468 auctori-

2100 2503 2220 2557 tatis
2253 2501 2564 2560 reverenlite
2611 2501 2848 2575 pondere
2879 2510 3075 2578 potest.
3129 2503 3333 2561 Memor
3369 2509 3537 2563 nostri
3568 2523 3692 2566 esse

2099 2593 2342 2664 dignare,
2371 2587 2589 2652 domine
2620 2612 2776 2668 papa.
3165 2609 3170 2612 '

2664 2691 2994 2748 EPISTOLA
3039 2693 3100 2750 v.
3419 2761 3428 2767 _

2271 2780 2517 2836 Sidonius
2547 2782 2754 2837 domino
2787 2800 2936 2852 papa:
2956 2781 2985 2822 δ
3006 2786 3238 2856 Agroecio
3267 2787 3504 2843 salutem.

2089 2882 2092 2885 '
2169 2872 2429 2926 Bituricas
2475 2875 2692 2930 decreto
2741 2875 2936 2932 civium
2991 2879 3472 2947 petitusadveni:
3525 2870 3692 2941 causa

2098 2963 2199 3019 fuit
2224 2969 2557 3023 evocationis
2589 2970 2824 3026 titubans
2851 2971 3110 3027 Ecclesiae
3136 2982 3339 3041 status;
3373 2989 3494 3045 qua:
3515 2991 3693 3047 nuper

2097 3075 2308 3114 summo
2333 3061 2545 3116 viduata
2570 3064 2840 3133 pontifice,
2864 3066 3139 3135 utriusque
3170 3067 3516 3136 professionis
3540 3071 3692 3127 ordi-

403 3173 531 3212 ιιιεη
562 3157 810 3213 hinan
857 3159 1061 3214 Memm-
1100 3160 1268 3213 ..οεινί
1317 3173 1437 3215 esse
1479 3160 1728 3228 dignare,
1778 3160 1994 3216 domine
2023 3139 2069 3202 C
2102 3153 2257 3208 nibus
2279 3155 2546 3210 ambiendi
2570 3157 3144 3228 sacerdotiiquoddam
3165 3161 3448 3217 classicum
3473 3164 3690 3220 cecinit.

968 3341 1298 3397 EPISTOLA
1343 3342 1427 3395 IV.

614 3435 862 3489 Sidonius
888 3435 1093 3488 domino
1124 3453 1272 3507 papa:
1303 3434 1520 3488 Fonteio
1549 3436 1785 3491 salutem.

479 3529 755 3583 Insinuare
783 3543 1129 3597 quoscunque
1170 3529 1282 3598 jam
1316 3543 1505 3596 paveo,
1555 3529 1673 3598 quia
1725 3544 1998 3585 commcn-

409 3621 550 3677 datis
572 3613 678 3676 nos
708 3621 898 3676 damus
946 3621 1129 3685 verba,
1183 3638 1277 3677 vos
1309 3639 1530 3678 munera
1560 3640 1574 3677 :
1605 3633 1856 3694 tanquam
1891 3641 1995 3680 non

408 3708 784 3783 principalitas
813 3713 882 3767 sit
908 3705 1175 3769 censenda
1209 3713 1476 3780 beneficii,
1508 3717 1648 3785 quod
1686 3732 1713 3768 a
1748 3732 1831 3771 mc
1875 3732 1998 3786 pec-

408 3814 594 3861 catore
625 3805 876 3873 digressis
923 3818 1122 3860 sanctm
1169 3807 1562 3861 communionis
1608 3810 1783 3879 portio
1833 3819 1992 3876 patet.

411 3898 595 3954 Testis
634 3900 823 3953 horum
850 3908 931 3953 est
969 3899 1238 3955 Vindicius
1282 3909 1486 3965 noster,
1518 3902 1606 3971 qui
1652 3903 1994 3967 segnius-do-

407 4007 554 4065 mum
572 4007 671 4063 pro
694 3992 1072 4046 muniﬁcentia:
1089 4002 1284 4048 vestra:
1304 3993 1445 4048 fasce
1464 3994 1753 4058 remeavit;
1784 4011 1998 4064 quoquo

408 4083 512 4140 loci
567 4094 648 4139 est
702 4093 1014 4139 constanter
1059 4085 1354 4150 afﬁrmans,
1416 4102 1535 4139 cum
1583 4087 1701 4140 sitis
1746 4087 2000 4154 Opinione

388 4180 608 4248 “magni,
655 4178 825 4246 gradu
863 4177 1103 4241 maximi,
1149 4195 1254 4232 non
1302 4188 1477 4233 tamen
1501 4193 1620 4233 esse
1653 4195 1747 4232 vos
1773 4181 2000 4249 amplius

385 4256 881 4338 ‘dignivtate,'quam
905 4269 1216 4338 dignatione
1242 4269 1560 4324 laudandos.
1589 4263 1851 4324 I’rmdicat
1878 4287 2001 4325 san-

408 4367 545 4425 ctas,
575 4357 795 4412 melleas
825 4369 878 4413 et
904 4359 1144 4425 ﬂoridas,
1188 4375 1306 4428 quae
1344 4361 1642 4430 procedunt
1683 4362 1748 4416 de
1797 4373 1999 4431 tempe-

407 4458 525 4507 rata
571 4451 973 4508 communione.
1031 4451 1347 4511 blanditias:
1405 4469 1504 4508 nec
1556 4464 1732 4508 tamen
1779 4471 1847 4509 ex
1900 4457 2002 4512 huc

2013 3289 2025 3301 .
2102 3247 2303 3302 Fremit
2350 3250 2578 3319 populus
2621 3266 2718 3320 per
2760 3251 2934 3306 studia
2978 3252 3221 3308 divisus:
3264 3255 3417 3324 pauci
3457 3257 3691 3326 alteros,

2102 3340 2255 3394 multi
2297 3357 2417 3396 sese
2458 3359 2563 3396 non
2605 3344 2838 3398 oll'erunt
2869 3346 3025 3415 180
3051 3346 3254 3410 solum,
3301 3347 3393 3403 sed
3431 3348 3691 3406 inferunt.

2101 3432 2156 3487 Si
2179 3433 2378 3503 aliquid
2401 3451 2493 3502 pro
2512 3436 2653 3490 virili
2681 3437 2924 3505 portione
2941 3439 3234 3493 secundum
3253 3439 3420 3495 Deum
3439 3442 3693 3498 consulas

2101 3527 2507 3596 veritatemque,
2536 3531 2714 3583 omnia
2743 3531 3026 3585 incurrunt
3066 3533 3227 3598 levia,
3264 3534 3440 3599 varia,
3473 3534 3693 3591 fucata:

2102 3629 2155 3674 et
2185 3619 2308 3689 quid
2337 3620 2550 3677 dicam?
2575 3622 2688 3675 sola
2719 3631 2802 3676 est
2832 3623 2943 3677 illic
2971 3623 3199 3692 simplex
3232 3625 3582 3697 impudentia.
3619 3627 3694 3683 Et

2103 3715 2201 3768 nisi
2233 3730 2316 3769 me
2343 3715 2606 3770 immerito
2639 3717 2790 3786 queri
2832 3717 3175 3786 iudicaretis,
3205 3718 3385 3773 dicere
3412 3715 3692 3788 auderem,

2105 3816 2208 3860 lant
2247 3809 2533 3876 praecipitis
2555 3809 2722 3862 animi
2751 3800 2878 3864 esse
2909 3811 3193 3880 plerosque
3223 3821 3437 3882 tamque
3474 3813 3688 3881 pericu-

2104 3898 2202 3952 losi
2221 3941 2233 3964 ,
2265 3909 2321 3952 ut
2351 3911 2748 3955 sacrosanctam
2782 3901 2964 3956 sedem
2992 3901 3412 3972 dignitatemque
3439 3902 3697 3958 alfectare

2104 3992 2277 4061 pretio
2304 3993 2481 4046 oblato
2506 4007 2610 4047 non
2640 3991 2991 4047 reformident
3017 4010 3029 4050 :
3060 4003 3114 4048 et
3142 4001 3252 4049 rem
3276 3995 3386 4064 jam
3415 3995 3611 4073 dudum
3640 3998 3695 4052 in

2105 4087 2394 4140 nundinam
2427 4087 2564 4141 mitti
2597 4089 3006 4158 auctionemque
3040 4091 3296 4158 potuisse,
3331 4090 3373 4143 si
3401 4106 3561 4160 quam
3594 4105 3696 4160 pa-

2105 4190 2250 4232 ratus
2281 4181 2550 4234 invenitur
2579 4191 2811 4250 emptor,
2845 4181 3089 4236 venditor
3120 4191 3227 4236 tam
3259 4183 3576 4251 desperatus
3607 4182 3695 4237 in-

2103 4272 2395 4326 veniretur.
2453 4273 2680 4326 I’roindc
2722 4288 2905 4342 qurcso
2937 4283 2993 4326 nt
3024 4273 3183 4328 ofﬁcii
3229 4275 3333 4328 mei
3377 4274 3693 4340 novitatem,

2106 4354 2398 4432 pudorem,
2445 4365 2855 4429 necessitatem,
2902 4366 3279 4434 spectatissimi
3318 4365 3579 4420 adventus
3619 4363 3693 4418 tui

2108 4471 2265 4510 ornes
2295 4456 2669 4520 contubernio,
2692 4458 2882 4513 tuteris
2905 4458 3126 4515 auxilio.
3160 4460 3269 4516 Nec
3295 4468 3368 4522 te.
3390 4473 3695 4530 quanquam

911 4573 931 4595 δ

408 4615 582 4687 βιϐλίᾳ
607 4621 705 4687 τῶν
729 4613 1397 4687 Ἀριστείδουγῖωλησςᾳκῶν.
1447 4611 1686 4687 Meminit
1726 4613 1992 4687 ethucia-

2099 4613 2239 4687 ricas
2268 4621 2488 4666 venerat
2516 4611 2823 4687 Salonius,
2846 4622 2990 4687 aget
3012 4622 3198 4687 postea
3246 4612 3471 4687 epistola
3502 4613 3554 4668 9.
3610 4613 3690 4671 Ex

410 4683 511 4767 ilus
532 4685 606 4767 'iu
638 4683 853 4767 dialogo
891 4686 976 4767 cui
1019 4685 1202 4767 titulus
1229 4683 1472 4767 Ἔρῳτες.
1507 4684 1741 4766 .Hinc.ct
1764 4685 1993 4767 Milesia:

1870 4773 1992 4826 qttta

407 4827 734 4882 Milesiarum
780 4828 938 4896 genio
981 4827 1196 4894 scriptae
1222 4827 1290 4881 ab
1318 4837 1536 4881 auctore
1567 4827 1752 4880 Pwno.
1812 4828 1883 4880 De
1913 4828 1993 4882 his

412 4907 466 4952 et
493 4898 847 4968 Hieronyn'tus
893 4899 1193 4966 apologia‘l
1236 4898 1288 4952 in
1331 4899 1584 4952 Ruﬁnum
1629 4914 1642 4951 :
1692 4899 1851 4961 Quasi
1894 4916 1994 4953 non

412 4969 724 5023 cirratorum
743 4977 760 5021 ι
768 4969 892 5023 urba
907 4969 962 5022 Μ
968 4970 1172 5023 ilcsioru
1180 4986 1225 5022 ut
1240 4971 1292 5023 in
1305 4969 1481 5024 schola
1494 4971 1731 5038 ﬁgmenta
1744 4971 1990 5024 decantet.

482 5049 509 5076 ³
538 5040 805 5109 EpiscOpo
838 5041 1140 5096 Bellicensi.
1189 5041 1510 5095 Numeratnr
1541 5043 1682 5096 inter
1713 5043 1993 5112 episc0pos

410 5111 496 5180 qui
527 5112 733 5176 synodo
762 5112 1063 5168 Arelatensi
1099 5111 1475 5166 interfuerunt.

479 5179 508 5218 δ
536 5181 806 5265 Senem-.2,
838 5185 937 5237 hoc
970 5193 1048 5265 est
1078 5183 1362 5265 provincia:
1391 5193 1593 5252 quarta:
1621 5183 1990 5265 Lugdunensis

353 5255 357 5278 ‘
408 5254 862 5321 metropolitano:
912 5254 1064 5323 cujus
1110 5254 1250 5308 inter
1293 5265 1508 5309 sanctos
1555 5256 1819 5309 antistites
1862 5269 1989 5309 suos

409 5323 604 5378 fesmm
637 5323 777 5377 diem
819 5335 982 5391 agunt
1021 5325 1364 5380 Seuonenses
1408 5326 1581 5380 idibus
1606 5326 1796 5380 Juniis.
1847 5326 1988 5380 Cave

405 5409 528 5449 cum
555 5395 804 5464 Agroecio
833 5397 1002 5451 altero
1034 5397 1347 5451 confundas.
1393 5396 1558 5464 Cujus
1591 5412 1784 5451 nomen
1815 5397 1865 5450 in
1899 5412 1988 5465 sy-

405 5466 549 5521 nodo
576 5465 865 5536 Agathensi
911 5468 1122 5536 legitur.
1169 5480 1223 5523 et
1263 5467 1329 5522 ad
1377 5483 1534 5536 quem
1576 5470 1771 5536 scripta
1814 5478 1988 5522 exstat

407 5537 633 5604 epistola
676 5539 867 5607 synodi
904 5538 1424 5606 Carpentorateusis.
1479 5539 1574 5592 Hic
1618 5541 1760 5593 enim
1813 5540 1982 5592 multo

406 5609 692 5677 posterior,
732 5617 787 5664 et
827 5610 1047 5664 alterius
1077 5609 1220 5665 sedis
1249 5609 1349 5663 fuit
1375 5611 1680 5680 episcopus,
1715 5609 1978 5678 Antipoli-

407 5680 865 5748 tanarnimirum,
911 5682 964 5735 in
997 5681 1208 5746 Alpium
1251 5681 1638 5735 maritintarum
1681 5682 1970 5748 previncia.

405 5745 486 5806 De
510 5749 857 5812 Bituricensis
883 5745 1120 5824 episcopi
1149 5753 1409 5810 electione
1443 5752 1594 5822 cujus
1631 5745 1799 5822 gratia
1827 5751 1974 5808 Bitu-

2106 4686 2204 4737 hac
2231 4691 2408 4737 autem
2441 4693 2494 4737 et
2521 4691 2731 4746 octava,
2762 4685 2826 4738 ad
2858 4684 3225 4752 Euphronium
3248 4726 3260 4749 ,
3295 4700 3414 4754 qnte
3454 4684 3503 4736 in
3554 4699 3694 4739 non-

2104 4755 2260 4810 nullis
2287 4755 2682 4822 exemplaribus
2705 4756 2829 4811 huic
2848 4757 3088 4824 proxime
3116 4755 3472 4822 subiungitur,
3504 4754 3690 4810 obser-

2103 4842 2229 4881 vare
2253 4837 2353 4890 cst,
2380 4828 2542 4880 moris
2565 4827 2690 4881 olim
2719 4827 2880 4882 fuisse
2909 4829 2960 4880 in
2987 4827 3374 4882 constituendis
3397 4827 3689 4892 episcOpis.

2105 4907 2160 4952 ut
2203 4899 2245 4951 si
2293 4900 2506 4968 quando
2549 4899 2957 4966 provincialium
3001 4900 3376 4966 episc0porum
3422 4897 3693 4964 legitimus

2103 4967 2360 5025 numerus
2390 4969 2675 5033 deﬁceret,
2718 4985 2784 5024 ex
2817 4969 3056 5024 ﬁnitimis
3099 4967 3392 5037 provinciis
3424 4968 3557 5021 alios
3587 4969 3688 5022 ad-

2102 5049 2374 5096 vocarent.
2428 5043 2572 5108 Quos
2620 5042 2833 5110 quidem
2875 5041 2974 5095 etsi
3019 5055 3275 5094 numerus
3337 5038 3532 5106 alioqui
3579 5053 3687 5094 non

2100 5113 2341 5175 deesset,
2390 5129 2482 5176 pro
2513 5113 2735 5168 arbitrio
2767 5122 2940 5166 tanten
2972 5110 3374 5181 provincialium
3404 5111 3688 5178 episcopo-

2097 5201 2214 5238 rum
2263 5184 2520 5239 adhibere
2565 5199 2631 5237 ex
2676 5185 2862 5251 synodi
2894 5182 3121 5236 Nicaeum
3162 5181 3394 5236 decretis
3435 5181 3684 5242 licuisse.

2094 5255 2251 5310 docet
2277 5255 2500 5324 epistola
2531 5255 2719 5323 synodi
2751 5253 3376 5324 Constantinopolitanae.
3407 5266 3566 5320 quam
3598 5266 3686 5304 re-

2095 5328 2222 5380 citat
2263 5326 2635 5398 Tlteodorctns
2683 5325 2773 5378 lib.
2805 5341 2856 5391 v,
2885 5339 3022 5398 _cap.
3051 5325 3122 5377 8:
3169 5327 3299 5398 napi“
3325 5323 3378 5398 δὲ
3417 5331 3518 5398 τῷν
3554 5325 3686 5398 utri:

2091 5400 2241 5472 μέρος
2279 5398 2327 5449 ἐν
2355 5406 2468 5456 ταῖς
2505 5395 2782 5478 sulm-iac;
2808 5396 3021 5478 παξαιός
3048 5417 3102 5450 τε
3121 5435 3134 5460 ,
3179 5393 3246 5455 ὡςί
3275 5393 3416 5478 ἵσθει,
3467 5395 3680 5478 θεσμὸς,

2092 5465 2394 5542 ἐεεᾶερὰτηκε,
2439 5471 2522 5520 καὶ
2555 5474 2654 5520 τῶν
2691 5465 2846 5537 ἁγίων
2884 5467 2930 5519 ἐν
2971 5476 3032 5542 τῇ
3071 5469 3248 5542 Nimia
3278 5468 3511 5542 nat-ipsis
3535 5465 3674 5542 ὄρος,

2090 5536 2194 5594 καθ’
2234 5540 2450 5626 sui???
2490 5536 2750 5624 ἐπαρχίφύ
2787 5540 2906 5623 τρὺς
2941 5536 3032 5599 τῆξ·
3073 5536 3358 5626 ἐπαρχίας,
3405 5536 3490 5590 Stati
3527 5536 3674 5623 ςῖπεε

2073 5613 2264 5665 ’ἐκεῖνοι
2311 5607 2601 5684 βούλοιντᾳζ
2646 5610 2738 5684 alia
2780 5610 2953 5668 αὐτοῖς
2997 5612 3118 5670 τοὺς
3162 5607 3403 5684 ὁμόρθυς,
3448 5608 3577 5682 πρὸς·
3616 5607 3680 5662 1.έό

2087 5683 2341 5756 συμφέρον
2371 5681 2632 5736 ποιεῖσθαι
2659 5681 2748 5740 τὰς
2780 5685 3114 5755 χειροτονίας.
