4072 6348
449 280 545 341 871

1716 270 1953 330 SIDONII
1995 268 2441 326 APOLLINARIS

3635 264 3760 326 572

453 395 1102 467 ϐοιιιοτιιιιι;ε’ίῐηθηίιυθῐη
1133 401 1202 448 snt
1224 390 1292 447 ob
1314 370 1505 446 virium
1538 395 1724 444 merita
1754 388 2030 455 terribilis,
2065 440 2068 448 λ

2173 386 2492 440 cclcsiarum
2523 383 2897 440 conventicula
2926 391 3227 439 rarescunt.
3258 380 3394 452 Quid
3421 397 3567 439 enim
3599 382 3755 440 ﬁde-

455 503 563 544 non
590 496 698 543 tam
728 486 984 541 Romanis
1008 483 1276 540 moenibus
1298 496 1455 551 quam
1486 480 1692 552 legibus
1718 476 2040 534 Christianis

436 579 827 636 insidiaturum
851 589 1093 648 pavesco.
1128 574 1380 641 Tantum,
1406 582 1463 628 ut
1488 574 1684 640 ferunt,
1706 571 1808 638 ori,
1837 578 2041 625 tantum

441 672 662 743 pectori
708 684 806 725 suo
834 666 1081 723 catholici
1124 666 1323 722 mentio
1354 664 1587 719 nominis
1617 670 1763 725 acet,
1817 669 1877 714 ut
1924 674 2038 713 am-

458 765 629 834 bigas,
660 761 959 831 ampliusne
1003 773 1115 813 sua:
1160 759 1353 829 gentis,
1395 774 1461 811 an
1513 772 1626 812 suae
1673 764 1835 810 sectae
1867 759 2045 809 teneat

461 853 839 924 principatum.
891 850 971 905 Ad
1014 850 1146 916 hoc,
1197 851 1360 905 armis
1404 859 1621 920 potens,
1668 862 1793 903 acer
1816 846 2041 913 animis,

459 946 638 1001 alacer
683 944 874 1011 annis,
926 943 1067 997 hunc
1113 943 1287 997 solum
1338 943 1535 1012 patitur
1581 954 1853 1006 errorem,
1904 939 2045 1008 quod

463 1047 613 1109 putat
639 1038 741 1093 sibi
781 1046 1100 1092 tractatuum
1133 1034 1587 1105 consiliorumque
1616 1048 1921 1090 successum
1953 1032 2048 1087 tri-

466 1132 556 1188 bui
586 1120 983 1202 pro'religione
1024 1130 1279 1201 legitima,
1325 1144 1483 1199 quem
1532 1129 1703 1199 potius
1747 1126 2050 1197 assequitur

465 1239 563 1294 pro
620 1211 871 1278 felicitate
929 1232 1160 1276 terrena.
1226 1220 1450 1290 Propter
1499 1219 1640 1290 quod
1695 1217 1885 1273 discite
1940 1218 2049 1270 cito

462 1315 715 1371 catholici
766 1323 938 1369 status
966 1312 1324 1368 valetudinem
1370 1312 1657 1376 occultam,
1708 1321 1767 1365 ut
1811 1318 2049 1379 apertam

466 1406 730 1463 festinetis
783 1406 1044 1460 adhibere
1090 1405 1429 1459 medicinam.
1480 1402 1805 1473 Burdegala,
1858 1403 2050 1458 Petro-

470 1500 637 1565 corii,
692 1497 923 1562 Ruteni,
974 1497 1318 1561 Lemovices,
1372 1494 1706 1561 Gabalitani,
1740 1480 1766 1531 ει
1796 1493 2051 1557 Elusani,

470 1593 717 1659 Vasates,
736 1589 1067 1657 bCenvenaa,
1097 1592 1423 1653 Auscenses,
1449 1589 1725 1659 multoque
1748 1589 1854 1658 jam
1885 1586 2055 1657 major

470 1699 728 1740 numerus
774 1685 1075 1750 civitatum,
1127 1684 1350 1738 summis
1388 1673 1765 1737 sacerdotibus
1816 1683 2051 1752 ipsorum

2146 478 2284 535 libus
2314 477 2489 531 solatii
2525 483 2804 546 superest,
2854 474 3070 546 quando
3114 474 3379 530 clericalis
3424 489 3533 530 non
3576 475 3757 531 modo

2143 570 2458 640 disciplina,
2502 582 2685 622 verum
2726 566 2888 621 etiam
2936 566 3199 621 memoria
3241 564 3426 637 perit?
3475 565 3757 637 Equidem

2144 678 2263 720 cum
2313 662 2539 717 clericus
2590 659 2813 731 quisque
2863 659 3206 730 defungitur,
3260 660 3309 715 si
3360 659 3759 721 benedictione

2146 755 2398 811 succidua
2445 769 2552 809 non
2602 751 3145 835 accipiat‘dignitatis
3195 751 3507 822 lia-redeat,
3556 754 3612 809 in
3662 753 3758 809 illa

2148 847 2373 903 ecclesia
2411 844 2771 901 sacerdotium
2811 845 3061 913 moritur,
3095 859 3203 899 non
3242 845 3519 900 sacerdos.
3568 844 3759 915 Atque

2151 942 2222 995 ita
2253 939 2378 1010 quid
2409 940 2521 1010 spei
2552 948 2761 993 restare
2792 938 3112 1009 pronunties
3133 979 3163 1004 ,κ
3193 938 3280 994 ubi
3324 938 3449 995 facit
3478 939 3756 994 terminus

2152 1034 2385 1089 hominis
2415 1031 2576 1087 finem
2617 1030 2937 1102 religionis?
2985 1029 3161 1085 Altius
3205 1030 3450 1099 insp'cite
3490 1030 3757 1100 spiritua-

2154 1129 2283 1183 lium
2311 1128 2506 1183 damna
2535 1126 2928 1193 membrorum;
2959 1125 3200 1198 proiecto
3228 1125 3537 1197 intelligetis
3558 1125 3757 1197 quanti

2153 1220 2526 1291 subripiuntur
2569 1219 2843 1292 episc0pi,
2899 1229 3168 1275 tantorum
3218 1220 3371 1276 vobis
3421 1221 3755 1289 p0pulorum

2157 1315 2316 1371 fidem
2350 1314 2795 1385 periclitaturam.
2848 1314 3025 1369 Taceo
3052 1322 3263 1369 vestros
3286 1312 3310 1351 ἀ
3333 1314 3567 1370 Crocum
3605 1314 3758 1370 Sim-

2158 1410 2483 1480 pliciumque
2534 1410 2807 1480 collegas,
2865 1423 3000 1479 quos
3050 1407 3323 1463 cathedris
3377 1407 3479 1463 sibi
3536 1407 3756 1463 traditis

2157 1504 2486 1568 eliminatos,
2536 1503 2725 1557 similis
2773 1501 2947 1557 exsilii
2990 1502 3193 1559 cruciat
3240 1518 3398 1573 poma
3438 1502 3751 1559 dissimilis.

2158 1598 2398 1669 Namque
2428 1611 2565 1651 unus
2596 1596 2834 1667 ipsorum
2867 1610 2926 1654 se
2956 1596 3101 1651 dolet
3132 1611 3239 1650 non
3268 1595 3480 1665 videre,
3522 1611 3632 1666 quo
3669 1610 3758 1651 re-

2162 1690 2285 1746 deat
2310 1707 2324 1745 :
2356 1690 2491 1745 alter
2520 1704 2578 1745 se
2607 1688 2746 1744 dolet
2772 1687 2976 1753 videre,
3001 1704 3107 1758 quo
3137 1703 3242 1742 non
3274 1687 3432 1743 redit.
3464 1687 3544 1742 Tu
3571 1701 3760 1742 sacra-

474 1787 649 1834 Ιῐιοΐιθ
671 1779 950 1844 "uncatis.
978 1788 1001 1815 θ
1025 1791 1125 1832 nec
1152 1776 1275 1830 “Hi5
1305 1775 1555 1845 deinceps
1585 1775 1861 1845 ερὶεοοιιίς
1880 1774 1933 1829 in
1960 1773 2053 1828 ἀει·
2086 1771 2134 1831 Β
2163 1783 2490 1838 tissimorum
2526 1780 2841 1851 pontificum
2872 1779 3106 1846 Leontii,
3142 1778 3343 1844 FauSIi,
3368 1776 3563 1843 Graeci,
3593 1778 3757 1845 urbe,

474 1878 781 1927 tunctorum
812 1870 990 1925 ollieia
1016 1869 1252 1924 suffectis
1274 1868 1395 1939 (per
1420 1882 1556 1938 quos
1584 1867 1767 1937 utique
1793 1868 2057 1921 minorum

481 1961 729 2018 ordinum
753 1962 1047 2016 ministeria
1074 1959 1547 2028 subrogabantur),
1578 1960 1740 2013 latum
1767 1956 2061 2027 Spiritualis

483 2057 653 2113 ruinae
679 2058 902 2112 limitem
933 2056 1114 2111 traxit.
1145 2055 1314 2121 Quam
1348 2054 1457 2109 fere
1486 2060 1697 2116 constat
1725 2054 1802 2107 sic
1829 2052 2062 2122 per'sin-

482 2152 633 2224 gulos
672 2151 787 2206 dies
829 2151 1151 2206 morientum
1186 2158 1394 2218 patrum
1428 2147 1689 2216 proficere
1718 2144 1929 2201 defectu
1950 2186 1964 2210 ,
2008 2153 2066 2200 ut

478 2262 587 2302 non
627 2246 800 2300 solum
840 2243 1108 2315 quoslibet
1152 2242 1437 2298 hatreticos
1476 2250 1833 2311 praesentum,
1878 2254 2063 2294 verum

479 2340 640 2408 etiam
672 2338 1058 2392 haeresiarchas
1102 2336 1338 2405 priorum
1380 2344 1681 2405 temporum
1726 2335 1957 2404 potuerit
1988 2334 2091 2388 in-‘

484 2433 749 2486 flectere:
800 2431 870 2484 ita
918 2430 1146 2499 populos
1192 2443 1414 2483 excessu
1464 2428 1778 2498 pontificum
1827 2428 2065 2495 orbatos,

484 2522 656 2577 tristis
704 2521 972 2575 intercisae
1022 2520 1145 2575 ﬁdei
1174 2520 1497 2590 {deslieratio
1544 2522 1759 2589 premit.
1812 2520 1963 2574 Nulla
2014 2522 2067 2575 itt

482 2612 739 2668 desolatis
780 2627 905 2665 cura
947 2611 1273 2667 dimcesibus
1325 2611 1718 2682 parocbiisquc.
1772 2612 1967 2668 Videas
2018 2614 2068 2668 in

484 2704 741 2760 Ecclesiis
768 2714 860 2759 aut
890 2714 1069 2775 putres
1099 2706 1392 2760 culminum
1423 2706 1623 2776 lapsus,
1655 2716 1745 2761 aut
1774 2707 1931 2779 184
1953 2708 2068 2761 val-

486 2816 671 2856 varum
700 2801 1007 2857 cardinibus
1046 2801 1278 2865 avulsis,
1327 2802 1667 2857 basilicarum
1698 2803 1874 2856 aditus
1906 2802 2070 2873 hispi-

486 2895 677 2952 dorum
725 2896 965 2967 veprium
1019 2895 1296 2950 fruticibus
1350 2896 1677 2952 obstructos.
1739 2896 1887 2966 Ipsa,
1938 2898 2070 2967 proli

486 2989 677 3045 dolori
724 2990 906 3044 videas
948 2998 1217 3053 armenta,
1266 3005 1371 3043 non
1422 2989 1582 3043 modo
1629 2990 2072 3059 semipatentibus

486 3084 665 3155 jacere
712 3084 989 3139 vestibulis
1017 3124 1031 3149 ,
1094 3084 1188 3138 sed
1235 3084 1393 3138 etiam
1449 3083 1677 3163 herbosa
1726 3084 2069 3139 viridantium

2162 1876 2391 1939 ordine,
2441 1874 2665 1929 caritate
2720 1873 2929 1927 medius
2984 1872 3279 1927 inveniris:
3333 1886 3429 1940 per
3474 1884 3570 1924 vos
3615 1871 3760 1925 mala

2165 1968 2428 2023 foederum
2477 1975 2739 2032 currunt,
2798 1980 2896 2035 per
2939 1979 3032 2019 vos
3072 1966 3221 2034 regni
3270 1964 3550 2033 utriusque
3603 1971 3761 2031 pacta

2165 2062 2610 2132 conditionesque
2650 2069 2953 2131 portantur.
3011 2060 3165 2130 Agite
3206 2068 3468 2129 quatenus
3517 2056 3637 2111 haec
3693 2054 3767 2110 sit

2166 2156 2438 2224 amicitia,
2486 2152 2778 2209 concordia
2828 2151 3170 2223 principalis,
3227 2159 3283 2206 ut
3330 2148 3624 2220 episcopali
3676 2162 3767 2202 ομ

2170 2250 2445 2304 dinatione
2495 2246 2785 2316 permissa,
2828 2244 3055 2315 populos
3096 2242 3386 2298 Galliarum
3430 2256 3566 2313 quos
3605 2240 3768 2295 limes

2171 2339 2410 2396 Gothica:
2474 2339 2638 2394 sortis
2698 2336 3005 2401 incluserit,
3050 2347 3327 2392 teneamus
3372 2351 3439 2391 ex
3480 2325 3643 2398 ﬁde,"
3663 2332 3767 2388 etsi

2173 2449 2277 2489 non
2311 2440 2648 2487 tenemus’ex
2681 2430 2899 2489 foedere.
2936 2430 3139 2487 Memor
3166 2428 3338 2486 nostri
3369 2442 3489 2483 esse
3516 2428 3767 2496 dignare,

2173 2526 2388 2582 domine
2415 2539 2570 2594 papa.

2605 2618 2760 2691 185
2801 2614 3134 2683 Epis'rOLA
3194 2612 3299 2668 vn.

2369 2711 2615 2766 Sidonius
2646 2710 2856 2764 domino
2888 2725 3034 2781 papa:
3066 2718 3088 2746 ο
3130 2706 3309 2761 erco
3333 2705 3569 2759 salutem.

2249 2805 2387 2859 Ecce
2418 2804 2612 2858 iterum
2659 2803 2941 2859 Amantius
2986 2800 3328 2872 nugigerulus
3360 2808 3547 2853 noSIer
3579 2795 3771 2851 Massi~

2180 2896 2302 2950 liam
2337 2911 2490 2950 suam
2521 2896 2736 2965 repetit,
2787 2893 3010 2965 aliquid,
3045 2902 3103 2947 ut
3142 2893 3303 2947 moris
3331 2894 3435 2956 est,
3465 2890 3532 2945 dc
3576 2904 3770 2945 manu-

2179 2989 2280 3044 biis
2313 2989 2547 3044 civitatis
2592 2989 2811 3043 domum
2868 2994 3259 3058 reportaturus,
3311 2985 3355 3039 si
3403 2992 3583 3039 tamen
3626 2990 3771 3038 cata«

2180 3084 2297 3153 plus
2357 3083 2597 3137 arriserit
2643 3101 2653 3136 :
2705 3098 2796 3153 per
2864 3097 3021 3153 quem
3078 3080 3392 3152 ioculariter
3442 3078 3590 3148 plura
3640 3092 3771 3148 gar-

488 3154 734 3231 altarium
777 3177 939 3229 latera
980 3175 1217 3244 depasci.
1269 3175 1376 3230 Sed
1418 3175 1527 3243 jam
1574 3158 1674 3230 nec
1717 3191 1811 3245 per
1841 3178 2071 3232 rusticas
2101 3154 2146 3218 C
2180 3176 2341 3231 rirein
2371 3217 2385 3239 ,
2443 3174 2489 3230 si
2538 3177 2735 3244 pariter
2809 3189 2945 3230 unus
3000 3173 3249 3243 identque
3305 3172 3507 3227 valeret
3557 3169 3773 3225 animus

492 3268 666 3323 solum
709 3267 941 3323 solitudo
983 3265 1303 3322 parochias:
1340 3266 1451 3334 ipsa
1504 3267 1723 3336 insuper
1750 3268 2071 3324 urbanarum

564 3474 591 3503 λ
617 3464 769 3520 Nulla
794 3474 876 3537 est
901 3464 1091 3537 injuria
1121 3466 1260 3535 quod
1289 3466 1550 3520 Elusanos
1574 3477 1848 3537 praeponat
1871 3470 2078 3524 czeteris

492 3536 1018 3608 Novempopulanis.
1055 3535 1177 3589 Fuit
1204 3538 1345 3590 etiim
1369 3578 1382 3601 ,
1413 3552 1530 3591 cum
1570 3535 1729 3591 Elusa
1767 3542 2080 3608 metropolis

491 3616 637 3680 esset
674 3607 839 3680 totius
875 3607 1198 3677 provincia},
1243 3618 1299 3663 et
1327 3608 1426 3663 sub
1451 3624 1512 3664 ea
1544 3624 1664 3662 cum
1698 3610 1918 3680 reliquis
1944 3607 2078 3665 civi-

494 3689 574 3735 tas
597 3678 938 3742 Ausciorum,
972 3693 1091 3747 qua:
1132 3694 1271 3733 nunc
1304 3680 1613 3748 metropolis
1651 3699 1662 3734 :
1715 3692 1770 3735 ut
1814 3678 2080 3737 testantur

496 3765 601 3821 non
642 3748 801 3803 modo
829 3758 1040 3803 veteres
1060 3749 1282 3821 rNotitia:
1317 3751 1745 3818 provinciarum,
1792 3754 1841 3805 in
1885 3753 2078 3821 quibus

494 3820 980 3890 Novempopulanze
1022 3820 1267 3876 civitates
1314 3823 1415 3874 huc
1460 3822 1617 3875 modo
1649 3820 2072 3877 describuntur:

500 3890 800 3960 Metrapolis
843 3893 1017 3945 civitas
1049 3890 1373 3959 Elusatium,
1422 3893 1598 3946 civitas
1632 3896 1979 3961 Aqucnsium,
2027 3906 2074 3949 et

492 3973 613 4031 post
641 3964 772 4016 alias
800 3971 1089 4032 postrema,
1125 3964 1299 4017 ci'itas
1330 3965 1665 4028 Ausciorurn;
1705 3981 1887 4019 verum
1920 3968 2076 4019 etiam

493 4034 912 4106 subscriptiones
965 4037 1304 4104 antiquarum
1361 4036 1711 4106 synodorum.
1788 4038 2076 4105 Agatbensi

494 4106 693 4159 etenim
719 4105 948 4160 concilio
979 4105 1415 4173 subscripserunt
1445 4105 1633 4159 Clarus
1666 4107 1843 4160 Eluszc
1876 4119 2078 4161 metru-

566 4176 760 4243 litanus
788 4184 843 4229 et
859 4175 1121 4245 hNicetius
1152 4177 1467 4229 Auscioz-um
1497 4178 1848 4245 gepiscopus;
1912 4182 2079 4232 Aure-

519 4245 723 4300 ianensi
787 4243 896 4314 74
940 4248 1113 4313 primo
1161 4245 1448 4311 Leontius,
1504 4243 1607 4299 non
1655 4243 1971 4311 Talosanaz,
2027 4259 2083 4302 ut

502 4329 783 4384 perperam
816 4330 1068 4368 excusuut
1102 4325 1203 4379 est,
1235 4317 1325 4368 sed
1363 4316 1605 4369 Elusaum
1635 4319 1946 4381 llile‘OpOii)’
1970 4359 1983 4381 ,
2029 4328 2083 4372 et

500 4384 737 4459 Nicetius
758 4384 896 4459 idem
918 4386 1230 4459 Ausciorum
1254 4385 1828 4459 cpiscopus.Hennensi
1853 4388 2081 4459 denique

499 4454 642 4524 apud
668 4454 1024 4508 Flodoardum
1060 4455 1150 4509 lib.
1178 4471 1234 4517 ll,
1266 4454 1382 4524 cap.
1413 4454 1465 4520 5,
1497 4455 1865 4521 subscripsere
1896 4454 2078 4512 itidem

501 4524 741 4580 Senocus
786 4524 1130 4579 Elosanensis
1176 4536 1230 4580 ct
1276 4525 1571 4579 Audericus
1616 4528 1944 4582 Auscensis:
1992 4546 2081 4583 eo-

499 4594 1019 4668 demqueexemplo
1067 4597 1118 4649 in
1169 4598 1305 4662 aliis,
1341 4598 1575 4666 quandiu
1624 4599 1937 4668 metropolis
1986 4600 2083 4654 fuit

503 4667 686 4739 Elusa.
735 4666 884 4720 Νυηο
914 4667 1077 4739 enim,
1114 4684 1230 4737 quae
1262 4682 1441 4721 rerum
1475 4670 1654 4722 vices!
1686 4666 1811 4724 sine
1832 4671 2082 4739 episcopo

496 4738 554 4791 in
579 4738 753 4791 vicum
788 4751 924 4805 pene
950 4738 1164 4793 redacta
1193 4750 1291 4793 est.
1347 4739 1543 4793 Eusam
1590 4740 1655 4793 ab
1698 4739 1919 4805 incolis,
1966 4738 2079 4798 sive

501 4808 717 4863 Eosam-
749 4808 886 4871 dici,
946 4816 1090 4863 recte
1138 4809 1317 4863 docuit
1370 4810 1606 4878 Scaliger
1645 4811 1709 4863 ad
1754 4814 2073 4866 Ausetiium.

504 4878 700 4934 Errant
728 4894 876 4943 vero,
918 4888 971 4933 et
1008 4881 1288 4934 Ammiano
1322 4881 1627 4937 Marcellino
1656 4898 1893 4937 errorem
1927 4885 2079 4936 affin-

500 4959 662 5020 gunt,
708 4951 820 5020 qui
843 4950 895 5004 in
941 4950 1023 5004 his
1053 4952 1169 5019 ejus
1196 4951 1374 5005 verbis
1415 4953 1505 5006 lib.
1540 4969 1628 5016 xv,
1660 4952 1723 5005 In
1755 4954 2080 5008 Narbonensi

501 5019 642 5093 clusa
671 5034 743 5076 est
770 5019 1022 5075 Narbona
1064 5034 1111 5074 ct
1150 5020 1376 5093 Tolosa,
1424 5038 1519 5091 pro
1549 5024 1695 5079 clusa
1729 5025 1944 5079 Elusam
1976 5027 2077 5093 legi

501 5092 707 5164 volunt.
763 5093 927 5164 Elusa
964 5093 1107 5147 enim
1147 5092 1197 5146 in
1238 5091 1658 5164 Novempopulis
1700 5105 1816 5161 est,
1872 5112 1976 5150 non
2026 5091 2078 5151 in

502 5161 855 5235 Narbonensi.
887 5162 996 5219 Nec
1024 5164 1201 5218 minus
1227 5161 1480 5219 falluntur
1507 5161 1595 5235 qui
1626 5166 1911 5221 Elusonem
1944 5168 2078 5220 Pau-

502 5233 593 5288 lini
640 5233 797 5302 epist.
828 5234 891 5303 6’,
938 5235 1051 5289 sive
1091 5235 1430 5303 Elusionem,
1481 5233 1537 5290 ui
1582 5248 1663 5290 est
1707 5239 1756 5290 in
1800 5237 2079 5293 ltinerario

506 5303 920 5374 Burdegalensi,
972 5306 1213 5360 eamdem
1262 5322 1382 5361 cum
1435 5307 1594 5362 Elusa
1646 5308 1846 5362 faciunt
1887 5327 1901 5361 :
1956 5324 2076 5362 cum

506 5375 690 5430 Elusio
734 5375 872 5428 inter
915 5376 1167 5429 Tolosam
1211 5388 1265 5431 et
1305 5377 1606 5435 Narbonem
1662 5380 1761 5433 sita
1797 5380 1977 5434 fuerit
2026 5383 2077 5432 in

504 5446 864 5521 Narbonensi,
902 5445 1065 5501 Elusa
1102 5449 1243 5521 inter
1268 5451 1494 5505 Auscios
1532 5460 1585 5506 et
1623 5450 1997 5521 Burdegalam,
2029 5451 2078 5504 in

502 5517 999 5592 Novempopu‘lana,
1026 5529 1083 5572 ut
1110 5520 1311 5592 dictum
1334 5529 1434 5574 est.
1468 5522 1545 5575 Ad
1574 5538 1690 5575 eam
1719 5517 1931 5592 queque
1961 5537 2082 5591 per-

504 5590 638 5662 tinet
662 5589 1121 5662 vetusﬁiuscriptio
1156 5590 1437 5659 Nemausi,
1484 5608 1603 5661 qua:
1644 5589 1879 5647 continet
1909 5589 2079 5662 epita-

506 5661 691 5731 phium
720 5662 781 5715 L.
810 5661 1029 5716 Taurini
1057 5662 1256 5717 Aurelii
1287 5662 1417 5717 civis
1450 5664 1741 5717 Eluscnsis.

576 5730 727 5801 ιιρυί
770 5749 912 5789 nunc
937 5733 1341 5805 Comingenses.
1376 5734 1807 5791 Narbonensibus
1848 5737 2084 5793 proximi

2185 3286 2443 3329 exercere
2488 3272 2609 3327 irata
2646 3282 2700 3327 et
2747 3270 2918 3326 tristia
2963 3270 3251 3326 sustinere.
3285 3266 3559 3340 Siquidem
3603 3260 3777 3321 nostri

2184 3472 2251 3526 ad
2287 3471 2461 3528 fontes
2488 3472 2794 3528 Garumnae.
2829 3472 3029 3529 Horum
3060 3472 3184 3528 olim
3216 3471 3402 3528 civitas
3432 3470 3775 3539 Lugdunum,

2188 3542 2503 3632 Acin/deuiam
2544 3544 3003 3632 K0:JOUE'JlfBVJ.diCta
3038 3541 3307 3632 Straboni
3359 3553 3413 3597 et
3443 3541 3777 3623 .Ptolemaeo.

2186 3618 2252 3667 At
2274 3613 2710 3685 Comingensium
2736 3613 2895 3669 hodie
2920 3619 3081 3683 caput
3109 3623 3164 3669 et
3189 3614 3345 3669 sedes
3370 3614 3771 3685 episcoporum,

2181 3688 2370 3740 civitas
2421 3684 2483 3740 S.
2513 3686 2789 3743 Bertrandi
2830 3703 2844 3738 :
2895 3700 3055 3751 quam
3104 3687 3271 3755 ipsam
3305 3684 3624 3752 Lugdunum
3654 3699 3778 3739 esse

2186 3758 2473 3824 persuadet
2501 3759 2658 3822 situs,
2689 3757 2755 3810 ab
2784 3772 2848 3810 eo
2882 3757 3009 3809 nihil
3039 3757 3388 3824 discrepans,
3432 3770 3591 3823 quem
3623 3756 3778 3808 urbis

2184 3829 2504 3883 Conveniens
2526 3828 2780 3883 describit
2799 3827 3307 3896 Gregmius_’l‘uron.
3328 3826 3419 3879 lib.
3442 3841 3532 3889 vn,
3548 3840 3665 3892 cap.
3683 3825 3776 3879 54.

2186 3899 2364 3954 Posita
2409 3900 2549 3956 enim
2585 3907 2667 3953 est
2718 3899 2769 3952 in
2820 3899 2972 3952 colle.
3032 3897 3348 3963 Lugdunum
3378 3905 3558 3953 autem
3588 3905 3777 3951 vetere

2185 3967 2455 4023 Gallorum
2510 3970 2685 4039 lingua
2736 3976 2817 4023 est
2865 3967 3052 4023 Clarus
3086 3969 3257 4024 Mults.
3312 3966 3513 4039 ΑΞ.Ψίςί
3556 3966 3776 4039 quidem

2185 4041 2545 4105 itinerarium,
2590 4037 2711 4095 cum
2744 4040 2811 4095 ab
2841 4041 3005 4108 Aquis
3031 4039 3351 4093 Tarbellicis
3378 4037 3631 4091 Tolosam
3672 4038 3779 4093 iter

2186 4115 2421 4179 assignat
2452 4128 2543 4179 per
2576 4112 2923 4179 Lugdunum;
2974 4111 3253 4165 itemcum
3285 4109 3353 4163 ab
3380 4110 3603 4179 Agenno
3631 4108 3777 4178 Lug«

2184 4182 2386 4237 (lunum
2412 4182 2576 4235 tnillia
2603 4197 2851 4250 passuum
2878 4190 3141 4249 numerat,
3168 4181 3237 4236 65
3260 4181 3327 4235 de
3348 4179 3609 4249 Lugdune
3634 4179 3779 4235 Con-

2188 4268 2443 4306 venarum
2475 4254 2645 4321 accipi
2674 4252 2853 4306 debet.

2260 4335 2279 4361 (ε
2333 4325 2442 4377 Hoc
2501 4320 2672 4392 ipsum
2731 4322 2781 4376 in
2845 4325 3218 4392 persecutione
3272 4320 3563 4377 Vandalica
3614 4320 3781 4378 deﬂet
3870 4335 3873 4338 '

2188 4392 2368 4447 ViCtor
2417 4392 2726 4456 Uticensis,
2775 4393 2843 4446 de
2889 4393 3159 4462 episcopis
3207 4407 3369 4463 agens
3422 4393 3474 4444 in
3524 4393 3777 4448 exsilium

2188 4465 2350 4528 pulsis
2382 4464 2449 4517 ab
2482 4464 2791 4519 lluncrico:
2828 4464 3048 4533 Quibus,
3080 4466 3273 4534 inquit,
3306 4465 3355 4517 in
3385 4464 3565 4517 exsilio
3594 4463 3778 4532 positis

2187 4535 2308 4586 (lum
2348 4535 2513 4589 obitus
2551 4535 2859 4593 obvenisset.
2913 4551 3015 4588 non
3064 4535 3248 4589 licebat
3288 4535 3341 4589 in
3387 4551 3560 4588 eorum
3599 4535 3781 4588 ciuita-

2187 4604 2317 4659 libus
2364 4606 2493 4660 alios
2540 4607 2799 4661 ordinare.
2855 4605 3137 4676 Episcopis
3178 4622 3305 4676 ergo
3346 4614 3519 4661 morte
3550 4604 3780 4660 sublatis

2186 4690 2306 4747 cum
2353 4676 2439 4731 alii
2482 4692 2591 4733 non
2629 4676 3070 4746 subrogarentur,
3126 4692 3219 4747 per
3264 4691 3399 4746 quos
3451 4676 3778 4747 presbyteri,

2108 4768 2162 4828 D
2188 4746 2445 4804 diaconos
2474 4749 2767 4819 caeterique
2795 4746 3392 4828 inferiorumcrdinum
3425 4746 3783 4828 clericiidesi-

2186 4828 2497 4899 guarentur,
2527 4817 2789 4874 summam
2828 4822 2877 4873 in
2907 4818 3166 4875 Ecclesiis
3196 4817 3443 4873 omnibus
3472 4818 3782 4873 vastitatem

2187 4903 2279 4943 $00
2289 4906 2336 4942 lli
2370 4904 2591 4943 necesse
2623 4906 2711 4943 era
2721 4903 2735 4943 ἰ
2747 4931 2758 4943 .

2215 4904 2336 4954 equi
2370 4904 2591 4947 necesse
2623 4901 2758 4946 erat.

2258 4957 2283 4994 ά
2308 4958 2479 5016 Croco
2519 4962 2770 5031 episcopo
2812 4963 2950 5019 inter
2986 4962 3120 5016 alios
3146 4960 3402 5030 inscripta
3436 4969 3518 5017 est
3548 4959 3781 5031 epistola

2190 5030 2372 5086 anidi
2426 5030 2745 5103 presbyteri.
2798 5034 2875 5087 Ex
2912 5048 3018 5103 quo
3060 5033 3226 5101 liquet
3265 5032 3413 5103 illum
3458 5030 3778 5103 interfuisse

2186 5103 2392 5173 synodo
2420 5099 2740 5160 Arelatensi.
2793 5099 3088 5173 Episcopus
3116 5099 3217 5157 iuit
3248 5101 3660 5167 Nemausensis;
3708 5099 3781 5156 de

2190 5172 2464 5257 Simplicio
2491 5184 2689 5257 autem,
2722 5189 2826 5257 non
2844 5172 3040 5257 liquet.

2261 5254 2284 5280 θ
2314 5244 2576 5315 Episcopo
2604 5244 2952 5312 Massiliensi,
2983 5244 3050 5299 de
3082 5260 3187 5314 quo
3226 5260 3408 5315 supra.
3462 5244 3673 5313 Scripta
3715 5257 3784 5297 eo

2192 5323 2433 5388 tempore
2460 5328 2565 5386 quo
2609 5331 2675 5388 ea
2702 5315 2927 5388 foedere
2979 5317 3122 5388 pacis
3170 5332 3201 5371 a
3244 5316 3459 5388 Nepote
3482 5317 3624 5370 initae
3654 5329 3780 5369 cum

2190 5384 2879 5459 Eurico,AA:rverni_Gothis
2915 5404 2944 5441 a
2981 5384 3176 5456 quibus
3206 5389 3256 5442 vi
3295 5384 3413 5459 capi
3445 5402 3552 5442 non
3587 5395 3782 5459 potue-

2136 5474 2145 5486 -
2189 5465 2343 5529 rant,
2388 5456 2509 5511 dedi
2553 5457 2688 5525 jussi
2734 5465 2856 5529 sunt
2887 5469 2942 5511 ut
2974 5459 3173 5513 dictum
3207 5468 3290 5515 est
3318 5456 3384 5513 ad
3413 5456 3694 5529 epistolam
3725 5457 3779 5521 1,

2191 5526 2286 5580 lib.
2316 5542 2394 5580 ιιι.
2448 5529 2735 5601 Propterea
2765 5528 3018 5601 Sidonius
3064 5546 3174 5586 non
3219 5526 3489 5587 immerito
3531 5528 3779 5601 queritur

2192 5602 2554 5724 Anigrlnorum
2578 5598 2853 5657 meliorem
2878 5600 3040 5659 fuisse
3062 5602 3163 5657 sub
3182 5602 3326 5660 bello
3348 5617 3506 5673 quant
3528 5598 3628 5657 sub
3652 5611 3783 5673 pace

2192 5686 2291 5724 cun
2336 5686 2347 5723 ι
2376 5683 2572 5724 tonum.

2191 5683 2572 5726 CUDUIllOﬂCﬂ).
