4072 6348
440 290 550 354 573

1678 288 2154 349 EPISTOLABUM
2196 291 2321 347 LIB.
2367 293 2470 349 Vll.

3620 304 3728 369 επ

440 407 531 463 hic
564 422 703 464 nunc
740 415 825 463 est
862 408 1092 473 infelicis
1125 409 1302 481 anguli
1345 417 1546 473 status;
1589 406 1760 478 cujus,
1791 414 1851 461 ut
1896 406 2032 461 fama
2070 406 2113 467 Α
2143 407 2381 479 Namque
2411 410 2513 466 alia
2542 413 2691 484 regio
2714 413 2907 479 tradita
2944 415 3223 488 servitium
3252 428 3454 491 sperat,
3486 423 3723 484 Arverna

438 501 760 567 conﬁrmat,
808 502 1001 556 melior
1055 499 1149 556 fuit
1197 500 1296 555 sub
1353 499 1494 555 bello
1541 515 1699 572 quam
1756 498 1854 553 sub
1899 511 2033 568 pace

439 592 699 651 conditio.
763 592 924 648 Facta
970 602 1052 648 est
1096 594 1329 648 servitus
1377 602 1555 648 nostra
1605 593 1831 663 pretium
1878 605 2029 647 secu-

437 690 616 745 ritatis
674 687 883 743 alienas.
941 692 1309 753 Arvernorum
1350 729 1364 754 ,
1430 687 1561 757 proh
1611 687 1797 742 dolor!
1863 685 2032 743 servi-

432 789 566 837 tus:
598 780 711 851 qui,
747 778 791 834 si
826 779 1001 849 prisca
1036 780 1449 849 replicarentur,
1489 779 1757 836 audebant
1782 794 1839 834 se
1862 794 2031 848 quou-

431 874 564 928 dam
598 872 788 928 fratres
830 871 985 927 Latio
1022 872 1222 939 dicere,
1259 882 1313 928 et
1355 874 1612 943 sanguine
1640 874 1706 927 ab
1747 874 1909 928 Iliaco
1942 886 2032 942 po-

432 968 595 1037 pulos
616 975 952 1038 computare.
984 966 1040 1022 Si
1068 969 1305 1022 recentia
1336 968 1792 1035 memorabuntur,
1829 968 1861 1020 ii
1904 974 2029 1022 sunt

429 1059 525 1130 qui
550 1058 751 1114 viribus
780 1059 1008 1129 propriis
1038 1058 1268 1113 hostium
1315 1059 1645 1128 publicorum
1680 1073 1825 1113 arma
1851 1073 2027 1113 remo~

432 1153 540 1209 rati
568 1163 733 1209 sunt:
767 1154 851 1207 cui
895 1167 1039 1223 saepe
1082 1152 1279 1223 populo
1306 1152 1511 1213 Gothus
1555 1167 1661 1206 non
1703 1152 1801 1205 fuit
1844 1152 2027 1206 clauso

433 1249 577 1304 intra
603 1247 798 1302 muania
830 1245 1127 1312 formidini,
1158 1260 1280 1299 cum
1326 1244 1568 1300 vicissim
1601 1244 1714 1315 ipse
1743 1243 1898 1299 ﬁeret
1927 1258 2025 1312 0p-

431 1339 825 1412 pugnatoribus
859 1338 1047 1408 positis
1078 1338 1216 1393 intra
1246 1347 1421 1393 castra
1449 1340 1663 1394 terrori.
1694 1338 1752 1391 lli
1782 1349 1907 1392 sunt
1933 1335 2023 1405 qui

428 1432 534 1489 sibi
590 1431 853 1485 adversus
907 1427 1203 1484 vicinorum
1262 1428 1432 1484 aciem
1482 1438 1587 1484 tam
1662 1428 1826 1485 duces
1873 1430 2025 1485 fuere

431 1538 593 1595 quam
626 1522 848 1578 milites.
884 1522 957 1576 De
1000 1537 1226 1593 quorum
1265 1532 1441 1578 tamen
1470 1530 1615 1577 sorte
1643 1522 2019 1591 certaminum,

432 1616 479 1671 si
508 1615 636 1689 quid
667 1629 983 1687 prosperum
1006 1616 1190 1682 cessit,
1224 1630 1321 1670 vos
1362 1614 1595 1670 secunda
1642 1615 1814 1669 solata
1861 1623 2015 1681 sunt;

432 1712 477 1766 si
528 1709 654 1779 quid
708 1711 1084 1777 contrarium,
1141 1708 1263 1763 illos
1310 1709 1535 1764 adversa
1596 1707 1887 1778 fregerunt.
1943 1708 2019 1763 llli

2138 502 2478 572 supplicium.
2531 505 2673 562 Sane
2714 508 2756 561 si
2806 508 3060 577 medicari
3109 512 3307 569 nostris
3335 514 3489 589 187
3522 514 3723 573 ultimis

2140 608 2245 648 non
2275 596 2485 660 valetis,
2513 597 2699 652 saltem
2732 598 2833 655 hoc
2865 600 3063 659 efﬁcite
3091 618 3247 672 prece
3277 604 3479 669 sedula,
3524 616 3577 660 ut
3608 620 3724 662 san~

2136 687 2251 757 guis
2276 686 2416 742 vivat
2445 704 2669 757 quorum
2699 699 2783 746 est
2812 692 3069 747 moritura
3102 693 3324 751 libertas
3365 712 3378 755 ;
3412 706 3600 768 parate
3623 712 3720 751 ex-

2135 782 2341 838 sulibus
2384 790 2604 849 terram,
2651 784 2927 854 capiendis
2975 786 3420 856 redemptionem,
3467 789 3720 846 viaticum

2136 876 2569 946 peregrinaturis.
2601 876 2655 933 Si
2702 892 2885 930 murus
2914 881 3122 943 Lnoster
3168 881 3410 948 aperitur
3456 879 3718 945 hostibus,

2136 983 2240 1025 non
2271 968 2341 1024 sit
2370 969 2584 1025 clausus
2611 978 2789 1026 vester
2815 969 3138 1040 hospitibus.
3169 970 3371 1029 Memor
3404 974 3571 1029 nostri
3600 988 3722 1031 esse

2133 1061 2373 1131 dignare,
2404 1060 2621 1117 domine
2653 1075 2811 1129 papa.

2250 1223 2262 1234 .
2681 1151 3009 1208 EPISTOLA
3069 1153 3204 1208 vui.

2270 1245 2519 1301 Sidonius
2546 1246 2750 1300 domino
2782 1261 2930 1317 papw
2956 1256 2977 1284 ε
3006 1242 3307 1316 Euphronio
3331 1249 3567 1304 salutem.

2200 1337 2640 1407 Quandoquidem
2667 1354 2753 1392 me
2796 1337 3059 1394 clericalis
3090 1337 3249 1394 ofﬁcii
3293 1340 3498 1397 vincula
3532 1342 3716 1414 ligant,

2130 1427 2494 1483 felicissimum
2541 1429 2925 1484 mediocritatis
2980 1445 3112 1485 mete
3160 1440 3358 1488 statum
3408 1437 3719 1504 pronuntia.-

2131 1541 2264 1594 rem,
2298 1525 2340 1577 si
2375 1523 2526 1578 nobis
2569 1524 2900 1579 haberentur
2929 1522 2957 1561 ἀ
2986 1539 3145 1595 quam
3201 1527 3474 1583 territoria
3522 1530 3719 1597 vicina,

2130 1628 2233 1671 tam
2280 1616 2499 1672 moenia.
2554 1616 2629 1672 De
2675 1616 2910 1671 minimis
2941 1616 3191 1673 videlicet
3243 1618 3405 1674 rebus
3462 1636 3719 1679 coronam

2128 1718 2272 1763 tuam
2322 1709 2676 1781 maximisque
2726 1710 3064 1764 consulerem
3101 1709 3402 1781 :ﬁeretque
3449 1714 3719 1771 actionum

429 1818 618 1861 amore
640 1803 949 1874 reipublicae
976 1811 1003 1840 ι
1032 1802 1376 1869 Seronatum,
1419 1801 1661 1858 barbaris
1710 1802 2015 1874 provincias
2054 1798 2094 1857 Β
2125 1815 2360 1856 mearum
2386 1801 2535 1871 quasi
2567 1800 2868 1871 cujuspiam
2900 1801 3047 1855 ﬂuvii
3091 1802 3484 1873 placidissimus
3529 1820 3721 1862 eursus

428 1896 807 1967 propinantem
863 1911 969 1951 non
1024 1896 1255 1950 timuere
1315 1894 1519 1964 legibus
1565 1893 1811 1959 tradere;
1864 1910 2021 1965 quem

428 1990 733 2045 convictum
760 1989 1015 2059 deinceps
1044 1987 1354 2058 reSpublica
1386 1988 1471 2040 vix
1506 1986 1848 2057 prsesumpsit
1880 1988 2023 2042 occi—

427 2081 579 2138 dere.
624 2081 859 2137 lloccine
906 2089 1217 2136 meruerunt
1263 2079 1468 2148 inopia,
1525 2081 1757 2144 ﬂamma,
1793 2078 2016 2143 ferrum,

428 2176 755 2248 pestilentia,
780 2176 1006 2246 pingues
1036 2173 1277 2229 caedibus
1322 2172 1503 2244 gladii,
1554 2173 1711 2244 186
1756 2182 1810 2227 et
1856 2172 2022 2226 macri

423 2271 644 2342 jejuniis
690 2269 1073 2341 proeliatores?
1124 2267 1350 2336 Propter
1397 2264 1552 2334 hujus
1596 2274 1771 2319 tamen
1807 2264 2021 2336 inclytae

426 2364 574 2433 pacis
598 2362 1081 2433 exspectationem,
1111 2360 1325 2414 avulsas
1378 2358 1672 2413 muralibus
1703 2357 1853 2412 rimis
1901 2356 2021 2411 her-

432 2455 527 2512 bas
558 2456 609 2510 in
645 2456 820 2510 cibum
855 2455 1155 2519 traximus;
1183 2454 1381 2509 crebro
1412 2468 1507 2523 per
1537 2452 1895 2523 ignorantiam
1928 2466 2021 2508 ve-

429 2546 640 2602 nenatis
660 2545 992 2618 graminibus
1032 2545 1241 2611 infecti,
1264 2560 1381 2613 quae
1412 2543 1718 2599 indiscretis
1742 2541 1885 2597 foliis
1907 2557 2021 2597 suc-

428 2638 613 2709 cisque
634 2636 941 2700 viridantia,
974 2650 1119 2706 saepe
1157 2650 1348 2691 manus
1380 2635 1516 2690 fame
1567 2634 1822 2689 concolor
1870 2634 2015 2704 legit.

425 2729 531 2785 Pro
562 2730 627 2785 iis
655 2737 735 2783 tot
763 2730 1031 2799 tantisque
1070 2728 1368 2784 devotionis
1410 2727 1798 2797 experimentis
1851 2728 2018 2781 nostri

430 2824 710 2895 (quantum
758 2822 942 2891 audio)
997 2821 1132 2877 facta
1184 2820 1393 2891 jactura
1445 2828 1528 2873 est
1579 2838 1590 2872 :
1645 2819 1842 2889 pudeat
1895 2833 2015 2883 vos,

428 2932 732 2987 precamur,
763 2916 924 2987 hujus
956 2914 1173 2971 foederis
1201 2930 1301 2970 nec
1328 2915 1474 2971 utilis
1520 2930 1619 2970 nec
1664 2916 1867 2970 decori.
1916 2914 2018 2969 Per

428 3024 525 3065 vos
574 3009 867 3079 legationes
916 3016 1113 3062 meant.
1176 3007 1341 3062 Vobis
1394 3008 1657 3077 primum,
1710 3022 2014 3075 quanquam

423 3103 665 3175 principe
689 3102 930 3169 absente,
963 3116 1069 3157 non
1100 3102 1272 3157 solum
1308 3109 1533 3156 tractata
1562 3112 1898 3170 reserantur,
1926 3116 2016 3154 ve-

2131 1904 2290 1966 atque
2322 1894 2641 1967 inoffensus,
2671 1897 2715 1950 si
2740 1911 2770 1951 e
2803 1904 3028 1950 tractatu
3053 1904 3145 1951 tuo
3195 1898 3359 1953 veluti
3405 1915 3435 1954 e
3480 1900 3721 1957 saluber-

2129 1986 2267 2041 rimo
2298 1987 2444 2041 fonte
2470 1995 2731 2042 manaret.
2762 1986 2953 2042 Procul
2986 1988 3149 2044 dubio
3171 1997 3295 2047 tunc
3323 1990 3409 2045 ille
3439 2005 3544 2046 non
3575 1999 3722 2049 esset

2128 2091 2221 2136 aut
2250 2097 2536 2151 spumosus
2564 2098 2660 2152 per
2695 2083 3033 2151 jactantiam,
3068 2094 3157 2138 aut
3192 2085 3435 2141 turbidus
3474 2102 3571 2156 per
3625 2094 3721 2144 Su-

2129 2174 2391 2244 perbiam,
2420 2184 2509 2227 aut
2531 2189 2780 2229 caenosus
2810 2190 2903 2243 per
2932 2175 3339 2241 conscientiam,
3370 2188 3455 2231 aut
3479 2193 3720 2249 praeceps

2126 2283 2223 2338 per
2246 2267 2609 2337 juventutem.
2658 2266 2795 2333 Quin
2850 2266 3023 2335 potius
3072 2267 3127 2331 in
3178 2268 3272 2323 illo
3320 2269 3623 2339 squalidum
3672 2273 3719 2329 si

2126 2358 2251 2429 quid
2283 2374 2345 2413 ac
2392 2366 2545 2429 putre
2591 2359 2859 2425 sorderet,
2911 2368 3078 2413 totum
3120 2359 3171 2413 id
3220 2359 3454 2415 admixta
3504 2363 3717 2419 consilii

2128 2452 2203 2506 tui
2238 2467 2370 2506 vena
2398 2452 2646 2506 dilueret.
2673 2451 2777 2506 Sed
2809 2451 2948 2521 quod
2984 2450 3350 2522 hujuscemodi
3378 2455 3517 2509 votis
3544 2455 3717 2525 spatia

2124 2552 2252 2598 sunt
2275 2544 2430 2614 longa
2461 2545 2600 2599 inter
2622 2544 2789 2613 posita
2824 2544 3267 2613 praepedimento,
3293 2547 3480 2602 sedulo
3503 2563 3715 2617 precor,

2126 2648 2180 2692 ut
2225 2638 2595 2692 consulentem
2652 2637 2721 2691 de
2774 2635 3028 2704 scrupulo
3076 2636 3303 2692 incursae
3356 2638 3719 2707 ambiguitatis

2123 2728 2413 2798 expedias:
2448 2739 2501 2783 et
2528 2728 2654 2798 quia
2694 2736 2717 2764 ο
2767 2727 3101 2798 Simplicium
3149 2728 3496 2797 spectabilem
3544 2730 3720 2790 virum

2124 2824 2435 2892 episcopum
2490 2822 2593 2877 sibi
2658 2822 2859 2890 flagitat
2920 2821 3146 2891 populus
3198 2821 3401 2875 Biturix
3452 2822 3711 2890 ordinari,

2122 2919 2248 2988 quid
2296 2932 2456 2987 super
2502 2925 2650 2971 tanto
2691 2915 2916 2973 debeam
2968 2914 3180 2987 negotio
3223 2914 3400 2969 facere
3430 2915 3710 2971 decernas.

2125 3011 2292 3081 llujus
2324 3025 2382 3064 es
2414 3024 2645 3077 namque
2678 3008 2758 3062 vel
2798 3022 2928 3077 erga
2959 3021 3044 3060 me
3086 3005 3432 3075 dignationis,
3458 3007 3538 3062 vel
3587 3021 3712 3077 erga

2123 3105 2360 3174 reliquos
2396 3104 2554 3174 188
2583 3100 2936 3166 auctoritatis,
2962 3099 3081 3153 utsi
3114 3098 3237 3167 quid
3266 3098 3377 3153 ﬁeri
3415 3099 3559 3154 voles
3590 3100 3714 3172 (v03

428 3210 547 3249 rum
574 3194 736 3250 etiam
785 3192 1059 3249 tractanda
1107 3193 1537 3247 committuntur.
1586 3192 1876 3247 Veniabilis
1921 3193 2011 3263 sit,
2041 3183 2087 3245 C
2122 3197 2199 3253 les
2229 3205 2405 3251 autem
2450 3194 2708 3265 quidquid
2755 3193 3121 3263 mquissimum
3162 3192 3289 3262 est),
3325 3206 3431 3248 non
3483 3191 3713 3250 suadere

429 3300 758 3357 quicsumus,
810 3286 945 3356 apud
980 3300 1136 3340 aures
1185 3294 1391 3340 vestras
1437 3284 1677 3338 veritatis
1724 3285 2006 3354 asperitas,

424 3379 577 3448 cujus
608 3377 833 3433 convicii
875 3377 1128 3432 invidiam
1159 3376 1314 3431 dolor
1342 3377 1518 3446 eripit.
1556 3376 1750 3430 Parum
1780 3376 1833 3431 itt
1856 3392 2009 3433 com-

419 3488 583 3529 mune
602 3471 928 3529 consulitis:
972 3481 1026 3527 et
1073 3486 1195 3525 cum
1246 3470 1301 3525 in
1352 3472 1637 3526 concilium
1685 3470 2007 3535 convenitis,

420 3582 529 3621 non
556 3573 664 3620 tam
697 3580 841 3620 curae
888 3575 970 3620 est
1016 3565 1248 3635 publicis
1290 3564 1491 3620 mederi
1526 3565 1799 3634 periculis,
1850 3580 2008 3635 quam

420 3660 643 3730 privatis
673 3660 891 3715 studere
915 3659 1179 3713 fortunis:
1208 3658 1350 3727 quod
1398 3659 1580 3727 utique
1625 3672 1770 3725 stepe
1814 3656 2011 3726 diuque

418 3756 699 3819 facientes,
726 3754 835 3823 jam
869 3751 896 3790 δ
924 3768 1030 3808 non
1059 3752 1219 3822 primi
1268 3750 1795 3821 comprovincialium
1843 3750 2010 3817 ccepi-

424 3848 520 3902 stis
551 3860 692 3913 esse,
719 3844 816 3901 sed
839 3844 1035 3899 ultimi.
1070 3848 1138 3898 At
1165 3858 1443 3913 quousque
1481 3843 1597 3896 istae
1627 3851 1880 3912 poterunt
1914 3841 2011 3895 du-

421 3955 542 3998 rare
560 3938 881 4011 praestigim?
910 3937 1025 3992 Non
1054 3936 1197 3993 enim
1227 3936 1426 3991 diutius
1450 3936 1551 4005 ipsi
1586 3934 1815 4004 majores
1842 3934 2010 3988 nostri

362 4018 378 4032 ”
420 4036 523 4092 hoc
552 4034 769 4089 nomine
795 4033 1187 4104 gloriabuntur,
1224 4032 1313 4102 qui
1357 4031 1591 4084 minores
1619 4029 1876 4097 incipiunt
1905 4042 2008 4081 non

420 4130 638 4185 habere.
668 4129 1004 4197 Quapropter
1027 4128 1108 4183 vel
1144 4126 1392 4189 consilio,
1440 4139 1546 4193 quo
1592 4125 1844 4192 potestis,
1899 4131 2010 4175 sta-

421 4232 533 4279 tum
560 4222 863 4281 concordia:
892 4229 998 4275 tam
1027 4222 1199 4290 turpis
1229 4218 1469 4274 incidite.
1504 4217 1691 4271 Adhuc
1716 4218 1758 4270 si
1790 4229 2013 4271 necesse

418 4326 501 4372 est
521 4313 781 4378 obsideri,
812 4313 989 4367 adhuc
1017 4328 1275 4381 pugnare,
1308 4310 1481 4364 adhuc
1511 4309 1718 4363 esurire
1755 4308 2007 4362 delectat.

410 4410 475 4466 'Si
506 4423 639 4464 vero
668 4404 950 4473 tradimur,
981 4405 1070 4475 qui
1099 4420 1204 4459 non
1235 4402 1501 4472 potuimus
1533 4401 1735 4455 viribus
1756 4399 2007 4463 obtineri,

418 4505 691 4560 invenisse
719 4519 817 4560 vos
840 4511 1043 4558 certum
1073 4508 1175 4563 est,
1207 4496 1332 4566 quid
1372 4495 1659 4550 barbarum
1712 4492 2013 4548 suaderetis

423 4596 621 4666 ignavi.
649 4597 754 4653 Sed
781 4612 877 4652 cur
902 4591 1079 4649 dolori
1129 4590 1295 4644 nimio
1340 4589 1488 4643 frena
1532 4588 1810 4641 laxamus?
1866 4586 2003 4652 Quin

424 4690 603 4763 potius
633 4691 885 4761 ignoscite
912 4686 1148 4753 afflictis,
1202 4698 1300 4739 nec
1327 4683 1584 4758 imputate
1628 4680 2000 4737 maerentibus.

492 4806 648 4879 75η
694 4806 770 4860 De
807 4820 913 4876 quo
956 4802 1051 4857 lib.
1101 4816 1169 4869 tt,
1219 4799 1374 4869 epist.
1416 4813 1468 4860 ι,
1511 4804 1568 4851 et
1612 4795 1704 4850 lib.
1753 4812 1806 4859 v,
1848 4797 2007 4864 epist.

419 4893 571 4933 Ill".

493 4947 936 5019 hEpiscoporum
992 4942 1285 5019 provinciae
1348 4938 1731 5019 Arelatensis_._
1784 4938 2011 5019 Massilia

421 5021 551 5075 olim
582 5008 872 5089 provincia:
928 5008 1100 5089 fuerat
1136 5010 1505 5089 Viennensis:
1536 5019 1608 5089 at.
1637 5008 1847 5089 Sidonii
1895 5024 2011 5089 aevo

419 5080 733 5162 Arelaicnsi
765 5088 1176 5162 attribuebatur.
1226 5082 1342 5137 .lam
1390 5081 1532 5161 enim
1572 5081 1784 5162 leonis
1831 5080 2009 5162 magni

384 5172 389 5221 ζ
421 5163 642 5217 decreto
683 5160 853 5215 divisa
896 5162 949 5213 in
976 5159 1108 5213 duas
1141 5156 1317 5209 fuerat
1350 5151 1619 5220 provincia
1654 5150 2007 5215 Viennensis;

382 5220 389 5242 ⁴
420 5235 491 5287 ita
521 5242 579 5287 ut
622 5246 743 5301 pars
769 5231 992 5303 Vienna:
1022 5230 1241 5284 cederet
1274 5222 1592 5303 metropoli,
1616 5234 1739 5303 pars
1768 5220 2006 5303 Arelato.

425 5304 565 5359 Inter
617 5293 947 5359 Arelatensis
988 5311 1166 5354 autem
1212 5293 1501 5367 provincire
1548 5293 1788 5367 civitates
1839 5294 2007 5363 prjma

421 5385 538 5431 erat
566 5374 799 5428 Massilia
832 5389 845 5437 ;
878 5384 990 5425 tum
1033 5364 1255 5433 Avenio,
1302 5366 1548 5429 Arausio,
1586 5364 2006 5437 Carpentorate,

422 5447 583 5501 Vasio
632 5456 684 5500 et
733 5435 871 5497 alia'.
938 5443 1099 5497 Primi
1146 5455 1275 5509 ergo
1319 5435 2009 5509 comprovincialium“epi-

422 5519 571 5587 scopi
607 5515 1103 5587 llassilietises._At
1148 5505 1310 5573 nn'nc,
1354 5507 1739 5587 ait“Sidonit_t.s,
1786 5505 2009 5573 reliquis

426 5577 537 5645 fere
563 5586 874 5643 civitatibus
899 5586 952 5639 in
981 5584 1278 5639 Gothorum
1305 5580 1389 5635 vel
1438 5577 1869 5648 Burgundionum
1910 5591 2002 5643 p0-

423 5670 673 5717 testatem
704 5657 957 5723 redactis,
977 5655 1087 5724 jam
1112 5668 1221 5709 non
1250 5652 1405 5721 primi
1432 5652 1483 5706 in
1506 5666 1567 5704 ea
1597 5648 1863 5719 provincia
1896 5662 2005 5702 cte-

424 5740 617 5803 perant
640 5742 784 5795 esse,
810 5728 907 5803 sed
938 5726 1129 5803 ultimi.
1422 5795 1436 5803 -
1731 5800 1739 5803 _
1838 5791 1849 5802 _

500 5814 522 5847 ο
552 5790 1022 5873 Augustodunensi
1047 5797 1298 5868 episcopo
1332 5814 1344 5848 :
1374 5795 1439 5849 ad
1476 5809 1633 5865 quem
1664 5800 1749 5846 est
1769 5791 1925 5861 epist.
1946 5790 2005 5859 2,

2118 3299 2225 3343 tam
2262 3286 2481 3351 debeas,
2510 3300 2668 3356 quam
2694 3284 2905 3355 jubere.
2957 3284 3031 3339 De
3071 3299 3176 3354 quo
3208 3292 3384 3339 tamen
3434 3284 3714 3354 Simplicio

2116 3382 2308 3437 scitote
2337 3380 2544 3435 narrari
2573 3379 2801 3448 plurima
2828 3378 2988 3442 bona,
3015 3387 3176 3448 atque
3202 3393 3261 3431 ea
3286 3377 3503 3447 quidem
3531 3394 3562 3433 a
3593 3379 3715 3449 plu-5

2115 3476 2265 3530 rimis
2292 3474 2466 3529 bonis.
2500 3472 2630 3541 Quae
2663 3471 2968 3526 testimonia
3020 3469 3152 3524 mihi
3195 3469 3366 3538 prima
3396 3470 3570 3525 fronte
3599 3470 3711 3526 col-

2115 3568 2280 3640 loquii
2303 3584 2408 3622 non
2437 3567 2568 3621 satis
2594 3575 2770 3637 grata,
2801 3565 2925 3633 quia
2955 3564 3086 3618 satis
3111 3564 3368 3634 gratiosa,
3392 3561 3714 3633 judicaban-

2088 3652 2220 3718 .tur.
2266 3666 2332 3716 At
2364 3668 2643 3729 postquam
2696 3658 2920 3714 aemulos
2964 3660 3081 3726 ejus
3132 3657 3264 3711 nihil
3323 3657 3431 3712 vidi
3478 3658 3709 3727 amplius

2114 3771 2275 3826 quam
2326 3754 2509 3818 silere,
2551 3763 2713 3821 atque
2758 3766 2851 3805 eos
2898 3748 3128 3803 maiim‘c
3170 3751 3258 3818 qui
3314 3749 3474 3805 ﬁdem
3526 3751 3712 3806 fovent

2115 3850 2466 3910 Arianorum;
2492 3859 2665 3913 neque
2689 3842 2963 3912 quippiam
2995 3840 3288 3904 nominato,
3324 3840 3450 3894 licet
3479 3839 3705 3894 necdum

2116 3953 2313 4000 nostra:
2346 3941 2715 4011 professionis,
2752 3937 2994 3993 illicitum
3024 3937 3223 4005 opponi
3258 3953 3269 3987 :
3319 3938 3557 3991 animum
3606 3937 3703 3991 ad-

2115 4038 2249 4093 verti
2277 4032 2677 4089 exactissimum
2709 4030 2880 4085 virum
2911 4043 3067 4097 posse
3096 4028 3329 4088 censeri,
3377 4028 3443 4083 de
3472 4043 3578 4097 quo
3623 4028 3707 4083 ci-

2116 4131 2193 4181 vis
2221 4126 2391 4180 malus
2423 4124 2587 4194 loqui,
2616 4120 2787 4175 borius
2831 4129 3009 4173 tacere
3052 4132 3160 4171 non
3202 4126 3401 4184 posset.
3454 4116 3558 4171 Sed
3608 4132 3705 4171 cur

2115 4235 2214 4289 ego
2237 4218 2337 4273 ista
2369 4217 2484 4270 htec
2514 4215 2729 4283 ineptus
2772 4211 2968 4281 adjeci.
3020 4218 3275 4279 tanquam
3304 4208 3489 4263 darem
3522 4208 3704 4263 consi-

2117 4316 2244 4370 lium
2310 4310 2399 4381 qui
2450 4306 2714 4378 poposci?
2772 4303 2907 4373 Quin
2956 4301 3134 4372 potius
3184 4302 3361 4383 omnia
3408 4316 3474 4354 ex
3521 4308 3706 4357 vestro

2117 4415 2267 4468 nutu,
2301 4401 2544 4465 arbitrio,
2572 4397 2873 4466 litterisque
2896 4394 3272 4464 disponentur,
3305 4392 3703 4459 sacerdotibus,

2115 4496 2461 4569 popularibus
2490 4488 2997 4545 manifestabuntur.
3027 4486 3212 4556 Neque
3238 4486 3382 4540 cnim
3413 4485 3486 4540 ita
3512 4485 3708 4554 desipi-

2031 4570 2087 4631 D
2112 4605 2229 4645 mus
2260 4589 2311 4642 in
2346 4594 2543 4645 totum,
2595 4592 2651 4635 ιιι
2680 4579 3009 4635 evocandum
3050 4588 3102 4633 te
3146 4578 3399 4648 primum,
3450 4579 3491 4631 si
3525 4577 3708 4632 venire

2110 4679 2368 4753 possibile
2400 4684 2518 4740 est;
2548 4672 2743 4728 deinde
2771 4672 2814 4726 si
2843 4670 2967 4740 quid
3010 4685 3185 4736 secus,
3233 4680 3379 4725 certe
3423 4670 3707 4725 consulen-

2118 4798 2211 4851 lib.
2241 4809 2312 4857 tv,
2344 4790 2484 4845 etde
2511 4802 2615 4856 quo
2641 4786 2869 4857 epistola
2894 4786 3077 4839 ultima
3114 4785 3203 4857 lib.
3226 4801 3311 4857 ix.
3336 4783 3541 4857 Colitur
3565 4782 3708 4857 ῂιιθι·

2120 4853 2335 4921 sanctos
2368 4878 2419 4915 ιιι
2451 4853 2619 4913 nonas
2650 4853 2895 4924 Augusti.
2929 4856 3262 4919 Subscripsit
3300 4855 3543 4923 epistolae
3565 4853 3707 4907 Fau-

2117 4937 2185 4994 sti
2216 4945 2270 4989 et
2299 4932 2505 5003 synodo
2532 4928 2855 5003 Arelatensi.
2878 4929 3024 5003 'Ante
3052 4928 3426 5003 episcopatum
3444 4938 3569 4977 vero
3614 4925 3707 4978 ba-

2119 4995 2413 5063 silicam'S.
2444 4999 2819 5070 Sytnphoriaui
2846 5002 2897 5053 in
2923 5000 3054 5051 urbe
3092 5012 3186 5050 sua
3217 4995 3480 5070 condidit,
3507 5004 3561 5070 ut
3607 5010 3721 5049 au-‘

2119 5088 2233 5132 ctor
2264 5084 2346 5130 est
2369 5064 2655 5140 Gregorius
2680 5069 2880 5123 'l‘uron.
2922 5070 3014 5122 lih.
3063 5082 3117 5131 tt,
3150 5082 3291 5140 cap._
3317 5068 3403 5121 15.
3440 5064 3610 5134 Hujus
3654 5073 3708 5121 et

2122 5149 2251 5216 Lupi
2279 5136 2853 5216 Tchasiinihabcmus
2876 5140 3177 5216 epistolam,
3207 5136 3360 5216 cujus
3399 5146 3523 5216 ante
3554 5152 3707 5190 men-

2128 5209 2369 5274 tio'facta
2398 5223 2503 5272 est,
2554 5211 2621 5265 de
2649 5212 2875 5280 bigamis
2910 5209 3124 5265 elericis
3167 5219 3221 5263 et
3262 5209 3328 5262 iis
3374 5210 3482 5280 qui
3510 5221 3707 5261 uxores

2116 5293 2415 5349 duxerunt;
2471 5279 3111 5339 alteram’desideramus
3144 5295 3304 5347 quam
3358 5279 3524 5333 Idalio
3570 5286 3707 5330 teste

2115 5362 2181 5416 ad
2206 5355 2831 5429 Agrippinumcomitem
2861 5352 3171 5429 scripserat,
3202 5350 3271 5406 de
3304 5350 3556 5419 prodigiis
3583 5362 3704 5416 quae

2127 5434 2179 5487 in
2211 5424 2385 5487 Gallia
2413 5428 2511 5482 sub
2543 5426 2721 5480 Attila:
2751 5424 3037 5478 adventum
3067 5425 3175 5478 visa
3208 5432 3351 5478 sunt.

2187 5501 2213 5540 ά
2243 5500 2465 5557 Arverni
2504 5498 2709 5553 Educs
2739 5497 3075 5559 contingunt.
3118 5495 3300 5561 Itaque
3327 5494 3465 5547 inter
3486 5488 3705 5561 utrius-

2121 5590 2222 5642 que
2270 5570 2838 5643 populitlimceses‘et
2881 5567 3146 5643 territoria
3180 5560 3308 5643 nihil
3340 5560 3701 5643 interjectum,

2116 5633 2184 5701 A't
2224 5633 2362 5700 inter
2402 5642 2560 5697 urbes
2593 5645 2735 5711 ipsas
2774 5639 2930 5709 longa
2979 5639 3185 5692 dierum
3226 5634 3429 5703 aliquot
3465 5633 3679 5700 interpo

2122 5720 2221 5772 sita
2252 5716 2443 5772 snatia.

2200 5733 2222 5826 Ξ
2252 5731 2458 5859 $333335
2484 5786 2538 5842 in
2566 5786 2846 5850 concione,
2876 5789 2996 5853 post
3023 5778 3307 5849 epistolam
3337 5784 3677 5850 sequentem.
