4072 6348
365 324 474 380 575

1624 309 1871 367 SlDONll
1909 309 2364 369 APOLLINARIS

2522 264 2617 316 ἭΞᾷ.
2702 284 2707 303 ί
2816 260 2891 291 ,’‹

3562 318 3688 376 576

372 440 498 494 dum
551 434 985 498 decerneremus,
1052 429 1161 486 nisi
1203 428 1259 484 in
1312 428 1562 485 omnibus
1622 426 1954 483 obsecuturi.
1985 432 2039 491 Α
2064 426 2279 483 tacendi
2306 425 2616 497 patientiam
2640 442 2800 499 quam
2822 430 3076 501 loquendi
3102 438 3436 489 monstrasse
3462 432 3681 491 doctri-

373 531 575 587 Memor
604 529 775 586 nostri
797 541 917 584 esse
946 525 1189 596 dignare,
1211 522 1429 580 domine
1458 537 1610 593 papa.

917 615 1254 673 EPISTOLA
1305 616 1398 674 IX.

517 714 765 772 Sidonius
788 714 993 768 domino
1022 729 1170 785 papa
1209 721 1235 749 ἰ
1267 710 1527 782 Perpetuo
1567 712 1809 768 salutem.

444 807 720 862 Desiderio
748 806 1108 875 spiritualium
1138 805 1430 861 lectionum
1467 820 1692 875 quarum
1722 805 1815 859 tibi
1850 812 1959 859 tam

371 917 465 973 per
493 899 830 956 authenticos
870 915 1032 971 quam
1077 914 1174 971 per
1222 898 1590 970 disputatores
1636 898 1960 953 bibliotheca

371 992 500 1049 ﬁdei
550 990 830 1047 catholicae
885 989 1260 1061 perfamiliaris
1318 1000 1438 1055 est,
1491 989 1652 1045 etiam
1704 990 1793 1043 illa
1840 1004 1961 1059 qua:

371 1087 603 1141 maxime
631 1094 841 1141 tuarum
875 1084 1081 1139 scilicet
1106 1084 1316 1138 aurium
1362 1084 1581 1137 minime
1626 1082 1788 1152 digna
1837 1091 1963 1136 sunt

375 1190 641 1249 occupare
667 1190 973 1241 censuram,
1022 1190 1245 1231 noscere
1277 1176 1435 1247 189
1481 1175 1650 1244 cupis.
1687 1172 1961 1244 Siquidem

371 1269 624 1340 injungis,
660 1280 716 1323 ut
742 1269 1041 1323 orationem
1064 1281 1227 1336 quam
1262 1267 1451 1322 videor
1481 1268 1547 1321 ad
1573 1267 1783 1338 plebem
1813 1266 1963 1320 Bitu-

370 1344 500 1430 rigis
523 1361 574 1415 in
605 1359 827 1415 ecclesia
858 1360 1271 1425 sermocinatus,
1309 1358 1401 1412 tibi
1427 1348 1653 1427 dirigam
1700 1374 1714 1413 :
1747 1359 1961 1412 cuinon

372 1451 639 1511 rhetorica
674 1453 910 1523 partitio,
944 1466 1050 1506 non
1106 1453 1357 1506 oratorim
1404 1453 1584 1519 minio,
1638 1468 1743 1507 non
1784 1469 1964 1523 gram-

372 1547 651 1603 maticales
698 1546 881 1615 figurae
909 1587 923 1609 ,
972 1555 1356 1614 congruentem
1401 1545 1670 1612 decorem,
1727 1546 1967 1615 discipli-

376 1653 609 1708 namque
633 1636 1128 1707 suppeditaverunt.
1158 1635 1342 1706 Neque
1370 1637 1511 1690 enim
1538 1637 1667 1701 illic,
1696 1648 1753 1690 ut
1778 1648 1965 1693 exacte

372 1730 750 1801 perorantibus
800 1745 917 1784 mos
944 1740 1066 1797 est,
1115 1739 1206 1783 aut
1257 1729 1489 1800 pondera
1536 1730 1824 1798 historica,
1870 1740 1965 1785 aut

2034 983 2294 1053 quisque
2334 984 2521 1039 audire
2563 995 2822 1054 coeperat,
2857 1002 2961 1041 non
3004 995 3209 1043 taceret

2066 534 2191 574 nam
2225 538 2236 571 :
2269 529 2324 575 et
2353 520 2431 576 sic
2474 520 2794 591 incipientes
2822 537 3067 592 quosque
3095 522 3235 579 inter
3272 524 3677 595 disputantium

2065 622 2541 668 consectaneorum
2590 613 2875 671 cathedras
2922 626 3127 671 mutum
3153 618 3474 676 sustinuisse
3500 621 3677 692 quin-

2066 706 2384 774 quennium;
2439 713 2497 759 ut
2532 706 2694 761 etlam
2735 706 2996 763 celeriora
3028 710 3407 780 quorumpiam
3447 713 3666 783 ingenia

2067 812 2175 853 non
2207 797 2393 852 liceret
2418 806 2543 853 ante
2572 798 2774 853 laudari
2823 814 2982 869 quam
3029 800 3249 856 deceret
3288 804 3526 872 agnosci.
3586 806 3667 858 Ita

2067 890 2248 960 fiebat,
2272 898 2331 944 ut
2357 890 2573 946 eosdem
2600 885 2733 962 post'
2748 893 2963 965 longam
2988 894 3406 951 taciturnitatem
3430 897 3668 959 locutos,

3257 1004 3272 1041 :
3322 988 3445 1059 quia
3490 989 3674 1044 denec

2067 1076 2347 1130 scientiam
2375 1086 2564 1131 natura
2591 1077 2935 1145 combiberit,
2993 1093 3098 1134 non
3147 1079 3322 1149 major
3366 1088 3451 1135 est
3496 1081 3672 1151 gloria

2067 1167 2277 1223 dixisse
2317 1169 2457 1237 quod
2503 1171 2739 1236 noveris,
2788 1186 2944 1241 quam
2989 1172 3203 1228 siluisse
3247 1173 3391 1243 quod
3431 1176 3666 1230 nescias.

2068 1265 2136 1313 At
2167 1275 2309 1314 nunc
2339 1261 2765 1316 mediocritatem
2794 1277 2968 1318 meam
3008 1275 3191 1319 manet
3243 1264 3401 1335 longe
3448 1267 3670 1323 diversa

2068 1351 2347 1405 conditio:
2382 1354 2465 1406 eui
2496 1368 2592 1422 per
2635 1353 2960 1423 suspiriosas
3007 1356 3290 1426 voragines
3338 1366 3394 1412 et
3440 1358 3672 1428 flagitio-

2067 1460 2185 1498 rum
2230 1445 2501 1500 volutabra
2532 1446 2831 1518 gradienti,
2873 1447 3225 1516 professionis
3270 1448 3494 1518 hujusce
3532 1467 3669 1521 pon-

2067 1536 2168 1591 dus
2209 1537 2498 1606 impactum
2524 1548 2625 1594 est.
2673 1538 2739 1593 Et
2768 1538 3079 1609 priusquam
3113 1539 3205 1594 ulli
3253 1541 3515 1597 bonorum
3543 1544 3665 1600 red-

2068 1629 2191 1682 dam
2221 1628 2475 1684 discentis
2507 1630 2849 1699 obsequium,
2883 1647 3048 1703 cogor
3093 1633 3290 1688 debere
3331 1637 3546 1691 caeteris
3569 1637 3663 1693 do-

2070 1720 2240 1775 centis
2271 1720 2524 1776 officium.
2554 1722 2819 1793 Adjicitur
2842 1723 2966 1777 huic
2993 1725 3407 1795 impossibilitati
3456 1729 3661 1796 pondus

374 1812 904 1893 poeticaschemata,
946 1822 1783 1877 scintillasvecontroversalium
1816 1824 1961 1878 clau-
1993 1813 2038 1873 Β
2070 1813 2323 1883 pudoris;
2370 1815 2511 1883 (illOd
2544 1815 2675 1869 mihi
2733 1816 3072 1885 peculiariler
3125 1818 3330 1888 paginae
3376 1819 3661 1876 decretalis

373 1915 609 1969 snlarum
641 1914 793 1968 libuit
824 1914 1015 1983 aptari.
1046 1912 1177 1969 Nam
1206 1930 1326 1968 cum
1357 1930 1443 1969 me
1477 1915 1705 1982 partium
1739 1916 1961 1971 seditio-

373 2023 493 2074 nes,
538 2007 749 2072 studia,
789 2006 1120 2073 varietates,
1172 2008 1222 2061 in
1269 2008 1480 2063 diversa
1526 2019 1845 2078 raptarent;
1884 2011 1964 2065 sic

356 2099 610 2155 ‘dictandi
638 2098 768 2154 mihi
791 2100 1069 2154 materiam
1084 2100 1402 2170 suggerebat
1424 2100 1635 2168 injuria,
1656 2102 1798 2171 quod
1825 2113 1962 2158 tem-

362 2188 471 2263 pus
500 2192 779 2262 occupatio
807 2190 1174 2245 subtrahebat.
1220 2191 1429 2245 Etenim
1459 2200 1603 2246 tanta
1637 2193 1787 2248 turba
1817 2208 1965 2249 com-

372 2284 679 2355 petitorum,
707 2293 764 2337 ut
794 2282 1066 2337 cathedrae
1092 2280 1248 2336 unius
1278 2284 1750 2338 numerosissimos
1780 2285 1965 2340 candi-

373 2378 525 2433 datos
568 2393 667 2432 nec
693 2377 799 2433 duo
845 2377 1088 2444 recipere
1135 2392 1351 2433 scamna
1394 2379 1709 2446 potuissent.
1763 2380 1964 2434 Omnes

370 2472 654 2542 placebant
683 2471 810 2536 sibi,
835 2485 1021 2525 omnes
1063 2470 1315 2525 omnibus
1358 2471 1736 2541 displicebant.
1784 2472 1967 2544 Neque

375 2566 519 2620 enim
569 2564 928 2619 valuissemus
974 2562 1175 2632 aliquid
1220 2564 1275 2617 in
1321 2578 1605 2619 commune
1654 2567 1979 2633 consulere,

364 2657 485 2711 ‘nisi
512 2654 698 2724 judicii
728 2656 809 2709 sui
844 2655 1042 2709 faciens
1074 2653 1225 2724 plebs
1250 2654 1411 2709 lenita
1449 2655 1734 2725 jacturam,
1787 2672 1966 2712 sacer-

366 2744 542 2802 dotali
572 2762 630 2802 se
661 2748 841 2817 potius
861 2747 1065 2817 judicio
1105 2748 1430 2803 subdidisset
1459 2765 1471 2801 :
1531 2750 1965 2821 presbyterorum

372 2855 505 2896 sane
528 2843 710 2910 paucis
752 2840 1042 2909 angulatim
1073 2838 1099 2878 ι»
1132 2840 1617 2911 fringultientibus;
1668 2856 1827 2910 porro
1869 2859 1967 2896 au-

366 2940 482 2988 tem
514 2931 687 3002 palam
721 2946 786 2985 ne
812 2932 1216 2986 mussitantibus
1246 2931 1463 3001 quidem
1490 2948 1503 2995 ;
1560 2931 1681 3002 quia
1727 2932 1968 3003 plerique

374 3042 481 3081 non
513 3025 691 3080 minus
721 3040 873 3080 suum
897 3040 1055 3093 quam
1084 3026 1318 3095 reliquos
1357 3025 1575 3080 ordines
1616 3026 1967 3096 pertimesce-

372 3118 522 3174 bant.
555 3117 719 3187 fgitur
748 3117 875 3170 dum
923 3117 1130 3185 publice
1181 3125 1321 3170 totos
1370 3116 1563 3184 singuli
1614 3126 1833 3183 cavent,
1884 3116 1964 3170 fa-

2067 1907 2269 1972 oblatu,
2305 1917 2326 1945 ο
2356 1908 2625 1977 pontiﬁcis
2649 1908 2881 1979 eligendi
2912 1909 3208 1965 mandastis
3236 1910 3539 1979 arbitrium,
3565 1928 3657 1968 co-

2067 2018 2180 2057 ram
2209 2013 2552 2057 sacrosancto
2583 2010 2639 2056 et
2676 2002 2987 2071 pontificatu
3026 2001 3260 2057 maximo
3287 2001 3313 2043 d
3348 2004 3663 2075 dignissimo

2068 2110 2203 2165 papa
2240 2113 2250 2147 :
2284 2094 2372 2164 qui
2402 2108 2523 2148 cum
2546 2094 2618 2148 sit
2666 2108 2777 2147 sum
2828 2095 3119 2162 provincia:
3162 2104 3343 2163 caput,
3385 2097 3458 2151 sit
3501 2097 3661 2152 etiam

2070 2190 2201 2244 mihi
2254 2189 2620 2253 institutione,
2681 2188 2969 2252 facundia,
3020 2188 3342 2259 privilegio,
3399 2199 3661 2261 tempore,

2071 2293 2228 2336 mtate
2263 2281 2647 2350 praestantior:
2691 2294 2791 2349 ego
2834 2279 3026 2349 deque,
3080 2295 3373 2351 coramque
3401 2292 3665 2353 tnetrOpo-

2071 2375 2235 2427 litano
2268 2373 2430 2427 verba
2461 2371 2721 2435 facturus,
2762 2381 2816 2425 et
2858 2371 3221 2439 provincialis,
3252 2381 3307 2426 et
3332 2373 3536 2440 junior,
3572 2389 3668 2443 pa-

2070 2470 2200 2523 riter
2225 2467 2337 2520 fero
2380 2465 2614 2534 imperiti
2662 2464 3067 2530 verecundiam,
3119 2466 3362 2533 procacis
3388 2465 3666 2522 invidiam.

2070 2561 2174 2616 Sed
2197 2550 2447 2630 Quoniam
2476 2567 2656 2613 vestro
2680 2556 2760 2612 sic
2794 2557 3006 2611 libitum
3031 2559 3224 2623 errori,
3273 2568 3331 2613 ut
3373 2558 3487 2628 ipse
3537 2568 3666 2630 prn-

2070 2655 2250 2710 dentia
2275 2668 2487 2719 carens,
2516 2652 2830 2722 prudentem
2858 2651 3035 2720 vobis,
3081 2653 3132 2706 in
3178 2652 3441 2723 cujusque
3483 2669 3668 2722 perso-

2073 2763 2194 2801 nam
2230 2748 2380 2819 191
2406 2746 2544 2800 bona
2572 2745 2737 2799 multa
2769 2753 3133 2809 concurrant,
3186 2745 3287 2799 sub
3327 2761 3429 2815 ope
3468 2747 3669 2819 Christi

2072 2842 2385 2911 episcopum
2414 2840 2695 2908 exquiram
2727 2856 2740 2892 :
2793 2839 3054 2893 noveritis
3104 2838 3411 2909 hujusmodi
3442 2830 3672 2896 assensu

2072 2934 2297 2989 multum
2332 2947 2416 2987 me
2448 2932 2691 2995 honoris,
2727 2933 2845 3000 plus
2870 2933 3054 2992 oneris
3101 2932 3369 3002 excipere.
3426 2934 3671 2990 Primore

2072 3029 2210 3094 loco,
2241 3026 2495 3097 grandem
2530 3025 2755 3094 publica:
2778 3025 3050 3094 opinionis
3069 3025 3335 3079 sarcinam
3366 3026 3665 3095 penditote,

2071 3120 2214 3189 quod
2240 3118 2550 3187 injunxistis
2592 3117 2869 3184 incipienti
2898 3124 3267 3171 consummata
3297 3116 3495 3186 judicia
3528 3136 3540 3170 :
3588 3127 3671 3173 at.

370 3206 519 3266 ‘ctum
551 3221 634 3264 cst
662 3219 720 3263 ut
750 3224 939 3263 omnes
981 3224 1089 3262 non
1131 3216 1481 3277 aspernanter
1529 3207 1797 3273 audirent,
1828 3209 1970 3279 quod
1997 3196 2044 3259 C
2076 3230 2179 3284 que
2220 3214 2286 3266 ab
2319 3214 2419 3266 hoc
2469 3222 2674 3267 rectum
2713 3211 2924 3266 concilii
2961 3211 3228 3265 tramitem
3261 3211 3561 3280 postulatis,
3612 3212 3670 3268 in

369 3298 629 3371 deinceps
660 3301 955 3355 ambienter
978 3309 1310 3369 expeterent.
1338 3300 1518 3369 Itaque
1546 3301 1792 3368 paginam
1814 3317 1968 3355 sume

346 3394 601 3451 Vsnbditis
633 3392 993 3446 voluminibus
1025 3392 1330 3460 adjunctam
1368 3411 1378 3442 :
1411 3407 1569 3461 quam
1597 3394 1806 3447 duabus
1832 3395 1966 3463 vigi-

370 3486 459 3543 liis
508 3486 664 3540 unius
718 3485 893 3551 noctis
942 3484 1162 3549 restitue,
1212 3484 1425 3538 Christo
1478 3493 1635 3548 teste,
1688 3484 1963 3552 dictatam,

377 3580 661 3650 plurimum
696 3592 905 3644 vereor,
940 3593 1007 3631 nc
1032 3577 1129 3646 ipsi
1161 3577 1389 3645 amplius
1439 3578 1652 3632 lectioni
1698 3594 1813 3647 qua:
1862 3580 1990 3644 hoc,

375 3671 442 3727 de
470 3686 529 3726 se
556 3670 768 3740 probat,
813 3684 970 3738 quam
1007 3668 1135 3722 mihi
1167 3669 1376 3724 eredas.
1404 3668 1606 3724 Memor
1636 3670 1802 3725 neStri
1843 3687 1962 3726 esse

375 3761 612 3831 dignare,
646 3760 861 3817 domine
894 3774 1050 3831 papa.
1066 3762 1087 3783 ‘

445 3867 459 3933 ς
534 3917 539 3922 ⁷
1062 3867 1269 3907 coxero.

450 3944 606 4015 190
634 3941 818 3997 Refert
839 3942 1058 3996 historia
1081 3941 1377 4008 saecularis,
1403 3944 1753 4011 dilectissimi,
1780 3964 1965 4016 quem-

374 4033 494 4091 dam
546 4034 986 4106 philosouliorum
1028 4034 1308 4105 discipulis
1348 4037 1762 4093 advenientibus
1812 4044 1965 4109 prius

442 4211 469 4241 ⁸
500 4201 772 4257 Turonum
819 4206 1071 4267 episcopo
1097 4239 1111 4262 ,
1162 4199 1333 4251 tertia:
1363 4197 1732 4265 Lugounensrs
1764 4212 1957 4255 metro-

373 4274 609 4343 politano
638 4288 650 4325 :
680 4271 834 4343 cujt_ts
889 4269 1183 4343 provinciae
1208 4268 1414 4343 duabus
1453 4271 1673 4343 synodis
1714 4272 1951 4343 praefuit,

373 4338 639 4400 Venetiae
685 4339 1089 4395 elT'ttronensi.
1144 4338 1276 4391 lluic
1318 4354 1446 4405 ergo
1491 4340 1651 4393 mittit
1699 4341 1954 4395 Sidonius

373 4414 683 4470 concionem
712 4425 869 4479 quam
900 4409 963 4461 ad
996 4408 1207 4478 plebem
1252 4408 1539 4479 Bituricam
1593 4411 1645 4462 in
1694 4410 1953 4479 Simplicii

372 4482 611 4555 episc0pi
636 4476 898 4555 electione
942 4476 1220 4555 habuerat.
1260 4476 1335 4555 ile
1363 4477 1626 4555 Perpetuo
1656 4490 1709 4532 et
1738 4476 1955 4555 basilica

371 4548 433 4612 δ’.
458 4552 666 4609 Martini
688 4550 756 4604 ab
780 4565 844 4603 eo
868 4559 1091 4615 structa,
1115 4550 1222 4616 jam
1247 4548 1445 4601 dictum
1474 4561 1555 4603 est
1577 4549 1668 4603 lib.
1699 4567 1768 4617 iv,
1794 4552 1950 4619 epist.

2079 3322 2184 3374 quo
2216 3304 2452 3359 recolitis
2478 3304 2651 3357 adhuc
2684 3318 2854 3373 nuper
2872 3316 3129 3358 erratmn.
3174 3303 3338 3373 Igitur
3365 3305 3487 3374 quia
3517 3306 3672 3361 vobis

2084 3399 2134 3451 id
2167 3398 2263 3451 fuit
2287 3398 2460 3463 Cordi,
2495 3397 2743 3460 obsecro,
2778 3407 2833 3450 ut
2887 3397 3075 3466 quales
3124 3411 3220 3452 nos
3274 3398 3377 3453 fide
3424 3400 3667 3467 creditis,

2076 3492 2206 3544 tales
2234 3490 2616 3543 intercessione
2649 3489 2881 3555 faciatis;
2902 3499 3061 3559 atque
3082 3490 3371 3560 dignemini
3396 3492 3671 3548 humilita-

2073 3591 2179 3637 tem
2206 3590 2439 3634 nostram
2463 3580 2794 3634 orationibus
2817 3583 2989 3650 potius
3010 3584 3061 3635 in
3084 3583 3277 3637 caelum
3302 3583 3443 3639 ferre
3468 3595 3490 3622 ε
3508 3568 3671 3656 quam

2076 3674 2364 3743 plausibus.
2400 3673 2634 3726 Primum
2665 3681 2841 3726 tamen
2873 3688 3030 3728 nosse
3058 3689 3151 3728 vos
3187 3690 3282 3745 par
3310 3687 3408 3741 est,
3442 3677 3494 3732 in
3534 3694 3672 3747 quas

2081 3784 2164 3821 mc
2191 3765 2566 3835 obloquiorum
2608 3765 2825 3835 scyllas,
2853 3775 2906 3820 et
2938 3766 2989 3819 in
3019 3782 3154 3836 quos
3201 3768 3522 3838 linguarum,
3572 3772 3670 3827 sed

2074 3858 2429 3913 humanarum
2478 3860 2702 3913 latratus
2750 3859 3105 3927 quorumdam
3153 3877 3250 3916 vos
3289 3863 3551 3920 infamare
3578 3881 3672 3922 co-

2076 3961 2295 4006 nantum
2327 3953 2482 4005 turbo
2511 3950 2820 4019 conjccerit.
2854 3951 2947 4005 Est
2980 3952 3123 4005 enim
3171 3952 3285 4008 lure
3314 3956 3558 4025 quaedam
3588 3958 3672 4015 vis
3706 4000 3713 4006 ι

2076 4044 2233 4098 malis
2260 4043 2519 4108 moribus,
2556 4051 2611 4095 ut
2640 4036 2999 4097 innocentiam
3042 4045 3398 4103 multitudinis
3426 4049 3670 4106 devenu-

2060 4203 2327 4255 insntuto.
2366 4201 2473 4256 Sed
2502 4200 2917 4268 provincialibus
2941 4200 3008 4253 ab
3041 4200 3237 4256 Eurieo
3263 4203 3507 4269 sublatis,
3534 4205 3669 4262 vici-

2062 4289 2247 4345 narum
2305 4271 2701 4341 provinciarum
2754 4271 3012 4345 evocandi
3058 4272 3271 4327 fuerunt
3306 4276 3539 4345 episcopi
3571 4295 3582 4329 :
3615 4289 3670 4335 et

2060 4344 2311 4411 populus,
2338 4357 2459 4395 cum
2485 4358 2514 4395 e
2539 4356 2730 4408 magno
2757 4342 3161 4396 candidatorum
3190 4360 3413 4399 numero
3437 4342 3669 4405 incertus

2061 4421 2716 4487 essetqneniexpeteret,
2750 4414 3029 4487 communi
3047 4413 3264 4469 decreto
3296 4416 3543 4487 suffragia
3570 4435 3666 4474 sua

2058 4482 2112 4537 in
2137 4485 2291 4537 unius
2316 4482 2543 4554 Sidonii
2567 4485 2923 4554 Arvernorum
2947 4484 3182 4554 episcopi
3212 4487 3434 4543 arbitrio
3461 4482 3526 4545 et
3566 4505 3668 4546 vo-

2062 4553 2590 4630 luntateconstituit.
2628 4552 2878 4608 Sidonius
2904 4552 3235 4625 Simp’a'cium
3259 4558 3430 4613 virum
3463 4572 3670 4630 specta-

377 4629 463 4693 18.
497 4621 733 4693 Meminit
759 4621 1000 4693 ejusdem
1029 4614 1150 4693 cum
1183 4619 1339 4693 laude
1367 4620 1569 4693 aliquot
1608 4620 1738 4693 locis
1758 4614 1955 4676 'Pauli-
1981 4614 2033 4674 D
2060 4625 2218 4679 bilem
2254 4625 2469 4692 delegit.

372 4712 475 4752 nus
500 4696 591 4748 lib.
618 4708 667 4746 τι
695 4691 761 4747 de
806 4691 923 4745 Vita
967 4692 1023 4746 S.
1055 4691 1287 4757 Martini,
1321 4701 1373 4745 ct
1404 4692 1453 4744 in
1483 4692 1727 4746 versibus
1754 4693 1821 4747 de
1862 4693 1964 4748 Ne-

446 4767 579 4820 tulo.

469 4783 579 4819 mo.

372 4783 471 4875 po;
501 4836 782 4891 Passerem
816 4848 966 4888 more
993 4834 1368 4902 garrientibus.
1413 4834 1543 4887 Nam
1575 4849 1851 4903 passerum
1881 4846 1965 4892 est

375 4908 679 4978 fringultire
724 4920 821 4978 seu
870 4905 1203 4978 fringutire.~
1245 4905 1392 4959 Unde
1439 4905 1692 4959 Sidonius
1746 4906 1839 4960 lib.
1885 4924 1958 4973 rx,

374 4976 537 5048 epist.
568 4979 605 5034 2
645 4996 659 5033 :
714 4976 1110 5047 It'ringultieutes
1158 4992 1701 5048 passerumsusnrros
1748 4981 1964 5046 proprie

374 5047 553 5114 dixit;
603 5058 658 5103 ct
706 5062 983 5117 passerum
1032 5063 1202 5117 genus
1264 5056 1344 5102 est
1394 5047 1679 5116 fringillus.
1732 5050 1961 5117 Glossze,

373 5124 547 5181 σπίνος
570 5121 595 5175 ὁ
618 5116 1198 5192 στρουθόςνίνὶηαξιιιιξτ
1282 5188 1292 5192 _
1453 5190 1458 5192 _
1512 5173 1519 5179 _

382 5228 383 5235 η
448 5202 471 5228 ο
504 5194 631 5257 Qua:
656 5187 724 5244 de
758 5187 933 5259 populi
966 5187 1234 5257 suffragiis
1280 5188 1331 5242 in
1380 5190 1645 5259 cpisc0pis
1698 5192 1960 5259 eligendis

375 5262 441 5317 ad
464 5259 744 5329 epistolam
778 5262 1017 5314 ultimam
1040 5260 1133 5314 lib.
1169 5276 1218 5313 tv
1251 5270 1574 5323 notavnnns,
1606 5263 1791 5316 eadem
1816 5265 1959 5317 vale-

377 5334 505 5391 bant
527 5332 578 5386 in
607 5330 819 5385 creandi
848 5331 1241 5399 metropolitani
1272 5332 1503 5385 comitiis
1538 5350 1549 5384 :
1583 5331 1775 5401 quibus
1798 5333 1960 5387 nimi-

377 5420 493 5459 rum
520 5410 745 5472 prmerat
772 5401 868 5472 qui
904 5401 1250 5471 praerogativa
1296 5403 1514 5471 collegis
1546 5404 1957 5471 provincialibus

376 5471 628 5530 anteibat.
662 5472 771 5528 Leo
798 5471 1014 5539 Magnus
1045 5476 1109 5525 ad
1137 5474 1475 5527 Anastasium
1498 5476 1654 5541 epist.
1685 5474 1754 5527 82?.
1784 5490 1796 5526 :
1848 5474 1959 5528 Me-

377 5548 706 5616 tropolitatto,
743 5544 934 5613 inquit,
965 5543 1227 5613 defuncto,
1260 5544 1593 5616 provinciales
1620 5546 1846 5613 episwpi
1887 5548 1957 5599 ad

376 5615 623 5671 civitatem
652 5616 1096 5688 metrOpolitanam
1139 5618 1404 5669 conuenire
1441 5615 1701 5681 debebunt,
1750 5626 1805 5669 ut
1849 5634 1959 5670 ont-

376 5689 521 5742 nt'um
570 5690 678 5760 76
727 5687 1028 5743 clericorum
1079 5695 1229 5760 atque
1277 5688 1498 5760 omnium
1552 5687 1734 5760 civium
1779 5692 1958 5742 volun-

379 5767 482 5814 tate
505 5756 755 5824 discussa,
784 5777 847 5815 ea;
876 5759 1176 5829 presbyteris
1195 5760 1305 5827 ejus
1330 5756 1588 5825 Ecclesiae,
1613 5758 1689 5812 vel
1711 5760 1956 5814 diaconus

380 5830 601 5902 optimus
646 5832 879 5902 eligatur.
930 5831 1204 5890 Fecissem
1241 5844 1371 5902 ergo
1401 5829 1661 5899 Bituriges
1682 5845 1744 5885 ex
1777 5840 1954 5889 vetere

2145 4694 2170 4731 d
2205 4696 2453 4766 Agroecio
2496 4696 2826 4762 Senoncnsi,
2868 4713 3025 4764 quem
3072 4699 3230 4764 epist.
3273 4700 3337 4764 5,
3386 4701 3662 4763 invitarat.

2074 4768 2265 4821 Coram
2300 4767 2401 4820 hoc
2427 4782 2554 4834 ergo
2580 4767 2992 4836 metropolitano
3018 4770 3179 4825 verba
3206 4770 3442 4827 facturus
3463 4783 3579 4828 erat
3597 4775 3665 4829 de

2073 4837 2842 4912 metropolitani_Bituricensis
2879 4839 3165 4907 elemione,
3211 4840 3325 4909 ipse
3369 4845 3668 4912 provincia-

2075 4910 2388 4984 listantum
2415 4909 2700 4984 episcopus
2733 4925 2748 4962 :
2780 4925 3080 4984 quanquam
3134 4913 3272 4967 inter
3321 4909 3665 4984 comprovin-

2074 4981 2234 5054 ciales
2258 4980 2554 5054 Aquitaniae
2586 4980 2771 5054 prima:
2814 4982 3095 5052 episcopos
3145 4980 3458 5054 principem'
3491 4986 3665 5042 locum

2075 5052 2285 5107 obtinet
2312 5051 2596 5120 episcopus
2622 5050 3009 5113 Arvernorum;

2144 5133 2166 5160 ε
2195 5123 2516 5191 Deprecatur
2538 5123 2755 5195 inanem,
2778 5124 3146 5195 plausum,qui
3176 5125 3427 5195 frequens
3448 5128 3575 5182 olim
3600 5129 3669 5184 ab

2071 5195 2375 5247 auditorum
2406 5208 2602 5248 corona
2642 5193 2869 5247 excitari
2908 5193 3138 5259 solebat,
3189 5193 3349 5251 etiam
3401 5199 3454 5251 in
3501 5200 3669 5254 sacris

2071 5264 2443 5342 concionibus.
2474 5265 2554 5342 Ita
2582 5271 2634 5342 et
2666 5262 3081 5342 Chrysostonius
3109 5267 3443 5342 :Avdpta'tvraw
3485 5286 3572 5324 xr:
3606 5273 3668 5325 Τί

2069 5357 2157 5407 μοι
2176 5343 2275 5389 τῶν
2306 5330 2700 5407 κρότωνηὸφελος
2724 5330 2954 5407 supra)»;
2980 5340 3056 5407 fri
3104 5337 3158 5394 δὲ
3185 5330 3285 5395 τῶν
3315 5342 3557 5403 ἐπαίνων.
3581 5348 3665 5396 καὶ
3704 5402 3709 5407 Ι

2070 5404 2172 5485 fani
2199 5404 2460 5485 θορᾲᾷωνξ
2486 5404 2688 5485 ἔπαινος
2718 5406 2848 5475 ἐμοὶ,
2869 5406 3050 5485 Ξὸὴδιά
3071 5418 3179 5485 ⁸’τῶν
3202 5408 3362 5485 ἔργων
3393 5414 3529 5483 ὑμᾶς
3553 5414 3664 5467 ἐπι·

2068 5475 2230 5553 ᾃεῖξαι
2254 5475 2323 5553 ea,
2341 5479 2584 5553 lryépava
2604 5477 2823 5553 πάνῖςκς.
2860 5477 2986 5543 Quis
3012 5480 3135 5553 mihi
3167 5475 3362 5553 [vitatus
3387 5475 3664 5553 plausuum

2008 5600 2009 5603 η
2067 5548 2279 5602 istorum
2302 5548 2326 5600 ?
2347 5544 2433 5624 aut
2460 5544 2577 5617 quis
2605 5544 2820 5624 laudltm
2846 5559 2893 5624 et
2912 5544 3215 5624 strepituunt
3230 5554 3254 5606 ?
3270 5544 3409 5607 Laus
3432 5570 3543 5609 mea
3564 5563 3659 5624 est,

2067 5627 2119 5692 ut
2150 5636 2207 5673 ea
2235 5634 2350 5692 qtae
2378 5619 2643 5685 dicuntur,
2676 5618 2822 5692 rebus
2850 5618 3099 5691 [actisque
3129 5624 3252 5692 ipsis
3301 5640 3474 5679 omnes
3514 5618 3661 5679 mhi;

2067 5691 2245 5768 lgeatis.
2270 5690 2439 5758 Quem
2471 5703 2678 5768 rnorem
2709 5689 2966 5768 Bernardi
2997 5689 3158 5768 etiam
3181 5695 3512 5765 temporibus
3538 5711 3660 5768 per-

2064 5762 2286 5839 durasse
2324 5760 2595 5821 nonnullae
2614 5759 2731 5831 ejus
2744 5761 2991 5827 humilia:
3011 5759 3300 5824 declarant.

2954 5870 2979 5897 ξ⁴
