4072 6348
332 310 441 362 577

1559 300 2034 357 EPISTULARUM
2076 300 2228 357 ΗΒ..
2252 299 2349 357 VII.

3514 286 3619 361 37s

331 432 480 477 stent
508 419 710 475 scelera
741 431 1030 488 paucorum
1059 432 1070 468 :
1103 430 1223 471 cum
1249 424 1426 471 tamen
1456 429 1487 469 e
1519 404 1736 472 diverso
1762 417 1929 471 bono-
1955 420 2011 482 Α
2035 416 2329 472 multorum
2362 424 2551 471 notare
2579 422 2874 486 personas:
2919 415 3020 471 hoc
3043 414 3217 471 solum
3248 421 3450 481 astruo,
3478 417 3620 486 quod

331 530 455 568 rum
489 513 683 566 raritas
712 509 909 580 ﬂagitia
941 510 1230 563 multorum
1261 517 1494 578 nequeat
1530 524 1791 565 excusare
1819 510 1927 563 vir-

332 607 542 663 tutibus
587 602 1016 659 communicatis.
1098 600 1153 656 Si
1218 602 1523 671 quempiam
1580 602 1928 657 nominavero

330 698 749 761 monachorum,
772 694 1016 764 quamvis
1051 693 1199 747 illum
1228 692 1431 761 Paulis,
1464 694 1733 757 Antoniis,
1785 692 1929 747 Hila-

330 790 604 855 rionibus,
635 786 879 842 Macariis
909 784 1313 853 conferendum,
1366 793 1586 841 sectatae
1625 785 1927 841 anachore-

331 897 463 938 seos
484 879 836 951 praerogativa
863 878 1172 943 comitetur,
1204 892 1364 933 aures
1392 877 1534 932 illico
1560 864 1709 932 meas
1742 877 1931 931 incon-

331 973 449 1027 dito
475 971 703 1026 tumultu
733 970 1187 1037 circumstrepitas
1216 969 1526 1039 ignobilium
1576 970 1926 1038 pumilionum

331 1080 585 1118 nuirmur
610 1063 893 1118 everberat
922 1052 1358 1132 conquerentium
1415 1081 1427 1117 :
1478 1063 1574 1117 Hic
1626 1064 1715 1131 qui
1759 1063 1933 1117 nomi-

333 1167 525 1220 natur,
570 1156 851 1225 inquiunt,
904 1171 1010 1209 non
1049 1156 1310 1225 episc0pi,
1361 1156 1455 1210 sed
1506 1156 1682 1225 potius
1723 1156 1934 1211 abbatis

333 1249 577 1317 complet
604 1248 876 1311 ofﬁcium;
925 1255 980 1301 et
1022 1247 1354 1302 intercedere
1383 1241 1553 1316 magis
1582 1263 1680 1317 pro
1729 1248 1935 1302 anima-

334 1342 443 1398 bus
470 1341 611 1412 apud
641 1342 941 1405 ctelestem,
975 1356 1134 1410 quam
1166 1356 1266 1410 pro
1293 1341 1611 1411 corporibus
1643 1341 1783 1411 apud
1828 1351 1935 1396 ter-

334 1451 530 1491 renum
559 1435 791 1503 judicem
834 1443 1032 1503 potest.
1064 1434 1170 1489 Sed
1218 1435 1335 1501 quis
1380 1450 1485 1488 non
1528 1433 1929 1497 exacerbescat,

336 1543 465 1584 cum
518 1526 698 1581 videat
747 1526 1011 1580 sordidari
1061 1528 1315 1599 virtutum
1366 1526 1729 1580 sinceritatem
1778 1526 1934 1595 192

337 1618 717 1676 criminatione
734 1619 1023 1673 vitiorum?
1047 1619 1102 1673 Si
1126 1620 1379 1689 eligimus
1408 1618 1689 1683 humilem,
1714 1629 1936 1672 vocatur

339 1712 587 1782 abjectus
608 1727 624 1767 :
649 1712 692 1765 si
720 1710 1041 1781 proferimus
1067 1721 1333 1774 erectum,
1358 1711 1639 1778 superbire
1664 1718 1933 1764 censetur.

2032 527 2155 567 cum
2200 510 2404 565 nullum
2446 510 2716 579 proferam
2763 511 3110 579 nuncupatim
3137 551 3153 577 ,
3206 510 3296 566 ille
3337 509 3622 566 conﬁtetur
3658 580 3667 588 .

2033 605 2305 676 repulsam
2354 601 2442 671 qui
2487 602 2765 671 proﬁtetur
2805 601 3085 659 offensam.
3116 599 3261 658 Sane
3305 601 3358 656 id
3396 601 3621 659 liberius

2035 694 2157 749 dico
2200 694 2269 752 de
2306 693 2643 761 multitudine
2678 693 3142 750 circumstantium
3183 694 3383 750 multos
3411 695 3621 766 episco-
3676 682 3681 701 ’

2037 784 2185 861 pales
2213 804 2364 855 esse,
2410 789 2503 845 sed
2546 798 2689 843 totos
2717 790 2997 860 episcopos
3038 804 3158 846 esse
3202 805 3306 845 non
3349 803 3540 858 posse;
3570 797 3625 844 et

2037 897 2155 938 cum
2212 882 2406 949 singuli
2461 881 2795 935 diversorum
2853 882 3235 937 charismatum
3294 882 3626 952 proprietate

2038 976 2335 1045 potiantur,
2366 974 2617 1029 sufﬁcere
2655 952 2843 1029 omnes
2887 975 2989 1029 sibi
3009 1016 3022 1038 .
3051 974 3299 1029 omnibus
3328 974 3624 1029 neminem.

2038 1066 2095 1122 Si
2126 1066 2410 1120 militarem
2433 1064 2619 1121 dixero
2647 1066 2785 1119 forte
2811 1081 3129 1134 personam,
3160 1066 3402 1135 protinus
3425 1066 3480 1121 in
3510 1066 3627 1121 bzcc

2035 1159 2197 1214 verba
2231 1158 2574 1227 consurgitur
2610 1174 2624 1211 :
2671 1158 2927 1213 Sidonius
2970 1158 3035 1212 ad
3066 1158 3376 1212 clericatum
3407 1158 3529 1228 quia
3559 1157 3627 1211 de

2037 1252 2279 1307 saeculari
2310 1251 2645 1321 professione
2668 1252 2956 1307 translatus
2976 1261 3077 1317 est,
3097 1251 3217 1307 ideo
3233 1251 3330 1306 sibi
3353 1266 3629 1307 assumere

2039 1345 2511 1415 metropolitanum
2543 1344 2612 1399 de
2641 1344 2895 1413 religiosa
2924 1345 3340 1415 congregatione
3378 1345 3629 1400 dissimu-

2040 1438 2115 1492 lat
2143 1453 2158 1492 :
2205 1438 2469 1492 natalibus
2501 1447 2709 1508 turget,
2741 1438 3058 1508 dignitatum
3089 1438 3367 1507 fastigatur
3410 1438 3630 1507 insigni-

2039 1530 2162 1598 bus,
2187 1532 2483 1585 contemnit
2519 1544 2779 1600 pauperes
2808 1529 3029 1585 Christi.
3059 1530 3393 1600 Quapropter
3421 1530 3631 1598 imprae-

2041 1625 2334 1678 sentiarum
2363 1624 2591 1689 solvam,
2637 1638 2794 1692 quam
2824 1637 2929 1677 non
2959 1632 3065 1676 tam
3097 1623 3357 1677 bonorum
3384 1620 3631 1676 charitati

2041 1728 2200 1782 quam
2250 1714 2634 1769 maledicorum
2690 1712 2986 1783 suspicioni
3041 1712 3213 1769 debeo
3260 1712 3441 1769 ﬁdem.
3494 1713 3635 1767 Vivit

340 1806 404 1863 Si
434 1806 611 1860 minus
632 1804 957 1872 institutum,
987 1816 1205 1875 propter
1235 1806 1558 1874 imperitiam
1586 1804 1825 1859 creditur
1865 1806 1934 1859 ir-
1965 1808 2016 1870 Β
2042 1803 2276 1874 Spiritus
2300 1814 2518 1861 sanctus
2540 1846 2555 1871 ,
2589 1806 2929 1875 omnipotens
2956 1806 3098 1860 Deus
3130 1815 3332 1870 noster,
3362 1804 3454 1875 qui
3489 1804 3634 1859 Petri

342 1898 630 1963 ridendus;
663 1898 707 1951 si
738 1898 1073 1966 aliquatenus
1114 1897 1353 1960 doctum,
1390 1906 1610 1965 propter
1656 1895 1933 1950 scientiam

344 1991 607 2045 clamatur
660 1988 896 2043 inflatus.
949 1989 1004 2043 Si
1050 2003 1339 2051 severum,
1386 1996 1640 2058 tanquam
1700 1988 1936 2041 crudelis

346 2084 628 2148 horretur;
659 2083 705 2138 si
737 2082 1120 2153 indulgentem,
1154 2080 1413 2136 facilitate
1434 2082 1703 2151 culpatur.
1727 2082 1782 2135 Si
1809 2081 1938 2135 sim-

348 2178 566 2249 plicem,
598 2176 895 2246 despicitur
920 2184 979 2229 ut
1007 2176 1239 2240 brutus;
1282 2175 1327 2229 si
1376 2190 1574 2243 acrem,
1629 2175 1831 2228 vitatur
1883 2184 1941 2228 ut

350 2271 596 2327 callidus.
647 2270 703 2325 Si
742 2269 1100 2339 diligentem,
1142 2268 1550 2337 superstitiosus
1595 2266 1935 2330 decernitur;

351 2364 399 2420 si
420 2363 705 2418 remissum
733 2360 1006 2431 negligens
1032 2358 1321 2428 iudicatur.
1375 2360 1433 2414 Si
1479 2359 1757 2422 solertem,
1783 2360 1938 2428 cupi-

354 2457 491 2523 dus;
542 2457 585 2510 si
633 2455 904 2525 quietum,
955 2453 1328 2522 pronuntiatur
1370 2453 1611 2522 ignavus.
1657 2452 1713 2505 Si
1759 2453 1942 2505 abste-

352 2550 518 2607 mium
569 2547 955 2618 producimus,
1002 2559 1197 2599 avarus
1244 2543 1534 2613 accipitur;
1584 2543 1631 2598 si
1686 2558 1808 2597 eum
1851 2543 1943 2611 qui

354 2638 667 2711 prandendo
699 2646 901 2707 pascat,
933 2636 1213 2691 edacitatis
1246 2636 1522 2704 impetitur
1559 2651 1572 2689 :
1621 2634 1667 2689 si
1695 2650 1819 2689 eum
1849 2635 1942 2704 qui

355 2732 626 2803 pascendo
648 2729 876 2800 jejunet,
910 2728 1162 2782 vanitatis
1190 2727 1452 2809 arguitur.
1486 2727 1820 2782 Libertatem
1845 2741 1944 2795 pro
1984 2754 1992 2765 η·

358 2826 702 2896 improbitate
738 2822 1128 2887 condemnant;
1160 2820 1536 2876 verecundiam
1580 2836 1678 2890 pro
1725 2821 1945 2875 rustici-

360 2928 471 2977 tate
517 2917 833 2981 fastidiunt;
877 2914 1079 2985 rigidos
1120 2914 1188 2969 ab
1232 2914 1545 2968 austeritate
1591 2928 1700 2967 non
1747 2913 1949 2968 habent

360 3022 544 3078 Cares;
576 3010 756 3066 blandi
785 3008 926 3079 apud
950 3023 1043 3063 eos
1065 3007 1443 3063 communione
1474 3006 1756 3061 vilescunt.
1801 3007 1880 3061 Ac
1901 3008 1947 3060 si

352 3105 500 3176 apud
528 3120 622 3161 eos
652 3103 908 3159 utrolibet
934 3116 1133 3171 genere
1162 3101 1377 3154 vivatur
1400 3140 1415 3164 ,
1463 3113 1676 3168 semper
1725 3099 1813 3153 hic
1869 3108 1951 3154 ta-

2044 1910 2172 1951 voce
2202 1897 2476 1952 damnavit
2504 1897 2556 1951 in
2589 1897 2811 1953 Simone
2836 1912 3017 1969 mago,
3056 1912 3156 1953 cur
3185 1899 3493 1968 opinaretur
3514 1911 3636 1967 gra-

2044 1990 2171 2045 tiam
2219 1991 2607 2046 benedictionis
2654 1993 2827 2061 pretio
2878 2006 2999 2046 sese
3044 2005 3206 2061 posse
3238 1982 3505 2056 mercari;
3549 2005 3637 2046 me

2043 2082 2097 2136 in
2140 2098 2206 2137 eo
2234 2098 2392 2153 quem
2424 2084 2577 2139 vobis
2623 2093 2982 2153 opportunum
3010 2086 3230 2149 censui,
3264 2099 3365 2139 nec
3395 2083 3637 2154 pecuniae

2044 2176 2224 2231 favere
2253 2192 2350 2232 nec
2368 2178 2583 2247 gratia);
2608 2176 2701 2231 sed
2730 2186 2869 2231 statu
2900 2177 3032 2231 satis
3055 2191 3324 2247 superque
3352 2175 3632 2240 trutinato,

2047 2283 2311 2336 personae,
2346 2270 2625 2338 temporis,
2659 2269 2970 2337 provincias,
2995 2270 3224 2323 civitatis
3242 2313 3256 2338 ,
3279 2268 3455 2323 virum
3484 2267 3638 2337 cujus

2047 2358 2100 2411 iu
2154 2357 2309 2428 194
2359 2359 2814 2429 consequentibus
2867 2361 3059 2428 raptim
3116 2360 3222 2414 vita
3270 2358 3637 2430 replicabitur,

2048 2450 2604 2517 competentissimum
2650 2451 2966 2506 credidisse.
3002 2460 3027 2487 α
3054 2451 3370 2508 Benedictus
3413 2451 3639 2520 Simpli-

2050 2542 2187 2605 cius,
2220 2543 2476 2597 hactenus
2504 2545 2704 2609 vestri,
2734 2543 2951 2612 jamque
2980 2544 3048 2599 ab
3090 2543 3215 2598 hinc
3256 2544 3422 2599 nostri
3458 2539 3643 2614 (modo

2053 2650 2151 2704 per
2174 2651 2273 2689 vos
2316 2638 2453 2692 Deus
2487 2638 2711 2705 annuat)
2755 2637 3033 2692 habendus
3077 2636 3282 2691 ordinis
3317 2650 3534 2703 comes,
3571 2636 3643 2691 ita

2054 2726 2266 2795 utrique
2297 2730 2431 2795 parti
2460 2727 2544 2781 vel
2574 2737 2716 2792 actu,
2750 2726 2833 2781 vel
2876 2726 3209 2795 professione
3246 2726 3554 2796 re=pondet,
3587 2732 3645 2779 ut

2054 2829 2111 2875 et
2136 2821 2441 2890 reSpublica
2466 2821 2519 2874 in
2542 2836 2607 2874 co
2629 2820 2767 2889 quod
2793 2821 3107 2887 admiretur,
3133 2830 3185 2874 et
3210 2820 3449 2874 Ecclesia
3477 2818 3646 2888 possit

2054 2912 2296 2967 invenire
2326 2913 2467 2983 quod
2491 2913 2695 2981 diligat.
2728 2912 2782 2967 Si
2815 2911 3080 2966 natalibus
3108 2912 3370 2966 servanda
3398 2924 3646 2966 reveren~

2057 3004 2130 3058 tia
2157 3014 2257 3071 est,
2290 3006 2411 3074 quia
2440 3016 2494 3060 et
2526 3007 2623 3058 hos
2651 3020 2757 3059 non
2791 3004 3121 3059 omittendus
3143 3003 3466 3072 evangelista
3493 3018 3647 3058 mon-

2009 3140 2021 3168 ι
2059 3099 2251 3153 stravit
2308 3100 2454 3169 (nam
2502 3099 2673 3153 Lucas
2702 3096 3308 3153 laudationem-Joannis
3341 3110 3644 3166 aggressus,

358 3204 487 3253 mea
544 3196 801 3251 bonarum
853 3193 1083 3264 partium
1130 3206 1309 3246 mores
1356 3190 1716 3261 pungentibus
1755 3191 2026 3260 linguisC
2060 3195 2564 3264 praestantissimum
2613 3192 2976 3262 computavit,
3024 3193 3166 3263 quod
3214 3191 3533 3265 sacerdotali
3582 3192 3649 3247 de
3694 3234 3699 3237 .

376 3287 757 3346 maledicorum
798 3287 959 3343 veluti
986 3286 1295 3357 bicipitibus
1326 3286 1501 3339 hamis
1530 3285 1947 3339 inuncabuntur.

364 3382 510 3439 Inter
536 3382 651 3438 hac
680 3380 1143 3437 monasterialibus
1184 3378 1482 3448 disciplinis
1510 3393 1651 3447 agre
1683 3378 1951 3445 subditur,

363 3478 447 3533 vel
479 3475 812 3548 popularium
842 3476 1216 3541 cervicositas,
1246 3474 1331 3529 vel
1360 3473 1579 3528 licentia
1602 3473 1951 3529 clericorum;

364 3570 424 3627 Si
450 3570 708 3625 clericum
739 3566 953 3636 dixero,
985 3575 1273 3637 sequentes
1313 3566 1655 3631 aemulantur,
1689 3566 1951 3636 derogant

364 3662 764 3720 antecedentes.
791 3659 925 3716 Nam
972 3662 1047 3715 ita
1090 3674 1165 3715 ex
1215 3659 1279 3713 iis
1321 3659 1498 3729 pauci,
1530 3659 1673 3729 quod
1720 3659 1955 3727 reliquo-

364 3775 483 3817 rum
514 3774 645 3831 pace
673 3759 745 3813 sit
770 3756 996 3822 dictum,
1025 3756 1194 3812 solam
1227 3754 1514 3810 clericatus
1542 3753 1952 3808 diuturnitatem

366 3865 463 3921 pro
501 3850 705 3906 meritis
754 3855 1033 3904 autumant
1071 3844 1441 3902 calculandam
1471 3862 1485 3910 ;
1517 3853 1574 3898 ut
1603 3860 1702 3898 nos
1732 3845 1783 3898 in
1813 3846 1975 3899 anti-i

367 3946 491 4001 stite
521 3943 913 4009 consecrando,
946 3957 1051 3997 non
1080 3940 1365 3996 utilitatem
1406 3940 1576 3995 velint
1604 3938 1825 4010 eligere,
1859 3939 1958 3994 sed

367 4048 579 4095 (etatem
615 4056 629 4093 :
683 4048 933 4108 tanquam
978 4035 1070 4090 diu
1113 4034 1291 4105 potius
1328 4047 1487 4104 quam
1548 4034 1686 4090 bene
1730 4034 1953 4097 vivere,

368 4130 561 4187 debeat
584 4130 751 4200 accipi
774 4129 841 4184 ad
863 4122 1130 4184 summum
1147 4123 1504 4182 sacerdotium
1523 4124 1953 4195 adipiscendum,

371 4235 467 4292 pro
494 4221 737 4276 omnium
758 4220 1050 4291 gratiarum
1074 4218 1354 4289 privilegio
1377 4216 1530 4290 193
1552 4218 1955 4285 decoramento,

369 4315 821 4375 lenocinamento.
844 4314 911 4369 Et
934 4314 1007 4369 ita
1020 4313 1284 4383 quispiam
1305 4312 1356 4366 in
1374 4313 1729 4367 ministrando
1739 4324 1955 4383 segnes,

371 4407 424 4464 in
454 4406 793 4479 obloquendo
831 4407 1059 4471 celeres,
1084 4405 1140 4461 in
1172 4406 1487 4461 tractatibus
1513 4404 1706 4474 otiosi,
1734 4406 1786 4461 in
1818 4401 1959 4461 sedi-

371 4500 607 4557 tionibus
629 4499 899 4569 occupati,
931 4498 983 4553 in
1023 4496 1248 4553 caritate
1278 4498 1498 4565 inﬁrmi,
1536 4497 1589 4552 in
1617 4498 1845 4553 factione
1869 4508 1959 4553 ro-

2058 3288 2226 3356 stirpe
2260 3286 2546 3354 veniebat,
2598 3295 2652 3341 et
2696 3286 3027 3341 nobilitatem
3066 3279 3190 3339 vita:
3237 3284 3649 3355 praedicaturus,

2057 3379 2209 3449 prius
2252 3389 2428 3434 tamen
2477 3378 2669 3433 extulit
2722 3378 2935 3433 familia)
2982 3376 3349 3447 dignitatem);
3404 3384 3653 3445 parentes

2021 3470 2262 3545 ‘ipsius,
2298 3484 2390 3529 aut
2419 3472 2722 3540 cathedris,
2764 3482 2856 3527 aut
2884 3470 3237 3526 tribunalibus
3265 3468 3652 3539 praesederunt.

2060 3567 2287 3622 lllustris
2333 3568 2384 3621 in
2418 3574 2649 3637 utraque
2677 3564 3091 3621 conversatione
3121 3562 3389 3633 prosapia,
3422 3571 3514 3615 aut
3543 3560 3655 3630 epi-

2060 3662 2242 3731 scopis
2266 3662 2468 3727 ﬁoruit,
2492 3670 2585 3715 aut
2606 3660 2872 3729 przefectis
2902 3676 2916 3714 :
2942 3660 3012 3713 ita
3044 3673 3258 3728 semper
3286 3657 3510 3726 hujusce
3536 3670 3655 3711 ma-

2057 3755 2289 3825 joribus,
2311 3763 2403 3808 aut
2432 3754 2854 3818 ltumanum,aut
2883 3751 3121 3806 divinum
3152 3751 3355 3806 dictare
3378 3750 3467 3819 jus
3495 3763 3658 3804 ausus

2061 3850 2188 3913 fuit;
2224 3849 2268 3902 si
2314 3863 2445 3903 vero
2492 3862 2776 3917 personam
2820 3861 2969 3900 suam
3019 3854 3252 3900 tractatu
3286 3844 3659 3899 consiliosiore

2064 3956 2377 4012 pensemus,
2428 3944 2728 3997 invenimus
2758 3941 2902 3995 illam
2934 3948 3119 3995 tenere
3161 3940 3280 3995 istic
3304 3938 3333 3978 ι)
3363 3939 3503 3994 inter
3527 3955 3654 4009 spe-

2063 4034 2290 4089 ctabiles
2314 4033 2581 4104 principes
2604 4036 2798 4089 locum.
2826 4031 2931 4087 Sed
2953 4032 3128 4087 dicitis
3156 4032 3300 4087 viros
3330 4030 3651 4087 Eucherium

2068 4138 2123 4183 et
2173 4127 2525 4183 Pannichium
2575 4116 2818 4184 illustres.
2860 4127 3046 4183 haberi
3090 4127 3397 4199 superiores
3441 4144 3458 4181 :
3512 4126 3658 4194 quod

2066 4222 2323 4277 hactenus
2351 4237 2445 4277 eos
2466 4230 2582 4277 esto
2604 4218 2851 4292 putatos:
2888 4220 2980 4276 sed
3013 4228 3332 4290 praesentem
3354 4218 3464 4290 jam
3497 4219 3659 4275 modo

2066 4313 2133 4368 ad
2165 4328 2381 4370 causam
2413 4313 2490 4368 illi
2523 4328 2587 4368 ex
2618 4327 2827 4368 canone
2856 4327 2962 4367 non
2990 4312 3357 4382 requiruntur,
3379 4328 3468 4382 qut
3501 4311 3661 4383 ambo

2065 4404 2133 4460 ad
2182 4417 2204 4444 ο
2248 4404 2511 4461 secundas
2542 4404 2756 4474 nuptias
2789 4404 3136 4459 transierunt.
3169 4403 3227 4460 Si
3258 4402 3446 4458 annos
3491 4398 3673 4474 ipsius

2067 4506 2440 4568 computemus
2475 4514 2490 4565 ;
2519 4496 2679 4552 habet
2706 4495 3002 4552 efﬁcaciam
3030 4496 3097 4552 de
3126 4495 3430 4565 iuventute,
3460 4494 3529 4551 de
3550 4490 3551 4495 “
3570 4510 3677 4567 εθ-¹

373 4594 558 4659 busti,
609 4598 661 4648 ln
711 4592 1108 4649 aemulationum
1144 4592 1557 4647 conservatione
1606 4590 1829 4647 stabiles
1852 4632 1866 4657 ,
1902 4590 1958 4647 in
1985 4562 2044 4628 D
2067 4600 2285 4648 nectute
2328 4591 2630 4646 consilium.
2656 4591 2715 4647 Si
2752 4589 2959 4644 litteras
3004 4589 3085 4643 vel
3116 4589 3385 4658 ingenium
3409 4578 3679 4657 confera-f

374 4685 759 4741 sententiarum
801 4684 1104 4740 assertione
1153 4692 1402 4738 nutantes
1428 4729 1443 4753 ,
1487 4684 1731 4739 nituntur
1768 4698 1959 4755 regere

372 4777 689 4845 Ecclesiam,
721 4791 854 4847 quos
886 4777 997 4847 jam
1026 4776 1138 4845 regi
1166 4790 1390 4831 necesse
1416 4786 1501 4831 est
1539 4791 1635 4846 per
1662 4788 1957 4833 senectam.

370 4870 474 4927 Sed
516 4884 614 4925 nec
658 4869 859 4924 diutius
900 4869 1077 4938 placet
1106 4875 1327 4939 propter
1366 4882 1660 4938 paucorum
1701 4872 1956 4944 ambitus,

340 5040 358 5083 _‘
400 5081 411 5085 Δ
449 5017 474 5046 ι
497 5007 611 5062 Νοη
638 5016 721 5066 est
748 5022 1043 5085 cognomen
1076 5007 1175 5063 hoc
1204 5008 1321 5085 loco
1349 5006 1681 5085 benedictus,
1724 5020 1817 5068 sed
1849 5017 1963 5085 epi~
1988 4993 2005 5004 .

377 5081 581 5134 thetuut
649 5093 756 5148 quo
802 5079 1135 5133 Christianos
1185 5081 1330 5133 viros
1379 5078 1616 5149 plerique
1674 5078 1997 5141 ornabant

376 5151 630 5204 Paulinus
656 5150 880 5219 cpistola
912 5152 944 5204 9
975 5151 1039 5204 ad
1069 5151 1326 5206 Severum
1353 5168 1364 5203 :
1395 5149 1542 5203 Alius
1571 5152 1772 5208 libellus
1802 5172 1864 5208 ea:
1884 5157 1963 5212 his

374 5232 443 5275 est
466 5238 591 5291 quos
612 5222 679 5274 ad
702 5221 1039 5291 benedictum,
1060 5223 1115 5274 id
1137 5230 1209 5275 est
1237 5220 1584 5275 Christianum
1614 5224 1799 5289 virum,
1832 5231 1965 5280 ami-

374 5309 488 5346 cum
530 5308 698 5345 nicum
728 5290 1099 5346 Endelechium
1132 5293 1396 5360 scripsisse
1428 5293 1621 5347 videor.
1652 5294 1962 5352 Endelechii

373 5365 515 5418 enim
548 5362 764 5418 nomina
792 5373 966 5429 erant,
984 5365 1211 5419 Sanctus
1238 5366 1471 5419 Severus
1497 5363 1875 5428 Endelechius,
1907 5380 1965 5424 ut

374 5435 499 5490 alibi
546 5436 913 5489 observatum.
944 5434 1035 5490 Sic
1075 5434 1387 5490 benedictus
1420 5435 1697 5489 Pascasius
1738 5438 1965 5493 Paulino

375 5506 547 5561 eidem
595 5505 651 5559 in
693 5505 920 5573 epistola
959 5505 1023 5558 ad
1057 5505 1366 5560 Victricium
1394 5546 1408 5567 .
1456 5507 1768 5562 benedictus
1810 5510 1968 5564 Eleu-

378 5578 561 5632 therus
607 5575 938 5630 Tertulliano
968 5577 1035 5631 de
1084 5576 1581 5645 Przescriptionibus
1604 5620 1619 5644 ,
1654 5581 1966 5635 benedictus

378 5663 509 5717 papa
551 5646 854 5717 Cyprianus
892 5649 944 5702 in
990 5647 1215 5716 epistola
1253 5651 1382 5701 cleri
1415 5649 1638 5703 Romani
1668 5652 1731 5704 ad
1761 5652 1964 5705 clerum

374 5718 872 5787 Carthaginiensem
888 5760 903 5780 ,
938 5718 1253 5773 benedictus
1274 5718 1529 5773 Paulinus
1554 5720 1748 5777 Fausto
1771 5722 1967 5776 Reien-

376 5791 422 5850 si
453 5829 474 5853 .
521 5788 838 5846 benedictus
891 5788 1174 5845 Tetradius
1236 5798 1292 5843 et
1348 5791 1660 5846 benedictus
1721 5794 1971 5864 Agricola

2068 4698 2211 4751 mus,
2230 4691 2404 4738 certat
2425 4690 2613 4737 natura
2636 4680 2915 4735 doctrintc.
2942 4679 3000 4736 Si
3017 4680 3321 4735 humanitas
3336 4680 3663 4751 requirenda

2068 4788 2182 4844 est,
2229 4777 2332 4831 civi
2356 4819 2370 4843 ,
2420 4775 2617 4831 clerico
2642 4815 2657 4839 ,
2705 4770 3024 4844 peregrino,
3056 4773 3279 4829 minimo
3318 4775 3667 4845 maximoque

2070 4874 2235 4930 etiam
2280 4882 2441 4940 supra
2490 4866 2865 4922 sufﬁcientiam
2917 4866 3159 4936 offertur,
3193 4876 3247 4924 et
3280 4882 3435 4923 suum
3467 4868 3664 4938 saepius

2070 5012 2334 5141 fgegorio
2364 5011 2566 5065 Turon.
2591 5009 2973 5066 Confessorum
3006 5010 3105 5078 86,‘
3130 5020 3185 5067 et
3220 5009 3312 5065 lib.
3347 5026 3401 5066 ut
3432 5009 3664 5083 Histor.,

2144 5154 2174 5195 ι)
2217 5154 2495 5222 Principes
2538 5152 2852 5223 municipii,
2902 5152 3243 5223 principales.
3294 5153 3663 5212 Glossarium:

2071 5226 2345 5296 Princeps,
2377 5225 2784 5294 πρωτοπολὶτης.
2808 5225 2926 5279 Jam
2951 5240 3114 5296 supra
3136 5224 3475 5296 Simplicium
3491 5228 3665 5282 virum

2071 5295 2419 5366 spectabilem
2448 5297 2611 5364 dixit,
2660 5298 2817 5366 epist.
2850 5300 2902 5351 8.
2957 5296 3037 5350 Ad
3072 5295 3395 5354 Eucherium
3436 5312 3564 5354 vero
3611 5305 3671 5353 et

2072 5368 2438 5438 Pannychium
2471 5366 2687 5433 scripsit
2716 5368 2809 5421 lib.
2843 5383 2899 5421 ιιι
2924 5368 3090 5422 ctlib.
3126 5385 3177 5424 v.

2149 5450 2172 5476 ε
2198 5438 2401 5509 Bigami
2430 5438 2842 5509 enimrepiscopi
2868 5453 2987 5493 esse
3019 5454 3115 5508 per
3144 5454 3515 5507 canones-non
3542 5452 3669 5507 pos-

2076 5520 2239 5577 sunt;
2277 5524 2340 5563 ac
2367 5524 2448 5582 ne~
2466 5508 2647 5582 clerici
2677 5510 2895 5578 quidem
2927 5512 3088 5566 ullius
3119 5513 3342 5582 gradus,
3367 5527 3430 5564 ex
3458 5524 3667 5565 canone

2077 5584 2251 5651 primo
2282 5580 2472 5649 synodi
2501 5580 2817 5644 Valentinm,
2850 5590 2904 5635 et
2935 5582 3054 5635 aliis
3087 5580 3316 5651 passim:
3360 5594 3664 5650 quanquam

2073 5654 2284 5706 variant
2306 5653 2357 5707 in
2384 5651 2650 5706 inferioris
2678 5652 2877 5722 gradus
2904 5653 3201 5719 ordinibus,
3236 5664 3395 5710 orout
3420 5652 3667 5709 diversus

2077 5725 2317 5780 locorum
2348 5737 2465 5779 mos
2487 5723 2602 5777 fuit.
3393 5724 3397 5731 ‘
