4072 6348
416 318 519 380 579

1679 295 2411 373 smosn'aroumams

3588 317 3708 376 580

415 453 607 508 panem
646 439 733 494 ille
762 439 936 508 potius
982 436 1071 506 qui
1108 451 1217 491 non
1246 442 1363 491 erat
1410 435 1716 490 redditurus
1760 433 1997 502 agnovit.
2030 438 2079 495 Α
2107 448 2246 499 rum,
2276 443 2365 487 aut
2412 434 2659 487 altarium
2704 432 2987 487 cathedras
3013 445 3135 487 cum
3182 435 3262 488 sui
3302 434 3509 490 ordinis
3538 434 3706 491 laude

415 532 471 588 Si
520 534 807 589 necessitas
845 531 997 602 195
1044 530 1366 599 arripienda:
1411 529 1692 599 legationis
1734 527 2001 590 incubuit,

376 626 377 629 “
419 638 525 679 non
566 624 652 678 ille
686 624 853 677 semel
897 612 993 689 pro
1047 622 1147 676 bac
1196 623 1410 677 civitate
1449 622 1597 677 stetit
1632 628 1755 673 ante
1795 617 2005 696 pellitos

415 729 593 786 reges,
635 714 716 769 vel
747 723 871 767 ante
904 712 1172 783 principes
1215 723 1552 781 purpuratos.
1593 711 1650 766 Si
1699 709 2002 780 ambigitur,

415 821 523 876 quo
570 805 824 873 magistro
874 804 1192 859 rudimentis
1248 804 1371 859 fidei
1411 803 1574 859 fuerit
1631 802 1904 866 imbutus,
1948 802 2007 855 ut

416 894 829 968 proverbialiter
878 894 1086 965 loquar,
1138 895 1289 950 domi
1328 896 1512 949 habuit
1560 894 1706 949 unde
1751 893 2002 949 disceret.

416 984 830 1051 Postremo-iste
857 993 943 1039 est
972 985 1083 1047 ille,
1113 985 1396 1052 carissimi,
1428 986 1514 1039 cui
1558 985 1611 1039 in
1645 983 1882 1039 tenebris
1918 996 2005 1037 er-

416 1077 775 1147 gastularibus
817 1078 1142 1144 constituto,
1185 1074 1555 1146 multipliciter
1590 1077 1839 1132 obserata
1884 1075 2008 1130 bar—

416 1171 586 1228 barici
624 1170 857 1226 carceris
906 1170 1159 1224 divinitus
1194 1170 1423 1224 claustra
1462 1178 1766 1238 patuerunt.
1806 1168 2001 1233 letum,

416 1276 472 1322 ut
498 1266 820 1331 audivimus,
856 1275 880 1299 δι
912 1274 1018 1318 tam
1064 1279 1253 1319 socero
1281 1278 1441 1333 quam
1490 1274 1641 1331 patre
1670 1262 2002 1331 postpositis,

415 1358 483 1413 ad
522 1357 881 1414 sacerdotium
922 1356 1045 1411 duci
1101 1364 1349 1425 Oportere
1404 1353 1846 1410 vociferabimini.
1888 1354 2005 1420 Quo

415 1450 629 1520 quidem
684 1458 925 1519 tempore
972 1447 1256 1515 plurimum
1309 1446 1479 1501 laudis
1536 1447 1752 1500 domum
1800 1444 2002 1509 retulit,

416 1547 629 1618 quando
676 1545 931 1601 honorari
982 1554 1259 1613 parentum
1307 1543 1494 1597 maluit
1539 1541 1795 1608 dignitate
1842 1554 2002 1610 quam

416 1637 651 1708 propria.
686 1637 827 1691 Pene
867 1635 1185 1690 transieram
1231 1634 1371 1702 quod
1415 1633 1679 1703 praeteriri
1711 1647 1816 1687 non
1845 1645 2005 1701 Opor-

417 1738 606 1784 tuerat.
658 1727 772 1783 Sub
805 1726 985 1797 Moyse
1029 1726 1332 1796 quondam,
1377 1726 1516 1780 sicut
1562 1724 2003 1795 psalmographus

417 1819 512 1887 ait,
546 1818 597 1871 in
636 1817 823 1873 diebus
854 1817 1109 1887 antiquis,
1149 1827 1205 1871 ut
1233 1816 1556 1872 tabernaculi
1587 1816 1803 1872 fmderis
1834 1816 2002 1869 forma
2033 1809 2080 1870 Β
2109 1828 2337 1874 vestram
2367 1829 2601 1875 veterem
2628 1826 2941 1874 consonate.

417 1918 784 1979 consurgeret,
815 1918 956 1963 totus
985 1909 1145 1963 Israel
1168 1909 1219 1962 in
1243 1923 1427 1963 eremo
1449 1918 1571 1963 ante
1594 1907 1881 1963 Beseleelis
1904 1922 1997 1977 pe-

415 2000 532 2067 des,
564 2000 793 2055 oblatitii
832 1999 1134 2071 symbolum
1164 1999 1502 2054 coacervavit
1536 1997 1812 2068 impendii.
1847 1997 2001 2052 Salo-

416 2108 541 2149 mon
574 2093 843 2161 deinceps,
876 2103 933 2147 ut
958 2091 1212 2161 templum
1240 2091 1531 2146 aedificaret
1557 2090 1608 2144 in
1628 2090 1882 2160 Solymis,
1907 2105 2000 2144 so-

415 2186 550 2240 lidas
574 2185 754 2256 populi
776 2188 918 2239 vires
952 2186 1000 2239 in
1024 2199 1187 2253 opere
1214 2185 1488 2237 concussit
1514 2198 1530 2237 ι
1552 2182 1798 2251 quamvis
1830 2181 1999 2261 Palae-

414 2279 679 2333 stinorum
714 2278 951 2347 captivas
998 2292 1129 2346 opes
1155 2318 1169 2339 .
1220 2286 1274 2329 et
1313 2274 1783 2343 circumjectorum
1815 2288 2001 2342 regum

414 2371 721 2427 tributarias
747 2370 1070 2432 functiones.
1095 2368 1345 2423 auSIralis
1380 2369 1577 2437 regina:
1601 2366 1832 2422 Sabaitis
1874 2381 2003 2436 gaza

414 2462 789 2517 cumulaverit.
821 2461 917 2515 llic
949 2461 1100 2516 vobis
1130 2459 1413 2516 ecclesiam
1440 2460 1672 2528 juvenis,
1706 2459 1878 2525 miles,
1926 2470 2003 2513 te-

414 2556 535 2610 nuis
557 2598 571 2622 ,
622 2555 793 2619 solus,
826 2554 1001 2608 adhuc
1032 2553 1175 2606 filius
1219 2552 1474 2615 familias,
1508 2560 1562 2607 et
1596 2553 1704 2620 jam
1733 2561 1885 2620 pater
1914 2568 2008 2605 ex-

349 2652 353 2656 '
415 2646 631 2700 struxit.
660 2645 769 2700 Nec
815 2645 962 2699 illum
1012 2660 1040 2696 a
1085 2644 1357 2713 preposita
1398 2641 1681 2698 devotione
1730 2641 2005 2711 suspendit

317 2750 325 2760 '
415 2737 500 2793 vel
540 2737 798 2792 tenacitas
848 2752 1075 2801 senum,
1120 2738 1202 2789 vel
1256 2736 1479 2790 intuitus
1524 2736 1909 2806 parvulorum:
1952 2746 2007 2791 et

417 2838 595 2886 tamen
643 2831 741 2885 fuit
787 2829 811 2868 δ
856 2846 1065 2885 morum
1116 2830 1319 2885 factura
1363 2846 1482 2900 qua:
1524 2839 1743 2885 taceret.
1782 2829 1873 2883 V'ir
1926 2843 2007 2884 eSt

414 2944 666 3000 namque,
701 2928 754 2982 ni
790 2928 964 2993 fallor,
992 2929 1156 2983 totius
1192 2927 1564 2998 popularitatis
1602 2926 1808 2982 alienus
1838 2944 1852 2981 :
1880 2943 2005 2998 gra-

414 3022 541 3077 tiam
569 3037 674 3076 non
716 3030 893 3090 captat
923 3022 1196 3086 omnium,
1229 3021 1325 3075 sed
1366 3021 1669 3087 bonorum;
1727 3038 1830 3075 non
1865 3022 2002 3076 indi-

414 3122 587 3168 screta
620 3112 979 3169 familiaritate
1011 3114 1276 3167 vilescens
1300 3152 1315 3177 ,
1350 3112 1443 3167 sed
1473 3112 1778 3167 examinata
1809 3114 2003 3169 sodali-

2112 534 2416 582 tenuerunt.
2454 527 2595 580 Sane
2623 525 2744 594 quia
2774 540 3001 594 persona
3043 533 3301 580 matronae
3331 528 3700 582 verecundam

2108 627 2162 673 et
2207 619 2528 672 succinctam
2583 618 2665 671 sui
2714 617 2877 687 exigit
2938 618 3261 673 mentionem
3291 659 3304 681 ,
3381 629 3703 676 constanter

2108 709 2458 777 astruxerim,
2506 710 2832 778 respondere
2878 710 3019 763 illam
3077 710 3326 765 feminam
3377 714 3701 769 sacerdotiis

2107 802 2382 879 utriusque
2425 801 2661 865 familiae,
2691 804 2772 857 vel
2822 802 2909 855 ubi
2954 800 3176 857 educata
3232 804 3425 871 crevit,
3478 806 3562 860 vel
3600 808 3698 862 ubi

2107 892 2276 947 electa
2300 893 2563 963 migravit.
2596 892 2758 947 Filios
2786 892 2944 948 ambo
2976 892 3111 947 bene
3137 903 3189 946 et
3222 894 3513 962 prudenter
3545 896 3698 951 insti-

2110 992 2297 1049 tuunt;
2342 983 2537 1053 quibus
2567 992 2909 1063 comparatus
2952 992 3100 1051 pater
3124 984 3250 1039 inde
3272 982 3481 1040 felicior
3510 986 3699 1056 incipit

2106 1096 2245 1144 esse,
2289 1082 2441 1153 197
2469 1081 2592 1151 quia
2625 1079 2877 1135 vincitur.
2910 1078 2975 1133 Et
3004 1079 3126 1149 quia
3155 1080 3479 1134 sententiam
3521 1082 3697 1150 parvi-
3747 1139 3750 1143 ,

2105 1173 2232 1228 tatis
2280 1187 2416 1227 meae
2449 1173 2500 1226 in
2538 1172 2637 1227 liae
2674 1171 2941 1227 electione
2983 1171 3264 1225 valituram
3316 1183 3436 1225 esse
3474 1173 3697 1241 jurastis

2107 1266 2394 1335 (siquidem
2425 1254 2530 1319 non
2574 1273 2656 1320 est
2696 1264 2922 1320 validius
2944 1264 3125 1319 dicere
3146 1275 3502 1331 sacramenta,
3535 1281 3695 1335 quam

2107 1358 2392 1429 scribere),
2420 1359 2473 1412 In
2501 1360 2718 1413 nomine
2741 1357 2934 1423 Patris,
2965 1364 3019 1411 et
3046 1356 3190 1422 Filii,
3225 1368 3279 1413 et
3310 1357 3542 1429 Spiritus
3564 1373 3694 1413 san-

2108 1450 2201 1512 cti.
2233 1450 2542 1519 Simplicius
2568 1460 2672 1515 est,
2701 1464 2859 1519 quem
2889 1448 3176 1517 provinciae
3202 1459 3403 1504 nostra:
3428 1459 3698 1520 metr-Opo—

2108 1542 2329 1597 Iitanum
2352 1584 2364 1604 ,
2401 1542 2633 1597 civitatis
2664 1549 2861 1595 vestra:
2892 1554 3159 1594 summum
3208 1541 3545 1595 sacerdotem
3576 1542 3697 1598 ﬁeri

2107 1631 2307 1689 debere
2338 1634 2647 1702 pronuntio.
2679 1631 2784 1686 Vos
2808 1640 2984 1685 autem
3017 1630 3083 1685 de
3121 1632 3240 1686 viro
3284 1631 3352 1687 de
3377 1646 3484 1703 quo
3514 1632 3693 1703 loqui-

2107 1742 2247 1790 mur,
2268 1728 2517 1797 sinovam
2540 1726 2860 1780 sententiam
2880 1738 3051 1780 meam
3070 1724 3377 1796 sequimini,
3384 1727 3690 1800 secundum

3142 1822 3153 1837 ι

2686 1912 3018 1968 EPISTULA
3057 1912 3123 1970 Χ.

2320 2008 2568 2063 Sidonius
2606 2022 2756 2077 papa:
2791 2016 2812 2044 ο
2844 2006 3083 2073 Auspicio
3109 2021 3201 2060 suo
3229 2006 3464 2061 salutem.

2174 2102 2230 2156 Si
2270 2101 2404 2155 ratio
2454 2108 2754 2168 temporum
2798 2097 3186 2167 regionumque
3231 2105 3540 2167 pateretur,
3581 2112 3685 2154 non

2107 2205 2201 2260 per
2240 2191 2351 2245 sola
2390 2190 2574 2251 officia,
2604 2190 2886 2244 verborum
2924 2189 3188 2245 amicitias
3220 2191 3384 2245 semel
3414 2190 3571 2246 initas
3595 2205 3687 2245 ex-

2106 2283 2285 2337 colere
2323 2297 2591 2338 curarem.
2626 2280 2731 2336 Sed
2769 2281 3021 2350 quoniam
3060 2281 3311 2336 fraterna:
3345 2282 3539 2351 quietis
3569 2292 3687 2337 voto

2106 2374 2235 2428 satis
2278 2374 2541 2441 obstrepit
2588 2373 3011 2429 conflictantium
3064 2374 3297 2443 procella
3354 2390 3685 2445 regnorum;

2108 2466 2282 2521 saltim
2312 2465 2452 2521 inter
2480 2460 2743 2521 discretos
2773 2474 3159 2536 separatosque
3189 2466 3433 2522 litterarii
3464 2482 3692 2523 consue-

2110 2557 2239 2613 tudo
2267 2557 2536 2613 sermonis
2564 2558 2685 2627 jure
2714 2558 3051 2621 retinebitur,
3080 2574 3199 2627 qua:
3225 2559 3334 2627 jam
3366 2559 3572 2627 pridem
3603 2575 3697 2613 ca-

2108 2648 2279 2703 ritatis
2305 2643 2527 2703 obtentu
2550 2649 2741 2703 merito
2769 2649 2981 2703 inducta
3003 2648 3274 2703 veteribus
3304 2650 3491 2703 annuit
3512 2662 3694 2704 exem-

2108 2741 2231 2811 plis.
2275 2744 2531 2810 Superest
2571 2752 2626 2795 ut
2670 2740 2903 2814 sollicito
2955 2740 3258 2795 veneratori
3309 2740 3518 2810 culpam
3564 2748 3694 2794 ratm

2108 2833 2440 2890 occursionis
2480 2831 2755 2901 indulgeas
2790 2850 2803 2886 :
2847 2847 2964 2901 quae
2994 2832 3278 2902 quominus
3307 2832 3525 2888 assidue
3552 2845 3695 2886 con-

2109 2936 2323 2995 spectus
2343 2926 2416 2980 tui
2439 2932 2781 2979 sacrosancta
2803 2923 3258 2993 contemplatione
3282 2925 3532 2992 potiatur,
3552 2938 3696 2979 nunc

2111 3018 2401 3089 periculum
2430 3018 2498 3073 de
2536 3016 2727 3071 vicinis
2760 3016 2927 3080 timet,
2960 3030 3103 3070 nunc
3127 3014 3383 3069 invidiam
3410 3015 3476 3070 de
3505 3022 3692 3086 patro-

2113 3111 2215 3166 nis.
2240 3112 2343 3166 Scd
2392 3110 2460 3165 de
2494 3109 2578 3164 his
2613 3111 2711 3165 ista
2749 3110 2864 3164 haec
2910 3109 3069 3164 etiam
3101 3107 3265 3163 multa
3297 3116 3441 3163 sunt.
3475 3097 3691 3163 Interim

415 3213 521 3260 tate
551 3205 848 3274 pretiosus;
894 3215 949 3259 et
983 3205 1137 3275 196
1162 3205 1302 3259 bono
1324 3205 1498 3258 viratu
1523 3205 1730 3258 aemulis
1756 3207 1867 3260 suis
1891 3222 1999 3259 ma-
2033 3187 2077 3251 C
2108 3201 2321 3256 Petrum
2345 3245 2358 3271 ,
2391 3200 2725 3255 tribunitium
2770 3198 2942 3254 virum
2965 3242 2979 3267 ,
3012 3198 3327 3267 portitorem
3370 3198 3537 3254 nostri
3578 3213 3693 3254 ser-

415 3300 496 3368 gis
526 3300 781 3367 prodesse
808 3299 1030 3366 cupiens
1058 3313 1217 3367 quam
1249 3298 1459 3365 placere
1485 3315 1497 3363 ;
1532 3301 1734 3351 severis
1767 3299 2002 3366 patribus

416 3388 828 3458 comparandus,
854 3390 943 3457 qui
966 3388 1224 3456 juvenmn
1250 3388 1478 3441 filiorum
1507 3404 1611 3441 non
1635 3398 1740 3443 tam
1768 3391 2004 3458 cogitant

419 3488 543 3534 vota
575 3494 732 3548 quam
759 3479 1062 3533 commoda.
1099 3480 1152 3533 In
1183 3478 1424 3533 adversis
1452 3491 1728 3543 constans,
1756 3485 1806 3534 in
1830 3482 2003 3537 dubiis

417 3572 651 3636 fidus,in
697 3571 969 3641 prosperis
1018 3571 1314 3637 lltOdeSlus,
1350 3572 1399 3624 in
1444 3571 1627 3626 habitu
1656 3572 1903 3642 simplex,
1949 3574 2001 3628 in

414 3678 664 3719 sermone
694 3665 882 3729 comis,
915 3664 967 3719 in
999 3664 1350 3718 contubernio
1381 3664 1623 3734 loquelis,
1674 3666 1725 3719 in
1778 3667 2003 3722 consilio

418 3754 752 3825 praecellens.
806 3754 1083 3810 Amicitias
1144 3756 1392 3825 probatas
1420 3758 1581 3812 enixe
1625 3760 1844 3827 espctit,
1878 3776 2003 3814 con—

416 3855 621 3903 stanter
650 3848 879 3915 retinet,
924 3850 1237 3917 perenniter
1288 3857 1485 3903 servat.
1528 3850 1836 3905 Inimicitias
1869 3851 2004 3907 iridi-

415 3948 529 3995 ctas
561 3939 785 3994 honeSte
807 3950 1041 4021 exercet,
1078 3940 1229 3995 tarde
1259 3941 1448 4005 credit,
1476 3941 1723 3997 celeriter
1749 3944 1998 4013 deponit:

415 4033 648 4087 maxime
679 4033 1028 4100 ambiendus,
1069 4034 1189 4102 quia
1243 4032 1463 4087 minimc
1511 4034 1825 4090 ambitiosus
1850 4077 1863 4101 ,
1897 4053 2003 4091 non

416 4124 595 4179 studet
626 4130 898 4193 suscipere
923 4125 1305 4190 sacerdotium,
1330 4124 1423 4179 sed
1455 4130 1670 4180 mereri.
1694 4127 1844 4181 Dicet
1868 4129 2002 4181 mihi

329 4274 335 4280 ,
415 4214 606 4284 aliquis
647 4215 858 4270 :‘Unde
899 4216 991 4268 tibi
1037 4215 1102 4267 de
1145 4215 1238 4268 illo
1272 4227 1376 4270 tam
1418 4218 1521 4271 cito
1550 4227 1692 4271 tanta
1732 4232 2003 4289 comperta

418 4308 577 4360 sunt?
603 4306 697 4359 Cui
728 4322 829 4371 res;
852 4306 1046 4372 ondeo,
1076 4306 1231 4360 Prius
1264 4307 1526 4376 Bituriges
1561 4324 1815 4363 noveram
1846 4328 2002 4377 quam

418 4395 701 4464 Biturigas.
722 4396 911 4448 Multos
936 4398 985 4449 in
1006 4397 1216 4462 itinere,
1234 4398 1428 4452 multos
1447 4399 1496 4452 in
1515 4400 1847 4469 commilitio,
1871 4404 2005 4456 mul-

421 4495 502 4540 tos
542 4488 591 4539 in
647 4496 952 4551 contractu,
982 4487 1179 4541 multos
1211 4489 1263 4541 in
1292 4497 1543 4555 tractatu,
1575 4493 1770 4546 multos
1798 4496 1846 4547 iu
1882 4510 1997 4562 sua,

2108 3296 2281 3349 monis
2312 3295 2545 3359 insinuo,
2580 3295 2671 3364 qui
2696 3294 2746 3348 id
2776 3294 2947 3364 ipsum
2979 3292 3166 3347 sedulo
3195 3293 3470 3362 exposcit;
3499 3291 3694 3361 quique

2106 3387 2236 3457 quid
2269 3387 2466 3457 negotii
2491 3385 2626 3442 ferat
2654 3377 3026 3455 praesentaneo
3055 3384 3490 3455 compendiosius
3520 3392 3695 3451 potest

2109 3480 2356 3534 intimare.
2385 3487 2685 3534 memoratu
2720 3497 2730 3531 :
2788 3481 2875 3533 cui
2907 3491 3120 3548 precor,
3158 3477 3298 3547 quod
3336 3475 3390 3530 in
3430 3474 3583 3530 vobis
3610 3482 3695 3530 est

2107 3574 2242 3644 opis,
2267 3572 2457 3627 intuitu
2478 3571 2682 3642 pagina:
2701 3570 2858 3642 198
2877 3570 3158 3640 praesentis
3175 3568 3420 3635 accedat;
3445 3576 3694 3621 manente

2108 3676 2355 3737 respectu
2411 3666 2756 3721 nihilominus
2806 3663 3109 3735 aequitatis,
3159 3670 3343 3717 contra
3394 3674 3554 3730 quam
3594 3674 3695 3714 nec

2108 3763 2276 3830 magis
2334 3758 2676 3815 familiarium
2733 3771 2924 3812 causas
2979 3753 3359 3811 commendare
3408 3752 3689 3808 consuevi.

2108 3857 2314 3913 Memor
2338 3855 2509 3911 neatri
2542 3868 2665 3909 esse
2691 3852 2935 3922 dignare,
2961 3850 3175 3905 domine
3196 3863 3348 3918 papa.

2672 3943 3004 4000 EPISTULA
3042 3942 3131 3996 XI.

2325 4042 2569 4096 Sidonius
2596 4039 2805 4093 domino
2847 4052 2996 4108 papae
3028 4035 3209 4089 Gra'co
3238 4035 3473 4088 salutem.

2182 4132 2397 4188 Invideo
2430 4131 2671 4186 felicitati
2704 4126 3157 4185 consuetudinarii
3198 4124 3498 4195 portitoris,
3528 4139 3555 4177 a
3588 4140 3689 4193 quo

2110 4225 2333 4295 contigit
2360 4226 2556 4295 saepius
2588 4240 2681 4279 vos
2713 4222 2904 4277 videri.
2932 4221 3045 4277 Sed
3075 4220 3201 4290 quid
3226 4218 3294 4273 de
3344 4218 3589 4272 Amantio
3619 4216 3670 4270 lo

2108 4332 2269 4387 quar,
2315 4334 2435 4371 cum
2477 4317 2620 4385 ipsas
2645 4329 2859 4384 quoque
2895 4313 3102 4367 litteras
3129 4326 3274 4366 ineas
3306 4312 3545 4374 armulcr,
3574 4322 3689 4377 qua»

2109 4409 2466 4464 sacrosanctis
2500 4406 2886 4460 reserabuntur
2916 4405 3118 4473 digitis,
3153 4402 3505 4471 inspicientur
3530 4404 3688 4453 obtu-

2083 4551 2087 4556 .
2109 4503 2284 4559 tibus?
2303 4503 2365 4556 Et
2383 4518 2480 4572 ego
2504 4502 2620 4554 istic
2638 4500 2776 4554 inter
2801 4498 3083 4554 semiustas
3099 4498 3238 4552 muri
3268 4496 3466 4565 fragilis
3480 4496 3692 4550 clausus

418 4580 611 4635 multos
657 4580 708 4633 in
743 4589 921 4633 nostra
971 4582 1397 4651 peregrinatione
1449 4585 1839 4652 cognoscimus.
1882 4587 2003 4641 Pln-
2030 4569 2084 4630 Β
2111 4569 2565 4668 angustiam-belli
2598 4603 2805 4648 terrore
2834 4593 3107 4661 contigui,
3143 4590 3409 4645 desiderio
3436 4590 3502 4644 de
3544 4589 3693 4644 vobis

417 4675 551 4727 rima
579 4672 781 4726 notitia:
812 4672 1003 4727 dantur
1030 4684 1083 4728 et
1106 4690 1168 4727 ex
1198 4675 1451 4743 Opinione
1476 4678 1793 4745 compendia
1821 4692 1834 4733 :
1878 4680 2001 4750 quia

420 4779 525 4817 non
556 4774 659 4818 tam
693 4777 883 4832 parvos
912 4766 1169 4820 terminos
1203 4768 1379 4835 posuit
1406 4767 1561 4822 famae
1598 4779 1803 4834 natura,
1840 4788 1999 4842 quam

419 4858 623 4926 patriae.
654 4856 912 4924 Quocirca
944 4860 989 4911 si
1021 4857 1228 4913 urbium
1269 4868 1438 4914 status
1469 4877 1573 4915 non
1595 4869 1701 4915 tam
1726 4879 1997 4920 tnurorum

419 4948 641 5017 ambitu,
668 4966 822 5019 quam
850 4950 1041 5004 civium
1063 4951 1302 5007 claritate
1332 4955 1591 5009 taxandus
1610 4966 1692 5010 est
1716 4974 1728 5023 ;
1756 4972 1861 5013 non
1889 4976 1999 5015 mo-

420 5040 490 5096 do
511 5042 741 5110 primum
777 5042 866 5113 qui
898 5044 1108 5107 essetis,
1134 5044 1226 5099 sed
1259 5046 1346 5100 ubi
1379 5050 1571 5124 essetis
1600 5056 1813 5119 agnovi.
1851 5053 2001 5109 Uxor

421 5131 495 5187 illi
527 5133 593 5187 de
626 5132 983 5189 Palladiorum
1012 5135 1178 5205 stirpe
1216 5135 1510 5205 descendit,
1540 5142 1627 5211 qui
1664 5152 1754 5197 aut
1797 5144 1999 5200 littera-

376 5240 388 5303 ἶ
520 5286 652 5376 [line
691 5288 1161 5376 patet_Palladiiini
1195 5301 1252 5376 et
1282 5293 1385 5367 77
1417 5264 1723 5376 Eulodium,
1764 5307 1852 5374 qui
1888 5323 2006 5376 pro.

421 5360 549 5416 ximi
568 5358 775 5444 fuerannt
789 5358 1581 5444 episcopi_'D_ituricences,iiunc
1600 5358 1994 5444 patrein,illuu1

421 5447 675 5512 socerum
702 5431 989 5512 Simplicii“
1016 5435 1197 5512 fuisse.
1240 5437 1460 5512 Palladii
1491 5431 1617 5512 ergo
1659 5443 1763 5498 lilia
1792 5431 1825 5512 ,’
1862 5431 1995 5504 uxor

419 5498 906 5626 ξέἓιιςᾶἒῖιῗίἰνῐηῐὲειε
950 5502 1089 5558 Uxor
1116 5505 1197 5560 illi
1231 5508 1293 5562 de
1324 5498 1681 5597 Palladiorum
1717 5498 1998 5608 stirpe—tle;

421 5584 641 5627 scendit.
1614 5594 1621 5597 ‘
1810 5584 1835 5608 "

492 5644 521 5683 ι’
548 5644 623 5718 Ita
655 5643 813 5718 fuerit
842 5648 1079 5703 moribus
1102 5651 1449 5718 compositus,
1480 5663 1537 5708 ut
1566 5657 1845 5713 ecclesiam
1875 5676 1904 5715 a
1937 5678 1995 5717 se

424 5714 730 5794 conditam,
770 5717 979 5794 laudem
1009 5714 1455 5794 vitans,'silen_tin
1498 5740 1785 5794 premeret.
1818 5714 1996 5788 Utitur

423 5785 609 5840 eadem
640 5803 769 5843 voce
794 5788 1038 5846 Ruricius
1058 5785 1211 5862 epist.
1240 5792 1333 5848 14:
1364 5785 1565 5865 Equum
1591 5797 1795 5868 qualem
1812 5785 2000 5870 faue;

2108 4705 2231 4747 meo
2259 4702 2595 4757 nequaquam
2620 4684 2932 4740 satisfacere
2967 4680 3266 4755 permittor.
3292 4684 3465 4752 Atque
3487 4680 3692 4735 utinam
3726 4706 3729 4711 ι

2108 4782 2221 4842 haec
2272 4790 2417 4836 esset
2463 4782 2720 4834 Arverna:
2763 4779 2931 4832 forma
2983 4776 3066 4831 vel
3108 4790 3266 4830 causa
3317 4774 3594 4843 regionis,
3636 4782 3691 4827 ut

2105 4875 2281 4930 minus
2330 4870 2666 4927 excusabiles
2717 4883 3122 4925 cxcusaremur.
3156 4866 3259 4921 Sed
3298 4866 3442 4935 quod
3476 4874 3558 4921 est
3596 4863 3691 4919 du-

2104 4970 2234 5032 rius,
2266 4982 2363 5037 per
2391 4964 2666 5034 injustitiac
2699 4970 2896 5017 nostras
2918 4961 3129 5017 'merita
3161 4958 3460 5024 conficitur,
3492 4968 3548 5012 ut
3593 4974 3685 5014 ex-

2104 5060 2306 5115 cusatio
2354 5057 2506 5113 nobis
2549 5056 2690 5124 justa
2720 5070 2826 5107 non
2877 5054 3033 5107 desit.
3068 5050 3331 5119 Quocirca
3372 5049 3691 5104 salutatione

2108 5156 2345 5225 praefata,
2370 5152 2510 5208 sicut
2530 5164 2649 5205 mos
2679 5148 2851 5219 poscit
2876 5146 3061 5212 officii,
3088 5158 3413 5216 magnopere
3432 5143 3692 5213 deposco,

2114 5318 2198 5367 ras
2213 5312 2478 5376 destinavi,
2492 5308 2879 5362 mansuetudine
2893 5306 3174 5373 placidum,
3190 5306 3428 5360 membris
3441 5305 3580 5359 valid
3586 5320 3689 5367 um,

2103 5384 2307 5450 ﬁrmum
2328 5381 2526 5444 robore,
2554 5380 2719 5448 forma
2742 5386 3086 5449 prwstantem,
3108 5381 3312 5448 {actura
3332 5378 3686 5448 compositum,

2104 5454 2288 5507 animis
2319 5460 2665 5520 temperatum.

2180 5535 2201 5562 ο
2233 5522 2469 5577 Tullensi
2501 5521 2797 5591 Leucprum
2837 5520 3111 5590 episcopo.
3145 5521 3353 5590 Scripta
3398 5536 3506 5591 quo
3558 5526 3687 5591 tem-

2108 5609 2236 5661 pore
2283 5592 2443 5663 Gothi
2480 5606 2600 5645 cum
2630 5590 2886 5663 Romanis
2917 5589 3113 5647 bellum
3144 5589 3442 5663 gerebant,
3475 5598 3530 5647 et
3561 5589 3680 5663 Bur-

2103 5660 2401 5735 gundiones
2423 5662 2677 5735 Arvernis
2694 5703 2709 5729 ,
2741 5672 2798 5717 ut
2826 5662 3027 5719 dictum
3050 5660 3169 5731 est;
3186 5664 3389 5720 auxilio
3416 5667 3576 5719 erant
3602 5660 3687 5715 ad-

2104 5732 2293 5791 versus
2317 5732 2557 5790 Gothos.
