4072 6348
1558 324 2041 389 Εριδτθιιιιιυιι
2080 330 2209 389 LIB.
2254 330 2363 389 Vll.

3506 338 3615 401 ειη

314 458 388 505 ut
425 445 643 503 interim
672 442 966 502 remittatis
1011 440 1346 500 occursionis
1371 442 1611 500 debitum
1642 444 1727 499 vel
1757 444 1919 500 verba
1946 456 1998 513 Α
2026 447 2331 504 beratorem
2374 450 2489 505 sola
2542 458 2592 507 te
2644 450 3057 522 dispositionum
3109 453 3422 512 salubritate
3467 457 3609 516 tole-

313 538 576 596 solventi.
595 537 729 594 Nam
757 536 803 594 si
831 536 1174 594 commeandi
1206 537 1427 593 libertas
1454 550 1586 605 pace
1608 545 1916 605 revocetur,

317 630 458 688 illud
484 631 657 702 mgis
681 630 935 698 verebor,
960 643 1029 686 ne
1048 629 1334 685 assiduitas
1364 629 1665 700 praesentiae
1686 643 1821 684 meae
1850 632 1920 685 sit

316 728 507 799 potius
538 726 717 782 futura
757 725 993 784 fastidio.
1028 725 1230 782 Memor
1276 726 1444 781 nostri
1499 739 1622 782 esse
1669 724 1915 795 dignare,

315 820 545 878 domine
568 835 729 893 papa.

796 912 953 983 ιω
976 910 1307 968 EPISTOLA
1334 910 1451 966 xu

684 1005 930 1061 Sidonius
972 1015 998 1043 ι
1041 1003 1287 1061 Ferreolo
1323 1006 1559 1060 salutent.

399 1102 455 1159 Si
487 1099 735 1155 amicitias
752 1107 952 1153 nostrae
980 1097 1154 1179 potius
1180 1097 1583 1167 afﬁnitatisque,
1612 1110 1771 1166 quam
1796 1110 1916 1166 per-

320 1206 474 1251 sonte
520 1200 627 1247 tua:
659 1200 899 1260 tempus,
946 1189 1226 1253 ordinem,
1265 1196 1463 1244 statum
1508 1187 1912 1257 cogitaremus;

312 1288 445 1358 θυι-ε
469 1286 623 1342 vobis
653 1285 707 1339 in
736 1283 838 1339 hoc
867 1298 1031 1353 opere
1054 1326 1067 1349 ,
1099 1282 1626 1353 quantulumcunque
1656 1292 1770 1351 est,
1803 1282 1913 1350 pri-

316 1380 427 1435 ma;
464 1377 741 1431 titulorum
773 1375 1031 1440 rubrica),
1059 1374 1231 1444 prima
1262 1389 1569 1429 sermonum
1600 1374 1776 1429 ofﬁcia
1814 1373 1913 1428 de-

320 1468 800 1526 diearentuszset
828 1482 925 1537 per
947 1466 1123 1522 avitas
1147 1466 1239 1521 tibi
1264 1467 1433 1537 stylus
1459 1477 1641 1523 noster
1666 1469 1911 1533 curules;

318 1562 579 1636 patricias
625 1560 971 1616 nihilominus
1033 1558 1227 1615 infulas
1288 1570 1751 1623 enumeraturus;
1808 1575 1912 1613 non

323 1658 584 1713 tacuisset
612 1655 639 1693 δ
671 1655 909 1724 triplices
938 1652 1285 1724 praefecturas
1304 1693 1321 1719 ,
1350 1662 1405 1709 et
1445 1654 1669 1725 Syagrio
1696 1664 1787 1709 tuo
1817 1671 1914 1723 pro

322 1747 489 1804 toties
527 1748 749 1802 mutatis
794 1745 1133 1815 praeconibus
1179 1747 1443 1814 praeconia
1498 1761 1604 1800 non
1644 1759 1911 1816 negasset.

2026 554 2173 596 rasse
2203 560 2214 595 :
2247 551 2572 613 propterque
2596 544 2934 614 prudentiam
2964 555 3165 603 tantam
3194 550 3611 619 providentiam-

2023 645 2149 700 que,
2168 646 2382 686 currum
2414 642 2562 687 tuum
2597 635 2951 703 provinciales
2974 621 3411 710 eum°plausuum
3437 645 3609 701 maxi-

2023 739 2114 779 mo
2143 736 2365 781 accentu
2406 729 2715 796 spontaneis
2741 731 2948 787 subisse
2975 734 3277 791 cervicibus
3311 754 3323 801 ;
3370 738 3489 809 quia
3531 741 3611 797 sic

2016 816 2262 872 habenas
2293 816 2585 875 Galliarum
2614 821 2912 889 moderare,
2945 827 3105 896 200
3131 836 3188 881 ιιι
3210 842 3490 897 possessor
3515 846 3609 887 ex-

2022 908 2247 965 haustus
2268 912 2551 967 tributario
2576 914 2703 983 jugo
2729 915 3079 973 relevaretur.
3102 921 3448 978 f’raetermisit
3475 934 3497 963 ο
3526 939 3611 980 re-

2021 1016 2141 1072 gem
2164 1001 2373 1057 Gothiaz
2392 1003 2806 1069 ferocissimum,
2823 1007 3077 1063 inﬂexum
3094 1011 3255 1067 affatu
3280 1024 3371 1070 tuo
3392 1016 3606 1085 melleo,

2021 1094 2196 1164 gravi,
2232 1106 2441 1165 argnto,
2478 1096 2732 1151 inusitato
2761 1113 2775 1151 :
2805 1110 2859 1153 et
2901 1095 2927 1135 ἀ
2960 1101 3026 1156 ab
3055 1103 3451 1161 Arelatensium
3485 1123 3607 1178 por-

2023 1186 2090 1240 tis
2115 1225 2129 1250 ,
2166 1202 2323 1257 quem
2373 1188 2557 1242 Aetius
2595 1204 2698 1241 non
2738 1191 3000 1258 potuisset
3048 1196 3261 1261 ιιι-ωηο,
3298 1208 3345 1250 te
3386 1198 3607 1267 prandio

2021 1282 2335 1333 removisse.
2387 1280 2511 1333 "me
2549 1282 2727 1333 omnia
2784 1285 3168 1351 praetermisit,
3218 1303 3438 1357 sperans
3477 1307 3607 1346 con—

2020 1369 2301 1438 gruentius
2336 1380 2482 1424 tuum
2518 1370 2666 1426 salve
2699 1382 2719 1407 °
2755 1373 3087 1441 pontiﬁcum,
3116 1392 3273 1446 quam
3302 1394 3610 1439 senatorum

2015 1460 2126 1530 jam
2176 1463 2483 1517 nominibus
2525 1464 2742 1534 adjungi
2775 1484 2786 1518 :
2832 1469 3148 1539 censuitque
3184 1472 3377 1541 iustius
3410 1477 3525 1531 ﬁeri
3562 1479 3605 1532 si

2020 1553 2161 1609 inter
2186 1555 2450 1620 perfectos
2480 1555 2713 1623 Christi,
2742 1574 2899 1626 quam
2936 1562 2983 1613 si
3022 1560 3167 1616 inter
3193 1564 3473 1631 przefectos
3506 1568 3607 1623 Va-

2019 1649 2293 1704 lentiniani
2323 1650 2731 1708 constituerere.
2784 1651 2968 1722 Neque
3014 1663 3067 1708 te
3113 1658 3485 1713 sacerdotibus
3513 1677 3607 1731 po-

2021 1741 2124 1795 tius
2150 1741 2443 1796 admixtum
2476 1742 2604 1797 vitio
2635 1752 2807 1797 vertat
2838 1744 3099 1815 malignus
3126 1748 3433 1819 interpres;
3486 1766 3606 1807 nam

323 1839 539 1895 Patrem
578 1836 704 1893 inde
728 1846 1053 1906 patruosque
1095 1836 1316 1891 minime
1344 1836 1580 1892 silendos
1613 1839 1909 1904 percurris-
1942 1844 1990 1904 Β
2018 1835 2234 1904 grandis
2264 1835 2513 1889 ordinum
2547 1835 2847 1907 ignorantia
2893 1847 3040 1893 tenet
3090 1840 3214 1894 hinc
3263 1842 3462 1912 aliquid
3512 1845 3607 1901 de-

320 1939 446 1986 cet:
486 1939 541 1984 et
580 1929 877 1999 quamlibet
915 1936 1099 1998 posset
1142 1928 1553 1999 triumphalibus
1586 1930 1801 1984 adoreis
1834 1930 1914 1984 fa-

324 2022 489 2077 milia:
520 2030 623 2075 tua:
647 2018 957 2090 defatigari;
987 2035 1096 2074 non
1122 2028 1301 2076 tamen
1329 2030 1551 2075 eatenus
1579 2023 1912 2091 explicandis

320 2114 669 2184 antiquorum
700 2111 1074 2167 stemmatibus
1113 2112 1500 2179 exinaniretur,
1534 2121 1591 2166 ut
1620 2114 1687 2167 ob
1717 2114 1815 2168 hoc
1844 2114 1909 2169 ad

318 2205 645 2262 narrandam
699 2204 925 2275 gloriam
976 2217 1119 2259 tuam
1177 2206 1332 2261 ﬁeret
1378 2206 1667 2261 obtusior:
1724 2209 1812 2276 qui
1865 2209 1911 2263 si

214 2288 225 2293 ’
316 2301 485 2357 etiam
504 2300 555 2354 in
577 2297 879 2353 scribendis
902 2298 1164 2367 majorum
1185 2308 1397 2353 tuorum
1415 2298 1700 2353 virtutibus
1723 2301 1913 2355 fuisset

320 2392 603 2449 hebetatus
628 2431 643 2456 ,
673 2391 779 2445 tuis
799 2390 979 2471 denuo
1005 2388 1215 2445 meritis
1240 2392 1658 2447 acuminaretur.
1692 2392 1799 2448 Sed
1821 2406 1909 2449 sa-

320 2484 635 2540 lutationem
667 2483 760 2537 tibi
785 2480 1021 2537 debitam
1060 2481 1443 2551 destinaturus,
1478 2499 1581 2538 non
1622 2482 1750 2555 quid
1779 2485 1907 2541 fuis-

317 2591 431 2644 ses,
465 2575 557 2631 sed
596 2574 722 2645 quid
773 2574 951 2644 potius
989 2588 1133 2629 nune
1161 2588 1306 2629 esses
1353 2575 1741 2632 consideravit.
1764 2576 1902 2633 Pras-

317 2670 550 2725 termisit
577 2667 775 2724 Gallias
809 2666 902 2723 tibi
926 2666 1328 2721 administratas
1350 2678 1494 2735 tunc,
1518 2683 1639 2724 cum
1675 2672 1905 2727 maxime

316 2762 619 2820 incolumes
641 2769 818 2817 erant.
846 2760 1196 2816 Prmtermisit
1224 2761 1442 2817 Attilam
1477 2761 1644 2817 Rheni
1671 2762 1899 2828 hostem,

318 2855 731 2912 Thorismodum
758 2853 1002 2909 Rhodani
1033 2852 1320 2917 hospitem,
1346 2854 1561 2913 Aetium
1606 2857 1811 2927 Ligeris
1841 2859 1904 2914 li-

320 3033 329 3049 ”
388 3064 415 3095 ι
443 3053 763 3119 Tonantium
797 3050 1110 3106 Ferreolum
1132 3090 1146 3115 ,
1178 3049 1386 3122 Syagrii
1434 3054 1670 3109 consulis
1697 3071 1762 3111 ex
1799 3056 1905 3111 ﬁlia

2017 1938 2325 1995 rogatores:
2358 1926 2481 1994 quia
2511 1926 2678 1981 secuti
2709 1943 2831 1983 eum
2860 1930 3077 1997 epulum
3102 1930 3362 1987 festivitas
3394 1934 3605 2002 publica

2015 2019 2164 2085 facit,
2198 2023 2344 2089 prior
2370 2030 2453 2075 est
2501 2023 2553 2075 in
2577 2023 2745 2091 prima
2773 2038 2959 2078 mensa
2991 2024 3215 2078 conviva
3238 2068 3251 2091 ,
3307 2037 3607 2095 postremus

2016 2113 2067 2167 ei
2093 2114 2182 2182 qui
2214 2113 2415 2182 primus
2446 2111 2605 2167 fuerit
2636 2114 2687 2167 in
2717 2113 2981 2168 secunda:
3007 2115 3083 2169 sic
3110 2115 3311 2186 absque
3332 2118 3606 2175 coiiﬁieta-

2016 2206 2163 2261 tione
2220 2206 2563 2275 prcestantior
2614 2206 2909 2260 secundum
2966 2209 3229 2261 bonorum
3282 2213 3603 2266 sententiam

2014 2306 2353 2367 computatur
2377 2296 2640 2353 honorato
2663 2297 2915 2365 maxime,
2936 2298 3114 2353 minus
3133 2300 3434 2370 religiosus.
3454 2302 3601 2360 Vale.

2012 2390 2119 2445 Ora
2152 2404 2249 2459 pro
2277 2388 2453 2444 nobis.

2555 2479 2888 2536 EPISTULA
2933 2481 3067 2536 XIII.

2357 2572 2608 2628 Sidonius
2638 2572 2875 2641 Sulpicio
2904 2589 2997 2628 suo
3026 2574 3244 2629 salutem

2094 2666 2113 2706 ί
2145 2667 2413 2724 Himerius
2456 2667 2716 2735 antistes,
2750 2668 2889 2721 ﬁlius
2935 2676 3090 2733 tuus,
3132 2677 3288 2724 notus
3328 2670 3458 2725 mihi
3506 2671 3572 2726 ha

2013 2773 2203 2821 etenus
2230 2778 2416 2834 parum
2450 2762 2617 2831 vultu,
2646 2762 2774 2817 satis
2807 2762 3087 2831 Opinione,
3124 2778 3245 2831 qua:
3291 2764 3505 2833 quidem
3548 2767 3600 2822 is

2018 2860 2210 2916 bonam
2265 2864 2472 2911 partem
2524 2854 2925 2923 porrigebatur,
2976 2855 3293 2925 Lugdunum
3344 2873 3517 2928 nuper
3570 2872 3600 2913 a

2012 3064 2131 3135 est,
2157 3063 2217 3135 ut
2238 3053 2468 3135 Prosper
2508 3052 2561 3106 in
2601 3050 2880 3135 9hronim
2926 3051 3101 3135 docet,
3134 3052 3439 3135 Theodosio
3464 3058 3596 3127 Aug.

314 3135 600 3199 nepotem,
626 3122 941 3199 praefectum
972 3121 1230 3199 praetorio
1258 3121 1548 3199 Galliarum
1590 3127 1754 3199 fuisse
1776 3171 1789 3195 ,
1825 3130 1903 3183 in-
1931 3127 1980 3195 ο
2011 3142 2047 3199 ιι
2086 3121 2139 3180 et
2175 3121 2554 3199 Valentiniano
2598 3122 3091 3199 Ctes.__consulibus
3118 3166 3153 3199 ,Δ
3185 3124 3287 3179 hoc
3331 3135 3415 3180 est
3463 3121 3602 3181 anno

318 3193 484 3267 telligi
512 3193 665 3250 licuit
693 3195 947 3267 eerpist.
976 3196 1030 3261 7,
1063 3193 1159 3248 lib.
1191 3208 1226 3246 t.
1264 3195 1339 3248 Ex
1372 3194 1472 3249 hac
1499 3212 1627 3251 vero
1647 3193 1903 3253 docemur

318 3282 386 3326 eo
416 3263 730 3337 magistratu
755 3263 993 3337 functum
1022 3278 1143 3319 esse
1167 3272 1286 3337 post
1316 3281 1514 3320 annum
1545 3268 1743 3323 Christi
1769 3269 1897 3337 450,

316 3335 706 3411 fortasscpost
740 3335 940 3411 Sidonii
972 3344 1195 3402 patrem.
1237 3336 1296 3389 In
1325 3336 1439 3391 lucc
1469 3340 1624 3411 enim
1660 3335 1900 3411 tempora

314 3426 403 3468 res
441 3406 623 3464 Attilae
668 3406 1001 3470 inciderunt,
1054 3420 1285 3477 quocum
1326 3422 1425 3477 pro
1467 3409 1723 3465 Romanis
1775 3406 1903 3466 con-

314 3484 505 3540 lixere
538 3480 743 3543 Aetius,
773 3492 931 3548 quem
960 3476 1030 3531 ob
1072 3476 1638 3536 liberatos’obsidione
1659 3482 1904 3538 Aurelia-

316 3568 415 3610 nos
457 3552 662 3619 Ligeris
695 3550 1039 3603 liberatorem
1084 3558 1257 3619 vocat,
1291 3558 1344 3603 et
1374 3549 1761 3608 Thorismodus
1794 3554 1901 3608 Go-

312 3625 462 3690 thus,
491 3618 810 3676 Theuderici
841 3620 982 3690 regis
1006 3618 1199 3690 iniacie
1229 3621 1354 3675 crcsi
1388 3621 1546 3676 ﬁlius.

385 3693 414 3734 ι»
447 3689 649 3748 Afranii
690 3689 1313 3762 Syagriiprazfecturam
1350 3704 1747 3749 commemorat
1779 3696 1905 3750 Am-

315 3764 609 3823 brosiusin
645 3758 876 3834 concilio
903 3758 1253 3830 Aquileiensi.
1287 3762 1362 3834 De
1391 3764 1615 3834 Syagrio
1645 3768 1787 3819 enim
1816 3782 1905 3822 ac-

316 3837 423 3905 cipi
448 3835 645 3889 debent
675 3835 761 3887 illa
793 3831 909 3900 ejus
934 3835 1099 3885 verba
1117 3831 1484 3905 derepiseopis
1508 3831 1900 3892 Orientalibus:

317 3902 549 3977 Denique
593 3906 755 3977 etiam,
787 3904 1057 3977 prtefectus
1101 3902 1274 3957 [mlite
1300 3902 1517 3977 litteras
1564 3906 1739 3977 dedit,
1775 3918 1830 3960 ut
1860 3910 1903 3961 si

316 3975 503 4035 vellent
546 3976 845 4038 convenire,
890 3976 943 4029 in
994 3984 1238 4044 potestate
1285 3975 1546 4030 haberent.
1588 3976 1825 4031 Meminit
1853 3988 1905 4033 et

314 4050 633 4106 Ammianus
674 4046 1011 4100 Marcellinus
1050 4044 1143 4101 lib.
1178 4061 1365 4101 χχι-ιιι.
1399 4051 1471 4102 At
1508 4047 1760 4102 Sidonius
1806 4052 1921 4102 tri--

314 4122 511 4192 plicem
536 4127 711 4192 vocat,
738 4118 866 4192 quia
884 4115 1225 4192 tribusgannis
1249 4132 1367 4192 eain
1395 4117 1745 4192 commutavit,
1764 4135 1904 4174 anno

317 4177 565 4247 'videlicet
593 4177 719 4251 580',
749 4177 809 4242 ut
838 4188 1031 4241 docent
1054 4188 1198 4257 leges
1222 4177 1425 4242 codicis
1454 4177 1808 4243 Theodosiaoi
1839 4192 1900 4244 ad

316 4262 600 4333 Syagrium
631 4261 691 4333 [ᾗ
712 4260 773 4313 P.
804 4258 968 4333 Italite
994 4258 1089 4333 lib:
1110 4274 1205 4333 vn,
1229 4260 1339 4333 18;_
1357 4269 1408 4313 et
1438 4260 1537 4333 lib.
1560 4276 1635 4333 si,
1664 4259 1751 4315 50.
1769 4261 1901 4315 Tum

316 4328 457 4389 anno
485 4332 611 4397 581,
645 4332 737 4385 lib.
769 4346 879 4397 νιιι,
913 4331 1033 4401 5ίθι
1062 4330 1115 4384 7.
1143 4328 1299 4401 Anno
1326 4329 1451 4383 item
1478 4332 1603 4393 582,
1635 4346 1741 4401 quo
1762 4348 1904 4387 anno

317 4404 505 4460 consul
549 4404 709 4456 etiam
764 4401 885 4466 fuit,
923 4400 1014 4455 lib.
1062 4417 1136 4467 χι,
1177 4400 1277 4465 16;
1332 4412 1386 4455 et
1417 4402 1508 4456 lib.
1542 4400 1735 4463 $11.1.
1768 4406 1904 4458 Ante

316 4476 693 4546 priplecturam
729 4487 856 4546 vero
882 4512 896 4537 ,
940 4471 1191 4546 magister
1223 4472 1523 4546 ofﬁciorum
1563 4470 1740 4546 fuerat
1763 4489 1904 4529 anno

318 4543 449 4602 372.
484 4545 564 4599 Ad
591 4544 871 4613 Syagrium
900 4543 1147 4613 eumdem
1180 4543 1487 4611 complures
1516 4555 1638 4597 sunt
1661 4545 1905 4613 epistola:

318 4612 752 4687 Symmachiilib.
786 4630 839 4667 ιε
874 4612 1098 4687 Ausonii
1133 4628 1345 4683 quoque
1373 4618 1700 4687 epigramma
1726 4619 1905 4685 operis

320 4684 479 4743 initio
507 4686 800 4754 przelixum,
819 4684 965 4754 quod
988 4698 1251 4756 summam
1282 4684 1556 4756 utriusque
1585 4684 1903 4741 benevolen-

320 4759 451 4814 tiam
480 4766 534 4811 et
568 4757 1012 4811 necessitudinem
1044 4754 1302 4809 declarat.

393 4839 416 4867 ο
449 4828 884 4893 Thorismodum,
911 4828 999 4898 qui
1038 4840 1261 4898 regnum
1291 4827 1796 4898 adeptusgllomanis
1827 4830 1907 4883 in-

320 4900 506 4957 festior
542 4913 663 4953 esse
698 4899 859 4968 empit
893 4896 1126 4967 :‘eaque
1154 4896 1221 4951 de
1250 4912 1411 4951 causa
1442 4913 1470 4951 a
1513 4897 1765 4953 fratribus
1796 4902 1907 4954 suis

324 4974 638 5043 quigpacem
669 4970 955 5043 optabant,
1008 4976 1231 5043 necatus
1280 4979 1386 5023 est.
1434 4970 1907 5043 l’rosperrauctior

321 5037 375 5097 in
415 5038 684 5095 Chronico
709 5037 977 5095 ’Oetuose
1026 5037 1088 5091 V.
1133 5038 1195 5092 C.
1238 5052 1488 5093 cossues.
1530 5037 1682 5106 Apud
1714 5039 1906 5094 Gothos

319 5114 459 5167 intra
494 5110 697 5165 Gallias
722 5113 1088 5175 consistentes,
1115 5110 1250 5163 inter
1292 5110 1427 5179 ﬁlios
1452 5108 1707 5163 Theodori
1752 5113 1903 5182 regis,

319 5199 539 5252 quorum
581 5182 943 5236 Tlterismodus
975 5182 1228 5234 maximus
1259 5190 1382 5234 natu
1412 5182 1545 5249 patri
1575 5194 1905 5245 successerat,

321 5266 433 5309 orta
460 5255 707 5309 dissensio
736 5262 809 5306 est
834 5270 849 5316 ;
876 5262 920 5306 et
953 5268 1071 5306 cum
1096 5267 1185 5306 rea:
1213 5269 1271 5306 ea
1298 5252 1562 5306 moliretur
1582 5268 1694 5321 qua:
1725 5264 1769 5306 et
1804 5253 1909 5307 Ilo-

320 5340 487 5379 Itana:
516 5325 628 5390 paci
657 5336 703 5378 et
723 5321 955 5377 Gothica:
982 5324 1372 5377 adversarentur
1399 5325 1575 5393 quieti,
1599 5340 1628 5375 a
1654 5324 1907 5393 germanis

320 5412 448 5463 suis,
488 5397 627 5465 quod
657 5395 826 5449 noxiis
856 5396 1276 5463 dispositionibus
1316 5395 1709 5448 irrevocabiliter
1746 5397 1907 5449 insta-

319 5478 426 5533 nt,
466 5464 663 5521 occisus
696 5476 789 5521 est.
822 5465 1163 5521 'l‘horismodi
1189 5464 1392 5521 caedem
1428 5467 1517 5521 alii
1544 5482 1758 5537 quoque
1784 5482 1909 5521 nar-

322 5548 463 5603 rant,
487 5539 649 5592 caedis
671 5552 887 5592 causam
923 5538 1009 5592 hic
1037 5552 1173 5591 unus
1203 5537 1456 5605 prodidit.

395 5606 422 5645 ἀ
456 5610 826 5663 Arelatensem
873 5607 1058 5679 urbem
1107 5606 1287 5672 Gothi,
1324 5606 1633 5679 priusquam
1677 5624 1740 5663 ea
1773 5610 1910 5678 poli-

323 5690 531 5737 rcntur.
594 5695 699 5735 non
753 5679 919 5733 semel
968 5677 1161 5749 frustra
1205 5677 1506 5749 tentarunt;
1551 5681 1680 5733 Nam
1736 5677 1908 5749 tripli-

321 5760 442 5821 ἔξω
473 5750 586 5821 ⁷8
612 5752 929 5806 observasse
973 5748 1159 5802 videor
1202 5748 1565 5821 obsidionem.
1610 5748 1844 5804 Primam
1878 5764 1907 5803 a

322 5815 667 5891 summa
716 5835 910 5891 magno
946 5832 1094 5889 rege,
1123 5820 1212 5887 qui
1251 5818 1391 5875 Aetii
1425 5822 1621 5876 virtute
1664 5824 1909 5891 repulsus

2011 3198 2206 3251 Christi
2238 3195 2367 3259 4:25,
2398 3194 2566 3267 multo
2593 3192 2987 3267 antelj‘erreoli
3018 3194 3390 3262 praefecturam
3418 3215 3431 3249 :
3479 3214 3601 3267 pro-

2012 3268 2134 3323 inde
2159 3267 2223 3320 ad
2255 3267 2393 3320 hunc
2422 3266 2595 3319 locum
2628 3263 2838 3319 obsidio
2872 3264 2962 3319 illa
2992 3280 3097 3319 non
3124 3268 3370 3334 pertinet.
3410 3263 3589 3323 Altera

2012 3339 2110 3393 fuit
2141 3337 2507 3410 Thorismodi,
2530 3336 2685 3410 c_ujus
2710 3336 2796 3410 hic
2825 3336 3069 3410 meminit
3090 3336 3364 3403 Sidonius,
3394 3339 3603 3410 depulsi

2011 3409 2233 3478 periculi
2279 3408 2491 3463 laudem
2539 3406 2797 3479 Ferreolo
2842 3407 3129 3462 tribuens:
3172 3422 3329 3478 quem
3364 3411 3437 3461 ait
3467 3406 3602 3479 plus

2011 3477 2219 3535 hostem
2243 3477 2601 3534 demulcemlo
2621 3478 2877 3546 potuisse,
2894 3493 3052 3546 quam
3074 3480 3236 3532 armis
3267 3477 3602 3548 prmstiturns

2010 3561 2124 3606 erat
2152 3552 2360 3617 Aetius,
2386 3552 2429 3603 si
2459 3548 2733 3603 adfuisset.
2764 3548 2852 3604 Sic
2874 3551 3013 3603 enim
3046 3548 3110 3602 ad
3142 3552 3478 3619 superiorem
3512 3553 3604 3605 ob-

2009 3621 2275 3677 sidionem
2349 3620 2551 3674 alludit.
2617 3620 2851 3673 Tertiam
2905 3631 3295 3675 commemorat
3351 3621 3603 3678 Paulinus

2011 3693 2104 3747 lib.
2132 3709 2181 3747 vr
2202 3694 2270 3747 de
2294 3692 2409 3746 Vita
2436 3691 2491 3745 S.
2518 3690 2748 3753 Martini,
2770 3705 2995 3745 narrans
3022 3691 3292 3760 rEgidinm
3326 3695 3600 3762 comitem,

2009 3764 2075 3817 ab
2125 3765 2305 3817 hostili
2356 3764 2593 3816 exercitu
2643 3762 2926 3829 vallatum,
2972 3762 3104 3833 facta
3166 3764 3471 3833 eruptione,
3508 3765 3602 3819 bo-

2009 3843 2145 3888 stem
2190 3834 2439 3903 fugasse,
2503 3846 2607 3886 non
2669 3832 2783 3885 sine
2837 3832 3046 3885 caelesti
3095 3848 3194 3901 ope
3253 3834 3308 3887 S.
3365 3832 3600 3889 Martini.

2009 3905 2283 3958 Arelatem
2314 3906 2414 3957 etsi
2460 3918 2567 3955 non
2618 3903 2881 3966 nominat,
2914 3910 3099 3969 aperte
3133 3912 3309 3956 tamen
3350 3904 3601 3974 designat

2012 3975 2092 4030 bis
2120 3974 2298 4029 verbis
2325 3992 2338 4028 :
2687 4020 2695 4026 .

2130 4065 2270 4113 Haud
2292 4064 2386 4112 alio
2412 4064 2705 4124 penitusque
2730 4062 2832 4124 ipso
2854 4073 3020 4110 rerum
3045 4062 3379 4124 ordinevcnit

2133 4126 2358 4184 Nuntius,
2381 4123 2509 4175 illam
2532 4125 2701 4173 urbem
2729 4123 2859 4173 tanta
2882 4124 3141 4171 obsidione
3170 4123 3393 4184 solutam,

2134 4189 2447 4249 Praecipitem
2474 4185 2756 4235 Rhodanum
2778 4186 2915 4233 molli
2935 4197 3045 4246 quae
3072 4192 3218 4245 ponte
3244 4188 3463 4250 subegi,

2132 4251 2189 4299 Et
2209 4252 2372 4312 junxit
2394 4250 2617 4311 geminas
2650 4254 2874 4295 conuexo
2895 4250 3091 4295 tramite
3115 4250 3259 4308 ripas.

2011 4334 2157 4389 Hanc
2190 4350 2350 4404 porro
2388 4334 2453 4387 ad
2481 4331 3323 4404 Theodorieijunioristempora
3356 4333 3597 4404 referen-

2010 4406 2129 4459 dam
2164 4402 2308 4476 puto,
2343 4413 2473 4476 post
2520 4410 2747 4457 mortem
2793 4402 2966 4476 Aviti,
3002 4402 3308 4476 priusquam
3352 4403 3442 4458 ille
3479 4418 3601 4476 cum

2012 4471 2300 4543 Majoriano
2334 4475 2507 4529 laetius
2552 4483 2852 4528 renovaret.
2900 4474 3027 4525 Nam
3070 4471 3309 4541 A'Igidius
3351 4471 3604 4542 magister

2012 4548 2216 4602 militiae
2250 4558 2377 4600 tunc
2406 4556 2521 4601 erat
2546 4590 2558 4610 ,
2593 4546 2656 4598 ad
2704 4546 2878 4598 Eurici
2911 4558 3037 4597 vero
3072 4553 3311 4611 tempora
3342 4560 3448 4599 non
3486 4560 3603 4614 per.

2012 4620 2187 4683 venit,
2215 4633 2244 4671 a
2275 4633 2384 4687 quo
2431 4620 2643 4670 tandem
2690 4626 3000 4687 occupatam
3037 4630 3159 4687 cum
3207 4615 3436 4669 Massilia
3468 4622 3604 4672 Are-

2014 4690 2173 4744 latem
2207 4685 2447 4743 scribunt
2474 4688 2707 4741 Isidorus
2732 4696 2784 4739 et
2813 4685 3131 4739 Jornandcs.

2088 4770 2111 4797 ο
2146 4760 2260 4813 Νοιι
2310 4759 2448 4828 quod
2502 4756 2737 4829 pootifex
2782 4756 3095 4829 jam_fac_tus
3132 4766 3272 4829 esset
3302 4756 3603 4829 Ferreolus,

2014 4832 2105 4885 sed
2144 4832 2265 4900 quia
2319 4826 2585 4899 episcopis
2630 4828 2776 4881 illum
2826 4827 3079 4900 Sidonius
3124 4826 3472 4891 admiscebat,
3515 4826 3604 4899 qui

2013 4899 2295 4970 epistulam
2336 4901 2399 4953 ad
2442 4900 2617 4966 ipsum
2651 4901 2866 4970 missam
2900 4899 2963 4952 iis
2999 4899 3293 4970 insereret,
3334 4914 3454 4967 qua:
3493 4909 3604 4954 toto

2014 4968 2115 5041 hoc
2145 4973 2279 5025 libro
2304 4971 2367 5023 ad
2400 4970 2685 5041 episcopos
2710 4968 2921 5041 scriptm
2951 4978 3091 5023 sunt.
3119 4968 3412 5041 Episcogus
3446 4979 3597 5024 certe

2013 5033 2374 5107 Arelatensis,
2420 5033 2557 5111 quoi
2590 5033 2719 5093 'viro
2762 5033 2919 5094 docto
2956 5041 3124 5111 visum
3165 5033 3275 5107 est,
3313 5033 3601 5095 Ferreolus

2014 5126 2133 5169 esse
2180 5128 2283 5168 non
2316 5109 2507 5180 potu—it,
2551 5118 2672 5165 cum
2707 5111 2949 5173 Leontio,
2979 5111 3067 5179 qui
3099 5109 3202 5180 hoc
3246 5121 3485 5180 tempore
3524 5126 3606 5167 se-

2013 5186 2196 5249 debat,
2229 5178 2545 5238 successerit
2574 5184 2626 5237 in
2667 5195 2729 5237 ea
2760 5178 3013 5236 cathedra
3044 5178 3293 5248 ASonius,
3324 5178 3379 5237 et
3407 5181 3606 5238 [Ennio

2014 5255 2297 5311 Caesarius.

2090 5325 2109 5364 ί
2143 5326 2361 5395 Sulpicii
2404 5324 2467 5379 ad
2496 5341 2651 5395 quem
2687 5324 2883 5395 scripta
2914 5332 2996 5378 est
3035 5323 3261 5394 epistola
3283 5364 3299 5392 ,
3332 5323 3470 5380 ﬁlius
3511 5323 3603 5377 lli-

2015 5398 2166 5453 mcrii
2220 5410 2404 5466 nepos.
2450 5400 2487 5450 A
2537 5396 2595 5451 S.
2660 5396 2807 5465 Lupo
2863 5396 3161 5450 institutum
3202 5405 3255 5450 et
3301 5404 3601 5465 promotum

2014 5478 2224 5524 constat
2251 5487 2261 5521 :
2294 5468 2448 5535 enjns
2488 5478 2667 5521 autem
2702 5468 2801 5523 loci
2846 5467 3070 5522 antistes
3100 5466 3289 5531 fuerit,
3319 5467 3601 5535 incertum.

2014 5540 2145 5595 Nam
2175 5540 2313 5609 quod
2360 5534 2500 5594 hunc
2528 5539 2775 5593 eumdem
2806 5538 3045 5593 nonnulli
3090 5538 3289 5609 faciunt
3328 5552 3448 5590 cum
3493 5534 3597 5590 Ca—

2015 5606 2243 5665 meliatio
2282 5611 2336 5664 S.
2367 5610 2499 5679 [λιιιιί
2528 5624 2862 5676 successore,
2897 5608 3114 5678 probari
3159 5606 3311 5679 nobis
3350 5621 3454 5661 non
3504 5622 3601 5679 po-

2016 5690 2153 5746 test,
2202 5691 2254 5736 et
2318 5676 2497 5735 multis
2553 5680 2725 5735 modis
2772 5676 3053 5735 refellitur.
3107 5676 3367 5730 Abbatem
3422 5677 3601 5744 potius

2014 5753 2177 5807 fuisse
2214 5752 2457 5821 suspicor
2486 5767 2642 5822 quam
2678 5752 3009 5822 episcopum.
3041 5748 3323 5822 Antitistes
3348 5751 3493 5822 enim
3523 5750 3603 5822 Sy

2013 5824 2175 5880 dooio
2200 5818 2361 5879 etiam
2387 5818 2609 5879 abbates
2635 5818 2908 5888 dicuntur,
2939 5827 2999 5876 ut
3025 5818 3298 5875 Abraham
3328 5819 3488 5892 epist.
3518 5818 3604 5876 l7.

1870 5946 1889 5951 .7
1908 5941 2022 5957 ω-.
