4072 6348
514 365 617 427 585

1788 349 2027 412 smouu
2063 320 2515 409 APOLLINARIS

3689 343 3801 399 584

513 478 855 538 Tricassibus
887 473 1069 532 venit:
1101 484 1209 542 quo
1239 469 1341 524 loci
1371 466 1506 525 mihi
1547 466 1740 536 raptim
1772 480 1834 519 ac
1871 464 2106 519 breviter
2134 466 2189 526 Α
2214 460 2482 514 duntaxat
2545 457 2907 513 institutorum
2977 461 3159 509 tantus
3213 452 3486 537 colligitur
3546 452 3800 521 affectus,

512 578 809 646 inspectus,
844 558 1088 647 Sanctum
1119 565 1428 637 episcopum
1473 563 1677 632 Lupum
1700 601 1715 625 ,
1749 558 1905 614 facile
1945 558 2099 627 prin-

512 674 683 739 cipem
716 665 1027 737 pontificum
1057 660 1492 723 Gallicanorum,
1524 672 1635 711 suae
1670 667 1774 709 tam
1809 652 2103 723 professio-

514 762 597 813 nis
645 759 958 828 magistrum
1006 768 1164 824 quam
1215 751 1487 822 dignitatis
1534 758 1841 809 auctorem,
1893 758 2099 799 morum

511 852 666 908 nobis
698 848 992 902 imitatione
1018 846 1271 901 restituit.
1302 845 1444 898 Deus
1476 842 1646 896 bone!
1682 855 1800 909 qua:
1831 837 1949 891 viro
1977 851 2103 890 cen-

509 961 634 1001 sura
678 959 798 998 cnm
836 950 1144 1006 venustate,
1193 941 1236 994 si
1275 938 1399 1009 quid
1442 939 1598 1008 201
1632 935 1897 989 deliberet
1939 932 2097 995 forte,

512 1039 593 1092 vel
641 1036 897 1091 suadeat?
940 1034 1191 1088 Abundat
1239 1031 1403 1085 animi
1445 1032 1559 1084 sale
1607 1044 1725 1082 cum
1770 1026 2097 1088 cnzzsulilttt‘,

423 1155 426 1160 -
511 1108 668 1183 melle
700 1144 820 1182 cum
854 1126 1104 1193 consulit.
1131 1125 1350 1179 Summa
1387 1121 1591 1176 homini
1630 1136 1757 1175 cura
1785 1119 1851 1172 de
1885 1117 2097 1181 litteris,

2205 561 2439 622 quantus
2467 564 2567 605 nec
2599 558 2976 619 prazsentanea
2998 546 3285 603 sedulitate
3310 535 3615 602 coniicitur.
3641 547 3803 617 Igitur

2203 642 2248 696 si
2295 643 2365 696 ita
2397 650 2510 708 est,
2552 641 2813 696 desistant
2842 638 3161 694 calumniari
3200 639 3504 694 communis
3545 639 3801 695 absentiae

2205 736 2620 802 necessitatem,
2672 734 2832 805 203
2884 733 3130 788 vultuum
3182 747 3340 803 mage
3384 748 3543 803 quam
3592 748 3821 809 morum.

2206 826 2607 895 praedicatores.
2646 826 2907 894 Equidem
2935 827 2977 880 si
3012 826 3240 879 humana
3274 826 3575 881 substantia
3603 816 3824 929 rectius;

2206 919 2350 973 mole
2380 935 2537 987 quam
2582 929 2762 973 mente
2796 918 3076 993 censenda
3120 928 3239 986 est,
3284 918 3574 989 plurimum
3617 918 3823 995 ignoro"

2207 1010 2335 1079 quid
2387 1010 2680 1063 secundum
2732 1011 3156 1078 corpulentiam,
3204 1026 3301 1080 per
3343 1012 3513 1081 spatia
3560 1006 3823 1082 duantvis‘

2212 1118 2481 1175 porrecta,
2537 1108 2777 1175 finalem,
2812 1108 2862 1161 in
2915 1108 3132 1162 homine
3181 1109 3472 1173 miremur,
3516 1124 3622 1177 quo
3670 1108 3802 1164 nihil

2208 1216 2362 1267 aeque
2392 1202 2647 1255 miserum
2675 1201 3098 1270 destitutumque
3127 1200 3383 1256 nascendi
3413 1201 3652 1256 conditio
3679 1216 3801 1272 pro-
3826 1194 3832 1203 ’

512 1221 605 1275 sed
633 1220 865 1275 maxime
897 1216 1182 1287 religiosis,
1213 1217 1266 1270 in
1299 1216 1491 1285 quibus
1519 1228 1639 1268 eum
1672 1214 1841 1283 magis
1874 1220 2102 1281 occupat

2204 1295 2398 1350 duxit:
2440 1296 2637 1367 quippe
2676 1311 2796 1350 cum
2849 1296 3082 1365 prmbcat
3133 1304 3387 1365 tanquam
3432 1294 3503 1349 ab
3548 1280 3833 1365 adverso,L

511 1313 743 1371 medulla
800 1326 1093 1375 sensuum,
1148 1323 1309 1377 quam
1355 1323 1543 1376 Spuma
1598 1306 1909 1361 verborum.
1968 1304 2099 1357 Tota

510 1407 588 1463 illi
620 1407 887 1460 actionum
912 1417 1128 1458 suarum
1156 1400 1404 1467 intentio,
1438 1396 1709 1463 celeritas,
1743 1411 1913 1461 mora,
1944 1393 2099 1449 Chri-

510 1508 627 1554 stus
666 1508 778 1564 est;
818 1497 1069 1567 quodque
1100 1494 1297 1549 mirere
1329 1492 1415 1547 vel
1459 1491 1666 1557 laudes,
1701 1490 1830 1544 nihil
1871 1490 2099 1544 otiosum

510 1590 671 1659 facit,
713 1604 833 1643 cunt
879 1587 1011 1642 nihil
1049 1586 1205 1639 faciat
1247 1599 1354 1638 non
1392 1584 1653 1653 quietum.
1686 1580 1911 1651 Jejuniis
1952 1578 2103 1633 dele-

509 1689 717 1744 ctatur,
765 1678 1012 1733 edulibus
1061 1677 1393 1747 acquiescit;
1426 1675 1531 1729 illis
1578 1674 1819 1728 adhaeret
1881 1682 2101 1741 propter

511 1774 959 1829 consuetudinem
988 1773 1183 1835 crucis,
1213 1771 1329 1824 istis
1358 1769 1594 1824 flectitur
1625 1776 1844 1837 propter
1870 1765 2097 1835 gratiam

509 1866 770 1921 caritatis.
839 1866 1061 1920 Summo
1128 1872 1413 1931 utrumque
1483 1860 1913 1915 moderamine:

512 1957 840 2028 comprimit,
870 1957 1082 2026 quoties
1112 1954 1378 2025 prandere
1405 1954 1611 2020 statuit,
1645 1951 1855 2021 gulam;
1888 1949 2099 2019 quoties

516 2048 821 2113 abstinere,
874 2048 1204 2117 jactantiam.
1248 2044 1433 2098 Officia
1482 2040 1800 2110 multiplicat
1852 2039 2098 2109 propria,

510 2140 643 2196 vitat
688 2141 899 2195 aliena:
934 2152 1166 2207 cumque
1206 2136 1305 2205 ipsi
1343 2135 1579 2189 vicissim
1630 2132 1814 2187 deceat
1855 2131 2097 2200 occurri,

509 2233 713 2303 gratius
745 2232 935 2298 habet,
963 2231 1007 2285 si
1038 2229 1140 2283 sibi
1183 2238 1401 2282 mutuus
1433 2226 1606 2281 honor
1640 2225 1899 2280 debeatur
1926 2238 2096 2292 mage,

508 2339 671 2395 quam
713 2324 1061 2395 rependatur.
1110 2323 1163 2376 lu
1213 2323 1495 2386 convivio,
1546 2322 1768 2386 itinere,
1811 2334 2097 2386 consessu,

509 2417 853 2473 Inferioribus
902 2416 1085 2480 cedit;
1138 2429 1244 2483 quo
1299 2416 1355 2468 fit
1400 2424 1456 2467 ut
1502 2428 1560 2468 sc
1601 2412 1678 2465 illi
1728 2412 2103 2481 voluptuosius

511 2509 669 2563 turba
730 2517 1017 2577 postponat
1072 2507 1430 2575 superiorum.
1488 2504 1807 2559 Sermonem
1869 2506 2103 2558 maximo

511 2605 940 2668 temperamento
987 2613 1109 2652 cum
1152 2598 1494 2667 colloquente
1540 2597 1853 2667 dispensat;
1900 2596 1954 2651 in
1998 2613 2104 2667 quo

513 2705 622 2746 non
669 2691 867 2760 patitur
905 2690 1100 2758 ullam,
1142 2698 1233 2744 aut
1269 2680 1643 2744 verecundiam
1696 2700 1973 2757 externus,
2015 2698 2107 2743 aut

509 2782 793 2839 familiaris
825 2780 1105 2851 injuriam,
1136 2790 1227 2835 aut
1268 2780 1521 2835 credulus
1568 2781 1819 2835 invidiam
1842 2819 1857 2845 ,
1892 2790 1983 2834 aut
2012 2795 2104 2834 eu-

511 2864 691 2931 riosus
736 2874 1051 2945 repulsam,
1102 2883 1193 2927 aut
1243 2873 1571 2943 suspiciosus
1624 2873 1966 2943 nequitiam:
2015 2880 2104 2927 aut

514 2968 722 3038 peritus
771 2967 1128 3039 calumniam,
1172 2975 1265 3020 aut
1301 2967 1578 3036 imperitus
1624 2966 1917 3021 infamiam.
1965 2966 2108 3022 Sint-

512 3062 809 3134 plicitatem
840 3061 1104 3118 columba:
1148 3062 1201 3116 in
1234 3060 1465 3116 ecclesia
1497 3071 1707 3125 servat,
1740 3061 1792 3114 in
1834 3060 1951 3115 foro
1990 3075 2108 3115 ser-

513 3158 692 3227 pentis
722 3157 1003 3221 astutiam;
1037 3155 1190 3232 bonis
1221 3155 1489 3225 prudens,
1531 3154 1683 3208 malis
1715 3164 1938 3221 cautus,
1975 3169 2108 3209 ncu-

2205 1388 2325 1443 bovi
2366 1390 2525 1457 pilus,
2561 1403 2692 1459 apro
2719 1398 2853 1455 seta,
2886 1387 3089 1443 volucri
3131 1388 3312 1457 pluma
3356 1388 3651 1443 vestitum:
3683 1389 3802 1458 qui-

2202 1481 2306 1537 bus
2357 1483 2608 1552 insnper,
2663 1490 2719 1534 ut
2773 1482 2877 1535 vim
2928 1480 3014 1536 vel
3062 1480 3329 1547 inferant,
3370 1482 3456 1535 vel
3504 1480 3797 1551 repellant,

2202 1590 2370 1631 cornu
2393 1618 2407 1643 ,
2449 1577 2603 1640 dens,
2652 1575 2864 1646 unguis,
2896 1590 3043 1628 arma
3092 1576 3325 1645 genuina
3363 1582 3529 1629 sunt:
3562 1574 3799 1631 membra

2213 1684 2341 1724 vero
2379 1680 2557 1723 nostra
2602 1671 2652 1723 in
2704 1670 2844 1723 hunc
2891 1668 3145 1723 mundum
3187 1670 3302 1723 sola
3346 1683 3571 1724 censeas
3600 1670 3796 1739 ejecta,

2204 1777 2311 1817 non
2334 1761 2474 1816 edita
2502 1780 2515 1817 :
2547 1776 2777 1832 cumque
2805 1760 3088 1831 gignendis
3108 1761 3328 1816 artubus
3357 1761 3673 1816 animalium
3700 1777 3800 1817 ca:-

1974 1857 2099 1926 quia
2135 1855 2182 1915 B
2210 1864 2446 1910 ferorum
2494 1855 2785 1909 multifario
2823 1864 3012 1909 natura
3061 1855 3331 1924 praesidio,
3363 1855 3518 1926 quasi
3558 1856 3800 1925 quaedam

2204 1947 2325 2002 sinu
2367 1956 2581 2017 patente
2629 1956 2801 2001 mater
2838 1956 3123 2004 occurrat:
3164 1947 3397 2001 humana
3438 1955 3649 2001 tantum
3672 1962 3800 2017 ,θοι-

2205 2055 2336 2109 pora
2377 2039 2597 2107 effudit,
2623 2054 2853 2109 quorum
2886 2040 3239 2095 imbecillitati
3269 2038 3675 2117 quodammodo
3704 2056 3798 2094 no-

2205 2146 2534 2189 vercaretur.
2565 2133 2696 2187 Nam
2741 2132 2904 2200 illud,
2947 2133 3105 2188 sicuti
3153 2146 3254 2203 ego
3300 2131 3645 2201 censeo,'qui
3688 2132 3828 2187 ani-.

2207 2243 2353 2281 mum
2377 2237 2525 2281 tuum
2552 2227 2810 2282 membris
2830 2226 2970 2281 duco
2996 2224 3284 2296 petiorem,
3309 2241 3413 2281 non
3440 2226 3602 2282 habet
3627 2242 3803 2297 aequa-

2205 2320 2441 2387 litatem,
2474 2322 2613 2390 quod
2661 2332 2857 2377 statum
2907 2330 3149 2376 nostrum
3196 2336 3356 2391 supra
3410 2321 3648 2391 pecudes
3687 2320 3797 2376 veri
3864 2302 3877 2312 ’

2206 2413 2431 2484 falsique
2482 2414 2729 2484 nescias,
2780 2416 3121 2470 ratiocinatio
3171 2415 3364 2487 anima:
3422 2415 3799 2471 intellectualis

2214 2509 2435 2564 evexit:
2472 2510 2623 2579 cujus
2663 2510 2708 2564 si
2760 2511 3019 2581 tantisper
3068 2508 3445 2565 summoveant
3488 2509 3800 2580 dignitatem

2208 2600 2326 2670 isti,
2368 2602 2458 2671 qui
2500 2603 2702 2657 amicos
2750 2602 3134 2657 ludificabundi
3171 2618 3279 2657 non
3312 2611 3417 2656 tam
3445 2599 3797 2672 iudicialiter,

2207 2705 2365 2760 quam
2407 2695 2698 2748 oculariter
2725 2694 3032 2759 intuentur;
3062 2693 3276 2763 dicant,
3309 2686 3506 2757 velim,
3536 2692 3590 2746 in
3631 2692 3803 2747 homi.

2208 2786 2292 2842 nis
2323 2787 2493 2841 forma
2524 2787 2650 2857 quid
2696 2789 2825 2843 satis
2869 2796 3149 2859 praestans,
3196 2787 3321 2858 quid
3362 2785 3654 2857 spectabile
3699 2801 3800 2856 pu-

2210 2889 2343 2935 tent.
2370 2878 2863 2937 Proceritatemne?
2887 2882 3037 2950 quasi
3068 2897 3171 2935 non
3197 2882 3311 2934 haec
3336 2894 3479 2949 saepe
3503 2893 3802 2948 congruen-

2210 2974 2315 3027 tius
2337 2973 2578 3028 trabibus
2601 2983 2933 3043 aptetur;.an
2963 2972 3363 3051 fortitudinem?
3398 2988 3518 3044 qua:
3541 2974 3803 3028 valentior

2211 3067 2266 3121 in
2310 3067 2537 3122 leoninae
2564 3069 2791 3123 cervicis
2831 3068 2964 3123 toris
2993 3076 3212 3137 regnat;
3254 3083 3321 3122 an
3351 3067 3601 3122 decorem
3633 3066 3803 3121 linea-

2213 3162 2557 3214 mentorum?
2596 3176 2753 3230 quem
2799 3160 2993 3215 crebro
3033 3160 3221 3215 melius
3267 3159 3469 3228 infigit,
3513 3168 3568 3213 et
3611 3158 3802 3229 argilla

514 3250 616 3305 tris
653 3249 880 3306 callidus
914 3248 1206 3318 judicatur.
1243 3247 1382 3314 Quid
1421 3247 1611 3317 plura?
1642 3246 1834 3301 Totum
1868 3255 1921 3300 te
1951 3247 2105 3307 nobis
2134 3238 2182 3303 C
2213 3255 2545 3322 simulacris,
2587 3265 2644 3311 et
2690 3271 2810 3312 cera
2855 3256 3105 3327 picturis;
3146 3271 3213 3310 an
3262 3256 3641 3311 velocitatem?
3681 3269 3803 3323 qua:

513 3340 605 3395 ille
636 3341 747 3410 jam
790 3339 1061 3395 reddidit:
1105 3348 1271 3393 totam
1310 3350 1453 3392 tuam
1502 3339 1942 3406 temperantiam,
1981 3337 2109 3391 reli-

513 3432 761 3502 gionem,
791 3430 1096 3485 libertatem
1115 3469 1131 3495 ,
1160 3428 1541 3484 verecundiam
1563 3470 1579 3495 ,
1612 3437 1667 3483 et
1692 3428 1834 3483 illam
1865 3428 2106 3482 delicatzn

516 3526 714 3584 mentis
754 3524 1157 3597 pudicissimam
1188 3523 1603 3578 teneritudinem
1642 3523 1873 3593 jocunda
1918 3522 2108 3577 simili-

514 3619 705 3677 tudine
731 3617 1038 3688 exscripsit.
1065 3617 1403 3688 Quapropter
1431 3626 1687 3686 quantum
1718 3618 1879 3687 202
1918 3617 2104 3671 volue-

513 3711 592 3767 ris
618 3710 873 3779 deineeps
904 3708 1005 3763 frui
1036 3718 1269 3775 secreto,
1302 3707 1583 3778 indulgere
1617 3709 1886 3775 secessui,
1929 3706 2108 3762 licebit

513 3805 831 3876 indulgeas:
862 3802 1295 3876 quandoquidem
1335 3817 1436 3857 nos
1476 3803 1529 3856 in
1567 3801 1734 3858 fratre
1772 3817 1894 3857 meo
1926 3800 2107 3857 llime-

510 3897 615 3968 rio,
640 3912 797 3956 avum
829 3896 1066 3964 nomine,
1094 3902 1301 3966 patrem
1324 3894 1479 3965 facie,
1510 3904 1797 3965 utrumque
1823 3893 2103 3965 prudentia

511 3989 620 4062 jam
651 4000 916 4048 tenemus.
944 3989 1098 4047 Vale.

1052 4081 1391 4139 EPISTOLA
1429 4081 1567 4138 XIV.

836 4175 1087 4232 Sidonius
1125 4174 1397 4245 Philagrio
1425 4193 1519 4229 suo
1546 4176 1782 4231 salutem.

586 4267 838 4324 Proxime
889 4270 1030 4322 inter
1070 4278 1366 4322 summates
1394 4268 1539 4323 viros
1581 4258 1717 4338 (erat
1757 4279 1811 4323 et
1855 4268 2105 4338 frequens

514 4360 672 4432 ordo)
705 4359 871 4416 vestri
913 4359 1116 4414 mentio
1148 4360 1266 4415 fuit.
1298 4360 1500 4415 Omnes
1530 4359 1598 4415 de
1638 4372 1690 4415 te
1725 4361 1852 4415 boni
1884 4361 1936 4415 in
1966 4376 2107 4415 com-

514 4465 679 4507 mune
726 4462 1013 4508 senserunt
1058 4452 1238 4506 omnia
1286 4452 1465 4519 bona,
1514 4468 1636 4508 cum
1685 4464 1864 4508 tamen
1913 4452 2105 4523 singuli

513 4545 713 4615 quique
754 4545 902 4599 varia
932 4543 1191 4599 virtutum
1232 4558 1429 4614 genera
1474 4544 1758 4601 dixissent.
1800 4546 1944 4601 Sane
1980 4561 2103 4601 cum

513 4634 617 4690 sibi
648 4635 915 4706 quispiam
952 4635 1019 4691 de
1050 4637 1334 4705 praesentia
1366 4644 1477 4704 tua,
1510 4636 1662 4706 quasi
1696 4647 1746 4691 te
1778 4639 1944 4709 magis
1976 4654 2103 4695 nos-
2129 4616 2183 4678 D

515 4736 668 4794 sent,
699 4738 897 4797 praeter
928 4743 1137 4798 acquum
1170 4728 1553 4799 gloriarentur,
1592 4728 1863 4784 incandui.
1895 4730 2104 4800 Quippe

515 4833 639 4873 cum
669 4819 774 4875 dici
816 4835 922 4875 non
965 4821 1337 4891 aequanimiter
1379 4821 1753 4888 admitterem,
1786 4822 1958 4878 virum
1990 4838 2106 4878 om-

517 4912 664 4967 nium
707 4912 1002 4969 litterarum
1035 4913 1392 4970 vicinantibus
1426 4917 1664 4982 rusticis,
1695 4931 1852 4986 quam
1895 4916 2106 4971 institu-

519 5006 587 5060 tis
623 5004 739 5061 fieri
788 5007 1171 5063 remotioribus
1212 5008 1514 5074 notiorem,
1562 5011 1826 5078 processit
1868 5010 1918 5063 in
1965 5011 2102 5065 ulte-

517 5098 660 5152 riora
710 5100 984 5155 contentio
1026 5118 1041 5157 :
1088 5108 1142 5154 et
1191 5114 1310 5154 eum
1360 5101 1522 5172 aliqui
1568 5116 1728 5172 super
1775 5104 1878 5160 hoc
1922 5118 2107 5159 errore

518 5193 870 5260 pervicaciter
908 5202 1451 5249 controversarentur
1498 5194 1806 5266 (idiotarum
1843 5199 2104 5268 siquidem

517 5292 636 5350 est,
673 5287 811 5341 sicut
860 5287 1016 5343 facile
1057 5288 1341 5357 convinci,
1382 5290 1453 5343 ita
1501 5289 1718 5346 difficile
1757 5292 2102 5362 compesci),

516 5386 827 5432 constanter
856 5381 1092 5449 asserui,
1132 5382 1174 5435 si
1206 5381 1581 5451 eloquentibus
1612 5383 1800 5439 amicis
1831 5400 2102 5455 nunquam

514 5471 718 5542 agnitio
746 5472 1160 5541 contemplativa
1193 5476 1499 5544 proveniat,
1530 5491 1650 5531 esse
1696 5493 1946 5546 asperum
1967 5519 1981 5541 ,
2022 5489 2105 5534 ut-

516 5577 729 5635 cunque
775 5566 1052 5621 tolerabile
1098 5578 1319 5623 tamen:
1362 5569 1480 5639 quia
1520 5573 1842 5639 praevaleant
1891 5574 2101 5643 ingenia

514 5670 642 5722 sua,
676 5673 855 5713 coram
883 5660 1073 5728 quibus
1110 5661 1373 5730 imperitia
1409 5663 1576 5717 civica
1617 5665 2007 5734 peregrinatur,
2036 5666 2103 5720 ad

518 5756 846 5803 remotarum
886 5750 1150 5807 desideria
1190 5752 1605 5822 provinciarum,
1640 5755 1781 5826 stylo
1811 5755 2104 5811 adminicu-

517 5842 663 5896 lante
701 5848 974 5914 porrigere
1008 5863 1020 5900 :
1064 5862 1159 5919 per
1196 5863 1357 5920 quem
1401 5862 1775 5922 saepenumero
1815 5850 2099 5907 absentum

2212 3348 2605 3418 competentius
2662 3350 2888 3404 canibus
2942 3348 3264 3414 ascribitur;
3306 3364 3375 3403 an
3422 3347 3803 3418 vigilantiam?

2210 3441 2297 3497 cui
2328 3450 2499 3497 certat
2534 3454 2583 3497 et
2631 3450 2854 3508 noctua;
2886 3440 3047 3513 204
3073 3457 3139 3495 an
3173 3448 3396 3496 vocem?
3422 3441 3505 3495 cui
3547 3457 3653 3496 non
3683 3456 3803 3496 ces-

2211 3532 2343 3587 serit
2373 3533 2555 3587 asinus
2602 3533 2875 3602 claritate;
2918 3550 2983 3589 an
3034 3533 3385 3589 industriam?
3424 3536 3509 3591 cui
3559 3549 3657 3604 pro
3701 3550 3804 3590 suo

2210 3625 2428 3679 modulo
2456 3625 2756 3695 comparari
2787 3640 2886 3682 nec
2928 3626 3151 3682 formica
3181 3625 3455 3682 formidat.
3495 3626 3602 3684 Sed
3640 3627 3803 3681 forsi-

2210 3724 2297 3771 tan
2340 3718 2631 3787 prteferunt
2673 3719 2778 3772 vim
2806 3718 3083 3785 ,videndi:
3117 3730 3365 3789 tanquam
3418 3734 3525 3775 non
3559 3721 3628 3776 sit
3664 3719 3801 3774 cmi-

2211 3810 2421 3864 nentior
2452 3811 2595 3864 visus
2624 3810 2945 3880 aquilarum.
2989 3812 3287 3868 Prteferunt
3323 3810 3577 3867 audiendi
3610 3811 3797 3867 effica-

2208 3898 2386 3955 ciam:
2434 3910 2683 3971 tanquam
2733 3918 2825 3957 sus
2872 3902 3118 3973 hispidus
3166 3918 3274 3959 non
3322 3903 3543 3961 antistet
3590 3904 3794 3959 auditu.

2207 3994 2509 4051 Praeferunt
2537 3996 2797 4052 odorandi
2822 3997 3209 4053 subtilitatem:
3235 4006 3491 4068 tanquam
3523 4013 3629 4053 non
3661 4013 3799 4069 pra:-

2178 4088 2364 4145 ‘cedat
2392 4090 2569 4144 vultur
2610 4089 2831 4146 olfactu.
2870 4089 3169 4145 Pratferunt
3210 4089 3459 4159 gustandi
3507 4089 3795 4146 discretio-

2207 4197 2331 4237 nem
2362 4200 2375 4237 :
2412 4192 2660 4253 tanquam
2694 4190 2801 4238 non
2842 4182 3134 4253 plurimum
3166 4181 3290 4236 hinc
3328 4196 3427 4237 nos
3459 4182 3713 4237 cedamus
3743 4192 3797 4238 et

2207 4274 2384 4330 simio.
2413 4274 2552 4341 Quid
2580 4274 2648 4329 de
2694 4284 2840 4329 tactu
2893 4274 3103 4346 loquar,
3134 4275 3322 4345 quinto
3352 4288 3516 4330 sensu
3554 4276 3795 4345 corporis

2208 4368 2419 4433 nostri,
2475 4382 2633 4439 quem
2693 4369 2795 4423 sibi
2861 4369 3230 4425 indifferenter
3281 4377 3388 4423 tam
3444 4368 3799 4439 philosophus

2208 4475 2367 4530 quam
2389 4462 2715 4516 vermiculus
2738 4463 3031 4532 usurpant?
3057 4463 3232 4538 Taceo
3258 4463 3346 4518 hic
3375 4462 3445 4519 de
3468 4465 3797 4534 appetitibus

2208 4551 2565 4617 illecebrosis,
2593 4568 2726 4623 quos
2757 4554 2807 4608 in
2837 4556 2981 4610 coitu
3014 4557 3179 4611 motui
3212 4556 3446 4612 helluino
3480 4559 3659 4613 carnis
3684 4557 3797 4621 ,hn-

2209 4657 2381 4699 mante
2424 4645 2668 4715 voluptas
2711 4646 2958 4701 inclinata
3003 4650 3387 4705 communicat.
3439 4649 3580 4705 Ecce
3633 4664 3795 4721 quam

2210 4737 2480 4794 miseriam
2528 4738 2822 4810 przeferunt
2865 4742 3261 4814 excoluntque,
3306 4743 3397 4813 qui
3446 4745 3616 4809 mihi,
3651 4746 3795 4815 quod

2210 4831 2289 4887 eis
2314 4832 2428 4887 solo
2456 4832 2530 4889 sis
2560 4834 2747 4889 obtutu
2780 4838 2985 4906 notior,
3018 4837 3209 4907 turgidi
3250 4837 3657 4894 insultantcAst
3695 4853 3797 4910 ego

2208 4922 2355 4979 illum
2398 4940 2610 4996 semper
2637 4926 2961 4998 Philagrium
2991 4930 3166 4995 video,
3196 4930 3349 5000 cujus
3378 4931 3422 4984 si
3464 4934 3690 4986 tacentis
3718 4933 3799 4985 vi-

2209 5015 2389 5079 derem
2425 5017 2642 5085 faciem,
2677 5018 2999 5091 Philagrium
3041 5036 3146 5075 non
3178 5021 3440 5076 viderem‘.
3467 5020 3621 5078 Unde
3667 5021 3796 5077 illud

2210 5110 2388 5166 simile
2416 5112 2687 5182 vulgatum
2718 5123 2827 5180 est,
2874 5115 3012 5183 quod
3054 5114 3127 5167 ait
3169 5114 3383 5185 quidam
3425 5114 3477 5169 in
3518 5129 3679 5169 causa
3711 5115 3795 5169 di-

2211 5206 2389 5275 spari,
2420 5206 2681 5262 sententia
2731 5208 2841 5277 pari
2879 5226 2890 5260 :
2926 5206 3123 5262 Filium
3166 5207 3242 5262 Μ.
3269 5206 3524 5264 Ciceronis
3573 5211 3798 5280 populus

2210 5297 2475 5352 Romanus
2504 5314 2603 5352 non
2627 5299 2934 5369 agnoscebat
2966 5299 3270 5369 loquentem.
3298 5299 3640 5356 Conclamata
3674 5309 3797 5355 sunt

2209 5405 2441 5461 namque
2472 5390 2673 5460 judicio
2703 5391 2988 5446 universali
3024 5392 3263 5448 scientia:
3297 5393 3551 5465 dignitas,
3582 5394 3794 5450 virtus;

2209 5491 2557 5552 praerogativa
2586 5483 2740 5551 cujus
2781 5483 2844 5536 ad
2887 5485 3173 5539 maximum
3220 5487 3432 5542 culmen
3481 5485 3797 5542 meritorum

2207 5574 2462 5645 gradibus
2493 5574 2817 5629 ascenditur.
2850 5575 3088 5631 Primum
3127 5580 3287 5632 etiam
3321 5578 3547 5634 bestiale
3576 5594 3796 5649 corpus,

2209 5664 2254 5719 si
2277 5665 2384 5733 jam
2418 5666 2553 5719 forte
2583 5664 2868 5721 formatum
2892 5677 3005 5733 est,
3036 5668 3294 5739 dignitate
3322 5670 3655 5726 transcendit
3684 5686 3797 5724 nia-

2209 5759 2394 5813 teriam
2443 5757 2745 5815 informem.
2786 5761 2988 5817 Deinde
3033 5763 3261 5818 formato
3301 5763 3634 5833 praeponitur
3677 5776 3797 5816 eor-

2205 5867 2311 5923 pus
2374 5852 2686 5910 animatum.
2739 5852 2920 5916 Tertio
2980 5854 3240 5926 praecedit
3287 5855 3520 5912 animam
3574 5854 3799 5925 pecudis
