4072 6348
269 397 399 469 $86

278 613 368 669 sic
399 613 504 667 vita
543 611 737 667 rationi
766 630 778 665 ε
812 600 967 682 cujus
1002 610 1347 681 assequendze
1377 609 1727 665 substantiam
1777 622 1875 663 no-

278 713 458 761 stram
484 712 785 773 compotem
817 690 957 759 Deus
978 702 1197 770 artifex,
1222 700 1443 757 ferinam
1464 714 1591 756 vero
1618 699 1871 768 impotem

282 797 453 869 205
473 795 618 851 fecit.
648 794 724 849 Ita
747 804 925 849 tamen
944 835 959 859 ,
986 792 1127 863 quod
1158 794 1211 849 in
1237 802 1379 848 statu
1409 793 1600 848 mentis
1627 792 1874 846 humanae

284 887 460 955 pollet
499 886 748 956 bipartita
789 884 1046 940 conditio.
1085 885 1216 940 Nam
1246 885 1385 939 sicut
1425 885 1638 949 animae,
1685 883 1875 938 huma-

283 978 437 1034 nitus
463 979 588 1034 licet
610 978 1009 1042 ratiocinantes,
1042 976 1264 1033 hebetes
1286 986 1460 1032 tamen
1490 976 1873 1045 pigrioresque,

285 1071 617 1140 prudentum
666 1077 1051 1141 acutarumque
1097 1069 1374 1125 calcantur
1416 1068 1668 1139 ingenio;
1714 1067 1780 1120 ita
1830 1068 1876 1121 si

286 1179 415 1234 quae
439 1172 565 1218 sunt
591 1176 714 1234 qua:
744 1162 856 1217 sola
888 1160 1117 1216 naturali
1149 1161 1404 1229 sapientia
1434 1159 1646 1229 vigent,
1676 1158 1757 1213 lue
1787 1172 1879 1228 pe-

287 1256 522 1311 ritarum
577 1269 637 1310 se
689 1252 896 1309 meritis
950 1252 1284 1322 superveniri
1343 1251 1497 1307 facile
1553 1250 1874 1305 concedunt.

287 1347 531 1414 Quorum
562 1360 663 1417 ego
691 1345 951 1416 graduum
989 1343 1342 1400 differentiam
1377 1344 1699 1408 observans,
1730 1341 1877 1398 illum

291 1438 627 1511 Philagrium
651 1438 831 1493 cordis
851 1436 1009 1493 oculo
1029 1452 1243 1505 semper
1268 1436 1514 1507 inspicio,
1538 1436 1621 1491 cui
1650 1450 1735 1490 me
1764 1435 1882 1490 ani-

290 1543 418 1586 mus
456 1528 837 1600 potentialiter,
867 1536 1053 1583 notum
1096 1542 1304 1583 morum
1345 1526 1696 1583 similitudine
1732 1526 1876 1582 facit.

291 1623 430 1680 Nam
485 1621 611 1678 licet
660 1622 813 1677 bonis
868 1623 1119 1677 omnibus
1168 1622 1413 1691 placeas,
1454 1635 1612 1676 nemo
1659 1630 1711 1674 te
1764 1620 1879 1689 plus

292 1715 469 1770 valuit
512 1714 838 1769 intrinsecus
878 1712 1101 1779 intueri,
1132 1727 1289 1781 quam
1335 1712 1423 1781 qui
1467 1711 1761 1765 forinsecus
1797 1710 1878 1763 af.

294 1806 463 1862 fectat
499 1804 719 1860 imitari.
746 1804 889 1860 Sane
926 1802 1156 1874 qualiter
1181 1803 1477 1857 studiorum
1508 1811 1717 1856 tuorum
1752 1815 1881 1855 con-

1461 395 1937 454 E-I’ISTOLARUI
1977 396 2108 454 LIB.
2154 399 2262 455 VII.

276 516 502 572 animus
532 514 826 579 humanus;
857 514 980 585 quia
1024 512 1163 569 sicut
1204 502 1427 567 inferior
1456 520 1539 566 est
1567 525 1692 564 caro
1723 509 1870 575 vitae,
1898 508 1959 573 Δ

3443 405 3554 468 586

2330 586 2337 596 ε
2523 512 2853 571 EPISTOLA
2892 514 3005 571 xv.

2306 602 2552 659 Sidonius
2578 612 2604 641 ι
2627 604 2842 660 Salonio
2868 621 2960 661 suo
2987 604 3222 665 salutem.

2046 693 2264 763 Quoties
2289 694 2547 752 Viennam
2587 698 2773 763 venio,
2816 708 3051 769 emptum
3083 699 3315 754 maximo
3357 699 3553 771 velim,

1976 794 2035 841 ut
2071 795 2122 843 te
2163 787 2483 858 fratremque
2523 802 2857 843 communem
2896 789 3141 846 colonum
3187 791 3416 846 civitatis
3457 794 3550 845 ha-

1979 876 2162 931 bitatio
2191 876 2307 947 plus
2350 877 2599 942 haberet,
2645 880 2732 948 qui
2780 879 2911 933 mihi
2960 896 3063 935 non
3110 896 3292 937 amore
3339 881 3547 952 solum,

1978 980 2161 1021 verum
2191 968 2349 1022 etiam
2391 968 2722 1038 professione
2762 969 3058 1024 sociamini.
3094 971 3198 1027 Sed
3227 980 3282 1027 et
3318 970 3407 1029 ille
3442 972 3552 1028 im-

1980 1060 2306 1128 putationem
2338 1075 2508 1115 meant
2548 1072 2807 1129 prmtexm
2851 1061 3196 1131 frequentatae
3234 1062 3554 1119 suburbani-

1982 1150 2105 1205 tatis
2131 1150 2333 1205 eludit:
2367 1164 2462 1220 per
2488 1166 2646 1221 quam
2686 1151 2935 1219 efficitur,
2965 1162 3021 1207 ut
3068 1152 3242 1218 nobis,
3278 1168 3378 1210 nec
3414 1168 3553 1224 prae-

1981 1253 2105 1294 sens
2136 1239 2247 1308 ipse
2292 1255 2391 1295 nec
2418 1256 2542 1296 reus
2580 1240 2677 1308 sit;
2706 1250 2760 1296 et
2803 1251 2855 1295 tu
2904 1242 3068 1298 habes
3105 1258 3210 1313 quo
3256 1254 3308 1301 te
3337 1244 3548 1301 interitu

1982 1346 2227 1398 excuses,
2260 1333 2379 1401 quia
2412 1340 2463 1387 te
2492 1332 2581 1387 diu
2622 1331 2857 1403 possidet
2881 1335 2967 1388 vix
3010 1345 3221 1406 recepta
3263 1338 3550 1406 possessio.

1983 1423 2244 1494 Quidquid
2273 1425 2402 1480 illud
2436 1436 2548 1495 est,
2575 1425 2684 1496 jam
2710 1428 2914 1493 venite;
2946 1428 3045 1483 hac
3072 1428 3324 1501 deinceps
3362 1433 3551 1487 condi-

1985 1517 2131 1573 tione
2160 1518 2450 1573 discessum
2479 1517 2842 1587 impetraturi,
2883 1530 2939 1574 ut
2965 1530 3057 1574 aut
3096 1519 3331 1575 vicissim
3370 1522 3555 1578 redea-

1984 1610 2069 1676 tis,
2100 1620 2194 1664 aut
2232 1610 2425 1666 serius.
2466 1609 2596 1665 Nam
2625 1611 2916 1681 quamlibet
2961 1613 3072 1667 ruri
3111 1613 3272 1682 positi
3309 1622 3556 1669 strenuos

1983 1701 2248 1773 impleatis
2278 1702 2569 1773 agrlcolas,
2600 1712 2728 1760 tunc
2768 1720 2893 1760 vere
2928 1706 3193 1776 propriam
3237 1715 3435 1762 terram
3481 1706 3557 1761 fe-
3606 1702 3611 1707 ’

1983 1793 2304 1861 cundabitis,
2340 1795 2385 1849 si
2417 1794 2696 1850 ecclesiam
2724 1796 3171 1866 quamplurimum
3202 1796 3398 1865 colitis,
3440 1798 3557 1867 plus

294 1905 581 1954 sectanens
620 1895 778 1963 fiam,
811 1910 1077 1965 consequa
1108 1893 1311 1965 pagina:
1342 1901 1493 1963 parte
1531 1892 1873 1949 reserabitur.
1906 1884 1956 1949 B
1980 1884 2188 1940 colatis.
2223 1883 2369 1940 Vale.

295 1989 484 2053 Amas,
516 1997 573 2043 ut
620 1988 891 2056 comperi,
933 1985 1175 2056 quietos;
1216 1999 1316 2055 ego
1359 1993 1413 2039 et
1460 1988 1701 2053 ignavos.
1750 1984 1877 2037 Bar-

296 2082 457 2138 baros
486 2081 653 2146 vitas,
695 2079 816 2149 quia
858 2079 982 2133 mali
1024 2086 1301 2147 putentur;
1343 2090 1444 2144 ego
1482 2074 1687 2129 etiamsi
1727 2073 1875 2130 boni.

297 2172 538 2229 Lectioui
567 2170 792 2227 adhibes
816 2169 1174 2241 diligentiam;
1212 2183 1311 2238 ego
1339 2182 1549 2237 quoque
1580 2168 1630 2220 in
1670 2166 1757 2220 illa
1786 2182 1881 2236 pa-

298 2279 417 2319 rum
459 2263 587 2318 mihi
629 2264 802 2333 patior
847 2275 1040 2315 nocere
1083 2259 1364 2314 desidiam.
1402 2257 1649 2326 Comples
1693 2271 1878 2327 persc-

300 2369 426 2409 nam
473 2353 887 2423 religiosi;rego
933 2352 1012 2406 vel
1048 2350 1356 2420 imaginem.
1400 2350 1585 2405 Aliena
1630 2364 1736 2404 non
1784 2363 1881 2417 ap-

301 2448 468 2517 petis;
492 2459 587 2515 ego
612 2446 774 2499 etiam
804 2442 977 2497 refero
1009 2441 1077 2497 ad
1108 2450 1405 2512 quaestum,
1438 2439 1483 2494 si
1524 2440 1737 2510 pr0pria
1771 2453 1877 2494 non

303 2535 542 2607 perdam.
602 2534 896 2590 Delectaris
948 2532 1314 2589 contuberniis
1366 2531 1731 2595 eruditorum;
1780 2547 1879 2603 ego

309 2630 521 2686 turbam
567 2627 855 2698 quamlibet
903 2641 1148 2698 magnam
1197 2626 1472 2682 litterariae
1518 2625 1649 2681 artis
1688 2640 1879 2694 exper-

300 2732 448 2788 tem,
505 2722 789 2776 maximam
842 2719 1182 2774 solitudinem
1228 2718 1461 2789 appello.
1514 2716 1715 2772 Diceris
1758 2730 1879 2773 esse

301 2816 635 2881 laetissimus;
665 2830 765 2886 ego
795 2827 1008 2884 quoque
1048 2812 1312 2883 lacrymas
1347 2825 1533 2866 omnes
1571 2808 1746 2879 perire
1779 2809 1879 2865 de-

304 2906 452 2975 ﬁnio,
479 2921 610 2978 quas
635 2907 858 2977 quisque
886 2903 1214 2974 profuderit,
1245 2903 1344 2956 nisi
1374 2903 1583 2972 quoties
1616 2902 1724 2956 Deo
1751 2912 1880 2971 supé-

302 3000 486 3072 plicat.
517 3000 937 3055 llmnanissimus
966 3012 1086 3054 esse
1108 2998 1373 3061 narraris;
1404 3006 1641 3050 nostram
1668 3010 1878 3065 quoque

302 3092 599 3149 mensulam
631 3092 826 3158 nullus,
851 3099 910 3146 ut
930 3104 1149 3160 specum
1179 3088 1520 3160 Polyphemi,
1552 3087 1749 3157 hospes
1782 3102 1877 3141 ex-

305 3187 530 3241 horruit.
560 3187 775 3241 Summa
814 3184 1094 3239 clementia
1134 3180 1230 3237 tibi
1258 3181 1309 3234 in
1337 3179 1563 3234 famulos
1598 3194 1718 3234 esse
1757 3194 1877 3248 pcr-

2429 1978 2588 2049 207
2620 1976 2949 2034 EPISTULA
2988 1977 3129 2034 xvr.

2231 2068 2482 2123 Sidonius
2512 2067 2856 2124 Chariobaudi
2883 2070 3313 2148 abbatitsalulem.

2050 2179 2225 2248 Facis,
2257 2196 2290 2235 ο
2319 2182 2475 2237 unice
2504 2181 2557 2236 in
2587 2181 2801 2257 Christo
2836 2194 3080 2255 patrone,
3111 2202 3222 2239 rem
3258 2187 3327 2240 tui
3361 2188 3556 2256 pariter

1978 2279 2033 2325 et
2068 2274 2266 2326 amoris
2294 2280 2348 2326 et
2386 2272 2572 2338 moris,
2612 2274 2753 2342 quod
2787 2275 3051 2344 peregrini
3091 2290 3246 2331 curas
3276 2277 3431 2330 amici
3474 2276 3558 2330 lit.

1982 2362 2109 2416 teris
2155 2363 2364 2432 mitigas
2397 2364 2805 2419 consolatoriis:
2836 2374 2994 2436 atque
3032 2366 3232 2421 utinam
3271 2367 3374 2422 mei
3416 2381 3558 2423 sem-

1980 2469 2076 2524 per
2121 2456 2197 2510 sic
2244 2456 2574 2523 recorderis,
2624 2468 2682 2513 ut
2729 2458 3118 2515 sollicitudines
3169 2461 3311 2529 ipsas
3356 2476 3558 2531 angore

1980 2547 2234 2602 succiduo
2261 2558 2662 2616 concatenatas,
2693 2551 2783 2619 qui
2817 2536 3128 2606 exhortator
3171 2560 3437 2620 attenuas,
3476 2554 3557 2607 in—

1982 2649 2247 2695 tercessor
2296 2642 2539 2697 incidas?
2571 2643 2645 2698 De
2674 2654 2890 2712 caetero,
2942 2645 3162 2701 libertos
3203 2655 3343 2713 tuos,
3386 2648 3561 2702 causis

1981 2748 2114 2801 quas
2165 2732 2479 2803 injuuxeras
2532 2735 2824 2815 expeditis,
2877 2738 3068 2791 reverti
3110 2748 3266 2807 puto;
3314 2753 3447 2807 quos
3489 2740 3559 2791 ita

1980 2834 2198 2882 strenue
2227 2834 2436 2881 constat
2467 2843 2579 2882 rem
2611 2830 2901 2897 peregisse,
2932 2838 2989 2883 ut
3016 2844 3115 2884 nec
3144 2830 3387 2901 eguerint
3414 2829 3562 2898 adju-

1980 2918 2128 2983 vari;
2168 2934 2263 2987 per
2291 2933 2424 2984 quos
2462 2918 2828 2973 nocturnalem
2861 2920 3149 2984 cucullum,
3178 2935 3285 2990 quo
3321 2920 3562 2975 membra

1982 3010 2223 3067 confecta
2265 3011 2501 3081 jejuniis,
2548 3010 2686 3065 inter
2728 3013 2990 3067 orandum
3032 3013 3441 3083 cubandumque
3480 3012 3561 3067 dia

1980 3113 2207 3173 gnanter
2230 3112 2428 3173 tegare,
2456 3104 2723 3157 transmisi
2752 3121 2763 3157 :
2793 3119 3093 3174 quanquam
3126 3121 3229 3157 non
3264 3112 3562 3173 opportune

1982 3195 2188 3265 species
2218 3195 2409 3249 villosa
2452 3196 2690 3249 mittatur
2728 3195 2905 3250 hieme
2948 3196 3124 3262 ﬁnita,
3162 3197 3380 3267 jamque
3429 3207 3560 3252 tem-

306 3275 550 3341 hibetur;
597 3291 694 3332 nec
733 3290 829 3346 ego
862 3286 1134 3343 torqueor,
1174 3270 1221 3326 si
1268 3270 1403 3333 mei,
1444 3268 1650 3340 quoties
1690 3283 1877 3338 pecca~

1984 3258 2204 3356 poribus
2234 3287 2435 3343 aestatis
2464 3288 3029 3357 appropinquantibus.
3060 3258 3233 3354 Vale,

306 3370 511 3436 verint,
549 3384 652 3424 non
691 3369 842 3424 toties
869 3373 1235 3437 torqueantur.
1276 3362 1631 3430 Jejunaudum
1658 3362 1879 3418 alternis

301 3463 497 3535 putas?
535 3477 639 3516 non
688 3460 848 3532 206
898 3461 1039 3528 piget
1084 3456 1235 3527 sequi
1268 3472 1282 3510 :
1323 3454 1733 3526 prandendum?
1770 3468 1877 3510 non

301 3556 464 3627 pudet
489 3555 803 3626 praevenire.
829 3552 904 3606 De
932 3559 1149 3616 caetero,
1173 3549 1220 3604 si
1249 3562 1346 3604 vos
1370 3561 1399 3602 a
1424 3562 1511 3602 me
1535 3546 1706 3602 videri
1729 3544 1881 3602 Chri-

300 3648 372 3704 sti
401 3640 623 3703 munere
650 3646 825 3711 datur,
868 3645 941 3699 ita
982 3643 1274 3713 gaudeam,
1304 3650 1553 3713 tanquam
1592 3642 1676 3698 cui
1715 3642 1782 3698 de
1826 3651 1879 3696 te

302 3755 399 3795 nec
428 3738 631 3793 minora
674 3736 942 3791 subtracta
976 3736 1104 3790 sint.
1136 3732 1306 3789 Porro
1348 3744 1556 3801 autem,
1601 3749 1719 3804 qua:
1768 3733 1876 3788 sint

302 3834 357 3887 iu
415 3841 468 3887 te
523 3831 722 3902 majora
778 3829 886 3899 jam
938 3828 1068 3883 satis
1127 3829 1271 3884 novi.
1320 3825 1543 3898 Propter
1595 3843 1715 3899 quae
1764 3829 1877 3884 lleri

303 3924 513 3980 facilius
542 3932 719 3994 potest
764 3930 845 3989 ut,
878 3931 931 3976 et
956 3921 1002 3976 si
1045 3920 1362 3990 quandoque
1392 3919 1579 3973 faciem
1612 3927 1753 3973 tuam
1789 3935 1881 3974 co-

302 4030 419 4072 ram
474 4018 678 4085 positus
717 4015 1028 4085 inspexero,
1078 4012 1251 4081 aliqua
1299 4012 1365 4067 de
1410 4020 1462 4066 te
1509 4026 1698 4066 recens
1750 4010 1880 4066 mihi

300 4110 485 4168 laetitia
551 4112 727 4181 potius
792 4123 949 4179 quam
1009 4107 1272 4162 sententia
1332 4106 1568 4159 accedat.
1634 4104 1759 4159 Vale
1826 4106 1879 4160 in

299 4201 535 4259 Christo.

375 4324 403 4354 α
428 4312 748 4379 Viennensi,
786 4309 892 4365 nori
922 4317 1098 4382 tamen
1126 4309 1421 4382 episcopo;
1455 4308 1596 4375 quod
1632 4316 1879 4382 augurali

302 4396 429 4442 sunt
458 4384 699 4439 nonnulli
734 4378 808 4436 ex
841 4380 1111 4435 mentione
1143 4381 1343 4433 fratris.
1382 4378 1516 4432 Hinc
1560 4378 1878 4440 enim'con-

301 4457 543 4529 iecerunt
574 4455 643 4509 de
690 4453 905 4529 Salonio
945 4461 999 4506 et
1030 4450 1263 4529 Verane-
1287 4448 1573 4529 fratribus,
1608 4450 1726 4529 ﬁliis
1749 4456 1880 4529 ﬁt]-

303 4519 471 4582 cherii
494 4569 508 4592 ,
542 4534 663 4579 ante
693 4526 1056 4593 episcopatum
1087 4521 1299 4593 genitis.
1333 4519 1495 4593 Atqui
1536 4521 1782 4593 Eucherii
1816 4528 1881 4581 li-

307 4598 412 4651 llos
441 4590 645 4652 constat
674 4590 743 4649 ei
768 4593 1001 4648 Salviani
1028 4590 1204 4647 verbis
1231 4592 1280 4644 in
1312 4592 1533 4660 epistola
1563 4590 1629 4644 ad
1675 4594 1882 4653 Euche-

272 4664 484 4731 rium,
532 4676 676 4735 patre
718 4666 1037 4733 superstite,
1087 4664 1187 4716 hoc
1242 4672 1357 4735 est_
1385 4662 1606 4717 Sidonio
1662 4668 1883 4723 vixdum

2506 3443 2835 3500 EPISTULA
2878 3446 3038 3501 XVII.

2231 3536 2480 3594 Sidonius
2516 3534 2542 3573 δ
2583 3534 2857 3590 Volusiano
2901 3540 3050 3606 fratri
3080 3540 3313 3594 salutent.

2052 3648 2217 3705 Iubes
2246 3663 2354 3714 me,
2386 3646 2599 3703 domine
2631 3646 2814 3717 frater,
2847 3649 2960 3718 lege
3000 3650 3246 3705 amicitia.-
3286 3669 3440 3723 quam
3467 3671 3560 3712 ne-

1980 3744 2059 3799 fas
2104 3743 2254 3809 lzedi,
2286 3741 2489 3812 jamdiu
2532 3740 2743 3795 desides
2769 3741 2963 3811 digitos
3012 3742 3290 3799 incudibus
3332 3746 3561 3803 officinae

1984 3835 2180 3892 veteris
2217 3834 2516 3903 imponere,
2559 3841 2611 3886 et
2642 3839 2825 3885 sancto
2863 3831 3090 3885 Abta'tae
3120 3833 3206 3888 die
3247 3838 3425 3891 Iuncto
3452 3854 3561 3891 nac-

1987 3927 2127 3982 niam
2174 3924 2522 3995 sepulcralem
2574 3920 2830 3976 luctuosis
2881 3923 3203 3977 carminibus
3251 3925 3559 3983 inscribere.

1984 4019 2247 4075 Celeriter
2292 4014 2544 4084 injunctis
2593 4013 2997 4077 obsecundabo,
3050 4028 3171 4067 cum
3220 4024 3308 4070 tua
3358 4026 3562 4073 tractus

1985 4114 2332 4177 auctoritate,
2379 4118 2489 4164 tum
2529 4094 2890 4177 principaliter
2926 4107 3236 4175 amplissimi
3278 4110 3376 4163 viri
3410 4121 3432 4149 ο
3472 4110 3562 4165 Vi-

1986 4198 2139 4260 ctorii
2171 4202 2381 4258 comitis
2404 4200 2689 4255 devotlonc
2731 4208 3067 4267 praeventus;
3107 4213 3266 4268 quem
3305 4198 3426 4269 jure
3464 4216 3562 4258 sre-

1984 4318 2170 4375 ducem
2204 4323 2361 4369 vocat
2397 4311 2684 4384 Victoriutn
2707 4351 2732 4384 ,_
2746 4310 2842 4384 qui
2865 4310 2931 4384 ab
2971 4310 3160 4366 Eurico
3188 4327 3312 4382 rege
3342 4313 3560 4384 imposi-

1987 4399 2075 4445 tus
2119 4390 2391 4441 Arvernos
2434 4381 2672 4451 regebat.
2704 4382 2953 4435 Sidonius
2996 4396 3124 4451 ergo
3166 4381 3323 4437 unius
3362 4381 3564 4441 Arver-

1987 4462 2144 4525 nicaa,
2176 4455 2465 4525 Gregorius
2497 4454 2779 4506 multarum
2812 4453 3004 4525 quibus
3031 4463 3259 4525 praeerat
3287 4454 3561 4512 civitatum

1990 4522 2249 4584 rationem
2298 4524 2500 4579 habuit.
2534 4525 2622 4578 Sic
2650 4524 2790 4594 enim
2838 4522 3024 4594 scribit
3059 4524 3151 4577 lib.
3180 4538 3246 4589 tt,
3290 4539 3409 4594 cap.
3442 4529 3512 4582 20
3544 4544 3559 4581 ε

1988 4600 2211 4655 Euricus
2242 4596 2524 4667 Gothorum
2555 4610 2645 4647 rea:
2670 4593 2960 4667 Victor-ium
2987 4593 3165 4667 ducem
3192 4611 3345 4667 super
3363 4593 3559 4667 septem

1991 4669 2214 4725 civitates
2247 4666 2521 4737 praeposuit
2550 4681 2569 4719 :
2590 4664 2681 4737 qui
2716 4664 2951 4737 protinus
2974 4662 3237 4737 Arvernos
3256 4662 3557 4734 adveniens,

306 4731 837 4820 ppero,_:magistros
875 4735 1226 4820 ecclesiarum
1272 4731 1555 4815 episcopos
1603 4749 1737 4820 esse_
1767 4754 1882 4820 caa-
1909 4734 1965 4796 D
1987 4731 2255 4820 civitateut'
2285 4731 2475 4790 addere
2520 4731 2695 4820 potuit.
2719 4731 2857 4787 Nam
2903 4734 3190 4814 discrimen
3224 4734 3325 4791 hoc
3348 4731 3558 4820 eertum

305 4803 473 4879 pisse.
507 4808 615 4862 Hos
651 4803 1065 4879 autem‘fratres
1098 4803 1353 4879 _S_idonius
1389 4806 1672 4879 episcopos
1714 4808 1882 4865 fuisse

304 4872 417 4957 non
454 4880 734 4957 signiﬁcat.
779 4872 1329 4957 AﬂiAergo‘videntur.
1369 4872 1879 4957 atllltlucheriijero

308 4951 447 5005 ﬁlios
487 4945 764 5004 Feferenda
814 4948 924 5018 79
976 4946 1159 5018 potius
1194 4945 1415 5018 epistola
1460 4946 1685 5014 Ceretii,
1736 4950 1881 5005 Salo.

306 5021 381 5077 nii
401 5031 456 5075 et
480 5020 671 5074 Verani
699 5014 1069 5090 episcoporum
1095 5014 1161 5090 ad
1187 5017 1632 5090 LeongmApapam
1659 5021 1877 5090 scripta,

304 5107 427 5159 qua:
447 5100 621 5147 exstat
648 5085 788 5144 inter
811 5089 1065 5159 epistolas
1097 5087 1310 5159 Leonis.
1341 5085 1462 5141 Fuit
1480 5098 1681 5159 postea
1702 5101 1757 5144 et
1772 5085 1883 5146 'Sa;

306 5157 480 5217 Ionius
520 5162 657 5216 alter
697 5160 979 5229 episcopus
1007 5158 1381 5229 Genavcnsis,
1405 5157 1493 5225 qui
1543 5157 1881 5228 Lugdunensi

304 5232 530 5289 concilio
583 5228 899 5286 Guntramni
946 5232 1089 5299 regis
1141 5228 1467 5298 temporibus
1528 5229 1878 5300 subscripsit,

303 5316 521 5358 centum
547 5303 765 5357 circiter
790 5301 944 5355 annis
974 5308 1095 5369 post
1122 5300 1422 5369 Sidonium.

378 5374 406 5412 ι)
430 5374 629 5429 Fratris
664 5387 861 5427 nomen
891 5368 1094 5427 addunt
1128 5371 1247 5426 libri
1283 5368 1395 5424 fere
1424 5384 1649 5425 omnes:
1679 5380 1732 5427 et
1766 5371 1879 5427 fra-

306 5453 447 5515 trem
494 5444 727 5515 appellat
765 5443 1018 5515 Sidonius
1045 5441 1403 5515 ,Volusianum
1447 5443 1772 5515 non__solum
1826 5443 1880 5497 in

303 5514 409 5571 hac
433 5511 656 5586 epistola
674 5555 689 5581 ,
714 5528 901 5586 verum
938 5514 1096 5586 etiam
1122 5516 1187 5586 in
1216 5513 1302 5586 ίξ,
1327 5511 1419 5568 lib.
1446 5528 1515 5566 tv.
1542 5512 1678 5586 gllnic
1704 5521 1880 5567 autem

305 5583 484 5642 mittit'
502 5586 833 5657 epitaphium
870 5583 932 5657 ὃ.
974 5584 1226 5657 Abraltas,
1260 5584 1437 5657 Persae
1465 5583 1678 5657 quidem
1701 5598 1775 5657 _or
1790 5593 1841 5637 tu
1863 5621 1879 5645 ,

304 5658 401 5713 sed
431 5658 518 5728 qui
536 5652 604 5713 'S.
627 5657 813 5729 Cyrici
836 5656 1001 5710 abbas
1040 5652 1214 5709 fuerat
1258 5654 1660 5729 in,suburbauo
1679 5654 1885 5729 :Arver—

306 5724 497 5785 uoruiu
528 5724 875 5792 monasterio,
903 5736 961 5780 ut
989 5732 1177 5779 auctor
1206 5732 1288 5778 est
1314 5724 1367 5778 in
1392 5724 1508 5793 ejus
1537 5724 1656 5779 Vita
1670 5725 1877 5794 Grego-

308 5804 418 5857 rius
437 5801 637 5855 'furon.
665 5807 721 5853 et
753 5797 845 5853 lib.
873 5812 909 5851 It
942 5796 1101 5858 Hist.,
1122 5795 1215 5849 21.

390 5871 602 5939 cQuem
636 5867 890 5925 Sidonius
925 5867 1176 5921 comitem
1195 5904 1209 5929 ,
1238 5864 1522 5936 Gregorius
1549 5864 1878 5921 Turonensis

586 5962 863 6024 Panos.
909 5954 1129 6020 LVIII.

1904 6000 1968 6037 ,1"

1982 4810 2224 4880 Gregorii
2264 4823 2405 4871 tevo,
2436 4816 2489 4880 et
2521 4806 2807 4880 inferiore,
2829 4807 3106 4880 comitum
3142 4816 3300 4880 atque
3329 4808 3519 4862 ducum
3540 4848 3557 4872 ,

1984 4876 2124 4953 quod
2154 4893 2352 4953 comes
2373 4876 2550 4953 unius,
2589 4877 2693 4929 dux
2734 4876 3020 4953 multarum
3049 4876 3335 4953 _civitatutu
3382 4887 3560 4933 rector

1983 4946 2129 5017 erat,
2162 4963 2282 5020 quae.
2310 4946 2534 5016 singulae
2565 4960 2691 5020 suos
2725 4947 2948 5020 comites
2978 4947 3252 5020 baberent:
3283 4948 3426 5002 Ideni
3459 4965 3556 5002 au-

1984 5032 2101 5079 ctor
2130 5016 2222 5075 lib.
2257 5033 2380 5083 vtu,
2414 5032 2531 5085 cap.
2578 5017 2683 5071 18:
2718 5016 2947 5070 Nicetius
2981 5032 3011 5069 a
3056 5017 3296 5070 comitatu
3333 5020 3559 5073 Arverno

1981 5094 2244 5148 submotus
2288 5089 2530 5158 ducatum
2573 5102 2749 5158 arrege
2777 5085 3102 5158 Cltildcperto
3127 5088 3334 5156 expetiit
3365 5105 3384 5153 ;
3411 5101 3457 5143 et
3488 5091 3562 5143 sic

1942 5197 1950 5205 ~
1984 5165 2037 5218 in
2066 5163 2188 5217 urbe
2214 5161 2467 5220 Arverna,
2497 5156 2731 5210 Rutlteua
2770 5167 2925 5228 atque
2955 5156 3156 5211 Ucetica
3197 5160 3304 5211 dua:
3351 5162 3562 5214 ordina-

1987 5244 2067 5288 tus
2104 5242 2211 5299 est;
2248 5240 2303 5286 et
2348 5230 2443 5284 lib.
2486 5244 2571 5295 Ix,
2616 5242 2734 5299 cap.
2760 5229 2828 5281 7:
2860 5227 3124 5282 Ennodius
3164 5245 3279 5283 cum
3321 5230 3564 5286 ducatum

1986 5297 2197 5358 urbium»
2216 5301 2486 5355 Turonicte
2508 5309 2657 5370 atque
2686 5297 2910 5351 Pictavte
2948 5299 3290 5364 ministraret,
3321 5301 3489 5355 adhuc
3516 5312 3564 5355 et

1994 5373 2106 5427 Vici
2129 5372 2377 5427 Juliensis
2406 5379 2557 5439 atque
2574 5368 2834 5423 ‘Bennrme
2854 5370 3062 5439 urbium
3104 5371 3449 5437 principatum
3476 5388 3565 5424 ae-

1984 5446 2145 5513 cipit:
2174 5444 2263 5497 sed
2293 5438 2819 5513 euntibu_s__contitibus
2849 5438 3119 5513 Turonica:
3158 5451 3305 5511 atque
3343 5441 3567 5495 Pictavi:

1987 5509 2125 5569 urbis
2164 5514 2232 5566 ad
2273 5528 2435 5582 regem
2483 5509 2891 5582 Chifdebertunt,
2934 5509 3261 5565 obtinuerunt
3302 5527 3423 5582 eum_
3450 5526 3484 5564 α
3510 5527 3568 5568 u

1987 5584 2250 5638 remoueri.
2278 5580 2487 5638 Gradus
2529 5581 2689 5651 igitur
2719 5581 2933 5650 quidam
2961 5596 2991 5637 a
3019 5586 3273 5637 comitatu
3302 5583 3368 5636 ad
3395 5580 3565 5639 duca-

1990 5664 2122 5710 tum.
2148 5654 2472 5710 Fortunatus
2497 5651 2746 5723 Sigoaldo
2774 5652 2997 5708 comiti:

2112 5810 2218 5861 Rex
2240 5807 2587 5871 Childebertus
2605 5818 2837 5871 crescens
2869 5810 2923 5871 te
2934 5818 3176 5871 crescere
3199 5820 3319 5871 cogn
3346 5848 3360 5865 ,

2171 5873 2265 5932 Qui
2285 5870 2427 5922 modo
2446 5870 2531 5921 dat
2553 5871 2761 5929 comitis,
2784 5869 2870 5919 det
2893 5867 2981 5919 tibi
3011 5871 3123 5931 jura
3144 5867 3299 5921 ducas.

3098 5954 3173 6019 19
