4072 6348
261 380 388 450 εεο
1487 379 1972 438 EPISTOLARUM
2012 381 2140 435 un.
2186 379 2318 435 Vlll.
3463 383 3570 450 suo

266 504 566 564 cusahilem
604 502 748 571 fore;
784 504 852 569 si,
891 503 1145 574 quoniam
1177 511 1230 556 te
1275 515 1529 558 sensuum
1574 511 1870 556 structura-
1896 505 1948 566 Α
1977 503 2041 558 iis
2067 501 2306 556 moribus
2336 500 2608 554 hominum
2638 515 2761 556 esse
2791 515 3099 558 censuram.
3133 501 3264 557 Nam
3295 512 3351 558 ut
3387 505 3568 563 timidi

267 613 502 668 rumque
560 597 751 652 levitas
803 603 1013 666 poterat
1068 595 1375 660 offendere,
1429 595 1868 650 membranarum
1974 609 2062 650 me
2091 592 2458 658 temerarium,
2493 591 3135 650 itaconstantesliherum
3159 596 3448 664 appellant.
3483 599 3568 654 ln-

268 699 422 745 certe
475 689 705 743 fascibus
759 689 935 742 minus
976 701 1288 742 onerarere.
1325 686 1657 741 Commendo
1707 685 1870 755 igitur

272 783 462 835 varios
506 780 711 850 judicio
750 787 842 833 tuo
897 779 1065 834 nostri
1113 782 1351 849 pectoris
1397 788 1602 845 motus;
1650 779 1873 834 minime

269 875 514 942 ignarus,
547 872 688 941 quod
722 874 791 926 ita
825 887 977 927 mens
1019 881 1197 942 pateat
1231 874 1280 926 in
1316 873 1472 938 libro,
1507 881 1532 909 τι
1564 871 1876 927 veluti-vul-

269 974 362 1020 tus
391 967 444 1019 in
473 964 711 1034 speculo.
746 962 946 1018 Dictavi
975 965 1117 1018 enim
1151 951 1731 1034 qutepiamlhortando,
1764 965 1877 1019 lau-

268 1059 459 1113 dando
506 1059 757 1127 plurima,
795 1059 970 1128 aliqua
1019 1058 1316 1127 suadendo,-
1369 1059 1645 1116 maerendo
1684 1074 1874 1129 pauca,

267 1148 616 1221 jocnndoque
642 1151 916 1205 nonnulla.
952 1152 1014 1204 Et
1042 1151 1088 1204 si
1117 1165 1202 1205 me
1231 1150 1442 1222 uspiam
1486 1151 1789 1206 lectitavisti
1823 1153 1875 1207 in

271 1243 492 1311 aliquos
546 1243 985 1308 concitatiorem,
1038 1247 1197 1315 211
1252 1245 1425 1310 scias,
1478 1244 1623 1308 volo,
1676 1243 1876 1300 Christi

269 1335 501 1390 dextera
532 1334 847 1405 opitulante,
885 1350 970 1390 me
1005 1345 1278 1406 nunquam
1310 1337 1666 1392 toleraturum
1712 1336 1876 1391 animi
1905 1379 1909 1383 .

269 1428 615 1492 servitutem,
643 1427 1131 1496 compertissimum
1162 1436 1352 1484 tenens
1381 1429 1689 1500 bipertitam
1712 1443 1875 1499 super

280 1632 294 1651 .
359 1574 397 1651 “-
419 1560 594 1651 Affine
615 1561 858 1651 estiil‘l'ud
890 1561 1199 1651 Petpocriti,
1225 1553 1294 1650 fit
1325 1555 1423 1651 μέν.
1447 1571 1553 1651 irai:-
1583 1562 1873 1651 sicam-poi:

272 1632 300 1690 ὁ
334 1642 426 1694 τῆς
456 1630 642 1704 ὅψεως,
675 1635 723 1687 ἐὺ
752 1629 804 1688 δὲ
831 1641 947 1693 ταῖς
976 1633 1191 1704 ὁμιλίαις
1218 1633 1242 1687 ὁ
1276 1629 1367 1693 ’ὲῆς
1397 1629 1578 1704 stili,»
1604 1629 1878 1707 χαρᾱὲςτὴρ

303 1733 386 1746 ξονι
445 1733 456 1743 υ

673 1997 831 2093 212
870 2019 1198 2075 EPISTULA
1240 2017 1475 2076 PRIMA.

361 2199 386 2208 ,ι
597 2137 848 2208 Sidonius
884 2146 908 2173 ει
937 2135 1180 2191 Petronio
1209 2153 1301 2190 suo
1332 2138 1569 2191 salutem.

357 2230 437 2284 Tu
467 2228 684 2298 quidem
713 2227 936 2298 pulchre
963 2246 978 2282 :
1011 2243 1128 2283 mos
1168 2228 1256 2283 hic
1286 2237 1444 2294 tuus;
1475 2211 1528 2284 et
1572 2243 1879 2299 persevera,

283 2322 368 2376 vir
381 2321 622 2376 omnium
650 2319 911 2374 bonorum
926 2319 1016 2390 qui
1032 2307 1238 2388 uspiam
1265 2321 1484 2389 degunt,
1509 2319 1664 2374 laude
1683 2321 1883 2392 dignis-

284 2416 449 2483 sime,
480 2414 617 2484 quod
640 2405 938 2468 amicorum
969 2413 1175 2483 gloriae,
1206 2413 1377 2467 sicubi
1407 2413 1578 2477 locus,
1611 2391 1884 2470 lenocina-

283 2505 384 2570 ris.
414 2501 548 2568 llinc
577 2522 660 2568 est.
685 2511 830 2582 quod
862 2511 1252 2576 etiamserinia
1281 2514 1520 2566 Arverna
1553 2513 1687 2581 petis
1721 2527 1884 2566 even-

285 2607 428 2662 tilari
455 2625 468 2659 :
494 2607 580 2661 cui
613 2605 865 2660 sufﬁcere
903 2603 1328 2672 suspicabamur,
1359 2604 1403 2656 si
1448 2604 1571 2673 quid
1601 2593 1882 2672 superiore

283 2702 502 2770 vulgatu
547 2699 981 2768 protulissemus.
1023 2697 1205 2766 itaque
1259 2711 1464 2750 morem
1503 2711 1754 2767 geremus
1800 2696 1884 2751 in-

282 2799 503 2870 iunctis,
557 2796 821 2852 actionem
871 2807 1045 2851 tamen
1086 2797 1210 2867 styli
1251 2805 1473 2850 eatenus
1522 2793 1880 2864 prorogaturi,

283 2893 448 2963 213
474 2898 531 2946 ut
569 2890 916 2959 epistularum
964 2875 1184 2951 Serit-rn,
1228 2888 1480 2942 nimirum
1523 2904 1551 2940 a
1587 2885 1882 2955 primordio

284 2983 572 3039 Voluminis
609 2981 1002 3047 inchoatarum,
1037 2982 1088 3034 in
1114 2980 1319 3034 extimo
1367 2981 1472 3034 line
1513 2978 1660 3048 parvi
1707 2977 1883 3032 adhuc

286 3077 495 3132 numeri
532 3089 738 3128 summa
771 3073 1071 3143 protendat,
1103 3087 1236 3141 opus
1279 3070 1525 3124 videlicet
1564 3069 1880 3138 explicitum

289 3167 519 3237 quodam
543 3166 692 3237 quasi
715 3165 964 3236 marginis
991 3165 1072 3217 sui
1093 3163 1256 3217 limbo
1277 3173 1616 3216 coronatura.
1641 3160 1744 3216 Sed
1767 3162 1882 3229 plus

293 3259 592 3314 Cavendum
612 3267 690 3312 est
720 3273 786 3312 ne
807 3272 922 3310 sera
951 3255 1284 3325 propterjam
1307 3253 1570 3323 propalati
1594 3263 1880 3324 augmenta

291 3351 610 3410 voluminis.
660 3349 711 3403 in
761 3349 967 3417 aliquos
1008 3347 1230 3402 forsitan
1279 3345 1574 3400 incidamus
1613 3347 1882 3415 vituperoo

1243 1831 1743 1992 LIBER
1833 1829 2614 1964 OCTAVUS.

1977 697 2057 742 ter
2086 702 2208 757 quae
2243 686 2357 756 ipse
2383 684 2635 751 decerno,
2683 687 2813 741 satis
2860 688 3000 742 illius
3040 688 3224 758 jacere
3258 704 3567 758 personam,

1977 779 2130 850 cujus
2159 793 2385 834 necesse
2409 786 2495 860 est
2540 777 2708 833 latere
2745 780 3090 836 sententiam.
3125 779 3205 835 Ad
3235 783 3569 850 propositum

1978 872 2162 928 redeo.
2198 872 2408 928 Interea
2431 880 2487 926 tu
2517 873 2560 926 si
2592 873 2718 941 quid
2745 888 2776 926 a
2814 872 3058 928 lectionis
3095 888 3263 929 sacra:
3290 876 3574 930 continua-

1983 966 2130 1021 tione
2157 966 2414 1035 reSpiras,
2451 964 2534 1020 his
2564 965 2747 1020 licebit
2776 965 2965 1021 ureniis
2995 980 3239 1023 avocere.
3273 967 3384 1023 Nec
3415 967 3574 1023 faciet

1987 1061 2232 1124 materia,
2267 1069 2325 1113 ut
2365 1059 2649 1124 immensa,
2694 1058 3002 1114 fastidium:
3037 1059 3160 1128 quia
3186 1074 3306 1114 cum
3347 1060 3575 1130 singulae

1984 1163 2160 1208 causa:
2187 1151 2412 1221 singulis
2435 1150 2605 1206 ferme
2633 1150 2878 1220 epistolis
2900 1150 3175 1217 ﬁniantur,
3206 1152 3315 1206 cito
3346 1152 3575 1222 cognitis

1980 1246 2034 1300 in
2058 1255 2176 1314 qua:
2193 1243 2406 1298 oculum
2433 1241 2746 1308 intenderis,
2773 1251 2896 1299 ante
2927 1243 3106 1313 legere
3139 1242 3376 1299 cessabis
3411 1257 3574 1314 quam

1987 1334 2238 1391 lecturire
2255 1334 2506 1390 desistas.
2532 1331 2680 1390 Vale.

1985 1559 2244 1632 βλέπετᾳι.
2294 1547 2573 1632 Speculum
2613 1558 2783 1632 cordis
2819 1557 3081 1632 hominum
3121 1557 3267 1612 uerba
3309 1561 3458 1626 sunt,
3499 1556 3578 1615 ait

1990 1629 2343 1686 CasSiodorus
2371 1630 2600 1684 Senator
2623 1629 2715 1682 lib.
2750 1645 2798 1683 Vl
2831 1629 3016 1682 Variar
3040 1630 3091 1684 9.

3299 1763 3565 1783 _—-—d

1902 2037 1950 2097 Β
1979 2036 2122 2074 mum
2147 2013 2211 2074 e‘x
2246 2017 2394 2074 hisce
2424 2021 2768 2076 metuendum
2791 2025 2896 2090 est,
2924 2030 3016 2079 aut
3039 2023 3132 2095 per
3155 2027 3330 2083 omnia
3360 2027 3578 2087 omnino

1987 2108 2480 2165 conticcSCendtttn.
2510 2111 2657 2166 Vale.

2562 2199 2892 2262 EPISTULA
2939 2203 2999 2264 ll.

2321 2297 2567 2355 Sidonius
2589 2297 2618 2337 δ
2649 2291 2846 2354 Joanni
2872 2317 2965 2355 suo
2994 2301 3235 2358 sa'lutem.

2055 2413 2270 2472 Credidi
2299 2431 2406 2483 me,
2438 2415 2518 2470 vir
2548 2409 2897 2486 peritissime,
2940 2416 3090 2473 nefas
3120 2419 3174 2473 in
3217 2419 3395 2474 studia
3424 2435 3578 2477 com-

1985 2509 2219 2578 mittere,
2251 2509 2298 2564 si
2326 2509 2656 2565 distulissem
2689 2513 2941 2582 prosequi
2986 2513 3230 2568 laudibus
3264 2515 3404 2584 quod
3438 2515 3571 2572 abo-

1985 2604 2083 2660 leri
2117 2613 2169 2674 tu
2212 2605 2418 2660 litteras
2451 2603 2732 2670 distulisti;
2766 2599 2992 2676 quarum
3033 2607 3426 2678 quodammodo
3467 2608 3580 2680 ja-

1984 2697 2320 2768 sepultarum
2360 2698 2676 2765 suscitator,
2704 2697 2902 2764 fautor,
2943 2709 3202 2765 assertor,
3237 2701 3581 2755 (oncelebra-

1984 2791 2091 2858 ris;
2135 2801 2296 2860 teque
2339 2806 2435 2861 per
2461 2789 2660 2846 Gallias
2690 2807 2798 2846 uno
2844 2793 3099 2861 magistro
3127 2793 3290 2864 214
3331 2795 3428 2848 sub
3483 2795 3582 2850 hac

1987 2892 2305 2954 tempestate
2332 2883 2595 2939 bellorum
2647 2884 2834 2940 Latina
2877 2895 3169 2941 tenuerunt.
3206 2901 3300 2941 ora
3343 2898 3581 2956 portum,

1985 2991 2106 3032 cum
2136 2977 2458 3046 pertulerint
2485 2992 2632 3032 arma
2665 2975 3033 3048 naufragium.
3077 2979 3285 3034 Debent
3312 2980 3469 3048 igitur
3499 2981 3582 3037 vel

1986 3069 2233 3140 acqutevi,
2263 3069 2345 3124 vel
2387 3070 2588 3139 posteri
2632 3070 2824 3135 nostri,
2862 3070 3211 3126 universatim
3253 3063 3582 3129 ferventibus

1987 3161 2128 3216 votis
2158 3162 2388 3216 alterum
2421 3170 2472 3216 te
2511 3170 2568 3216 ut
2599 3161 3041 3229 Demosthenem,
3087 3165 3313 3220 alterum
3354 3174 3411 3221 ut
3457 3167 3584 3222 Tul-

1987 3253 2138 3320 lium,
2169 3269 2312 3309 nunc
2341 3255 2554 3322 statuis,
2594 3256 2638 3308 si
2685 3255 2866 3322 liceat,
2899 3271 3242 3324 consecrare,
3278 3273 3418 3313 nunc
3455 3259 3585 3313 ima-

1987 3352 2198 3419 ginibus
2224 3369 2237 3405 :
2271 3352 2362 3422 qui
2386 3362 2436 3406 te
2462 3353 2687 3407 docente
2718 3351 2928 3407 formati
2967 3353 3304 3424 institutique
3327 3355 3437 3423 jan'i
3464 3356 3587 3410 sinu

287 3457 406 3508 nes,
441 3456 667 3512 quorum
716 3440 903 3510 fugere
934 3441 1144 3510 linguas
1175 3451 1294 3493 cote
1334 3437 1519 3512 livoris
1563 3437 1882 3492 naturalitus
1913 3426 1958 3488 C
1992 3443 2045 3497 in
2085 3443 2262 3497 medio
2284 3445 2361 3497 sic
2393 3443 2566 3513 gemis
2609 3444 2841 3509 invictae,
2873 3445 3016 3513 quod
3049 3453 3229 3500 tamen
3257 3446 3466 3509 aliena},
3501 3455 3586 3500 ia-

289 3537 640 3600 acuminatas,
681 3550 780 3589 nec
815 3531 1192 3588 Demosthenis
1222 3531 1461 3602 quidem,
1505 3523 1886 3597 Ciceronisque

290 3628 570 3682 sententiae
595 3617 854 3690 artifices,
879 3634 932 3680 et
954 3624 1164 3694 eloquia
1198 3624 1340 3678 fabra
1370 3630 1592 3694 potuere
1618 3641 1630 3677 :
1659 3613 1883 3691 quorum

291 3722 535 3776 anterior
565 3731 748 3774 orator
779 3719 1092 3785 Demadem,
1126 3718 1342 3772 citerior
1374 3716 1663 3770 Antonium
1699 3715 1889 3768 tolera-

292 3830 418 3870 vere
439 3814 821 3883 derogatores:
856 3813 944 3882 qui
971 3811 1117 3865 lividi
1150 3826 1270 3864 cuin
1302 3810 1499 3864 fuerint
1533 3809 1754 3862 malitia:
1777 3808 1889 3861 cla-

293 3920 390 3973 rat,
423 3905 670 3960 dictionis
688 3904 951 3967 obscuraz,
981 3913 1158 3957 tamen
1182 3903 1246 3955 ad
1275 3901 1518 3955 notitiam
1541 3909 1882 3970 posterorum

294 4013 393 4069 per
443 3997 563 4052 odia
602 3999 854 4051 virtutum
903 3996 1271 4049 decurrerunt.
1323 3991 1426 4048 Sed
1458 3992 1578 4063 qui.»
1631 3991 1882 4056 hortaris,

293 4091 537 4160 repetitis
561 4090 805 4144 laxemus
835 4089 948 4142 vela
982 4089 1309 4142 turbinibus:
1337 4095 1391 4140 et
1421 4086 1510 4154 qui
1533 4086 1690 4139 veluti
1717 4085 1882 4138 maria

293 4182 710 4242 transmisimus,
734 4181 836 4235 hoc
857 4181 1005 4249 quasi
1035 4191 1280 4248 stagnum
1307 4180 1734 4252 pernavigemus.
1755 4175 1884 4230 Nam

293 4278 426 4332 satis
447 4277 619 4330 habeo
641 4275 1016 4340 deliberatum,
1038 4274 1173 4326 sicut
1199 4269 1555 4325 adhibendam
1582 4271 1632 4324 in
1649 4268 1888 4323 conscri-

293 4372 476 4440 ptione
509 4370 862 4438 diligentiam,
891 4368 962 4421 ita
989 4367 1270 4422 tenendam
1295 4365 1347 4419 in
1373 4365 1612 4419 editione
1640 4373 1892 4419 constan-

293 4462 445 4518 tiam.
474 4463 700 4517 Demum
715 4477 838 4516 vero
857 4460 1087 4515 medium
1107 4459 1236 4514 nihil
1260 4468 1358 4514 est.
1376 4457 1615 4528 Namque
1631 4467 1721 4512 aut
1743 4456 1895 4512 mini-

367 4603 479 4671 81
507 4608 534 4635 ι
561 4598 688 4653 Viro
729 4597 949 4671 illustri,
992 4594 1290 4671 arelatensi
1347 4602 1546 4671 legato,
1575 4600 1648 4671 _ut
1685 4591 1886 4646 dictum

295 4664 481 4728 est'aTi
508 4671 666 4738 epist.
691 4671 741 4732 l,
777 4669 867 4723 lib.
904 4683 956 4723 v.
991 4667 1116 4735 Ejus
1139 4673 1328 4734 rogatu
1368 4665 1505 4718 liber
1537 4664 1624 4718 hic
1654 4671 1773 4732 post
1798 4678 1888 4716 su-

299 4742 548 4813 periores
571 4739 743 4795 editus
769 4750 871 4813 est.

371 4813 396 4851 δ
427 4812 668 4879 Doctori,
703 4821 756 4864 ut
784 4811 1013 4873 videtur,
1059 4805 1407 4879 grammatico
1451 4805 1501 4858 in
1542 4804 1723 4879 aliqua
1756 4804 1885 4879 urbe

296 4884 522 4940 Galliae:
562 4874 736 4952 qualis
764 4891 817 4937 et
847 4874 1129 4942 Eusebius,
1159 4874 1644 4952 sedkphilosophig
1684 4874 1886 4952 profes-

297 4972 412 5022 sor,
443 4954 540 5010 lib.
569 4945 646 5020 ιίι,
677 4955 835 5022 epist.
869 4953 916 5016 l,
943 4962 996 5007 et
1023 4948 1360 5019 Lampridius
1390 4947 1574 5001 rhetor
1612 4945 1882 5013 Burdega-

302 5026 472 5080 lensis
495 5026 587 5079 lib.
617 5041 691 5089 Ix,
720 5026 878 5094 epist.
904 5023 991 5077 l5.

376 5108 397 5135 ε
431 5097 607 5150 Eurici
664 5086 806 5163 regis
844 5093 1151 5149 oonsiliario
1183 5109 1195 5144 :
1224 5090 1291 5145 de
1332 5105 1456 5163 quo
1482 5089 1567 5163 ad_
1593 5087 1750 5163 epist.
1793 5086 1883 5149 22,

299 5168 401 5222 lib.
453 5183 536 5231 tv,
576 5157 863 5221 f’etieratis
907 5183 933 5218 a
973 5164 1192 5220 Sidonio
1231 5157 1460 5217 exscribi
1506 5157 1884 5231 sibi_volumen

299 5229 617 5293 Philostrati
639 5239 706 5292 de
731 5237 835 5290 vita
874 5238 1136 5304 Apotlonii
1166 5233 1386 5303 Tyanei.
1425 5229 1880 5304 lllittitSitlonins,

299 5310 572 5378 simulque
618 5309 818 5363 indicat
860 5301 998 5362 unde
1036 5301 1363 5372 exscriptum
1413 5305 1481 5357 sit
1514 5301 1815 5378 :_niiniruu_t_
1856 5315 1886 5352 c

301 5371 498 5435 codice
519 5396 676 5447 quem
705 5380 1040 5433 Victorianus
1061 5371 1379 5445 recognorat
1403 5392 1414 5426 :
1448 5385 1500 5428 et
1530 5373 1634 5447 hoc
1658 5371 1885 5437 amplius

301 5451 476 5514 addit,
499 5445 863 5506 Victorianum
892 5466 922 5503 e
952 5448 1256 5503 Nicomachi
1279 5445 1596 5515 antigrapho
1623 5453 1675 5498 et
1699 5455 1882 5494 emen-

300 5523 546 5585 datione,
591 5522 993 5589 Nicomachum
1022 5535 1050 5572 a
1099 5518 1407 5573 Philostrati
1437 5518 1604 5589 ipsius
1629 5524 1885 5589 autogra-

302 5593 417 5664 pho
468 5593 841 5661 exscripsisse.
890 5586 1244 5664 Nicomachus
1285 5603 1422 5664 ergo
1453 5586 1886 5664 et_Y_i_ctoriann_s

301 5655 529 5721 nomina
559 5655 701 5729 sunt,
735 5679 842 5717 non
862 5673 1138 5717 auctorum
1158 5661 1248 5729 qui
1274 5655 1540 5727 Apollonii
1559 5655 1889 5729 Vitamscri-

306 5737 545 5808 pserint,
579 5727 754 5808 neque
779 5737 1077 5808 scribarum
1107 5727 1564 5808 an_tiquariorum,_
1583 5727 1676 5782 sed
1706 5727 1889 5808 cla-ris-

307 5797 570 5866 iimorhtn
589 5797 846 5871 virorum,
870 5805 959 5874 qui
980 5805 1048 5857 ab
1074 5797 1389 5874 antiquariis
1410 5799 1669 5874 mendose
1691 5797 1887 5874 scripta

303 5891 407 5950 μι-
446 5882 615 5936 otium
657 5886 713 5935 et
750 5866 914 5934 animi
958 5875 1126 5945 gratia
1174 5866 1526 5941 castigabant.
1575 5866 1892 5938 Cujusmodi

1981 3533 2118 3603 lium
2152 3542 2484 3588 vetustorum
2516 3533 2662 3601 signa
2695 3533 3024 3588 retinebunt.
3063 3533 3194 3588 Nam
3222 3534 3333 3603 jam
3364 3535 3586 3592 remotis

1987 3627 2244 3696 gradibus
2273 3625 2616 3696 dignitatum,
2646 3641 2740 3695 per
2770 3641 2901 3695 quas
2928 3625 3136 3682 solebat
3171 3627 3358 3682 ultimo
3387 3643 3414 3681 a
3446 3644 3583 3696 quo-

1990 3733 2091 3786 que
2133 3733 2376 3771 summus
2414 3717 2640 3785 quisque
2688 3717 2941 3780 discerni,
2990 3716 3166 3771 solum
3212 3717 3315 3771 erit
3361 3718 3586 3787 posthac

1990 3809 2285 3865 nobilitatis
2328 3806 2583 3861 indicium
2628 3808 2834 3862 litteras
2883 3821 3064 3862 nosse.
3104 3807 3212 3862 Nos
3240 3823 3389 3875 vero,
3423 3821 3584 3862 caete-

1992 3916 2104 3965 ros,
2156 3916 2317 3969 supra
2371 3898 2630 3953 doctrina:
2688 3908 2792 3953 tute
2857 3898 3116 3953 beneficia
3173 3899 3581 3967 constringunt:

1991 3993 2183 4063 quibus
2213 3991 2417 4060 aliquid
2448 3991 2686 4044 scribere
2717 3991 2966 4057 assuetis,
2992 3983 3244 4058 quodque
3267 3990 3476 4043 venturi
3507 3974 3605 4044 le-i

1991 4099 2117 4154 gere
2147 4082 2354 4152 possint
2381 4081 2800 4149 elaborantibus,
2830 4083 3020 4136 saltem
3057 4081 3124 4135 de
3155 4092 3242 4136 tua
3273 4081 3458 4136 schola
3487 4097 3581 4138 seu

1994 4177 2320 4248 magisterio,
2336 4167 2649 4246 Competens
2665 4176 2926 4230 lectorum
2942 4174 3094 4229 turba
3113 4175 3408 4244 proveniet.
3427 4176 3578 4234 Vale.

2557 4265 2890 4322 EPISTULA
2935 4265 3025 4321 ΙΙΙ.

2356 4360 2605 4417 Sidonius
2638 4370 2660 4398 ο
2689 4359 2847 4413 Lcont’
2868 4375 2960 4414 suo
2985 4357 3222 4414 salutem.

2071 4452 2341 4526 Apollonii
2372 4451 2749 4524 Pythaghorici
2778 4449 2967 4518 vitam,
2997 4461 3105 4506 non
3139 4459 3200 4504 ut
3226 4447 3584 4505 Nicomachus

1995 4601 2180 4657 opera}
2206 4586 2510 4641 testimonia
2543 4585 2595 4639 in
2627 4585 2861 4657 antiquis
2893 4591 3136 4657 veterum
3181 4589 3459 4657 auctorum
3490 4595 3584 4637 co-

1993 4653 2204 4714 dicibus
2257 4658 2411 4711 obvia
2452 4656 2736 4710 suntzsed
2761 4653 2924 4723 quod
2969 4653 3035 4706 ad
3071 4653 3446 4722 conjecturam
3487 4668 3585 4708 no-

1991 4740 2157 4785 stram
2208 4727 2540 4786 firmandam,
2575 4725 2890 4794 Sidoniique
2919 4725 3094 4778 locum
3138 4723 3314 4777 facere
3341 4723 3574 4788 videtur,

1994 4801 2220 4869 plurima
2241 4808 2458 4869 exstant
2482 4797 2544 4850 T.
2589 4796 2722 4850 Livii
2758 4795 3118 4869 exemplaria,
3164 4794 3217 4847 in
3261 4794 3581 4869 qui_hu_s_N_i-

1990 4863 2305 4925 comachum
2339 4877 2392 4921 et
2422 4867 2784 4921 Victorianum
2808 4865 3052 4922 eamdem
3084 4879 3304 4932 operam
3333 4864 3396 4916 Τ.
3424 4863 3577 4917 Livio

1991 4938 2665 5010 impendisseAadnotatum
2715 4948 2818 5010 est,
2869 4934 3582 5010 his‘verbis:Nicomochus

1910 5005 1962 5064 D
1991 5005 2166 5068 deiter
2208 5009 2267 5063 V.
2301 5007 2364 5064 C.
2392 5009 2656 5062 emendavi
2685 5009 2753 5060 ad
2783 5006 3069 5077 exemplum
3095 5007 3321 5077 parcatis
3343 5006 3440 5057 mei
3471 5005 3584 5058 Cle-

1992 5083 2255 5145 mentiani,
2281 5081 2343 5134 ab
2370 5078 2504 5134 Urbe
2531 5079 2758 5132 condita.
2793 5075 3120 5133 Victorianus
3155 5075 3216 5129 V.
3253 5075 3312 5130 C.
3335 5079 3583 5130 emenda-

1995 5157 2108 5220 bam
2135 5153 2336 5206 damnis
2370 5149 2696 5219 Symmachi:
2726 5166 2742 5202 :
2757 5159 2819 5220 et
2850 5150 2954 5203 alio
2985 5150 3124 5213 loco,
3161 5146 3587 5220 EmendaﬁﬂNi—

1994 5217 2263 5279 comae/tus
2309 5217 2586 5274 Flauiana»-
2621 5220 2685 5274 V.
2735 5219 2794 5274 C.
2824 5221 3101 5291 prtefecms
3122 5217 3231 5271 urbi
3270 5218 3409 5289 apud
3441 5217 3585 5271 Hen-

1992 5314 2133 5362 nam,
2165 5295 2225 5348 ab
2253 5292 2389 5347 Urbe
2435 5293 2663 5345 condita.
2700 5290 3031 5345 VirtOrianus
3064 5290 3128 5342 ν.
3153 5291 3213 5342 (1.
3247 5291 3584 5362 emendabunt

1995 5360 2192 5421 damnis
2222 5363 2572 5435 Symmachis.
2604 5364 2719 5416 Duo
2767 5365 2925 5432 igitur
2957 5363 3266 5435 Nicomachi
3298 5378 3415 5415 cum
3450 5360 3584 5411 fuis-

1993 5448 2130 5500 sent,
2159 5433 2281 5490 ideo
2304 5435 2533 5488 fortasse
2559 5435 2833 5497 Sidonius,
2871 5450 2934 5487 ne
2959 5433 3156 5501 ambigi
3185 5435 3386 5499 possm,
3411 5443 3585 5482 senio-

1993 5510 2066 5564 ris
2099 5517 2280 5562 notam
2303 5505 2518 5574 adjecit.
2555 5506 2889 5574 Victorianus
2917 5516 3094 5559 autem
3121 5519 3216 5572 pro
3244 5501 3582 5574 Symmachis

1994 5581 2200 5636 Livium
2231 5571 2568 5642 emendarat,
2594 5571 2651 5631 ut
2675 5577 2925 5632 Sidonius
2960 5591 3055 5644 pro
3082 5578 3261 5644 Leone
3292 5571 3583 5644 Philostra-

2000 5659 2110 5706 tum
2152 5650 2256 5704 hoc
2286 5649 2428 5714 loco,
2468 5657 2522 5703 et
2555 5641 2651 5716 pro
2689 5648 2905 5703 lturicio
2949 5641 3370 5716 Heptateuchum
3409 5641 3501 5695 hh.
3530 5659 3585 5709 v,

1996 5721 2152 5791 epist.
2192 5720 2282 5786 15,
2328 5728 2384 5791 et
2412 5712 2482 5787 Ο.
2529 5712 2885 5791 Symmachus
2929 5712 3141 5791 Livium
3189 5712 3442 5791 eumdem
3490 5729 3586 5791 pro

2051 5784 2292 5847 aleriano
2333 5784 2756 5859 lib.'lx,'epist.
2805 5790 2888 5842 l5.
2938 5787 3153 5850 Munus,
3195 5784 3586 5859 inqui_t_,__totius

2001 5862 2202 5922 Liviani
2251 5863 2416 5932 operis
2461 5855 2597 5931 quod
2629 5855 2910 5928 spopondi,
2961 5859 3113 5913 etiam
3159 5871 3295 5913 nunc
3324 5855 3589 5922 diliqcntia
