4072 6348
496 410 591 466 59!

1738 385 1981 443 SIDONII
2022 383 2470 441 APOLLINARI?

3670 386 3785 444 59‘!

494 527 673 579 senior
693 536 723 575 e
756 513 1081 582 Philostrati,
1111 510 1205 567 sed
1234 518 1291 565 ut
1311 508 1533 564 Tascius
1558 501 1892 560 Victorianus
1919 520 1949 560 e
1970 502 2063 558 Ni-
2098 502 2150 565 Α
2175 502 2530 568 ambientem;
2579 500 2832 572 cupidum
2871 500 3137 567 scientiae,
3180 507 3549 557 continentem
3598 515 3770 571 pecu-

503 613 735 673 comachi
780 607 999 665 schedio
1052 602 1366 673 exscripsit,
1425 600 1547 670 quia
1593 597 1851 669 iusseras,
1906 596 2072 649 misi:

492 721 675 778 quam,
706 702 832 757 dum
862 711 1053 767 parere
1094 695 1311 759 festino,
1338 691 1587 749 celeriter
1612 688 1772 759 ejecit
1801 688 1853 741 in
1887 687 2075 741 tumul-

491 797 722 852 tuarium
773 788 1067 858 exemplar,
1117 785 1327 840 turbida
1373 792 1426 838 et
1466 792 1489 818 η
1534 794 1769 850 praeceps
1818 786 1873 833 et
1922 779 2077 847 opica

490 884 791 942 translatio.
836 881 1017 951 Neque
1063 877 1194 933 mihi
1225 892 1337 931 rem
1379 874 1585 931 credito
1622 870 1928 926 diuturnius
1958 868 2074 924 ela-

493 977 735 1031 boratam
769 973 896 1027 vitio
916 979 1117 1025 vertas.
1141 967 1274 1022 Nam
1299 967 1424 1021 dum
1468 980 1554 1019 me
1594 963 1761 1019 tenuit
1806 960 2072 1015 inclusum

491 1066 693 1122 morab
726 1064 981 1120 moenium
1033 1061 1369 1115 Livianorum
1413 1057 1592 1126 (cujus
1642 1052 1965 1110 incommodi
2015 1050 2079 1105 fi-

492 1174 637 1225 nem,
683 1166 803 1228 post
838 1170 994 1225 opem
1028 1152 1244 1221 Christi,
1278 1150 1370 1205 tibi
1404 1150 1563 1221 215
1592 1146 1811 1215 debeo),
1842 1160 1953 1199 non
1983 1157 2071 1197 va-

494 1251 641 1307 lebat
674 1248 816 1304 curis
840 1247 1049 1302 animus
1088 1259 1252 1314 aeger,
1284 1242 1458 1297 saltim
1507 1239 1778 1294 saltuatim
1813 1234 2074 1291 tradenda

494 1357 833 1413 percurrere,
881 1354 1022 1394 nunc
1066 1353 1159 1407 per
1196 1346 1456 1392 nocturna
1504 1334 1754 1402 suspiria,
1797 1344 1935 1384 nunc
1980 1343 2076 1398 per

494 1436 686 1490 diurna
714 1432 892 1488 ofﬁcia
922 1430 1232 1486 distractus.
1276 1428 1357 1482 Ad
1402 1429 1499 1480 hoc
1536 1434 1589 1479 et
1617 1439 1738 1479 cum
1772 1438 1857 1477 me
1882 1420 2077 1477 defati-

490 1535 675 1597 gatum
710 1524 779 1579 ab
813 1522 1057 1579 excubiis
1104 1521 1169 1575 ad
1203 1518 1557 1573 diversorium
1596 1513 2074 1583 crepusculascens

494 1615 627 1671 hora
657 1622 1020 1679 revocaverat,
1049 1612 1135 1666 vix
1159 1611 1381 1665 dabatur
1402 1608 1691 1664 luminibus
1718 1605 1925 1661 inﬂexis
1946 1619 2073 1674 par-

493 1709 615 1763 vula
646 1708 817 1777 quies.
852 1706 984 1767 Nam
1015 1705 1193 1775 fragor
1238 1702 1381 1757 illico
1411 1717 1571 1771 quem
1613 1701 1901 1755 movebant
1936 1699 2071 1753 vici-

493 1808 684 1853 nantes
712 1796 963 1868 impluvio
992 1795 1222 1851 cubiculi
1247 1795 1351 1849 mei
1383 1794 1501 1848 duae
1525 1793 1784 1861 quaepiam
1818 1789 2073 1845 Gethides

492 1906 648 1955 anus,
671 1890 864 1960 quibus
895 1888 1024 1942 nihil
1072 1901 1301 1956 unquam
1341 1885 1647 1954 litigiosius,
1681 1884 1943 1949 bibacius,
1974 1898 2073 1938 νο·-
2101 1890 2153 1953 Β

493 1982 701 2037 tuacius
740 1980 864 2036 erit.
893 1981 1033 2035 Sane
1077 1994 1199 2033 cum
1234 1978 1462 2048 primum
1510 1977 1690 2033 reduci
1727 1977 1923 2047 aliquid
1975 1976 2071 2032 otii

494 2072 613 2139 fuit,
643 2073 940 2142 impolitum
988 2072 1131 2126 hunc
1168 2070 1657 2139 semicrudumque,
1685 2078 1759 2135 et,
1804 2079 1858 2123 ut
1897 2070 2067 2136 aiunt,

497 2177 519 2204 ε
551 2175 801 2236 tanquam
827 2174 1092 2221 musteum
1125 2164 1339 2223 librum,
1375 2164 1494 2233 plus
1521 2164 1773 2219 desiderii
1805 2164 1877 2217 tui
1908 2179 2068 2233 quam

491 2256 649 2312 ollicii
678 2259 779 2312 mei
820 2272 1028 2312 memor
1053 2256 1243 2310 obtuli.
1278 2256 1537 2323 Quocirca
1579 2258 1777 2325 sepone
1813 2257 2072 2325 IantiSper

492 2350 739 2419 Pythicas
765 2350 944 2405 lauros
972 2350 1496 2419 llippocrenemque,
1521 2366 1551 2403 e
1609 2349 1730 2403 illos
1771 2349 2069 2403 carminum

483 2440 680 2495 modos
704 2440 799 2495 tibi
822 2441 914 2494 uni
936 2451 1137 2495 tantum
1169 2442 1501 2509 penitissime
1528 2439 1855 2505 familiares;
1880 2441 1969 2510 qui
1994 2450 2073 2495 ta-

488 2544 612 2586 men
632 2533 823 2597 doctis,
856 2541 912 2587 ut
940 2547 998 2586 es
1020 2532 1153 2602 ipse,
1182 2533 1427 2602 personis
1462 2549 1565 2587 non
1598 2542 1703 2587 tam
1737 2534 1881 2590 fonte
1909 2550 2067 2605 quam

486 2625 667 2681 fronte
717 2626 1001 2680 sudantur.
1045 2626 1325 2696 Suspende
1359 2626 1649 2697 perorandi
1690 2626 1819 2681 illud
1859 2643 2072 2697 quoque

487 2718 897 2775 celeberrimum
938 2718 1157 2787 ﬂumen,
1190 2719 1331 2789 quod
1363 2735 1467 2774 non
1510 2722 1680 2776 solum
1722 2721 2068 2791 gentilitium,

484 2811 580 2866 sed
620 2809 972 2866 domesticum
1026 2811 1140 2877 tibi,
1189 2813 1441 2881 quodque
1474 2814 1524 2866 in
1557 2822 1705 2867 tuum
1743 2824 1925 2882 pectus
1978 2828 2072 2883 per

485 2903 767 2958 succiduas
809 2913 993 2958 aetates
1031 2903 1100 2958 ab
1142 2912 1301 2957 atavo
1345 2904 1614 2959 Frontone
1661 2904 2068 2959 transfunditur.

487 2996 701 3066 Sepone
725 2997 1069 3066 pauxillulum
1094 2998 1607 3051 conclamatissimas
1629 2997 2066 3064 declamationes,

487 3097 620 3153 quas
646 3083 673 3121 ἀ
697 3086 807 3139 oris
837 3085 969 3153 regii
1000 3087 1113 3140 vice
1138 3087 1391 3140 conﬁcis:
1423 3087 1613 3155 quibus
1643 3087 1755 3156 ipse
1782 3102 1874 3142 rex
1903 3089 2071 3160 incly-

484 3182 573 3230 tus
604 3178 763 3231 modo
799 3177 961 3231 corda
990 3178 1250 3232 terriﬁcat
1282 3179 1517 3246 gentium
1554 3182 2066 3246 transmarinarum;

2182 596 2318 661 nire;
2349 595 2488 650 inter
2526 594 2710 664 epulas
2750 592 3091 659 abstemium,
3133 592 3274 648 inter
3304 600 3627 664 purpuratos
3672 595 3769 651 lin-

2184 696 2407 752 teatum,
2445 688 2588 742 inter
2629 686 2897 741 alabastra
2926 684 3234 741 censorium
3271 698 3645 755 :concretum,
3692 690 3769 745 hi-

2180 779 2413 848 spidum,
2448 779 2733 844 hirsutum,
2776 778 2828 832 in
2863 777 3045 833 medio
3076 778 3349 834 nationum
3380 780 3766 846 delibutarum.

2181 878 2340 941 atque
2380 871 2518 925 inter
2563 879 2805 939 satrapas
2844 885 3031 939 regum
3076 871 3388 926 tiaratorum
3432 872 3765 943 myrrhatos,

2182 962 2505 1031 pumicatos,
2538 960 2922 1017 malobatratos
2944 962 3241 1017 venerabili
3268 963 3519 1033 squalore
3559 966 3766 1035 pretio-

2181 1072 2298 1110 sum
2332 1072 2348 1109 :
2381 1070 2611 1126 cumque
2638 1055 2859 1125 proprio
2888 1055 3022 1110 nihil
3054 1056 3171 1111 esui
3208 1064 3300 1111 aut
3328 1056 3540 1112 indutui
3575 1060 3768 1129 depe-

2180 1146 2316 1202 cude
2338 1146 2626 1213 conferret,
2670 1146 2850 1216 regnis
2879 1146 2948 1201 ob
2986 1145 3107 1214 hoc,
3137 1160 3257 1217 qua:
3293 1132 3613 1218 pererravit,
3659 1165 3766 1204 non

2181 1245 2288 1291 tam
2318 1238 2607 1306 suspicioni
2634 1250 2792 1306 quam
2821 1236 2987 1292 fuisse
3016 1237 3287 1306 suspectui
3311 1254 3325 1302 ;
3358 1248 3411 1293 et
3439 1236 3655 1294 fortuna
3683 1256 3764 1296 re-

2178 1345 2303 1401 gum
2342 1329 2446 1385 sibi
2485 1330 2539 1383 in
2584 1328 2835 1384 omnibus
2864 1328 3285 1393 obsecundante,
3314 1329 3406 1385 illa
3439 1339 3642 1385 tantum
3672 1333 3764 1387 be-

2181 1422 2367 1477 neﬁcia
2399 1428 2729 1491 poscentem,
2762 1436 2883 1490 quae
2914 1435 3068 1490 mage
3097 1420 3167 1473 sit
3196 1430 3381 1475 suetus
3422 1422 3603 1476 oblata
3632 1439 3763 1491 pra:-

2178 1521 2322 1568 stare
2361 1527 2518 1589 quam
2563 1526 2799 1568 sumere.
2827 1510 2964 1578 Quid
3005 1510 3227 1566 multis?
3258 1503 3314 1567 Si
3344 1527 3469 1567 vera
3513 1516 3762 1569 metimur

2178 1606 2636 1677 aestimamusque,
2664 1606 2773 1661 fors
2804 1603 2918 1659 fuat
2951 1620 3018 1659 an
3050 1603 3353 1674 philosophi
3382 1605 3507 1659 vitae
3532 1607 3765 1676 scriptor

2177 1699 2400 1770 aequalis
2446 1699 2709 1768 majorum
2756 1698 3087 1768 temporibus
3133 1698 3446 1767 accesserit,
3485 1708 3633 1755 certe
3668 1714 3760 1769 par

2178 1794 2379 1851 saeculo
2408 1810 2528 1851 meo
2551 1808 2647 1865 per
2678 1802 2731 1849 te
2758 1793 2927 1849 lector
2946 1794 3184 1849 obvenit.
3222 1792 3371 1848 Vale.

2731 1886 3067 1943 EPISTOLA
3106 1886 3195 1941 lV.

2470 1980 2719 2037 Sidonius
2746 1989 2770 2017 ι·
2801 1978 3072 2034 Consentio
3101 1994 3195 2033 suo
3221 1977 3460 2033 salutem.

2247 2072 2565 2144 Unquamne
2620 2088 2719 2129 nos
2748 2073 2842 2130 Dei
2874 2080 3025 2138 nutu,
3071 2071 3287 2127 domine
3323 2072 3525 2142 major,
3546 2086 3649 2128 una
3682 2074 3759 2128 vi-

2173 2163 2323 2220 debit
2361 2165 2450 2221 ille
2497 2179 2624 2235 ager
2667 2174 2789 2221 tuus
2833 2164 3177 2229 Octavianus,
3218 2178 3318 2219 nec
3359 2172 3482 2218 tuus
3528 2170 3759 2232 tantum,

2174 2265 2431 2325 quantum
2462 2257 2786 2312 amicorum?
2811 2256 2910 2323 Qui
2939 2256 3167 2325 civitati,
3200 2255 3383 2322 ﬂuvio,
3414 2258 3551 2311 mari
3576 2258 3759 2328 proxi-

2176 2363 2317 2415 mus,
2371 2348 2609 2418 hospites
2662 2348 2859 2418 epulis,
2912 2358 2963 2403 te
3010 2349 3177 2418 pascit
3222 2350 3382 2421 217
3432 2349 3757 2421 hospitibus.

2175 2436 2378 2493 Preter
2403 2439 2540 2505 haec,
2568 2439 2737 2494 oculis
2765 2440 3082 2496 intuentium
3116 2441 3220 2495 situ
3249 2442 3505 2496 decorus:
3522 2444 3759 2513 primore

2176 2531 2315 2599 loco,
2350 2532 2489 2602 quod
2519 2532 2845 2587 domicilium
2888 2532 3183 2603 parietibus
3208 2534 3490 2601 attollitur,
3535 2536 3600 2588 ad
3630 2550 3759 2590 con-

2174 2624 2461 2678 cinentiam
2494 2625 2700 2680 scilicet
2724 2625 3197 2681 architectonicam
3222 2628 3367 2682 labre
3389 2628 3576 2683 locatis
3607 2644 3622 2683 :
3648 2636 3755 2683 tum

2175 2718 2432 2784 Sacrario,
2476 2720 2767 2787 porticibus
2808 2734 2869 2774 ac
2898 2720 3124 2775 thermis
3170 2721 3617 2789 consnicabilibus
3649 2722 3756 2778 late

2175 2825 2495 2867 coruscans:
2530 2812 2597 2867 ad
2648 2814 2749 2868 hoc
2795 2814 2961 2884 agris,
3017 2815 3299 2884 aquisque,
3347 2815 3545 2870 vinetis
3591 2824 3755 2886 atque

2175 2901 2406 2968 olivetis,
2441 2905 2726 2971 vestibulo,
2758 2919 2969 2975 campo,
3014 2906 3153 2961 colle
3178 2907 3597 2961 amoenissimus.
3632 2906 3753 2961 Jam

2174 3008 2333 3064 super
2370 3010 2589 3064 penum,
2620 2996 2703 3051 vel
2735 2996 3119 3066 supellectilem
3157 2997 3451 3068 copiosam,
3486 2998 3755 3055 thesauris

2173 3088 2638 3143 bibliothecalibus
2688 3090 2832 3159 large
2880 3089 3148 3145 refertus:
3179 3089 3264 3145 ubi
3317 3090 3433 3158 ipse
3475 3090 3596 3145 dum
3639 3106 3751 3146 non

2174 3182 2348 3235 minus
2376 3182 2516 3252 stylo
2541 3198 2701 3252 quam
2740 3184 2942 3238 vomeri
2980 3183 3260 3247 incumbis,
3299 3183 3517 3239 difﬁcile
3544 3185 3751 3238 discer-

484 3267 672 3347 η]οάρῂ
685 3267 752 3321 de
784 3269 1061 3335 superiore
1101 3282 1221 3322 cum
1264 3268 1505 3322 barbaris
1536 3269 1604 3323 ad
1635 3269 1908 3325 Vachalim
1952 3280 2063 3326 tre-
2091 3270 2138 3335 C
2172 3277 2315 3331 nitur
2344 3277 2543 3330 domini
2585 3276 2706 3345 plus
2754 3292 2821 3331 ne
2860 3277 2930 3331 sit
2968 3278 3169 3331 cultum
3214 3292 3325 3345 rus,
3359 3292 3424 3331 an
3457 3278 3749 3347 ingenium.

486 3334 751 3412 mentibus
776 3334 953 3412 fmdus
984 3359 1155 3413 victor
1196 3359 1445 3423 innodat;
1488 3357 1648 3413 modo
1684 3376 1777 3427 per
1806 3372 2064 3429 promotae

484 3450 707 3505 limitem
755 3450 937 3516 sortis,
1000 3458 1056 3505 ut
1096 3451 1321 3519 populos
1371 3452 1470 3506 sub
1517 3455 1703 3519 armis,
1760 3456 1837 3507 sic
1892 3454 2065 3509 frenat

480 3556 631 3597 arma
662 3543 762 3598 sub
784 3542 1006 3612 legibus.
1042 3543 1252 3598 Exuere
1278 3553 1544 3615 utcunque
1585 3546 2064 3604 continuatissimis

479 3637 650 3704 curis,
700 3644 754 3691 et
805 3637 971 3690 otium
1017 3646 1164 3691 tuum
1213 3638 1443 3692 molibus
1497 3637 1682 3691 aulicis
1726 3640 2061 3709 motibusque

482 3729 680 3785 furare.
724 3727 1013 3784 Historiam
1053 3729 1341 3800 ﬂagitatam
1391 3738 1517 3785 tunc
1565 3747 1920 3802 recognosces
1962 3748 2060 3805 op-

481 3836 708 3892 portune
736 3822 899 3895 216
932 3831 1426 3894 competenterque,
1475 3825 1515 3878 si
1559 3840 1678 3879 cum
1717 3826 1934 3896 Tyaneo
1958 3843 2057 3882 no-

440 3970 445 3975 _
480 3924 611 3981 stro,
640 3929 779 3968 nunc
802 3916 868 3967 ad
906 3914 1199 3970 Caucasum
1232 3914 1547 3986 Indumque,
1578 3934 1716 3975 nunc
1748 3921 1814 3974 ad
1844 3921 2055 3979 ΙΕιιιίθ-

476 4022 605 4075 pum
642 4008 1111 4077 gymnosophistas
1149 4008 1509 4080 Indorumque
1538 4012 1875 4080 bracmanas,
1915 4025 2056 4071 totus

480 4099 697 4154 lectioni
746 4114 964 4166 vacans,
1006 4111 1059 4154 et
1100 4103 1212 4169 ipse
1258 4104 1650 4170 quodammodo
1689 4110 2047 4177 peregrinere.

474 4190 618 4259 Lege
638 4191 833 4255 virum,
859 4191 979 4244 ﬁdei
1003 4191 1281 4246 catholicae
1303 4209 1428 4262 pace
1452 4198 1693 4265 praefata,
1727 4201 1778 4253 in
1811 4203 2056 4270 plurimis

475 4281 707 4334 similem
738 4281 836 4346 tui,
871 4281 921 4334 id
952 4291 1034 4335 est
1060 4296 1090 4335 a
1116 4281 1373 4339 divitibus
1404 4288 1685 4355 ambitum,
1710 4308 1811 4347 nec
1840 4295 2056 4350 divitias

475 4435 1138 4509 emendationismoratur.
1185 4439 1299 4495 Non
1338 4444 1481 4497 enim
1532 4445 1915 4506 existimabant
1946 4455 2045 4509 viri

475 4508 615 4560 docti
646 4521 705 4560 se
729 4506 904 4579 ofﬁcio
934 4508 1261 4579 perfunctos,
1292 4528 1411 4566 cum
1444 4530 1512 4567 ex
1546 4519 1818 4573 codicibus
1846 4506 1966 4579 suis
1984 4506 2051 4579 li;

476 4580 627 4631 brum
651 4578 824 4631 amico
851 4578 1258 4664 exscribendum
1293 4595 1562 4664 curarent,
1599 4588 1700 4642 nisi
1738 4607 1860 4646 eum
1887 4578 2047 4664 opera

472 4662 567 4701 sua
596 4662 753 4717 quam
788 4651 1277 4707 emendatissimum
1319 4651 1621 4711 redderent.

549 4728 575 4806 ξι
607 4719 925 4806 βᾼξξᾳξριίο.
969 4722 1057 4776 Sic
1081 4725 1172 4776 lib.
1202 4740 1277 4790 ix,
1318 4730 1471 4806 epl_~l.
1506 4729 1588 4793 l6,
1623 4730 1691 4786 de
1726 4737 2048 4806 exemplari-

470 4790 947 4870 btts‘epistolarum
973 4808 1203 4870 suarum
1231 4813 1245 4849 :
1272 4790 1458 4866 raptim
1495 4790 1803 4870 coactimque
1829 4790 2051 4863 transla—

2169 3369 2335 3423 ﬂictu
2366 3370 2523 3439 igitur
2557 3370 2835 3440 (quantum
2885 3370 3158 3441 recordor)
3201 3370 3335 3425 citos
3366 3371 3592 3438 iambos,
3640 3371 3748 3425 ele-

2168 3479 2263 3534 gos
2291 3472 2498 3529 acutos,
2530 3478 2593 3518 ac
2641 3463 2956 3520 rotundatos
3004 3465 3504 3537 hendecasyllabos,
3547 3476 3600 3521 et
3644 3480 3747 3520 ca:-

2168 3565 2280 3611 tera
2309 3557 2546 3611 carmina
2594 3557 2828 3614 musicos
2858 3558 3018 3614 ﬂores
3044 3559 3393 3630 thymumque
3419 3559 3736 3623 redolentia,

2165 3664 2306 3705 nunc
2328 3649 2763 3705 Narbonensibus
2792 3651 3119 3716 cantitanda,
3148 3666 3289 3705 nunc
3326 3650 3741 3719 Biterrensibus,

2165 3743 2539 3815 ambigendum
2566 3743 2792 3799 celerius
2831 3758 2899 3797 an
2932 3743 3201 3812 pulchrius
3225 3742 3575 3808 elucubrasti,
3601 3740 3743 3810 apud

2161 3852 2428 3907 mqumvos
2470 3839 2697 3908 gratiam
2741 3847 2905 3900 tuam,
2938 3836 3130 3891 famam
3167 3835 3304 3906 apud
3335 3844 3579 3906 posteros
3624 3850 3743 3915 ams

2162 3931 2443 4001 pliaturus.
2494 3930 2656 3985 Certe
2687 3930 2896 3998 quoﬁes
2928 3928 3058 3983 mihi
3102 3930 3174 3983 tui
3220 3944 3404 3983 versus
3445 3945 3473 3981 a
3516 3928 3741 3983 medita-

2163 4024 2323 4078 tionis
2364 4021 2574 4087 incude,
2611 4031 2859 4091 tanquam
2904 4020 3079 4076 adhuc
3115 4020 3294 4086 calidi,
3337 4020 3736 4085 deferebantur,

2164 4115 2243 4169 sic
2264 4114 2562 4177 videbatur,
2593 4113 2682 4181 qui
2710 4123 2763 4167 et
2795 4112 2839 4165 si
2864 4125 2968 4166 non
2996 4111 3131 4166 bene
3151 4113 3349 4180 scribo,
3377 4113 3515 4167 bene
3535 4111 3734 4179 judico.

2164 4204 2268 4260 Sed
2303 4206 2443 4272 quod
2466 4202 2736 4257 fatendum
2775 4212 2856 4257 est
2892 4203 3082 4258 talibus
3116 4203 3303 4258 studiis
3341 4206 3581 4259 anterior
3609 4214 3738 4259 tetas

2161 4300 2305 4368 juste
2339 4296 2586 4363 vacabat,
2634 4311 2728 4351 seu
2782 4295 2921 4365 quod
2964 4305 3046 4351 est
3084 4296 3281 4364 verius,
3339 4299 3739 4369 occupabatur:

2155 4466 2323 4533 stram
2356 4457 2459 4533 h_oc_
2484 4463 2605 4533 post
2634 4454 3002 4533 Arvernorum
3040 4459 3367 4533 deditionem
3414 4464 3677 4533 relegatus
3703 4480 3737 4521 a

2158 4527 2347 4583 Gothis
2370 4527 2643 4591 Sidonius,
2669 4526 2862 4582 Leonis
2888 4530 3217 4595 potissimum
3252 4546 3417 4600 Opera
3449 4526 3734 4591 libératum

2154 4614 2214 4654 se
2242 4601 2539 4668 proﬁtetur.

2230 4682 2251 4707 ο
2281 4670 2575 4747 Βθοθιιιθιῃ
2613 4680 2669 4725 et
2692 4671 2993 4747 incoctum,
3036 4672 3203 4727 instar
3242 4676 3421 4729 musti.
3468 4676 3620 4731 PlinLi
3650 4678 3735 4747 jth

2157 4742 2324 4816 nioris
2350 4742 2617 4816 exemplo,
2641 4742 2732 4816 qui
2756 4754 3016 4798 mnSteum
3041 4759 3252 4816 quoque
3274 4748 3463 4801 librum
3494 4742 3732 4816 dixerat,

2156 4812 2246 4865 lib.
2280 4828 2396 4877 vni,
2435 4814 2589 4888 epist.
2634 4812 3326 4888 21,mustaceumuVelius
3357 4818 3589 4888 Longus.
3635 4812 3729 4874 Sic

470 4860 1098 4956 i‘iilff“1i"i.‘?£ffi‘li“i
1132 4866 1221 4956 ωδ-
1257 4860 1518 4956 svia;
1546 4873 1631 4953 εί..
1656 4860 1805 4943 εοᾱνεα
1829 4860 2049 4949 transa-

2168 4860 2419 4937 nusteum
2446 4860 2659 4937 c'as’eum
2695 4860 2894 4938 ﬁlinius
2926 4887 3084 4951 alter,
3111 4885 3207 4940 lib.
3236 4902 3271 4941 ιι
3297 4860 3517 4955 Hister:
3543 4860 3613 4941 4.2
3628 4860 3733 4956 ξεῖ

470 4932 644 5011 randi;
685 4942 739 4984 et
778 4932 1021 4987 Ruricius
1065 4937 1223 5011 epist.
1261 4939 1294 4992 8
1330 4932 1403 4991 ad
1427 4932 1726 4997 Sidonium'
1754 4932 2039 5006 nostrum:

470 4999 712 5077 Epdice»;
750 5018 983 5073 namque,
1015 4999 1163 5073 quem
1188 5008 1251 5060 de
1273 5012 1429 5077 fratre
1459 5028 1568 5065 meo
1598 5013 1809 5069 Leontio
1826 4999 2043 5077 tnta-re;

470 5072 639 5159 figere
674 5074 966 5159 jusseratis,
1013 5072 1334 5159 transtulisse
1371 5082 1675 5159 mefaleor;
1710 5084 1811 5141 hoc
1850 5072 2042 5159 cst,ﬁut

472 5144 1045 5229 ipselpostloquitur,‘
1073 5151 1400 5229 cachinnasse.
1441 5144 1536 5229 Vel
1575 5144 1665 5229 hic
1681 5172 1840 5225 porro
1871 5144 2038 5229 locus,

471 5212 706 5300 etualte‘r
752 5212 860 5286 82
915 5221 1069 5300 epist.
1122 5212 1362 5300 Μηρώ..
1395 5238 1463 5286 tv,
1496 5224 1573 5300 de
1604 5212 1885 5300 Menandri
1908 5212 2036 5300 Epi:

474 5293 894 5371 trepon‘tefquem
923 5289 1152 5371 legebat,
1182 5292 1475 5371 bidODillm_
1496 5296 1684 5365 linguae
1714 5297 1914 5355 Graecae
1943 5289 2037 5371 pe-

392 5385 429 5457 l,
468 5356 824 5479 :gggtutll'uisse
864 5359 1112 5425 probant,
1156 5374 1354 5431 eosque
1382 5356 1710 5435 redarguunt
1738 5371 1826 5438 qui
1855 5356 2040 5428 contra

468 5439 727 5480 sentiunt.

537 5494 567 5535 δ
587 5496 770 5575 _Livi_a,
800 5498 1074 5575 castellum
1110 5500 1163 5555 in
1195 5503 1386 5558 ﬁnibus
1415 5507 1701 5575 provincia:
1729 5510 2039 5569 Narbonem

469 5570 561 5654 gis’
586 5568 723 5654 ’ἔξω
758 5570 937 5654 prgcul
960 5568 1500 5654 Qafcawﬁﬂegjﬂ'ex
1539 5581 1794 5654 _Aimoino
1823 5568 2035 5654 colligi-

473 5648 553 5721 tur
600 5638 693 5721 lib.
738 5655 776 5693 ιι
800 5639 1188 5721 AT'r‘anslationis
1206 5645 1594 5721 S.‘_Vin_centii,
1634 5665 1751 5721 cap.
1780 5654 1837 5709 ί.
1891 5638 2035 5710 Ιάέἰῐι

468 5710 628 5788 etiam
661 5711 823 5791 docet
843 5710 1043 5767 Tabula
1076 5715 1349 5791 itineraria
1392 5710 1715 5791 Peutingeri:
1758 5740 1876 5791 qua:
1900 5728 2031 5779 Car-

464 5782 783 5859 cassionem
812 5782 1050 5859 int_er_ac
1080 5786 1377 5859 Narbonem
1422 5782 1712 5856 locatfscd'
1758 5782 2028 5851 Livianam

462 5852 723 5915 ctutniltnt,
754 5852 1067 5909 duodecimo
1097 5874 1125 5913 υ
1153 5857 1497 5915 Carcassiona
1524 5852 1792 5921 milliario.
1827 5865 1904 5920 Ad
1937 5882 2027 5921 ea-

2153 4965 2353 5024 mustea
2387 4968 2534 5024 pyra,
2569 4965 2833 5009 musteum
2864 4957 3160 5017 succinum,
3193 4958 3311 5012 aliis
3336 4960 3485 5014 locis.

2221 5022 2249 5061 ά
2276 5027 2381 5079 Leo
2424 5022 2567 5079 enim
2614 5026 2758 5079 velut
2805 5038 3045 5097 quaestor,
3082 5038 3197 5082 erat
3248 5029 3445 5084 Eurici.
3481 5030 3729 5097 Qualstor

2147 5106 2327 5151 autem
2375 5111 2436 5150 os
2482 5097 2753 5164 principis.
2797 5094 2996 5151 Gentes
3034 5096 3428 5153 Transmarince
3476 5094 3577 5155 hoc
3606 5104 3727 5156 loco

2145 5175 2272 5221 sunt
2300 5168 2536 5229 Vandali,
2570 5170 2657 5234 qui
2686 5168 2734 5220 in
2765 5167 2941 5222 Africa
2971 5170 3103 5222 mari
3134 5178 3337 5224 tantum
3367 5186 3395 5223 a
3426 5169 3722 5226 Gothorum

2146 5239 2471 5311 Septimania
2498 5238 2679 5311 divisi.
2702 5238 2925 5311 Barbari
2968 5241 3032 5293 ad
3064 5240 3362 5311 Vachalim,
3396 5242 3590 5297 Franci
3620 5260 3721 5297 no-

2141 5308 2241 5361 stri
2270 5324 2283 5359 :
2316 5318 2371 5360 ut
2400 5310 2636 5361 carmine
2660 5309 2742 5361 12.

2264 5377 2508 5425 Detonsus
2532 5376 2779 5425 Vachalim
2800 5378 2934 5428 bibat
2957 5379 3226 5432 Sicamber.

2177 5447 2449 5528 Promotae
2502 5449 2666 5528 sortis
2728 5449 2879 5504 limes
2937 5453 3002 5505 ad
3057 5454 3263 5528 imperii
3306 5456 3528 5511 Romani
3583 5457 3719 5512 line:

2147 5517 2587 5595 referendusem,
2620 5518 2671 5595 in
2695 5535 2838 5589 quos
2858 5517 3163 5592 pervaserat
3191 5527 3447 5593 Euricus;
3475 5538 3531 5582 ut
3557 5543 3715 5595 supra

2145 5587 2343 5643 dictum
2369 5604 2436 5642 ex
2467 5587 2729 5646 Ennodio.

2218 5667 2241 5696 ε
2272 5659 2626 5742 Narbonensi,
2662 5664 2780 5742 viro
2815 5679 3011 5733 genere
3050 5666 3343 5742 et__litter_is
3390 5668 3715 5742 clarissimo.

2140 5727 2413 5809 consenui
2434 5731 2660 5785 senioris
2691 5727 2907 5809 ﬁliofut
2936 5751 3077 5809 reor.
3107 5738 3236 5793 Nam
3268 5739 3373 5793 duo
3398 5740 3514 5809 ejus
3553 5727 3716 5795 noun;

2142 5802 2223 5877 [iis
2246 5799 2479 5877 fuerunt,
2501 5811 2569 5877 Διιι
2599 5813 2680 5857 est
2712 5808 2762 5857 in
2801 5799 2958 5877 epist.
2996 5807 3065 5861 15
3087 5809 3153 5861 ad
3184 5799 3483 5877 Gelasium,
3509 5811 3606 5867 lib.
3641 5826 3718 5869 Ix.

2141 5869 2215 5925 De
2244 5872 2430 5928 eodem
2466 5873 2611 5939 plura
2637 5876 2797 5930 etiam
2827 5869 2880 5930 in
2907 5876 3175 5935 Narbone.
