4072 6348
301 402 417 461 595

1508 401 1987 462 EPISTOLARUM
2028 404 2155 460 LIB.
2200 405 2327 461 VIII.

3460 412 3568 470 594

300 514 473 573 modo
503 520 711 583 tempus
738 523 823 570 est
842 514 976 571 seria
1006 515 1129 584 legi,
1165 516 1302 570 seria
1341 514 1527 580 scribi,
1559 515 1730 585 deque
1759 531 1879 586 per-
1906 520 1957 577 Α
1982 516 2147 585 gloria
2174 516 2458 585 aequipari;
2488 517 2628 574 idem
2654 528 2829 575 tamen
2872 534 3141 591 nunquam
3169 536 3228 577 se
3254 523 3385 578 satis
3413 522 3567 577 duxit

300 615 473 680 petua
491 604 599 661 vita
623 605 798 674 potius
818 616 977 676 quam
1002 606 1259 660 memoria
1284 606 1529 676 cogitari,
1560 606 1886 676 nimiumque

301 700 640 769 meminisse,
673 708 855 756 nostra
904 709 1023 768 post
1074 710 1297 753 mortem
1330 716 1435 754 non
1464 701 1742 769 opuscula,
1790 700 1884 755 sed

298 807 478 866 opera
517 790 809 862 pensanda.
842 790 969 859 Quae
1016 790 1229 860 quidem
1279 790 1344 844 ad
1394 806 1632 860 prmsens
1680 806 1786 845 non
1815 791 1887 846 ita

302 888 523 957 loquor,
552 884 703 955 quasi
726 892 779 937 tu
806 897 911 938 non
941 892 1162 951 utraque
1190 882 1453 936 laudanda
1482 881 1773 936 conﬁcias:
1797 892 1891 937 aut

299 978 351 1034 si
384 976 558 1033 adhuc
586 977 743 1031 durat
771 974 823 1028 in
873 988 1119 1028 sermone
1145 973 1348 1039 laetitia,
1406 990 1511 1027 non
1555 974 1889 1028 custodiatur

300 1072 364 1128 in
404 1071 613 1126 actione
633 1075 858 1125 censura
891 1084 906 1122 :
932 1067 1026 1122 sed
1059 1076 1115 1122 ut
1142 1068 1233 1138 qui
1261 1066 1477 1123 Christo
1509 1067 1723 1123 favente
1749 1069 1887 1124 clam

299 1171 529 1219 sanctus
562 1176 643 1228 es,
669 1160 779 1229 jam
829 1160 988 1231 218
1031 1161 1202 1228 palam
1250 1159 1501 1228 religiosa
1551 1161 1889 1217 venerandus

300 1255 439 1326 jugo
459 1252 661 1308 salubri
688 1251 823 1306 colla
854 1252 1052 1320 pariter
1077 1260 1129 1305 et
1157 1252 1317 1306 corda
1346 1250 1576 1307 subdare
1605 1269 1618 1305 :
1652 1252 1889 1323 invigilet

302 1350 623 1408 caelestibus
648 1331 830 1418 lingua
850 1347 1149 1418 praeconiis,
1174 1348 1352 1402 anima
1376 1349 1676 1414 sententiis,
1702 1351 1886 1404 dextra

302 1441 572 1507 donariis,
597 1439 865 1512 praecipue
885 1449 1058 1493 tamen
1082 1438 1269 1495 dextra
1298 1439 1567 1506 donariis;
1594 1440 1711 1510 quia
1736 1441 1889 1510 quid-

304 1537 441 1608 quid
465 1534 705 1592 ecclesiis
725 1534 951 1605 spargis,
985 1533 1076 1587 tibi
1110 1533 1318 1602 colligis
1348 1549 1363 1588 :
1391 1534 1455 1587 ad
1485 1532 1637 1601 cujus
1667 1532 1889 1587 exerci-

308 1632 389 1686 tia
428 1629 640 1685 virtutis
684 1626 812 1681 illud
852 1626 939 1681 vel
972 1625 1339 1693 principaliter
1367 1634 1418 1679 te
1468 1625 1658 1694 poterit
1701 1640 1888 1679 accen-

308 1722 467 1785 dere,
486 1718 629 1790 quod
656 1718 792 1773 inter
812 1732 938 1786 opes
955 1717 1217 1787 quaslibet
1238 1716 1396 1785 positi
1424 1716 1566 1786 (quae
1587 1716 1725 1770 bona
1751 1718 1885 1771 stul-

309 1812 387 1867 tis
419 1810 551 1866 falso
576 1808 851 1877 vocantur)
878 1808 922 1862 si
948 1808 1075 1878 quid
1103 1807 1331 1877 agimus,
1368 1817 1642 1874 nostrum;
1684 1809 1727 1862 si
1759 1808 1884 1878 quid

313 1904 596 1970 habemus,
623 1901 851 1956 alienum
882 1908 983 1955 est.
1026 1900 1175 1955 Vale.

879 2012 1208 2070 EPISTOLA
1247 2014 1310 2068 ν,

634 2108 879 2165 Sidonius
910 2105 1189 2162 Fortunali
1212 2122 1307 2161 suo
1327 2108 1560 2161 salutem.

384 2224 495 2281 lbis
528 2231 581 2278 et
610 2231 667 2278 tu
707 2223 761 2277 iu
816 2222 1031 2291 paginas
1078 2228 1311 2286 nostras,
1344 2220 1888 2276 amicitiae.columen

317 2314 649 2379 Fortunalis,
683 2312 1004 2371 lbericat‘um
1030 2309 1195 2366 decus
1222 2310 1430 2367 illustre
1452 2311 1750 2381 regionum.
1782 2311 1889 2368 Ne-

316 2424 424 2480 que
443 2408 582 2462 euim
614 2405 710 2460 tibi
738 2403 1073 2459 familiaritas
1106 2413 1213 2457 tam
1246 2418 1406 2473 parva
1435 2417 1555 2458 cum
1587 2404 1799 2469 litteris,
1832 2415 1890 2459 ut

316 2519 416 2575 per
442 2502 536 2557 has
558 2504 702 2571 ipsas
728 2500 796 2555 de
823 2508 875 2555 te
901 2499 1098 2569 aliquid
1130 2507 1251 2568 post
1276 2508 1328 2553 te
1357 2512 1639 2567 superesse
1667 2513 1773 2552 non
1796 2498 1891 2552 de-

314 2604 452 2652 ceat.
510 2595 667 2650 Vivet
712 2593 882 2662 ilicet,
925 2592 1071 2648 vivet
1108 2593 1161 2648 in
1206 2601 1477 2663 posterum
1536 2592 1765 2648 nominis
1816 2591 1890 2647 tui

315 2687 506 2757 gloria.
530 2685 660 2739 Nam
687 2684 731 2739 si
758 2698 861 2754 qua
885 2682 1081 2738 nostris
1106 2683 1563 2753 qualitercumque
1586 2683 1775 2753 gratia,
1805 2696 1891 2737 re-

314 2778 575 2846 verentia,
624 2776 757 2831 ﬁdes
799 2776 1053 2831 chartulis
1093 2776 1249 2842 inest,
1296 2775 1428 2830 sciat
1456 2784 1587 2830 tetas
1626 2777 1748 2830 volo
1795 2789 1892 2845 po-

316 2879 517 2938 stuma,
551 2868 682 2924 nihil
715 2877 802 2923 tua
832 2868 936 2923 ﬁde
982 2868 1207 2934 ﬁrmius,
1238 2868 1408 2923 forma
1440 2868 1733 2937 pulchrius,
1767 2882 1891 2922 sen-

322 2961 488 3016 tentia
508 2960 722 3030 justius,
755 2960 1009 3028 patientia
1047 2959 1379 3025 tolerantius,
1409 2960 1677 3030 colloquio
1697 2960 1889 3029 jucun-

319 3053 458 3106 dius.
492 3051 620 3105 Illud
647 3064 857 3120 quoque
896 3064 1059 3119 supra
1087 3060 1281 3106 caetera
1321 3061 1598 3120 agnoscet,
1627 3050 1890 3119 praeconia

320 3145 565 3199 laudibus
597 3144 700 3198 tuis
734 3158 798 3197 ex
826 3150 1069 3197 votorum
1093 3143 1471 3198 contrarietate
1493 3141 1726 3196 venisse.
1760 3142 1889 3196 Nam

322 3251 489 3306 prope
527 3245 630 3300 est,
676 3243 734 3289 ut
759 3234 1077 3290 eminentius
1116 3244 1421 3302 censeatur,
1461 3234 1604 3338 quod
1633 3234 1891 3303 probave-
1917 3255 1964 3320 ο
1993 3234 2227 3338 ἔιὲ

323 3336 449 3382 runt
480 3335 530 3381 te
559 3326 779 3381 adversa
827 3334 1187 3392 constantem,
1232 3340 1393 3396 quam
1441 3326 1487 3379 si
1526 3325 1763 3381 celarent
1807 3341 1891 3382 se-

320 3418 495 3474 cunda
528 3417 750 3474 felicem.
790 3418 940 3472 Vale.

776 3533 938 3602 219
976 3527 1307 3586 EPISTOLA
1348 3529 1434 3584 v1.

592 3624 838 3679 Sidonius
869 3633 894 3661 ⁸
932 3622 1225 3677 Nammatio
1261 3638 1353 3677 suo
1378 3622 1616 3676 salutem.

387 3740 452 3795 C.
488 3735 757 3794 Caesarem
805 3739 1141 3803 dictatorem,
1187 3751 1291 3806 quo
1323 3736 1501 3793 ferunt
1540 3737 1740 3791 nullum
1773 3752 1886 3793 rem

316 3830 603 3885 militarem
632 3830 873 3885 ducalius
896 3828 1314 3897 administrasse,
1350 3829 1526 3884 studia
1552 3829 1785 3885 dictandi
1813 3830 1887 3885 le-

317 3922 646 3992 ctitandique
687 3921 788 3975 sibi
818 3930 1000 3977 mutuo
1028 3921 1389 3978 vindicavere.
1430 3921 1499 3976 Et
1526 3922 1649 3977 licet
1697 3923 1751 3977 in
1776 3938 1891 3992 per-

316 4030 448 4072 sona
478 4017 634 4071 unius
677 4016 1024 4085 ejusdemque
1062 4024 1305 4085 tempore
1342 4029 1438 4069 suo
1473 4017 1732 4085 principis
1757 4016 1882 4082 viri,

316 4108 625 4177 castrensis,
650 4107 1003 4179 oratoriaeque
1020 4108 1255 4165 scientia:
1275 4123 1400 4162 cura
1422 4107 1889 4165 certaveritferme

388 4323 415 4351 ει
446 4312 560 4367 Non
589 4312 755 4381 liquet
782 4328 847 4381 an
879 4311 965 4366 hic
1006 4311 1076 4367 sit
1113 4311 1405 4375 Namatius,
1435 4323 1694 4365 consocer
1720 4307 1879 4365 Ruri-

315 4383 408 4449 cii,
437 4384 509 4436 ad
526 4380 680 4450 quem
705 4390 759 4434 ct
778 4380 1089 4453 Cerauniam
1116 4384 1232 4451 ejus
1251 4381 1530 4453 conjugem
1555 4390 1766 4436 exstant
1787 4383 1883 4439 ali-

315 4464 448 4523 quot
474 4453 709 4523 epistolre
742 4454 939 4506 lturicii
966 4451 1223 4522 ejusdem.

391 4524 418 4562 ι)
447 4522 834 4591 Lugdunensis,
886 4540 948 4577 ex
992 4525 1246 4579 advocato
1286 4522 1425 4579 sedis
1452 4524 1784 4593 praetorianae
1829 4533 1884 4579 et

319 4608 613 4658 assessore,
640 4595 721 4645 vir
752 4594 1079 4658 spectabilis.
1114 4596 1245 4648 Tres
1291 4604 1468 4647 autem
1504 4595 1882 4650 honoratorum

320 4664 524 4733 gradus
553 4665 602 4715 in
633 4679 735 4716 uno
765 4664 1025 4729 distinxit,
1066 4663 1494 4727 clarissimatum,
1527 4666 1882 4728 spectabilita-

321 4742 455 4799 tem,
487 4734 798 4786 illustratum
836 4753 845 4785 :
876 4735 944 4788 de
991 4736 1181 4802 quibus
1228 4733 1577 4788 Cassiodorus
1611 4734 1885 4790 Variarum

319 4804 417 4858 lih.
453 4820 500 4856 vn
528 4815 583 4857 et
606 4819 699 4857 vn.
726 4805 794 4856 Ita
815 4806 866 4857 in
893 4805 1067 4858 edicto
1098 4805 1343 4858 Hunerici
1369 4804 1506 4871 regis
1534 4805 1671 4871 apud
1704 4806 1889 4861 Victo-

319 4890 436 4957 rem
468 4874 765 4929 Uticensem
800 4876 889 4957 lib.
924 4890 976 4927 ιιι
1020 4875 1365 4957 designantur
1383 4874 1887 4957 'illuslres,_.specta-

320 4946 771 5009 bilis,lsenatores,
805 4945 903 4997 hoc
929 4956 1012 4997 est
1050 4944 1349 5014 clarissimi.
1381 4944 1444 4996 Et
1471 4958 1500 4997 e
1537 4944 1727 5014 triplici
1750 4946 1888 5014 judi-

318 5030 440 5068 cum
466 5015 630 5082 gradu
656 5014 1009 5081 provinciales
1041 5023 1277 5069 rectores
1304 5013 1581 5066 clariSsimi
1612 5013 1783 5080 erant,
1810 5017 1893 5071 vi-

319 5085 448 5138 carii
494 5084 752 5152 majorum
780 5086 1070 5138 dimcesum
1116 5084 1451 5153 spectabiles,
1498 5084 1731 5150 praefecti
1763 5101 1891 5153 prae-

320 5156 462 5209 torio
499 5154 751 5228 illustres.
793 5156 1063 5228 Nicetium
1092 5154 1652 5228 itaqueclarissimum
1688 5157 1887 5228 lacerat

318 5236 469 5278 ortus
501 5224 794 5278 senatorius
834 5243 844 5277 :
870 5225 1208 5293 spectabilem
1233 5224 1494 5278 diuturnae
1525 5224 1888 5279 advocationis

318 5296 658 5364 praetoriana
700 5295 1053 5361 privilegium,
1086 5311 1151 5349 ex
1183 5294 1398 5348 Novella
1436 5294 1789 5348 Valentiniani
1821 5297 1889 5349 de

318 5363 657 5432 postulando,
675 5380 794 5433 qua:
816 5366 1085 5419 advocatis
1106 5374 1226 5432 post
1253 5363 1319 5419 15
1346 5379 1514 5418 annos
1532 5364 1619 5433 jus
1646 5365 1890 5419 concedit

320 5436 538 5561 1vit-aria:
564 5435 858 5504 dignitatis.
902 5434 1164 5491 Illustrem
1210 5435 1438 5504 denique
1482 5435 1667 5491 merita
1701 5436 1888 5490 redde-

359 5517 468 5559 aut.

359 5517 468 5559 ant.

397 5586 420 5614 ο
444 5576 618 5630 Patris
639 5576 720 5630 sui
745 5589 937 5629 nomen
958 5574 1206 5632 Sidonius
1234 5591 1492 5643 nusquam
1530 5576 1723 5640 prodit.
1750 5576 1891 5629 Prm-

321 5644 518 5699 fectum
551 5647 799 5714 praetorio
836 5644 1123 5701 Galliarum
1152 5646 1316 5700 fuisse
1346 5661 1485 5699 anno
1509 5648 1614 5700 us
1656 5646 1890 5701 declarat

492 5718 684 5770 Asterii
754 5718 1093 5780 consulatus,
1151 5717 1238 5782 qui
1300 5731 1490 5769 nomen
1554 5717 1700 5770 dedit
1747 5731 1888 5770 anno

322 5784 449 5840 ιιι).
496 5788 575 5839 0b
607 5786 744 5840 hanc
772 5801 898 5851 ergo
941 5786 1305 5854 prmfecturam
1356 5784 1690 5852 prmfectorio
1736 5796 1887 5851 patre

327 5869 481 5911 nutus
512 5858 577 5911 ab
605 5856 856 5912 Arvando
884 5858 1055 5912 dictus
1076 5856 1351 5925 Sidonius,
1384 5854 1475 5911 lib.
1509 5870 1546 5917 t.
1571 5855 1728 5925 epist.
1756 5857 1807 5924 7,
1832 5865 1886 5912 et

1994 607 2045 661 in
2076 606 2351 676 utriusque
2394 609 2526 663 artis
2566 624 2691 665 arce
2719 612 3096 681 compositum,
3123 614 3425 685 priusquam
3470 628 3563 669 ve-

1990 699 2086 753 stri
2118 698 2392 766 Arpinatis
2419 700 2729 756 testimonio
2756 703 2964 757 caeteris
2993 704 3309 761 mortalibus
3332 705 3562 763 antefer-

1991 796 2157 844 retur.
2189 789 2342 857 Quod
2385 790 2517 845 mihi
2559 806 2793 861 quoque,
2822 794 2867 848 si
2904 808 3065 864 parva
3108 796 3312 865 magnis
3341 810 3563 867 compo-

1993 897 2121 936 nere
2168 880 2312 949 licet,
2356 882 2647 939 secundum
2691 883 2964 939 modulum
3010 901 3208 953 meum,
3256 903 3561 958 quanquam

1991 973 2369 1041 dissimillimo,
2402 974 2648 1031 similiter
2660 976 2905 1030 accessit.
2932 976 3061 1042 Quae
3086 994 3245 1048 super
3265 988 3484 1035 cunctos
3505 987 3561 1035 te

1991 1069 2382 1138 quamprimum
2426 1068 2604 1124 decuit
2640 1083 2950 1138 agnoscere,
3003 1071 3125 1140 quia
3181 1071 3273 1125 tibi
3325 1080 3409 1128 est
3450 1082 3558 1127 tam

1989 1160 2157 1229 gloria
2187 1174 2303 1213 mea
2333 1174 2492 1230 quam
2523 1160 2840 1216 verecundia
2872 1162 3154 1230 plurimum
3190 1177 3352 1218 curae.
3388 1163 3414 1202 δ
3438 1164 3560 1218 Fla-

1990 1250 2107 1304 vius
2135 1250 2389 1317 Nicetius,
2422 1252 2504 1306 vir
2523 1259 2643 1306 ortu
2666 1252 3018 1318 clarissimus,
3048 1254 3323 1324 privilegio
3352 1265 3562 1324 specta-

1989 1342 2135 1406 bilis,
2182 1344 2372 1398 merito
2422 1342 2665 1409 illustris,
2712 1352 2767 1399 et
2809 1343 3081 1399 hominum
3117 1348 3308 1417 patria:
3362 1356 3561 1403 nostrae

1992 1433 2271 1502 prudentia
2296 1434 2755 1505 peritiaquejuxta
2784 1436 3065 1504 maximus,
3088 1416 3562 1510 praeconiorquan-

1992 1534 2100 1580 tum
2130 1528 2386 1596 comperi,
2415 1526 2677 1581 immenso
2709 1529 2985 1597 praesentis
3008 1530 3247 1599 opusculi
3292 1531 3559 1586 volumina

1991 1619 2224 1687 extollit;
2254 1621 2475 1684 insuper
2508 1619 2800 1688 praedicans
2838 1622 2981 1690 quod
3016 1620 3274 1689 plurimos
3301 1622 3554 1691 juvenum

1992 1729 2091 1767 nec
2121 1728 2307 1768 senum
2350 1727 2571 1784 paucos,
2599 1714 2746 1769 vario
2769 1729 2965 1784 genere
3004 1714 3237 1769 dictandi
3270 1715 3560 1770 militandi-

1992 1820 2116 1871 que,
2150 1804 2346 1873 quippe
2376 1804 2550 1859 adhuc
2589 1819 2704 1859 aevo
2733 1804 2940 1871 viridis,
2965 1806 3078 1876 ipse
3106 1807 3207 1862 sim
3249 1821 3560 1875 supergres-

1917 1890 2104 1952 Bsus.
2167 1897 2423 1967 Equidem
2464 1897 2517 1951 in
2563 1906 2817 1965 quantum
2863 1897 2978 1953 ﬁeri
3026 1896 3218 1966 praeter
3255 1897 3561 1966 jactantiam

1992 1998 2191 2059 potest,
2216 1989 2423 2059 gaudeo
2453 1988 2521 2043 de
2545 1989 2971 2057 praestantissimi
3009 1989 3111 2043 viri
3149 1989 3483 2050 auctoritate.
3516 1988 3563 2047 si

1991 2092 2169 2136 certus
2210 2091 2320 2143 est;
2356 2095 2559 2146 amore,
2603 2080 2649 2134 si
2677 2081 2909 2136 fallitur:
2938 2082 3060 2136 licet
3098 2082 3216 2152 quis
3245 2090 3565 2152 provocatus

1993 2187 2136 2226 nunc
2167 2170 2233 2225 ad
2259 2172 2394 2225 faeta
2419 2170 2706 2241 majorum,
2735 2186 2843 2225 non
2876 2171 3253 2239 inertissimus,
3280 2172 3398 2242 quis
3427 2186 3565 2242 quo-

1991 2280 2095 2335 que
2160 2264 2225 2317 ad
2283 2263 2443 2317 verba
2512 2278 2617 2317 non
2674 2262 3061 2317 infantissimus
3119 2263 3261 2318 erit?
3326 2261 3564 2331 Namque

1995 2358 2156 2428 220
2187 2356 2414 2412 virtutes
2445 2359 2637 2413 artium
2665 2358 2885 2413 istarum
2932 2356 3141 2413 saeculis
3171 2357 3344 2427 potius
3374 2356 3564 2426 priscis

1994 2452 2313 2506 saeculorum
2342 2459 2518 2507 rector
2545 2452 2781 2521 ingenuit
2807 2469 2822 2518 ;
2853 2466 2971 2520 quae
3011 2466 3104 2520 per
3142 2458 3351 2506 aetatem
3382 2449 3565 2504 mundi

1987 2543 2098 2613 jam
2138 2545 2492 2612 senescentis,
2545 2545 2755 2600 lassatis
2784 2544 2946 2599 veluti
2984 2543 3295 2609 seminibus,
3328 2543 3565 2598 emedul~

1993 2634 2137 2698 latae,
2173 2648 2359 2703 parum
2390 2635 2591 2705 aliquid
2641 2637 2743 2689 hoc
2773 2644 3015 2706 tempore
3043 2635 3095 2689 in
3137 2635 3565 2705 quibuscunqtte,

1991 2736 2149 2798 atque
2179 2728 2229 2783 id
2274 2729 2324 2782 in
2360 2730 2542 2798 paucis
2572 2730 2873 2785 mirandum
2904 2744 2966 2785 ac
3007 2730 3355 2785 memorabile
3395 2738 3564 2784 osten-

1992 2826 2129 2874 tant.
2182 2820 2346 2889 llujus
2399 2831 2575 2876 tamen
2626 2836 2756 2891 ego,
2804 2831 2858 2877 et
2896 2822 2943 2875 si
2985 2821 3280 2877 studiorum
3327 2823 3564 2877 omnium

1991 2921 2150 2981 caput
2179 2921 2260 2967 est
2281 2912 2707 2982 litterarumque,
2739 2914 2829 2982 qui
2862 2927 3142 2983 personam
3167 2928 3379 2982 semper
3408 2928 3562 2967 exeo.

1992 3003 2088 3071 lui,
2115 3017 2302 3058 vereor
2333 3005 2675 3069 sententiam,
2704 3019 2862 3073 supra
2889 3019 3047 3072 quam
3072 3004 3266 3059 veritas
3288 3002 3466 3070 habet,
3491 3002 3565 3058 all

1991 3094 2133 3149 fectu
2152 3094 2531 3163 ponderatiore
2547 3095 2831 3164 prolatam.
2852 3095 3031 3164 Neque
3047 3094 3117 3150 ob
3144 3094 3458 3151 hocinf‘tcias
3493 3095 3565 3149 ic-

1992 3188 2116 3250 ritu,
2137 3202 2223 3242 me
2242 3203 2385 3258 saepe
2399 3187 2684 3242 luculentis
2703 3187 2819 3255 ejus
2830 3186 3130 3242 actionibus
3167 3186 3417 3242 astitisse.
3436 3187 3567 3254 Qua-

2256 3284 2332 3353 (et
2369 3284 2413 3336 si
2446 3293 2689 3337 mutuum
2726 3282 2953 3337 reddere
2975 3280 3182 3352 videor)
3205 3279 3290 3335 vel
3319 3296 3386 3336 ex
3420 3288 3571 3350 parte

1995 3375 2302 3445 cursimque
2330 3374 2445 3430 ﬁeri
2476 3388 2767 3428 memorem
2797 3373 2877 3428 fas
2897 3382 2996 3428 est.
3025 3373 3216 3429 Audivi
3242 3388 3362 3427 eum
3388 3372 3570 3428 adole-

1997 3482 2177 3533 scens,
2200 3478 2359 3538 atque
2380 3467 2554 3522 adhuc
2577 3482 2746 3537 nuper
2765 3482 2829 3521 ex
2850 3482 3036 3537 puero,
3065 3482 3185 3522 cum
3209 3478 3231 3506 ο
3248 3475 3396 3538 pater
3420 3480 3571 3521 meus

1994 3559 2278 3629 praefectus
2292 3560 2544 3629 praetorio
2558 3559 2845 3616 Gallicanis
2868 3560 3215 3616 tribunalibus
3225 3560 3565 3630 prtesideret:

1994 3652 2092 3706 sub
2145 3651 2294 3719 cujus
2349 3652 2597 3707 videlicet
2649 3653 2991 3723 magistratu,
3023 3651 3265 3708 “consul
3326 3652 3572 3710 Asterius

1946 3738 1951 3741 ’
1992 3744 2117 3797 anni
2139 3744 2221 3798 sui
2252 3743 2395 3799 fores
2427 3747 2663 3799 votivum
2696 3747 2960 3801 trabeatus
2980 3754 3279 3814 aperuerat.
3313 3744 3564 3800 Adhaere-

1994 3835 2115 3889 bam
2143 3836 2290 3890 sellae
2312 3836 2504 3901 curuli,
2532 3845 2585 3890 et
2614 3837 2659 3891 si
2685 3851 2790 3891 non
2822 3837 2991 3892 latens
3015 3851 3109 3906 per
3131 3836 3394 3905 ordinem,
3425 3842 3571 3890 certo

1992 3940 2101 3980 non
2135 3926 2330 3981 sedens
2352 3940 2445 3993 per
2465 3935 2676 3981 atatem
2707 3944 2722 3981 :
2755 3928 3057 3996 mixtusque
3081 3937 3269 3983 turmae
3290 3938 3313 3965 °
3346 3942 3572 3984 censua.

1991 4018 2122 4074 lium
2157 4018 2549 4087 penulatorum,
2588 4017 2607 4056 τ
2626 4019 2864 4086 proxime
2884 4019 3090 4074 consuli
3118 4019 3374 4089 proximis
3400 4035 3573 4082 eram,

1990 4110 2175 4180 Itaque
2215 4116 2274 4165 ut
2302 4110 2529 4165 primum
2569 4109 2718 4164 brevi
2742 4120 2767 4157 ις
2798 4118 3013 4166 peracta
3055 4122 3154 4165 nec
3185 4110 3365 4167 brevis
3404 4124 3559 4179 spor-

1986 4320 2138 4380 pater
2180 4310 2381 4366 Sidonii
2423 4310 2710 4365 Galliarum
2755 4310 3011 4367 soliditati
3050 4311 3343 4381 praefuisse,
3389 4313 3483 4368 lib.
3516 4330 3567 4379 v,

1986 4383 2146 4448 epist.
2172 4381 2205 4437 9
2225 4381 2291 4434 ad
2313 4382 2644 4447 Aquilinum.
2682 4381 2814 4435 Hinc
2840 4393 3096 4449 prreterea
3127 4383 3341 4438 ducitur
3362 4386 3567 4451 epocha

1987 4453 2159 4507 aetatis
2188 4452 2418 4517 Sidonii,
2459 4454 2547 4519 qui
2580 4466 2639 4506 se
2686 4466 2781 4520 per
2822 4453 2875 4507 id
2906 4462 3117 4522 tempus
3156 4454 3571 4509 adolescentiam

1991 4524 2293 4574 ingressum
2314 4522 2604 4574 signiﬁcat.

1991 4531 2293 4591 ingressum
2314 4531 2604 4591 signiﬁcat.

2063 4592 2089 4630 ιι
2118 4592 2345 4648 Turcius
2387 4592 2568 4646 Ruﬁus
2598 4592 2864 4659 Asterius,
2908 4609 3028 4648 cum
3054 4593 3353 4663 Protogene
3382 4596 3572 4650 consul

1992 4679 2156 4727 anno,
2202 4672 2260 4717 ut
2286 4664 2393 4730 jam
2433 4662 2564 4723 dixi,
2595 4663 2723 4717 449.
2758 4664 2831 4717 De
2860 4678 2926 4718 eo
2967 4662 3235 4719 nonnulla
3259 4666 3569 4720 observavi-

1998 4734 2212 4790 musad
2254 4732 2574 4786 Enuodium.
2604 4732 2752 4786 Nunc
2786 4732 3089 4788 addendum
3134 4745 3217 4789 est
3264 4736 3531 4790 Asterium
3558 4776 3572 4800 ,

1996 4814 2133 4860 teste
2172 4804 2359 4874 ldatio,
2386 4802 2698 4874 magistrum
2731 4806 3010 4874 utriusque
3045 4806 3246 4859 militiae
3279 4814 3401 4860 ante
3446 4821 3574 4859 con.

1997 4876 2229 4930 sulatum
2260 4872 2447 4926 fuisse.
2483 4872 2574 4926 Sic
2622 4874 2765 4926 enim
2812 4874 2879 4926 de
2908 4872 2995 4928 illo
3030 4875 3214 4929 scribit
3242 4877 3343 4928 sub
3375 4891 3575 4931 annum

1994 4945 2102 5001 440
2129 4961 2151 5013 :7
2173 4943 2402 4996 Asterius
2423 4943 2528 4996 dua:
2548 4944 2815 5011 utriusque
2836 4944 3031 4997 militia:
3055 4946 3122 4997 ad
3152 4944 3433 5013 Hispanias
3455 4949 3574 4998 mis-

1994 5032 2079 5069 sus
2114 5012 2574 5067 Tarraconensium
2602 5013 2751 5067 credit
2787 5014 3159 5068 multitudinem
3189 5012 3572 5069 Bacaudarum.

2068 5095 2091 5122 ε
2131 5083 2421 5138 Ceusuales
2469 5084 2611 5137 enim
2642 5084 2849 5152 penulis
2874 5084 2947 5137 uti
2975 5084 3130 5152 jussi,
3160 5092 3217 5137 ut
3242 5086 3425 5139 caeteri
3454 5086 3575 5139 ol'ﬁ-

1994 5156 2179 5279 eliges.
2206 5152 2336 5207 Cod.
2365 5152 2633 5208 Theodos.
2665 5154 2731 5208 de
2764 5153 2946 5208 habitu
2971 5170 3075 5224 quo
3103 5156 3406 5225 utioportet
3434 5156 3574 5211 intra

1994 5241 2058 5279 ur
2096 5240 2203 5279 em.
3566 5272 3571 5275 μ

1994 5240 2203 5279 urbem.
3566 5272 3571 5275 μ

2069 5295 2089 5334 ί
2134 5296 2188 5348 Ill
2243 5292 2480 5351 editione
2521 5292 2750 5361 Labhei,
2806 5295 3050 5363 proximis
3074 5294 3268 5350 consuli
3308 5296 3572 5368 proximus

1992 5382 2133 5419 eram
2141 5406 2153 5419 .

2070 5446 2095 5482 ις
2139 5435 2405 5490 Solemnis
2433 5446 2678 5499 munera,
2700 5448 2819 5503 quae
2846 5434 3024 5504 spargi
3052 5444 3141 5488 aut
3162 5436 3300 5491 mitti
3330 5435 3574 5490 solebant

1994 5507 2046 5560 in
2072 5506 2662 5575 auspiciisfconsulatus,
2681 5513 2736 5575 et
2754 5505 2978 5575 aliorum
3000 5506 3422 5575 magistratuum.
3442 5504 3573 5558 Tre-

1996 5573 2185 5629 bellius:
2217 5576 2385 5630 Pollio
2408 5575 2479 5630 de
2510 5573 2745 5643 sportula
2778 5574 3001 5629 Gallieni
3031 5593 3042 5627 :
3069 5574 3337 5629 Matronas
3358 5575 3573 5643 adeon—

1993 5647 2218 5717 sulatum
2249 5662 2400 5699 suum
2422 5642 2618 5717 rogavit
2638 5644 2919 5717 iisdemque
2936 5661 3151 5717 Amanum
3178 5644 3273 5717 silli
3293 5642 3571 5717 osculanti-

1993 5716 2084 5770 bus
2114 5725 2383 5785 quaternos
2422 5712 2601 5769 aureos
2626 5715 2707 5768 sui
2720 5783 2731 5785 _
2754 5712 2972 5767 nominis
3015 5714 3172 5765 dedit.
3215 5712 3571 5785 Symmachus

1988 5785 2080 5839 lib.
2126 5783 2198 5849 ix,
2236 5787 2393 5851 epist.
2438 5786 2623 5839 ultima
2657 5802 2668 5835 :
2703 5783 3001 5848 Sportulam
3048 5784 3340 5836 consulatus
3392 5784 3487 5837 mei
3524 5794 3572 5838 et

1989 5855 2224 5910 amicitiis
2268 5866 2455 5910 nostra:
2492 5864 2539 5909 et
2580 5853 2761 5907 honori
2807 5861 2895 5908 tuo
2923 5853 3099 5908 debeo.
3147 5852 3296 5909 Hanc
3322 5856 3374 5910 in
3407 5855 3572 5911 solida
