4072 6348
296 314 415 377 597

1522 317 2023 379 'EPISTOI.ARUII
2066 317 2195 385 LIB.
2238 319 2369 379 VIII.

3479 316 3587 374 598

299 431 497 489 favens
524 428 824 498 securitati,
858 437 1118 509 quantum
1153 431 1305 493 ﬁeret
1339 432 1563 497 adversa
1608 432 1901 497 formidini.
1936 437 1985 497 B
2020 434 2390 499 truculentior.
2425 434 2750 506 Improvisus
2776 432 3115 506 aggreditur,
3136 432 3395 504 praevisus
3414 432 3586 491 elabi-

302 523 389 581 De
416 531 614 579 caetero
637 521 799 585 fixum
817 522 961 594 apud.
980 539 1065 585 me
1094 533 1197 580 stat
1223 527 1711 597 constitutumque;
1745 538 1903 599 prout

302 630 427 674 rem
466 632 534 677 ex
576 630 697 679 asse
726 630 1031 687 cognovero
1050 658 1065 682 ,
1092 617 1177 675 vel
1197 618 1413 683 silentio
1444 635 1530 679 me
1560 621 1675 685 lora
1702 621 1902 689 laxare,

307 714 398 769 vel
448 711 711 785 stringere
758 710 907 777 frena
935 712 1182 783 garritui.
1237 713 1476 783 Namque
1527 715 1573 781 si
1611 716 1902 787 supradicti

309 807 613 871 confirmor
660 820 913 871 assensu,
966 805 1194 860 Athenis
1244 806 1550 878 loquacior;
1599 810 1642 874 si
1688 809 1903 875 minus,

306 899 554 970 Amyclis
598 896 727 967 ipsis
761 896 1105 961 lraciturnior
1132 913 1249 952 ero.
1286 896 1390 959 Sed
1423 899 1492 963 de
1519 898 1693 965 sodali
1734 898 1906 968 deque

307 1004 406 1045 me
449 991 580 1043 satis
623 987 847 1051 dictum.
905 987 982 1043 'l‘u
1027 1003 1167 1042 nunc
1205 989 1344 1043 inter
1393 989 1493 1053 ista
1528 989 1654 1060 quid
1687 990 1908 1059 rerum?

309 1097 450 1153 quas
498 1080 627 1134 mihi
667 1080 731 1143 atl
765 1080 933 1133 vicem
968 1094 1128 1133 nosse
1158 1096 1264 1135 non
1316 1082 1476 1157 222
1523 1081 1701 1147 minus
1734 1081 1903 1147 surdi.

310 1171 584 1230 Venaris?
626 1170 897 1235 (editions?
949 1170 1329 1226 rusticarisne?
1374 1172 1453 1225 An
1486 1171 1676 1237 horum
1710 1173 1905 1243 aliquid

310 1278 507 1335 unum,
539 1278 606 1317 an
627 1263 832 1332 singula
863 1262 1123 1327 vicissim,
1149 1278 1215 1316 an
1242 1265 1440 1332 puriter
1466 1265 1690 1325 cuncta?
1713 1263 1817 1318 Sed
1841 1265 1909 1319 de

317 1355 593 1422 Vitruvio,
639 1354 751 1408 sive
796 1352 1128 1418 Columella,
1161 1368 1256 1421 seu
1294 1355 1609 1410 alterutrum
1655 1356 1908 1423 ambosve

310 1460 530 1519 sectere
555 1495 568 1519 ,
600 1448 978 1504 decentissime
1024 1447 1199 1505 facis:
1244 1459 1397 1516 potes
1439 1450 1581 1505 enim
1626 1459 1909 1521 utrumque

311 1559 472 1603 more
498 1557 603 1615 quo
625 1541 713 1621 qui
736 1544 960 1617 Optimo,
987 1540 1036 1607 id
1061 1549 1163 1607 est,
1184 1549 1235 1609 te
1261 1542 1434 1597 cultor
1456 1542 1646 1611 aliquis
1671 1557 1701 1595 c
1724 1542 1910 1612 primis

314 1640 774 1717 architectusque.
803 1638 1066 1697 Caeterum
1101 1646 1157 1699 ut
1202 1637 1296 1693 tibi
1338 1637 1405 1691 de
1430 1638 1699 1697 venatoris
1731 1637 1909 1695 officio

315 1747 481 1803 quam
512 1730 787 1784 minimum
819 1727 1109 1785 blandiaris
1140 1728 1372 1789 maxime
1414 1728 1651 1798 injungo.
1672 1729 1910 1799 Namque

2013 536 2118 593 tur,
2166 527 2370 596 spernit
2397 526 2666 596 obiectos,
2698 528 2891 584 sternit
2919 529 3181 585 incautos.
3218 526 3277 585 Si
3304 535 3583 597 sequatur,

2009 620 2310 689 igtercipit;
2360 618 2407 675 si
2451 618 2636 687 fugiat,
2669 620 2862 679 evadit.
2904 619 2984 683 Ad
3030 618 3133 679 hoc
3180 628 3438 679 exercent
3466 619 3588 679 illos

2010 718 2285 789 naufragia
2305 759 2318 776 .
2351 733 2456 777 non
2489 726 2712 787 terrent.
2743 718 2840 773 Est
2869 719 2948 773 eis
2968 717 3210 788 quaedam
3249 731 3370 773 cum
3399 717 3591 777 discri-

2010 813 2244 877 minibus
2283 811 2459 882 pelagi
2504 828 2607 866 non
2652 812 2835 867 notitia
2865 812 3038 867 solum
3066 853 3079 878 ,
3110 812 3203 869 sed
3233 812 3586 872 familiaritas.

2011 906 2142 963 Nam
2166 907 2414 973 quoniam
2444 906 2554 973 ipsa
2578 948 2593 972 ,
2628 905 2671 959 si
2696 921 2796 974 qua
2828 915 3115 975 tempestas
3142 917 3245 974 est,
3276 910 3404 964 hine
3427 923 3585 965 secu-

2012 1013 2104 1054 ras
2128 997 2291 1053 elﬁcit
2324 997 2701 1066 occupandos;
2743 997 2865 1051 hinc
2911 1000 3139 1069 prospici
3184 1009 3325 1058 vetat
3362 1016 3590 1072 occupa-

2011 1099 2189 1155 turos;
2225 1091 2277 1145 in
2310 1091 2487 1146 medio
2534 1090 2813 1156 fluctuum,
2841 1093 3290 1163 scopulorumque
3311 1095 3591 1166 confraga.

2011 1200 2195 1239 sorum
2221 1229 2233 1250 ,
2268 1199 2365 1253 spe
2407 1193 2762 1252 superventus
2788 1184 2891 1236 laeti
2915 1185 3303 1253 periclitantur.
3330 1188 3589 1241 Praeterea

2014 1276 2320 1346 priusquam
2371 1276 2437 1330 de
2482 1274 2778 1329 continenti
2817 1276 2867 1328 in
2917 1277 3139 1344 patriam
3187 1278 3302 1333 vela
3350 1278 3593 1335 laxantes

2014 1367 2223 1422 hostico
2253 1366 2532 1422 mordaces
2559 1366 2820 1419 anchoras
2846 1367 2981 1418 vatio
3012 1366 3225 1431 vellant,
3254 1384 3370 1423 mos
3392 1378 3475 1424 est
3506 1385 3593 1423 re-

2014 1459 2272 1513 meaturis
2311 1458 2577 1513 decimum
2617 1472 2883 1526 quemque
2922 1472 3203 1526 caprorum
3239 1474 3332 1527 per
3361 1461 3593 1529 aequales

2013 1563 2069 1609 et
2098 1553 2387 1608 cruciarias
2418 1566 2606 1623 poenas
2625 1593 2638 1617 ,
2671 1554 2789 1621 plus
2818 1552 2888 1605 ob
2918 1552 3017 1606 hoc
3047 1552 3184 1607 tristi
3208 1593 3220 1616 ,
3244 1554 3381 1622 quod
3408 1570 3594 1623 super-

2014 1645 2226 1699 stitioso
2247 1643 2375 1711 ritu,
2410 1656 2633 1707 necare;
2666 1658 2935 1711 superque
2964 1644 3244 1697 collectam
3270 1643 3476 1698 turbam
3501 1659 3595 1712 pe—

2015 1739 2306 1792 riturornm
2349 1737 2536 1790 mortis
2582 1734 2913 1804 iniquitatem
2949 1735 3082 1787 sorti
3110 1734 3361 1802 aequitate
3384 1734 3595 1802 disper-

315 1839 484 1895 apros
511 1824 704 1881 frustra
731 1823 781 1877 in
811 1821 1073 1876 venalium
1104 1835 1261 1885 vocas
1286 1863 1299 1887 ν
1330 1820 1471 1889 QUOS
1499 1820 1720 1877 Canibus
1744 1823 1905 1875 ηιίδθ·
1938 1817 1988 1889 Β
2010 1844 2159 1899 gere.
2196 1828 2412 1882 Talibus
2451 1828 2657 1896 eligunt
2685 1828 2845 1891 votis,
2869 1826 3101 1880 victimis
3142 1826 3392 1891 solvunt;
3422 1835 3475 1880 et
3504 1841 3597 1895 per

314 1915 700 1985 ricordissimis
730 1913 919 1985 quibus
947 1913 1188 1969 abundas
1210 1952 1226 1978 ,
1256 1921 1312 1967 et
1339 1912 1553 1981 quidem
1583 1913 1761 1980 solus,
1793 1929 1908 1971 mo-

317 2023 455 2067 vere
482 2008 817 2079 potiusquam
848 2020 1186 2069 commovere
1208 2005 1500 2069 consuesti.
1547 2005 1695 2075 Esto,
1728 2006 1797 2061 sit
1828 2006 1908 2063 in-

316 2099 592 2172 dulgentia
614 2098 853 2171 dignum,
883 2098 1026 2171 quod
1059 2097 1409 2163 reformidant
1438 2098 1597 2161 catuli
1624 2099 1696 2152 tui
1723 2100 1907 2157 bestiis

318 2194 756 2269 appropinquare
817 2191 1148 2258 terribilibus
1204 2191 1645 2259 corpulentisque
1706 2210 1718 2244 :
1779 2193 1906 2248 illud

320 2289 515 2358 ignoro
535 2283 803 2357 quomodo
823 2298 1077 2355 excuses,
1096 2282 1237 2354 quod
1260 2297 1482 2352 capreas
1503 2298 1665 2352 pecus
1685 2278 1904 2353 simum,

326 2383 528 2457 pariter
555 2389 609 2447 et
636 2378 822 2445 damas
853 2378 906 2433 in
959 2377 1135 2448 fugam
1168 2391 1367 2447 pronos
1391 2418 1405 2445 ,
1447 2377 1749 2446 iacentibus
1796 2380 1910 2435 ani-

328 2479 452 2544 mis,
479 2475 785 2553 pectoribus
806 2471 1021 2545 erectis,
1038 2471 1279 2541 passibus
1294 2471 1448 2537 raris,
1472 2470 1678 2535 crebris
1707 2471 1910 2527 latrati-

324 2574 426 2637 bus
458 2576 868 2641 prosequuntur.
899 2566 1236 2635 Quapropter
1261 2564 1329 2621 de
1350 2565 1558 2636 reliquo
1585 2565 1909 2623 fructuosius

325 2665 529 2720 retibus
555 2661 903 2730 cassibusque
924 2672 1176 2728 scrupeas
1205 2673 1369 2727 rupes
1395 2698 1411 2724 ,
1437 2668 1599 2728 atque
1621 2659 1910 2729 opacandis

328 2757 525 2811 habilia
554 2755 736 2810 lustris
777 2753 958 2812 clusor
986 2752 1242 2807 statarius
1274 2767 1491 2808 nemora
1522 2754 1906 2819 circumvenis;

327 2864 391 2904 ac
417 2847 587 2919 pudor
614 2848 655 2909 si
683 2846 825 2917 quis,
859 2853 1128 2913 temperas
1159 2843 1406 2907 cursibus
1450 2845 1651 2913 apertis
1687 2854 1911 2913 quatere

330 2954 547 3011 campos
569 2979 582 3006 ,
630 2947 683 2995 et
726 2935 968 2992 insidiari
1013 2935 1306 3007 lepusculis
1335 2944 1361 2974 δ
1382 2936 1820 3003 Olarionensibus
1849 2940 1864 2970 ¹
1889 2955 1905 3005 ;

330 3016 462 3105 quos
507 3045 603 3084 nec
647 3038 727 3091 est
758 3029 890 3091 tanti
919 3042 1045 3084 raro
1073 3036 1126 3087 te
1156 3028 1455 3087 insectante
1493 3028 1520 3070 δ
1549 3032 1904 3101 superandos,

330 3122 532 3199 copulis
574 3124 744 3191 palam
775 3121 949 3183 ductis
998 3120 1314 3191 inquietari;
1362 3122 1467 3183 nisi
1512 3121 1735 3179 fortisan
1780 3124 1905 3179 dum

332 3217 427 3281 tibi
482 3230 545 3279 ac
592 3215 724 3285 patri
771 3223 954 3279 noster
993 3214 1320 3284 Apollinaris
1358 3216 1666 3283 intervenit,
1712 3218 1911 3273 rectius

336 3306 431 3373 fiet
469 3317 526 3373 ut
554 3315 921 3374 exerceantur,
975 3305 1228 3375 Exceptis
1256 3305 1429 3379 iocis,
1461 3307 1543 3363 fac
1584 3308 1750 3364 sciam
1794 3318 1911 3364 tan-

332 3399 453 3467 dem
473 3440 487 3468 ,
508 3398 635 3467 quid
668 3406 737 3464 te,
766 3397 889 3469 quid
919 3397 1137 3465 domum
1166 3398 1331 3465 circa.
1363 3398 1468 3455 Sed
1498 3414 1625 3461 ecce
1653 3400 1777 3455 dum
1797 3401 1908 3469 jalll

331 3490 609 3561 epistolam
650 3505 768 3561 qua:
800 3490 891 3555 diu
920 3491 1112 3560 garrit,
1138 3489 1393 3553 claudere
1416 3501 1679 3560 optarem,
1704 3493 1912 3549 subitus

329 3600 356 3638 a
387 3585 639 3640 Santonis
676 3586 892 3641 nuntius
925 3602 939 3638 :
971 3600 1091 3638 eum
1129 3599 1236 3654 quo
1268 3586 1391 3647 dum
1424 3587 1497 3641 tui
1542 3587 1762 3645 obtentu
1805 3589 1909 3643 ali-

328 3674 451 3745 quid
475 3674 731 3739 horarum
764 3674 1188 3742 sermocinanter
1210 3676 1576 3745 extrahimus,
1601 3687 1912 3743 constanter

322 3768 697 3835 asseveravit,
745 3783 907 3836 nuper
969 3768 1128 3839 223
1181 3782 1276 3829 vos
1327 3769 1611 3825 classicum
1662 3771 1715 3831 in
1741 3772 1913 3827 classe

327 3860 606 3929 cecinisse,
640 3869 801 3930 atque
833 3859 972 3913 inter
996 3860 1171 3927 cilicia
1206 3875 1347 3915 nunc
1373 3872 1568 3930 nauta,
1593 3862 1753 3925 modo
1774 3863 1911 3917 mili-

320 3955 415 4017 tis,
446 3951 716 4007 littoribus
744 3951 944 4015 Oceani
970 3952 1147 4013 curvis
1188 3952 1429 4013 inerrare
1452 3962 1639 4011 contra
1674 3964 1696 3991 ο
1738 3953 1914 4011 Saxo-

322 4058 452 4112 rturn
484 4044 689 4113 pandos
708 4058 1083 4114 myoparones,
1109 4059 1336 4115 quorum
1360 4054 1489 4114 quot
1509 4046 1740 4117 remiges
1766 4048 1913 4105 vide-

322 4134 439 4209 ris,
469 4134 687 4203 totidem
718 4143 771 4199 te
794 4149 1024 4203 cernere
1054 4145 1206 4205 plth
1233 4135 1619 4205 archipiratas;
1660 4139 1730 4199 ita
1752 4138 1910 4203 simul

323 4241 513 4289 omnes
543 4228 829 4305 imperant,
858 4237 1067 4298 parent,
1090 4228 1310 4295 docent,
1334 4228 1548 4289 discunt
1574 4228 1909 4289 latrocinari.

323 4317 478 4379 Unde
512 4334 663 4395 nunc
699 4321 858 4387 etiam
900 4328 958 4373 ιιι
1002 4321 1457 4392 quamplurimum
1485 4335 1718 4391 caveas,
1750 4336 1911 4389 causa

322 4411 584 4479 successit
628 4411 861 4479 maxime
893 4412 1170 4479 monendi.
1219 4412 1397 4477 Hostis
1440 4422 1525 4469 est
1559 4414 1708 4471 omni
1756 4414 1913 4475 hoste

2013 1919 2318 1989 huiusmodi
2358 1934 2465 1973 non
2496 1927 2601 1973 tam
2636 1919 2894 1973 sacrificia
2926 1918 3157 1989 purgati,
3187 1932 3345 1988 quam
3374 1918 3597 1973 sacrile-

2011 2012 2095 2081 gia
2126 2011 2338 2081 polluti,
2368 2009 2678 2079 religiosum
2705 2018 2891 2077 putant
2919 2010 3082 2065 caedis
3111 2008 3364 2063 infausta:
3406 2024 3595 2078 perpe-

2014 2109 2241 2156 tratores
2286 2101 2353 2155 de
2390 2101 2565 2169 capite
2598 2100 2809 2170 captivo
2862 2102 3031 2170 magis
3072 2102 3288 2170 exigere
3330 2110 3594 2155 tormenta

2012 2208 2171 2262 quam
2226 2192 2411 2262 pretia.
2465 2192 2826 2256 Quamobrem
2869 2200 3049 2246 metuo
3098 2194 3302 2259 multa,
3354 2194 3595 2262 suSpieor

2012 2287 2155 2343 varia
2186 2303 2199 2339 :
2232 2301 2535 2356 quanquam
2571 2299 2657 2341 me
2686 2284 2989 2339 econtrario
3021 2285 3254 2355 ingentia
3294 2284 3594 2343 hortentur.

2011 2375 2272 2442 Primum,
2303 2376 2441 2446 quod
2466 2375 2628 2447 224
2656 2377 2874 2431 victoris
2896 2376 3077 2445 populi
3113 2377 3261 2446 signa
3292 2377 3593 2443 comitaris;

2012 2470 2137 2531 dein
2159 2470 2302 2540 quod
2324 2470 2378 2527 in
2397 2470 2670 2538 sapientes
2700 2468 2843 2527 viros
2866 2484 2999 2538 quos
3028 2470 3168 2524 inter
3189 2469 3309 2537 jure
3333 2472 3593 2536 censeris,

2013 2560 2194 2623 minus
2221 2572 2402 2621 annuo
2432 2558 2599 2623 licere
2629 2557 2885 2613 fortuitis.
2913 2558 3125 2625 Tertio,
3153 2560 3294 2630 quod
3323 2576 3420 2630 pro
3439 2562 3596 2617 soda-

2014 2651 2153 2711 libus
2196 2651 2299 2715 lide
2338 2650 2537 2721 iunctis
2564 2692 2580 2719 ,
2613 2650 2743 2705 sede
2788 2650 3036 2707 discretis
3060 2693 3075 2719 ,
3115 2651 3423 2722 frequenter
3448 2654 3596 2709 ineu-

2013 2747 2351 2803 tiuntettuta
2381 2758 2701 2810 maerorem;
2727 2746 2847 2815 quia
2876 2746 3171 2814 promptius
3197 2745 3266 2801 de
3294 2746 3595 2802 actionibus

2010 2837 2317 2907 longinquis
2369 2836 2808 2906 ambigendisque
2869 2837 3083 2892 sinistra
3144 2853 3369 2907 quaeque
3423 2847 3595 2892 metus

2013 2937 2256 2997 augurat.
2290 2927 2396 2983 Sed
2423 2927 2569 2989 dicas
2593 2969 2607 2991 ,
2645 2943 2752 2984 non
2783 2942 2903 2983 esse
2935 2938 3137 2982 tantum
3183 2929 3319 2985 forte
3362 2930 3594 2984 curanda

2010 3036 2129 3091 quae
2161 3020 2536 3091 perhorresco.
2573 3020 2627 3075 Id
2643 3021 2857 3091 quidem
2882 3037 3068 3077 verum
3096 3032 3218 3090 est,
3248 3023 3342 3079 sed
3375 3038 3472 3078 nec
3495 3024 3594 3078 hoc

2012 3111 2204 3167 falsum
2227 3157 2241 3181 ,
2276 3112 2418 3182 quod
2447 3114 2510 3167 iis
2526 3126 2661 3182 quos
2681 3112 2910 3182 amplius
2938 3113 3208 3184 diligimus
3229 3156 3243 3180 ,
3276 3115 3395 3185 plus
3437 3115 3595 3170 time-

1941 3194 1988 3271 C
2022 3220 2161 3259 ntus.
2200 3204 2353 3259 Unde
2397 3205 2742 3263 nihilominus
2785 3220 3000 3276 precor,
3050 3207 3299 3263 obortum
3335 3208 3406 3263 tui
3436 3222 3595 3265 causa

2019 3298 2267 3352 sensibus
2297 3298 2494 3351 nostris
2517 3298 2910 3367 quamprimum
2948 3312 3211 3371 prospero
3236 3300 3407 3354 relatu
3425 3300 3600 3355 exime

2019 3411 2297 3467 angorem.
2328 3396 2511 3467 Neque
2549 3397 2690 3451 enim
2737 3412 2802 3451 ex
2849 3396 3057 3466 integro
3084 3396 3224 3452 ﬂecti
3252 3411 3484 3466 unquam
3536 3395 3603 3450 ad

2019 3490 2124 3546 hoc
2170 3504 2428 3560 possunt,
2464 3499 2520 3544 ut
2558 3489 2625 3544 de
2664 3489 3129 3559 peregrinantibus
3157 3488 3345 3543 amicis
3388 3488 3602 3559 (quippe

2021 3597 2157 3653 quos
2182 3582 2367 3637 bellica
2392 3582 2746 3651 militarisque
2770 3591 2969 3636 tessera
3001 3581 3153 3645 terit)
3176 3581 3345 3637 donec
3370 3579 3602 3635 secunda

2020 3690 2308 3745 cognosco,
2335 3691 2439 3730 non
2471 3675 2692 3731 adversa
2727 3674 3034 3729 formidem.
3069 3675 3360 3729 Varronem
3384 3674 3602 3743 logisto-

2020 3768 2214 3834 ricum,
2231 3770 2369 3823 sicut
2389 3783 2731 3838 poposceras,
2755 3768 3110 3823 etEusebium
3135 3766 3600 3838 chronographum

2014 3861 2173 3925 misi,
2204 3877 2430 3929 quorum
2462 3861 2507 3915 si
2532 3861 2598 3915 ad
2627 3869 2678 3915 te
2700 3860 2821 3914 lima
2873 3859 3200 3930 pervenerit,
3235 3860 3281 3913 si
3313 3859 3436 3927 qttid
3464 3860 3603 3912 inter

2015 3955 2319 4010 excubiales
2347 3968 2504 4009 curas
2533 3996 2549 4021 ,
2580 3962 2762 4022 utpote
2807 3953 2859 4008 in
2916 3955 3105 4006 castris
3132 3991 3146 4016 ,
3188 3951 3378 4005 saltem
3410 3950 3601 4004 sortito

2010 4028 2250 4114 vacabis,
2277 4049 2502 4117 poteris,
2538 4057 2814 4115 postquam
2841 4059 2989 4099 arma
3017 4043 3330 4111 deterseris,
3361 4042 3440 4097 ori
3468 4054 3602 4112 quo-

2014 4158 2121 4213 que
2156 4153 2245 4197 tuo
2274 4142 2517 4211 loquendi
2549 4140 2842 4209 rubiginem
2873 4137 3213 4191 submovere.
3246 4134 3395 4190 Vale.

2560 4227 2891 4286 EPISTULA
2934 4227 3041 4284 VII.

2363 4324 2612 4381 Sidonius
2642 4321 2670 4361 (ί
2691 4321 2890 4375 Audaci
2911 4335 3005 4374 suo
3030 4319 3264 4375 salutem.

2091 4419 2317 4475 Ubinam
2350 4432 2409 4471 se
2435 4429 2576 4471 nunc
2605 4413 2761 4467 velim
2792 4411 2941 4466 dicas
2986 4410 3224 4481 gentium
3268 4406 3605 4464 abscondunt

400 4574 426 4602 ⁸
466 4565 595 4632 Οηω
632 4565 721 4620 hic
743 4566 924 4622 01³1⁵Ῐο
956 4610 971 4634 ν
1014 4566 1230 4622 mimus
1272 4575 1354 4620 θεῖ
1386 4567 1559 4622 Plinio
1586 4607 1602 4634 υ
1636 4568 1807 4622 insvla
1846 4570 1910 4631 in
1939 4572 1993 4633 D
2021 4540 2230 4629 nomen.
2266 4572 2388 4627 inde
2440 4569 2603 4623 liltori
2648 4568 2909 4623 Saxonico
2962 4577 3140 4622 natum
3190 4568 3241 4621 in
3287 4567 3494 4637 Belgica
3520 4566 3606 4637 II,

328 4634 448 4709 sinu
487 4637 820 4709 Aquitanica,
861 4653 893 4692 e
950 4639 1167 4707 regione
1215 4639 1532 4701 Santonum,
1584 4639 1722 4706 apud
1777 4656 1913 4709 quos

324 4704 677 4761 Nammatius.
810 4710 811 4713 “
1018 4704 1031 4707 ⁷
1144 4722 1151 4728 ‘

397 4775 425 4814 δ
445 4774 556 4851 8ἱο
582 4778 1109 4851 omnino_legendum
1138 4795 1159 4851 :_
1184 4793 1288 4830 non
1312 4786 1366 4830 ut
1398 4778 1447 4851 in
1480 4778 1727 4846 vulgatis,
1758 4796 1915 4851 supe-

318 4849 484 4900 rando
516 4850 759 4917 scapulis.
798 4847 1049 4916 lntelligit
1077 4849 1217 4917 enim
1259 4850 1476 4913 copulas
1523 4864 1715 4903 canum
1744 4847 1911 4907 venn-

319 4919 571 4990 t_i_corum.
591 4917 645 4985 In
662 4916 921 4986 Capitulis
937 4916 1113 4979 Caroli
1136 4917 1334 4990 Magni,
1353 4921 1602 4985 vocejam
1628 4932 1908 4990 corrupta;

323 4987 391 5042 Ut
423 4990 643 5056 episwpi
684 4998 729 5041 et
772 4990 974 5043 abbates
1014 4999 1061 5041 et
1093 4988 1361 5042 abbatissa?
1392 4991 1570 5057 cupias
1593 4987 1907 5046 canum’non

319 5061 557 5129 habeant,
581 5076 669 5110 nec
699 5060 945 5129 falcones,
978 5076 1069 5112 nec
1092 5061 1379 5127 accipitres.
1411 5060 1612 5126 Copula
1637 5070 1718 5114 est
1746 5063 1913 5117 ἀλισὶ-

318 5128 420 5204 διον
446 5145 459 5181 ;
490 5129 543 5204 Id
586 5132 703 5204 est,
745 5128 1038 5204 interprete
1066 5130 1249 5204 Sumit,
1279 5130 1465 5204 πλόκρυ
1504 5132 1653 5204 γένος.
1677 5136 1793 5204 περᾷ
1821 5136 1907 5187 τὸν

317 5199 580 5270 τράχηλον
604 5239 616 5263 ,
651 5200 856 5253 vincula
888 5201 1030 5254 colli.
1080 5200 1300 5255 Ovidius
1329 5219 1338 5251 :
1383 5199 1581 5270 Capula
1621 5199 1909 5255 detrahitur

318 5271 552 5347 canibus.
608 5272 741 5347 liinc
778 5285 938 5347 canes
981 5274 1184 5347 c_op_ulis
1212 5271 1400 5347 juncti.

397 5349 419 5377 ε
463 5340 792 5422 Hegesippus
811 5342 900 5396 lib.
927 5357 956 5392 v
984 5340 1370 5422 de'Saxo'nibus
1396 5341 1623 5422 iisdem;
1643 5341 1906 5422 .Validum

315 5425 478 5479 genus
507 5412 767 5484 hominum
804 5421 851 5466 et
894 5422 1142 5481 prwstans
1184 5415 1379 5467 caeteris
1405 5455 1420 5477 ,
1451 5414 1677 5484 piraticis
1708 5423 1905 5467 tantum
1959 5452 1975 5465 .

314 5479 734 5551 mgOparonibus,
758 5498 862 5535 non
882 5479 1090 5551 uiribus,
1114 5485 1306 5538 nititur.
1338 5479 1586 5549 Saxones
1612 5499 1741 5549 sane
1771 5484 1901 5539 vici-

311 5566 415 5625 rias
459 5550 650 5625 Rheno
676 5562 733 5613 et
757 5556 891 5625 mari
932 5550 1120 5625 gentes
1159 5556 1387 5619 assiduis
1441 5555 1901 5609 incursationibus

311 5621 539 5678 infestas
578 5622 706 5678 olim
742 5621 978 5680 habuere
1021 5634 1142 5696 post
1180 5633 1419 5703 tempora
1458 5624 1798 5691 Diocletiani.
1834 5624 1903 5679 Et

386 5736 404 5769 ¹
445 5736 523 5795 De
542 5735 649 5803 hoc
676 5735 884 5795 Sidonii
909 5737 1028 5791 loco
1057 5737 1212 5792 aliter
1238 5752 1302 5791 ac
1329 5736 1644 5792 Sirmondus
1680 5736 1889 5789 censuit

310 5806 577 5879 Scaliger,
600 5822 761 5877 quem
791 5808 1032 5880 sequitur
1052 5806 1450 5879 Papebroebius
1474 5847 1490 5874 ,
1522 5808 1601 5862 uti
1640 5807 1898 5863 observa-

2021 4660 2181 4715 quam
2209 4645 2368 4698 etiam
2404 4638 2760 4715 praetervecti,
2788 4638 3249 4715 peeNervieanum
3284 4636 3409 4693 item
3432 4647 3486 4692 et
3501 4636 3608 4701 Ar-

2020 4708 2354 4775 moricanum
2378 4722 2604 4773 tractum
2627 4710 2813 4763 eadem
2861 4709 3072 4767 licentia
3104 4708 3312 4774 praedas
3356 4716 3605 4777 egerunt.

2024 4786 2175 4851 Quod
2210 4796 2404 4852 praeter
2435 4784 2570 4843 hanc
2611 4779 2892 4852 epistolam
2937 4780 3135 4852 indicat
3172 4783 3334 4852 altera
3358 4779 3608 4852 ail_Lat_n-

2020 4848 2247 4921 p'ridium
2276 4895 2285 4913 ,
2317 4865 2369 4905 et
2400 4850 2749 4921 panegyricus
2794 4848 2957 4921 Aviti.
2992 4851 3141 4904 Nunc
3162 4851 3283 4919 quia
3310 4848 3605 4915 Aquitania:

2019 4919 2061 4980 ll
2088 4919 2428 4978 imminebant
2454 4964 2467 4985 ,
2502 4936 2587 4975 res
2629 4920 2731 4973 illis
2757 4934 2878 4973 cum
2904 4919 3095 4976 Gothis
3114 4966 3129 4991 ,
3162 4934 3318 4993 quem
3343 4921 3601 4973 victorem

2018 4994 2558 5066 populumappellat.

2091 5060 2115 5103 δ
2162 5060 2418 5118 Ρνῖεΐεθὸιο
2448 5063 2577 5118 Urbi
2604 5063 2703 5118 sub
2732 5062 2970 5130 Nepote:
3005 5060 3144 5130 quod
3180 5060 3365 5117 docuit
3388 5073 3486 5114 nos
3514 5060 3599 5113 in-

2019 5136 2239 5204 scriptio
2287 5134 2525 5187 Romana
2570 5133 2759 5187 urbani
2804 5133 3055 5203 ponderis
3086 5130 3422 5196 ‘marmorei,
3456 5140 3605 5201 parte

2020 5217 2246 5277 utraque
2268 5206 2457 5271 notati,
2487 5204 2589 5259 hoc
2619 5204 2798 5261 modo.

2162 5295 2387 5352 SALVO
2428 5296 2486 5349 D.
2529 5295 2592 5349 N.

2161 5368 2355 5423 JULIO
2394 5366 2659 5421 NEPOTE

2161 5439 2267 5495 PP.
2308 5437 2471 5493 ΔΗΕ.
2512 5437 2575 5493 Ν.

2013 5553 2139 5626 Haec
2169 5552 2347 5626 it:i_que
2371 5558 2457 5626 _est
2482 5545 3273 5626 praefecturaquamSidonius
3304 5543 3394 5626 illi
3419 5548 3599 5626 gratus

2013 5624 2176 5681 latur.
2221 5618 2493 5691 Ejusdem
2504 5636 2665 5691 porro
2698 5618 2849 5685 testis
2879 5630 2931 5683 et
2961 5618 3128 5672 altera
3156 5618 3453 5684 inscriptio,
3477 5625 3598 5683 quae

1998 5742 2111 5788 tum
2154 5732 2533 5858 gesselingio
2586 5731 2653 5785 ad
2732 5729 2869 5791 Voti,
2931 5728 3282 5784 Romanorum
3346 5722 3593 5783 [tinet-ar.

2005 5818 2129 5858 nae.
2228 5821 2281 5857 ο.

2005 5818 2129 5875 pag.
2154 5818 2281 5858 suo.

3014 5290 3248 5347 AUDAX
3288 5290 3359 5347 ν.
3401 5292 3463 5347 C.

3021 5361 3449 5417 PREFECTUS

3024 5433 3181 5490 ΗΚΒ.
3217 5431 3436 5488 FECIT.
