4072 6348
472 357 573 412 599

1742 332 1985 399 SIDONII
2028 342 2066 394 Α
2079 338 2315 394 POLLIN
2327 335 2410 391 AR
2422 336 2477 391 IS

3645 339 3760 397 ιςῡο

470 471 559 538 qui
591 482 730 537 sche
761 466 858 520 sibi
889 465 955 518 de
982 463 1210 518 molibus
1239 459 1552 515 facultatum
1580 467 2052 527 congregatarum,
2081 457 2140 520 Α
2169 454 2358 516 mium,
2400 452 2713 523 possideris.
2763 451 2947 508 Redde
2988 460 3042 507 te
3071 451 3229 522 patri,
3263 451 3426 506 redde
3455 459 3507 506 te
3547 456 3756 521 patriae,

471 560 646 629 deque
697 556 963 626 congestis
1001 553 1108 622 jam
1154 552 1506 622 nigrescentis
1559 549 1766 619 argenti
1818 549 2060 626 struibus

473 643 912 705 blandiebantur?
955 642 1043 697 ubi
1092 642 1252 696 etiam
1303 642 1511 694 illorum
1542 639 1916 710 praerogativa,
1967 639 2056 707 qui

473 750 655 797 contra
683 737 914 792 indolem
939 734 1211 804 juniorum
1247 733 1359 786 sola
1387 733 1548 804 225
1590 731 1875 785 occasione
1914 744 2056 799 pm-

474 833 711 889 cedentis
731 829 904 885 astatis
932 825 1512 882 iutumescebant?Ubi
1543 833 1668 880 sunt
1698 824 1796 889 illi,
1827 837 2057 893 quorum

473 924 706 978 affinitas
749 921 898 976 nullo
926 918 1123 974 indicio
1170 917 1375 985 majore
1421 916 1761 985 cognoscitur
1788 929 1946 984 quam
1984 915 2059 969 si-

473 1013 745 1068 multate?
786 1010 990 1078 Nempe
1028 1023 1147 1062 cum
1185 1009 1414 1078 primum
1465 1006 1620 1060 bonis
1663 1006 1871 1061 actibus
1909 1005 2058 1061 locus

473 1113 576 1171 est,
630 1111 685 1158 et
723 1102 790 1156 ad
826 1101 1082 1155 trutinam
1108 1098 1291 1167 judicii
1320 1096 1632 1167 principalis
1680 1110 1915 1166 appensa
1945 1105 2062 1152 tan-

474 1197 595 1251 dem
638 1208 746 1249 non
791 1205 1127 1246 nummorum
1159 1189 1315 1255 libra,
1359 1188 1456 1244 sed
1486 1202 1726 1252 morum;
1756 1201 2061 1242 remansere

477 1286 551 1341 illi
591 1285 679 1354 qui
725 1281 1107 1352 superbissime
1136 1281 1493 1348 opinabantur
1519 1279 1637 1333 solo
1664 1285 1725 1334 se
1749 1292 1915 1333 censu
1941 1292 2062 1334 esse

476 1375 776 1432 censendos
811 1391 824 1428 :
871 1374 1068 1442 quique
1111 1371 1189 1424 sic
1229 1369 1370 1424 vitiis
1411 1378 1467 1423 ut
1495 1367 1696 1423 divitiis
1721 1368 2061 1434 incubantes,

477 1468 665 1522 volunt
696 1465 946 1520 vanitatis
977 1463 1145 1518 videri
1167 1462 1397 1516 alienam
1427 1461 1729 1516 surrexisse
1751 1475 2062 1530 personam,

2168 545 2333 601 redde
2375 553 2426 601 te
2464 545 2624 600 etiam
2668 545 2915 600 fidelibus
2959 544 3167 610 amicis,
3209 545 3300 614 qui
3338 544 3459 614 jure
3486 559 3760 615 ponuntur

2165 636 2308 693 inter
2337 636 2582 693 aﬂ‘ectus.
2616 639 2720 691 Aut
2749 637 2793 692 si
2823 645 2875 691 te
2903 645 3109 690 tantum
3145 634 3443 691 Cincinnati
3475 636 3759 696 dictatoris

2167 733 2273 788 vita
2298 732 2547 796 delectat,
2570 728 2597 768 τι
2622 731 2724 784 duc
2753 741 2876 784 ante
2900 729 3177 795 ltaciliam,
3211 744 3330 798 quae
3354 729 3521 786 boves
3540 729 3758 800 jungat.

2165 823 2349 893 Neque
2395 823 2619 878 dixerim
2669 822 2897 894 sapienti
2947 822 3198 876 virorem
3249 821 3600 877 domesticam
3646 839 3758 878 non
3821 867 3824 882 ς

2168 931 2288 971 esse
2333 915 2622 971 curandam
2653 955 2669 981 ,
2701 909 2793 969 sed
2848 929 2912 968 eo
2963 922 3410 984 temperamento,
3458 915 3597 985 quod
3645 932 3760 972 non

2167 1009 2368 1077 solum,
2393 1008 2520 1080 quid
2548 1008 2769 1075 habere,
2794 1008 2889 1063 sed
2913 1008 3039 1079 quid
3062 1008 3254 1064 debeat
3276 1023 3400 1065 esse
3425 1011 3758 1070 consideret.

2166 1101 2298 1157 Nam
2330 1103 2375 1158 si
2398 1103 2611 1159 caeteris
2641 1102 2900 1157 nobilium
2929 1102 3226 1157 Studiorum
3274 1104 3481 1159 artibus
3508 1107 3762 1175 repudia-

2167 1195 2258 1260 tis,
2303 1193 2416 1248 sola
2460 1202 2511 1247 te
2557 1193 2914 1263 propaganda:
2945 1193 3023 1248 rei
3071 1191 3349 1249 familiaris
3394 1196 3565 1251 urtica
3607 1197 3763 1252 solli-

2168 1287 2293 1340 citat
2319 1303 2332 1337 :
2367 1285 2493 1340 licet
2520 1295 2574 1339 tu
2605 1285 2896 1340 deductum
2932 1300 3124 1341 nomen
3148 1303 3176 1339 a
3202 1287 3420 1355 trabeis,
3443 1299 3606 1357 atque
3633 1290 3763 1346 ebo—

2169 1387 2313 1430 ratas
2335 1379 2571 1444 curules,
2604 1386 2659 1432 et
2689 1377 3009 1447 gestatorias
3039 1378 3358 1445 bracteatas,
3388 1388 3445 1436 et
3473 1379 3636 1436 fastos
3671 1394 3764 1436 te-

2167 1468 2316 1524 colas
2367 1470 2803 1539 purpurissatos,
2854 1469 2900 1522 is
2946 1469 3189 1538 profecto
3239 1470 3550 1537 inveniere‘,
3600 1487 3764 1541 quem

476 1577 597 1617 cum
627 1561 798 1614 nolint
821 1556 1128 1625 cupiditatis
1173 1554 1345 1608 notari
1376 1569 1526 1608 suam
1557 1551 1792 1608 crevisse
1817 1553 2068 1607 substan-
2170 1560 2362 1616 debeat
2398 1562 2476 1616 sic
2520 1561 2860 1628 industrium,
2899 1562 3040 1631 quod
3083 1563 3365 1627 latentem,
3392 1578 3499 1618 non
3529 1573 3635 1620 tam
3667 1568 3765 1621 ho-

479 1652 627 1706 tiam.
662 1651 718 1704 In
748 1663 850 1718 qua
892 1657 1067 1702 tamen
1110 1644 1430 1700 detrahendi
1472 1644 1719 1714 palazstra
1763 1643 2060 1707 exercitati,

480 1755 731 1813 tanquam
777 1757 873 1810 per
924 1739 1133 1802 oleum,
1181 1740 1258 1792 sic
1303 1752 1399 1807 per
1436 1736 1607 1790 infusa
1661 1733 2065 1789 aemulationum

480 1850 688 1892 venena
733 1840 1094 1888 macerantur.
1137 1830 1217 1884 Tu
1262 1844 1388 1884 vero
1420 1829 1562 1884 inter
1590 1829 1707 1883 hzec
1735 1834 1947 1893 macte,
1975 1826 2067 1896 qui
2099 1837 2149 1900 Β

479 1931 815 2004 praefectum
845 1928 1013 1983 titulis
1042 1925 1328 1995 ampliatus
1350 1963 1366 1990 ,
1391 1923 1517 1977 licet
1541 1921 1804 1978 hactenus
1825 1934 1858 1976 e
1879 1933 2066 1989 prosa-

478 2025 566 2093 pia
610 2021 831 2076 illustris
857 2027 1248 2087 computarere,
1274 2014 1620 2083 peculiariter
1651 2012 1820 2067 nihilo
1845 2012 2067 2082 segnius

480 2113 791 2178 elaborasti,
813 2120 872 2166 ut
895 2124 925 2164 a
948 2118 1000 2164 te
1014 2107 1299 2179 gloriosius
1317 2105 1516 2175 posteri
1534 2105 1611 2160 tui
1628 2114 2064 2160 numerarentur.

478 2213 625 2268 Nihil
663 2211 804 2265 enim
831 2218 917 2264 est
943 2208 1034 2262 illo
1070 2222 1164 2274 per
1191 2207 1510 2260 sententiam
1541 2202 1668 2258 boni
1695 2203 1957 2272 cujusque
1984 2217 2067 2271 ge-

480 2305 755 2369 nerosius,
795 2303 1037 2374 quisquis
1073 2299 1305 2371 ingenii,
1335 2297 1578 2367 corporis
1600 2339 1614 2363 ,
1647 2295 2068 2366 opumjunctam

481 2399 535 2451 in
561 2398 661 2452 hoc
690 2403 942 2450 constans
971 2407 1194 2462 operam
1221 2398 1444 2444 exercet
1468 2427 1487 2455 ,
1512 2396 1572 2442 ut
1617 2387 1914 2458 majoribus
1953 2387 2069 2442 suis

481 2497 854 2558 anteponatur.
888 2485 1040 2554 Quod
1070 2493 1357 2554 superest,
1391 2483 1561 2537 Deum
1594 2496 1759 2552 posco
1789 2491 1845 2536 ut
1874 2489 1929 2536 te
1974 2480 2068 2535 filii

484 2591 883 2651 consequantur
903 2621 918 2646 ,
947 2587 1038 2634 aut
1068 2578 1209 2647 quod
1243 2578 1359 2646 plus
1384 2576 1540 2631 decet
1565 2577 1703 2632 velle
1728 2618 1743 2642 ,
1793 2585 2070 2631 transcen-

482 2675 650 2728 dant:
685 2681 740 2726 ct
779 2674 1080 2741 quicunque
1121 2683 1224 2722 non
1256 2668 1483 2722 sustinet
1516 2678 1567 2722 te
1593 2666 1818 2736 diligere
1844 2681 2069 2736 provec-

483 2777 620 2834 tum,
651 2765 962 2821 medullitus
992 2771 1283 2818 aestuantes
1311 2778 1340 2816 a
1376 2769 1549 2816 semet
1578 2763 1694 2831 ipso
1720 2761 1903 2816 livoris
1947 2777 2070 2831 pro-

485 2860 586 2930 prii
616 2873 828 2928 semper
857 2858 1033 2927 exigat
1071 2869 1256 2927 poenas
1289 2871 1304 2910 :
1345 2868 1576 2925 cumque
1604 2853 1774 2908 nullas
1805 2855 1856 2907 in
1889 2862 1941 2908 te
1973 2853 2068 2907 ha-

483 2951 662 3007 buerit
688 2966 918 3020 unquam
951 2947 1332 3004 misericordia:
1362 2961 1551 3002 causas
1571 2988 1587 3014 ,
1613 2946 1806 3002 habeat
1833 2946 2064 3001 invidiae.

484 3043 762 3111 Siquidem
786 3041 932 3111 juste
969 3050 992 3078 ο
1016 3041 1114 3097 sub
1134 3041 1278 3109 justo
1307 3039 1548 3109 principe
1569 3037 1740 3108 jacet,
1772 3039 1861 3107 qui
1894 3052 1988 3106 per
2010 3052 2068 3092 se

485 3136 759 3199 minimus,
780 3144 834 3189 et
855 3143 1056 3188 tantum
1087 3149 1183 3202 per
1208 3147 1302 3188 sua
1329 3133 1616 3198 maximus,
1643 3130 1822 3186 animo
1845 3131 2069 3201 exiguus

487 3228 634 3293 vivit,
665 3236 720 3283 et
746 3224 1065 3296 patrimonio
1093 3224 1373 3293 plurimus.
1409 3223 1558 3277 Vale.

923 3317 1085 3388 225
1122 3314 1454 3370 EPISTOLA
1499 3314 1631 3368 vnt.

807 3407 1056 3464 Sidonius
1083 3406 1112 3443 δ
1143 3406 1363 3476 Syagrio
1391 3420 1486 3458 suo
1511 3406 1746 3459 salutem.

558 3503 674 3570 Dic,
720 3501 1007 3557 Gallicana:
1044 3499 1143 3553 ﬂos
1185 3498 1496 3567 iuventutis,
1531 3510 1810 3567 quousque
1854 3495 2066 3551 tandem

488 3594 741 3650 ruralium
771 3606 996 3661 operum
1035 3590 1348 3659 negotiosus
1374 3589 1576 3644 urbana
1615 3586 1870 3642 fastidis?
1899 3603 2069 3658 quan-

486 3687 579 3742 diu
602 3686 808 3740 attritas
831 3693 1152 3739 tesserarum
1183 3682 1448 3752 quondam
1468 3680 1699 3750 jactibus
1719 3694 1908 3734 manus
1937 3695 2068 3735 con-

487 3785 570 3832 tra
605 3777 693 3845 jus
731 3776 911 3846 fasque
956 3775 1058 3830 sibi
1100 3773 1372 3829 vindicant
1410 3774 1762 3828 instrumenta
1801 3771 2068 3827 cerealia?

487 3871 774 3939 Quousque
814 3877 901 3923 tua
935 3876 986 3923 te
1030 3878 1053 3906 ο
1085 3866 1424 3922 Taionnacus
1465 3865 1705 3935 patriciae
1751 3865 1933 3935 stirpis
1964 3865 2072 3919 las-

486 3961 628 4016 sabit
668 3959 997 4029 agricolam?
1040 3972 1317 4029 quousque
1357 3956 1496 4028 prati
1535 3957 1799 4014 comantis
1840 3954 2067 4012 exuvias

487 4051 725 4109 hibernis
764 4051 1064 4117 novalibus,
1107 4065 1213 4105 non
1256 4060 1311 4104 ut
1351 4064 1539 4120 eques,
1581 4048 1676 4105 sed
1716 4057 1775 4103 ut
1809 4037 2069 4104 bubulcus

486 4145 810 4202 abscondis?
837 4158 1111 4216 quousque
1149 4143 1356 4212 pondus
1393 4143 1584 4214 ligonis
1611 4143 1787 4199 obtusi
1819 4158 1918 4198 nec
1946 4158 2068 4212 per-

486 4243 648 4298 fossis
694 4238 907 4294 antibus
955 4237 1145 4307 ponis?
1185 4237 1321 4303 Quid
1371 4235 1726 4291 Serranorum
1769 4237 1990 4291 tumulus
2019 4245 2073 4291 et

488 4331 856 4394 Camillorum,
903 4345 1021 4383 cum
1064 4342 1220 4397 regas
1263 4327 1454 4382 stivam
1480 4370 1494 4391 ,
1537 4325 1845 4381 dissimulas
1885 4336 2070 4395 optare

489 4423 809 4491 palmatam?
840 4420 1007 4475 Parce
1033 4427 1238 4472 tantum
1278 4418 1330 4471 in
1370 4418 1660 4472 nobilitatis
1698 4419 1949 4473 invidiam
1980 4435 2072 4474 ru-

490 4513 692 4570 sticari.
726 4511 926 4582 Agrum
962 4511 1007 4566 si
1036 4509 1374 4565 mediocriter
1408 4510 1574 4572 colas,
1615 4508 1886 4578 possides;
1917 4511 1962 4566 si
1989 4512 2068 4566 ni-

2170 1666 2364 1708 norare
2389 1666 2601 1718 censor,
2632 1667 2790 1720 quam
2813 1667 3008 1706 census
3031 1667 3276 1708 onerare.
3306 1653 3458 1710 Vale.

2637 1745 2795 1814 227
2839 1743 3171 1799 EPISTULA
3209 1745 3302 1799 IX.

2463 1832 2709 1887 Sidonius
2742 1844 2764 1870 θ
2795 1833 3093 1901 Lampridio
3119 1851 3212 1889 suo
3243 1835 3479 1890 salutem.

2239 1922 2373 1979 Cum
2397 1922 2625 1992 primum
2656 1923 3008 1993 Burdegalam
3038 1926 3180 1991 veni,
3204 1925 3411 1981 litteras
3433 1926 3563 1982 mihi
3593 1928 3768 1985 tabel-

2170 2018 2337 2072 larius
2368 2028 2491 2073 tuus
2521 2017 2718 2072 obtulit
2751 2018 2940 2087 plenas
2971 2019 3221 2086 nectaris,
3252 2019 3467 2085 ﬂorum,
3501 2022 3768 2093 margari-

2172 2119 2346 2165 tarum
2385 2130 2396 2161 :
2438 2110 2628 2180 quibus
2668 2111 2937 2166 silentium
2985 2125 3162 2166 meum
3200 2111 3413 2180 culpas,
3459 2122 3512 2167 et
3555 2114 3769 2184 aliquos

2173 2217 2428 2257 versuum
2462 2217 2702 2256 meorum
2733 2203 2984 2258 versibus
3006 2203 3207 2274 poscis,
3227 2204 3314 2273 qui
3345 2204 3444 2258 tibi
3471 2206 3644 2261 solent
3670 2223 3769 2277 per

2173 2294 2434 2348 musicum
2479 2294 2644 2363 palati
2675 2308 2995 2362 concavum,
3040 2295 3247 2350 variata
3279 2311 3412 2352 voce
3442 2297 3763 2370 tinnientes,

2171 2387 2325 2458 quasi
2357 2385 2501 2441 tibiis
2535 2387 2993 2443 multiforatilibus
3019 2387 3239 2444 eﬂ‘undi.
3278 2389 3384 2446 Sed
3416 2391 3518 2447 hoc
3545 2400 3602 2446 tu
3645 2408 3770 2448 mu.

2172 2478 2441 2534 nificentia
2472 2478 2612 2549 regis
2638 2480 2769 2534 satis
2798 2480 3048 2545 abutens,
3085 2482 3192 2550 jam
3233 2495 3455 2539 securus
3490 2494 3610 2554 post
3640 2502 3769 2540 mu-

2172 2583 2301 2623 nera
2329 2569 2498 2623 facis:
2532 2571 2656 2636 quia
2680 2569 2902 2624 forsitan
2934 2571 3227 2641 satyricum
3261 2572 3391 2627 illud
3419 2575 3487 2629 de
3527 2577 3768 2647 satyrico

2173 2672 2281 2713 non
2312 2659 2612 2714 recordaris
2635 2677 2648 2724 ;

2479 2756 2624 2803 Satur
2649 2761 2743 2818 est,
2771 2768 2881 2804 cum
2902 2757 3018 2805 dicit
3054 2756 3279 2807 Horatius
3303 2771 3446 2809 evoe.

2173 2849 2310 2915 Quid
2351 2848 2551 2904 multa?
2585 2850 2770 2904 Merito
2811 2865 2897 2905 me
2940 2860 3156 2906 cantare
3200 2868 3262 2906 ex
3294 2855 3403 2906 otio
3428 2853 3609 2923 jubes,
3638 2859 3770 2926 quia

2175 2951 2229 2997 te
2270 2943 2379 3011 jam
2431 2940 2627 2996 saltare
2678 2941 2930 2996 delectat.
2976 2942 3242 3012 Quidquid
3295 2943 3421 2998 illud
3467 2954 3568 3010 est,
3603 2962 3772 3015 pareo

2175 3043 2382 3098 tamen;
2415 3033 2572 3102 idque
2600 3048 2706 3088 non
2751 3033 2910 3087 modo
2942 3048 3047 3088 non
3087 3046 3324 3103 coactus,
3372 3051 3557 3091 verum
3600 3040 3769 3094 etiam

2173 3125 2488 3195 spontaliter
2510 3125 2666 3182 facio.
2682 3125 2912 3180 Tantum
2938 3134 2992 3179 tu
3011 3136 3281 3196 utcunque
3298 3128 3577 3185 moderere
3605 3131 3771 3187 (lato-

2095 3212 2144 3277 C
2175 3221 2395 3274 nianum
2447 3220 2809 3288 superciliosae
2846 3220 3034 3274 frontis
3074 3220 3398 3275 arbitrium.‘
3425 3221 3576 3277 Nosti
3617 3224 3767 3280 enim

2174 3327 2340 3383 prope
2368 3312 2606 3367 laetitiam
2639 3323 2917 3380 poetarum
2946 3328 2958 3362 :
2989 3326 3218 3381 quorum
3265 3313 3344 3366 sic
3387 3313 3600 3384 ingenia
3629 3330 3770 3371 moe-

2171 3409 2404 3475 roribus,
2447 3419 2506 3462 ut
2529 3407 2771 3477 pisciculi
2817 3409 3020 3470 retibus
3047 3409 3414 3463 amiciuntur:
3449 3419 3504 3465 et
3549 3410 3596 3466 si
3634 3411 3770 3481 quid

2173 3515 2424 3569 asperum
2456 3509 2547 3554 aut
2578 3499 2749 3564 triste,
2782 3514 2887 3554 non
2921 3499 3098 3554 statim
3131 3516 3190 3556 se
3219 3502 3426 3571 poetica
3459 3503 3770 3559 teneritudo

2171 3607 2201 3646 a
2243 3592 2458 3647 vinculo
2497 3592 2697 3646 incursi
2749 3592 2963 3661 angoris
3012 3593 3275 3662 elaqueat.
3331 3593 3568 3649 Necdum
3617 3598 3766 3650 enim

2175 3684 2460 3754 quidquam
2487 3683 2554 3739 de
2581 3682 2896 3739 haereditate
2924 3685 3175 3748 socruali,
3198 3684 3282 3739 vel
3316 3685 3367 3739 in
3403 3701 3555 3741 usum
3588 3689 3765 3742 tertiae

2175 3777 2275 3832 sub
2295 3776 2466 3845 pretio
2489 3776 2790 3832 medietatis
2802 3775 3026 3831 obtinui.
3060 3774 3277 3830 Interim
3296 3785 3351 3831 tu
3373 3778 3574 3833 videris
3597 3795 3762 3848 quam

2180 3870 2273 3925 tibi
2304 3870 2374 3924 sit
2400 3869 2801 3940 epigrammatis
2829 3868 3049 3938 ﬂagitati
3073 3868 3265 3923 lemma
3291 3869 3608 3938 placiturum
3635 3889 3648 3924 :
3675 3888 3771 3928 tne

2178 3971 2356 4018 tamen
2405 3975 2742 4031 nequaquam
2784 3959 3091 4015 sollicitudo
3128 3961 3389 4030 permittit
3436 3960 3577 4016 aliud
3623 3978 3770 4018 nunc

2179 4055 2378 4110 habere
2409 4057 2460 4110 in
2487 4054 2718 4119 actione,
2746 4053 2890 4108 aliud
2920 4054 2972 4107 in
3006 4054 3264 4109 carmine.
3304 4054 3436 4109 Illud
3465 4071 3593 4110 sane
3625 4071 3770 4125 pne-

2183 4155 2264 4203 ter
2309 4147 2569 4218 justitiam
2620 4146 2835 4212 feceris,
2887 4145 2931 4199 si
2984 4147 3469 4214 impraesentiarum
3523 4147 3765 4204 vicissim

2182 4241 2379 4308 scripta
2409 4239 2559 4307 quasi
2587 4249 2889 4306 compares.
2933 4240 3096 4309 228
3123 4240 3236 4307 Ago
3265 4239 3615 4305 laboriosum,
3647 4242 3766 4310 agis

2182 4332 2298 4401 ipse
2314 4331 2550 4386 felicem.
2563 4330 2678 4399 Ago
2689 4329 2864 4385 adhuc
2883 4331 3142 4396 exsulem,
3160 4331 3272 4402 agis
3295 4331 3409 4402 ipse
3425 4331 3536 4402 jam
3551 4334 3720 4388 civem
3743 4351 3761 4388 :

2179 4431 2233 4477 et
2259 4422 2329 4477 ob
2357 4424 2458 4476 hoc
2489 4421 2767 4490 inaequalia
2798 4436 2951 4487 cano,
2979 4425 3100 4492 quia
3145 4425 3338 4479 similia
3371 4441 3555 4493 posco,
3584 4435 3636 4480 et
3668 4441 3762 4492 pa-

2181 4516 2261 4570 ria
2290 4531 2395 4571 non
2425 4516 2670 4585 impetro.
2700 4514 2854 4579 Quod
2877 4517 2921 4572 si
2949 4517 3198 4586 quopiam
3222 4532 3348 4574 casu
3379 4518 3609 4586 ineptias
3631 4520 3763 4574 istas

492 4667 724 4743 Au_d_aCiS
772 4679 983 4743 quoque
1027 4663 1233 4743 reliqua
1284 4660 1498 4743 ηοωίξηι
1537 4661 1714 4743 Ρτοςιῑι
1743 4703 1756 4726 ν
1803 4671 1856 4743 ςι
1883 4665 2066 4743 nescio
2092 4668 2146 4728 D
2189 4741 2204 4743 η
2246 4674 2271 4707 ι’
2312 4669 2392 4724 Ad
2440 4685 2594 4735 quem
2638 4679 2793 4743 epist.
2846 4671 2899 4735 5,
2936 4671 3044 4743 lib.
3091 4688 3142 4737 v,
3175 4660 3314 4743 quod
3371 4673 3629 4730 fastorum
3662 4676 3763 4730 sub

493 4738 621 4808 quid
650 4733 826 4804 operis
865 4733 931 4808 ab
975 4749 1041 4790 eo
1082 4734 1262 4808 Romae
1294 4741 1421 4808 post
1445 4733 1772 4808 barbaricam
1808 4734 2070 4790 incursio-

494 4803 615 4862 nem
645 4803 750 4878 87
796 4805 1092 4877 perfectum
1140 4804 1339 4859 indicat
1371 4803 1454 4858 liis
1493 4803 1689 4859 verbis.

775 4943 1154 4999 CASTALIUS
1190 4941 1348 4996 ΙΝΝο

778 5013 1070 5070 CENTIUS
1111 5012 1346 5067 AUDAX
1386 5011 1449 5065 V.
1491 5011 1548 5066 C.

781 5082 1208 5140 PREFECTUS
1248 5080 1450 5137 URBIS

779 5157 937 5210 VICE
973 5154 1196 5210 SACltA
1234 5151 1558 5208 JUDICANS

776 5225 1166 5280 BABBARICA
1203 5222 1608 5278 INCURSIONE

781 5296 1094 5353 SUBLATA
1132 5292 1490 5350 RESTITUIT

498 5456 647 5514 Hanc
666 5469 729 5509 ex
746 5452 966 5508 Joannis
978 5451 1046 5506 de
1068 5451 1242 5506 Marca
1269 5463 1405 5503 nova
1449 5449 1789 5503 collectaneis
1825 5448 2074 5518 deprom-

497 5528 738 5598 psimuskz
772 5524 859 5598 qui
894 5523 1076 5598 Romae
1104 5522 1229 5575 olim
1249 5519 1427 5598 fnum;
1452 5521 1591 5598 enim
1622 5534 1725 5573 non
1768 5518 1966 5587 exstat)
2004 5519 2072 5573 ad

497 5588 664 5653 aedem
690 5595 746 5653 S.
777 5588 955 5650 Mariae
976 5607 1127 5646 novae
1150 5593 1372 5660 positam
1402 5588 1564 5643 fuisse
1587 5599 1787 5660 monet.

569 5677 594 5704 α
629 5668 771 5722 Julio
801 5666 1022 5732 Nepote,
1067 5671 1123 5717 ut
1153 5659 1350 5732 dictum
1383 5671 1663 5732 estdsupra
1694 5659 1805 5732 lib.
1829 5676 1878 5723 v,
1911 5659 2070 5728 epist.

498 5739 567 5794 16
609 5755 623 5789 :
664 5737 776 5790 Hoc
815 5729 980 5789 tamen
1010 5729 1192 5788 sancte
1234 5730 1409 5784 Julius
1459 5729 1652 5801 Nepos,
1680 5731 1834 5784 armis
1885 5734 2074 5799 pariter

498 5822 723 5863 summus
749 5807 1002 5864 Auamma
1023 5815 1069 5862 et
1099 5803 1340 5857 maribus.

2178 4741 2336 4822 linem
2359 4741 2796 4824 commemoratio
2819 4742 3098 4796 confirmat
3124 4760 3135 4795 :
3165 4741 3353 4800 alludit
3374 4746 3514 4801 enim
3540 4746 3604 4801 ad
3627 4745 3763 4816 Sya-

2179 4813 2351 4882 grium
2385 4812 2660 4866 consulem
2693 4811 2847 4880 hujus
2879 4827 3156 4880 proavum.
3669 4811 3685 4816 ⁷

2181 4954 2192 4955 7
2255 4893 2275 4955 ς
2323 4882 2452 4955 Vide
2479 4897 2564 4955 an,
2585 4882 2772 4955 referri
2798 4883 2918 4955 huc
2944 4886 3125 4955 possit
3140 4882 3428 4948 Taionnus,
3463 4901 3620 4955 quam
3651 4887 3758 4939 Ta-

2180 4953 2303 5078 gula
2329 4952 2600 5008 itineraria
2632 4956 2682 5008 in
2706 4953 2898 5009 Eduis
2928 4956 3085 5024 locat,
3115 4953 3253 5008 haud
3278 4956 3461 5024 procul
3480 4952 3759 5027 'Augusto-

2219 5039 2346 5078 uno.

2219 5039 2346 5078 uno.

2251 5093 2279 5131 ἀ
2320 5096 2394 5149 ita
2426 5095 2635 5150 restitui
2668 5097 2866 5167 veteris
2896 5095 3018 5150 libri
3047 5096 3268 5166 vestigia
3301 5108 3538 5161 secutus,
3570 5097 3623 5151 in
3653 5114 3758 5167 quo

2180 5167 2454 5235 legebatur
2475 5169 2662 5219 ducant
2688 5165 2955 5220 Erriliam.
2985 5165 3350 5221 Itacilia’enitn
3381 5185 3575 5225 nomen
3602 5165 3755 5222 uxori

2183 5235 2240 5288 L.
2267 5236 2565 5290 Cincinnati
2595 5238 2733 5304 apud
2767 5235 2973 5289 Livium
3003 5235 3096 5289 lib.
3130 5253 3207 5291 ιιι.

2257 5316 2279 5341 θ
2323 5307 2543 5361 Rhetori
2586 5305 2987 5373 Burdegalensi,
3021 5308 3216 5362 eximio
3260 5319 3450 5376 poetm,
3485 5318 3543 5364 ut
3581 5319 3660 5361 est
3705 5310 3758 5362 in

2183 5377 2407 5444 epistola
2442 5377 2501 5429 ll
2537 5377 2603 5429 ad
2632 5375 2856 5444 Lupum,
2889 5386 2940 5430 et
2972 5376 3059 5440 15,
3085 5377 3176 5430 lib.
3213 5375 3287 5445 ix,
3318 5379 3383 5432 ad
3413 5378 3754 5433 Tonantium.

2178 5446 2400 5518 Sidonio
2431 5447 2525 5499 fuit
2548 5447 2600 5499 in
2626 5445 2826 5518 intimis
2853 5462 2864 5496 :
2887 5451 3028 5513 quod
3058 5449 3328 5518 przecipue
3348 5447 3620 5503 declarant
3641 5467 3760 5518 quae

2176 5515 2244 5570 de
2275 5517 2415 5569 illius
2444 5524 2613 5570 morte
2644 5514 2711 5567 ad
2741 5514 2946 5582 Lupum
2976 5514 3180 5573 scribit.
3206 5514 3407 5573 Aberat
3436 5522 3478 5574 is
3504 5520 3605 5574 hoc
3627 5514 3757 5574 tem-

2179 5601 2310 5660 pore
2322 5586 2621 5660 Vilurdegala
2640 5603 2650 5636 :
2675 5599 2779 5660 quo
2794 5598 2915 5639 cum
2943 5587 3195 5643 Sidonius
3215 5589 3279 5643 ad
3295 5588 3548 5645 Ettricum
3576 5607 3758 5660 regem

2178 5653 2921 5731 exsilii__linemﬂagitatorus
2969 5660 3237 5727 venisset,
3289 5676 3519 5730 sequens
3569 5653 3756 5731 poéma

2179 5726 2435 5798 condidit,
2465 5725 2662 5798 oppido
2684 5727 2925 5798 elegans,
2956 5737 3116 5798 atque
3145 5731 3207 5784 ad
3225 5725 3592 5788 continendam
3620 5732 3758 5793 aulae

2178 5797 2419 5854 Gothicae
2447 5795 2846 5865 amplitudinem
2874 5795 3232 5864 aptissimum.
