4072 6348
212 706 225 768 ῑ

274 378 388 434 601

269 586 527 659 gentiore
553 576 874 648 susceperis,
905 571 1257 645 persuadebis
1276 570 1428 639 mihi,
1454 570 1577 639 quia
1605 578 1859 625 cantuum

272 678 492 736 similes
532 671 729 728 fuerint
759 667 1111 732 olorinorum,
1155 678 1381 735 quorum
1426 661 1752 717 modulatior
1781 668 1867 716 est

270 769 503 838 clangor
531 764 588 820 in
617 761 827 832 pmnis;
864 757 1067 814 similes
1099 756 1261 812 etiam
1290 753 1506 811 chorda
1536 752 1719 824 lyrica)
1748 754 1864 806 vio-

273 862 489 920 lentius
518 866 721 921 tensae,
751 867 870 925 quae
895 865 1001 922 quo
1032 850 1151 920 plus
1192 857 1349 915 torta,
1383 847 1501 916 plus
1530 845 1731 899 musica
1763 855 1865 899 est.

272 956 554 1013 Caeterum
593 951 640 1006 si
666 946 880 1020 probari
910 950 1181 1015 nequeunt
1210 956 1401 997 versus
1428 939 1522 994 otii
1562 948 1652 993 aut
1687 936 1873 991 hilari-

277 1048 416 1103 tatis
460 1050 730 1114 expertes,
786 1048 842 1093 tu
871 1050 1083 1107 quoque
1128 1034 1181 1089 in
1230 1032 1419 1103 pagina
1466 1044 1633 1100 quam
1689 1028 1872 1083 subter

276 1138 493 1195 attexui
533 1133 663 1191 nihil
705 1128 846 1202 quod
875 1128 1088 1199 placeat
1115 1121 1493 1185 invenieleis
1516 1121 1689 1175 adhuc
1711 1118 1870 1185 adde,

279 1229 435 1300 quod
482 1225 758 1282 materiam
799 1221 885 1277 cui
918 1234 1026 1275 non
1070 1216 1315 1283 auditor,
1344 1213 1439 1269 sed
1480 1214 1657 1282 potius
1704 1212 1875 1266 lector

278 1319 564 1393 obtigerit,
598 1315 728 1373 nihil
764 1311 1003 1369 absentis
1031 1308 1267 1365 auctoris
1305 1304 1667 1377 pronuntiatio
1701 1303 1873 1373 juvat.

280 1416 480 1486 Neque
504 1415 648 1469 enim
684 1416 807 1479 post
843 1420 983 1477 opus
1012 1404 1235 1460 missum
1264 1410 1509 1470 superest
1544 1396 1673 1469 quid
1717 1407 1875 1467 poeta

281 1508 376 1564 vel
418 1502 790 1562 vocalissimus
829 1507 969 1570 agat,
1007 1511 1167 1568 quem
1207 1494 1460 1551 distantia
1490 1492 1591 1546 loci
1639 1504 1737 1546 nec
1776 1490 1878 1545 hoc

283 1601 471 1657 facere
502 1598 781 1669 permittit,
810 1592 953 1664 quod
976 1591 1153 1645 solent
1178 1597 1204 1625 ι
1231 1586 1378 1643 chori
1404 1583 1875 1656 pantomimorum,

290 1696 379 1765 qui
403 1694 545 1748 bono
567 1697 725 1745 cantu
755 1686 891 1741 male
918 1683 1118 1740 dictata
1144 1679 1542 1738 commendant.

418 1802 547 1861 Quid
572 1796 923 1863 Cyrrham,_vel
947 1795 1177 1863 Hyantias
1196 1793 1471 1854 Cammnas,

417 1856 545 1923 Quid
564 1856 732 1911 doctos
752 1856 1091 1923 Heliconidum
1112 1856 1354 1919 liquores,

416 1920 637 1988 Scalptos
655 1922 1059 1988 alitishinnientis
1077 1920 1194 1978 ictu,

417 1986 556 2038 Nunc
580 1991 627 2035 in
651 1986 859 2035 carmina
880 1993 1188 2031 commovere
1219 1988 1397 2041 lentas,

420 2051 629 2105 Nostra,
652 2062 683 2097 ο
704 2045 1023 2108 Lampridius,
1046 2045 1196 2108 decus
1230 2040 1410 2108 Thaliae
1428 2040 1454 2092 ?

417 2112 478 2162 Et
505 2125 582 2161 me
607 2105 836 2159 s.ribere'
858 2109 925 2156 sic.
955 2107 1161 2154 subinde
1183 2105 1335 2166 cogis,

418 2174 491 2224 Ac
512 2175 555 2229 si
579 2172 810 2234 Delphica
837 2168 977 2217 Delio
1003 2167 1217 2234 tulissem

424 2225 855 2305 Instrumentatuo
877 2245 889 2281 :
916 2244 1167 2288 novusque
1186 2225 1359 2337 Apiollo

424 2298 687 2337 (inrliuam.
712 2295 941 2337 innodas-
968 2290 1183 2337 chelvm-
1207 2304 1234 2337 ι)
1272 2302 1354 2337 are

424 2298 691 2359 Cortiuam,
712 2295 942 2357 tripodas,
968 2290 1183 2359 chelvm,
1207 2290 1478 2359 pharetras,

422 2360 593 2415 Arcus,
620 2350 794 2420 gr'ypas
812 2350 968 2417 agam,
993 2350 1250 2420 dup'lgEQue
1281 2350 1464 2420 frondis

421 2421 545 2469 Hinc
566 2414 734 2470 baccas
751 2414 982 2480 quatiam,
1010 2415 1088 2464 vel
1112 2415 1226 2463 hinc
1243 2414 1513 2474 corymbos.

407 2486 570 2554 229
606 2490 676 2540 'l'u
694 2494 811 2554 jam,
836 2502 866 2537 o
887 2489 1075 2550 Tityre,
1100 2501 1211 2535 rura
1240 2490 1346 2547 post
1385 2488 1602 2547 recepta,

424 2552 597 2616 Elidos
623 2559 675 2601 et
697 2552 948 2612 platanona
985 2555 1295 2616 pervagatus,

424 2614 597 2663 l'ulsas
632 2616 875 2671 barbiton,
901 2622 1047 2674 atque
1073 2614 1392 2674 concinentes

424 2677 520 2728 Ora
547 2683 598 2740 et
617 2677 798 2740 plectra
825 2677 909 2724 tibi
948 2672 1113 2724 modos
1135 2672 1389 2740 res_ultant_;

423 2734 631 2799 illiordu;
671 2751 809 2796 voce,
835 2744 993 2785 metro
1015 2736 1256 2799 stupende
1284 2734 1477 2795 psaltes.

424 2801 524 2851 Nos
547 2797 651 2851 istic
675 2802 874 2862 positos,
907 2797 1163 2862 semelque
1185 2798 1334 2862 visos,

428 2865 509 2913 llis
528 2863 619 2924 jam
646 2860 893 2912 menstrua
918 2860 1028 2909 luna
1047 2860 1387 2924 conspicatur:

430 2920 541 2975 Nec
554 2925 754 2974 multum
776 2924 972 2973 domino
998 2928 1134 2970 vacat
1167 2920 1251 2969 vel
1279 2920 1387 2980 ipsi,

431 2987 552 3035 Dum
574 2999 810 3050 responsa
843 2985 965 3050 petit
988 2985 1215 3050 subactus
1237 2983 1390 3031 orbis.

427 3050 540 3099 Istic
562 3046 752 3098 Saxona
774 3047 1012 3097 caerulum
1034 3046 1269 3103 videmus,

431 3114 689 3162 Assuetum
714 3116 828 3159 ante
850 3108 970 3167 salo,
998 3107 1151 3157 solum
1180 3107 1390 3156 timere:

431 3174 575 3235 Cujus
594 3173 785 3222 verticis
810 3173 1018 3220 extimas
1046 3183 1135 3232 per
1152 3182 1279 3230 oras,

431 3235 535 3283 Non
558 3242 780 3283 contenta
798 3245 911 3283 suos
928 3238 1105 3282 tenere
1127 3242 1333 3286 morsus,

435 3295 565 3345 Altat
590 3295 755 3343 lamina
780 3296 1047 3356 marginem
1084 3305 1364 3353 comarum;

431 3357 492 3408 Et
513 3358 583 3405 sic
602 3358 812 3405 crinibus
827 3358 885 3405 ad
907 3362 1069 3403 cutem
1092 3356 1263 3402 recisis

432 3418 691 3467 Decrescit
712 3424 871 3479 caput,
897 3416 1182 3479 additurque
1216 3414 1394 3479 vultus.

434 3480 525 3529 Hic
548 3488 684 3528 tonso
707 3478 920 3541 ocCipiti,
945 3491 1099 3541 senex
1127 3478 1396 3534 Sicamber,

432 3541 689 3603 Postquam
715 3539 867 3591 victus
890 3539 963 3602 es,
1002 3539 1138 3588 elicis
1156 3544 1431 3603 retrorsum

432 3598 685 3653 Cervicem
708 3604 765 3651 ad
789 3598 1011 3651 veterem
1038 3612 1187 3649 novos
1215 3598 1435 3661 capillos,

434 3664 528 3713 Hic
564 3664 747 3724 glaucis
770 3664 981 3713 Herulus
1004 3665 1148 3724 genis
1170 3668 1394 3724 vagatur,

436 3724 561 3775 lmos
572 3724 751 3775 Oceani
776 3724 940 3774 colens
962 3736 1202 3785 recessus,

434 3788 615 3848 Algoso
640 3801 788 3849 prOpe
813 3787 1032 3835 concolor
1055 3784 1305 3849 profundo.

435 3846 526 3899 me
548 3846 825 3910 Burgundio
848 3846 1063 3908 septipes
1081 3846 1370 3908 frequenter

435 3910 592 3962 Flexo
614 3909 798 3972 peplite
824 3910 1057 3969 supplicat
1098 3911 1336 3969 quietem.

434 3975 502 4023 lst
520 3987 545 4022 s
564 3972 887 4032 Ostrogothus
911 3973 1042 4030 viget
1076 3974 1307 4032 patronis,

432 4030 733 4095 Vicinosque
759 4045 985 4095 premens
1006 4030 1215 4081 subinde.
1236 4030 1460 4095 Chunos,

435 4096 525 4146 His
538 4092 664 4157 quod
684 4092 924 4152 subditur,
947 4093 1061 4141 hinc
1079 4094 1305 4154 superbit
1324 4092 1434 4141 illis.

388 4244 414 4271 ⁸
454 4230 732 4288 Habebam
759 4229 901 4285 enim
931 4228 1154 4283 chorum
1183 4243 1338 4283 suum
1371 4226 1703 4296 pantomimi,
1734 4226 1887 4296 cujus

314 4320 531 4362 carmen
559 4311 683 4370 apto
703 4310 757 4356 et
776 4300 1074 4369 composito
1094 4309 1245 4368 gestu
1271 4298 1512 4368 corporis
1529 4298 1888 4366 exponebant.

314 4376 560 4432 Manilius
586 4373 681 4428 lib.
714 4388 742 4424 ν
772 4371 1081 4426 Astronom.
1114 4386 1125 4397 ·

442 4485 627 4536 Omnes
644 4483 847 4533 fortunae
887 4480 1047 4531 vultus
1072 4494 1160 4544 per
1182 4481 1400 4532 membra
1424 4482 1648 4541 reducet,

444 4546 767 4610 Equabitque
783 4545 931 4595 cboro
946 4550 1130 4594 cantus.

320 4650 690 4707 Cassiodorius
717 4659 934 4705 senator
961 4647 1069 4703 lib.’
1094 4663 1165 4701 tv.
1213 4646 1419 4701 Variar.
1451 4648 1633 4701 ultima
1660 4664 1672 4699 :
1704 4644 1900 4699 Panto-

319 4724 499 4783 mimo,
529 4736 640 4773 cum
667 4722 887 4789 primum
913 4720 965 4772 in
991 4734 1191 4772 scenam
1212 4719 1492 4789 aduenerit,
1515 4718 1758 4770 assistunt
1778 4732 1901 4769 con-

318 4793 434 4847 soni
458 4792 619 4853 chori,
646 4787 859 4844 diversis
889 4790 1112 4859 organis_
1124 4787 1327 4840 eruditi.
1359 4788 1709 4841 Aristaenetus
1738 4788 1896 4859 epist.

317 4863 409 4926 26,
426 4866 555 4946 «eos
581 4860 924 4946 ὀρχησῖρξέασ
947 4854 1046 4946 :Kai
1061 4856 1143 4946 εἶά
1161 4879 1238 4917 τις
1253 4860 1434 4946 Φάβιος
1456 4860 1711 4944 ιιρωὲτεὺς,
1728 4854 1898 4943 ἅλλοῖε

319 4938 449 5009 πρὸς
467 4926 1028 5010 ἆλλίῷταϐξϐλῆσθαι
1056 4928 1224 5009 densi:
1249 4926 1377 5010 πρὸς
1528 4926 1779 5010 stipatio-or
1803 4935 1902 4982 τῶν

323 4996 709 5074 ὐέτορχημάιὲων
926 4999 1255 5074 Augustinus
1286 4996 1413 5052 item
1456 4997 1549 5050 lib.
1580 4996 1630 5074 _i_t_
1651 4996 1719 5050 de
1745 4996 1903 5074 Sym-

322 5056 448 5130 toil.
461 5056 546 5128 "ad
573 5056 999 5145 catechumenos
1011 5056 1087 5145 ’ΞΑ
1100 5079 1168 5145 _e_t
1198 5077 1352 5123 vetus
1382 5078 1537 5145 poeta
1579 5068 1671 5120 lib.
1707 5082 1757 5145 iv
1782 5056 1898 5135 cpi-

321 5155 678 5214 grammatum
698 5140 1031 5197 collectionis
1055 5138 1368 5205 Pitliteanaa,
1400 5138 1467 5192 de
1495 5138 1864 5206 pantomimo.-

448 5255 708 5313 Ingressus
730 5264 928 5302 scenam
952 5249 1178 5313 papulum
1200 5247 1397 5313 saltator
1421 5248 1606 5307 adorat,

508 5312 705 5365 Sollerti
731 5315 925 5380 pendet
940 5312 1318 5380 proder_e_vet'_l_)a
1341 5323 1503 5380 maml-
1538 5370 1550 5380 _
1588 5368 1601 5380 ,
1638 5371 1646 5380 ,

451 5379 571 5429 Nam
592 5389 703 5426 cum
727 5368 866 5436 grata
884 5368 1065 5424 chorus
1079 5373 1300 5423 diifundit
1315 5374 1497 5421 cantica
1522 5368 1697 5436 dulcis,

513 5440 632 5498 Quae
650 5433 848 5487 resonat
871 5442 1055 5495 cantor,
1079 5436 1292 5485 motibus
1313 5437 1417 5496 ipse
1440 5433 1625 5496 probat.

394 5563 426 5603 δ
472 5566 583 5689 8?
639 5564 730 5621 Sic
789 5562 912 5617 libri
970 5576 1158 5617 omnes
1212 5576 1347 5630 quos
1404 5562 1549 5628 vidi,
1598 5576 1707 5617 uno
1746 5570 1905 5630 atque

398 5648 495 5689 ero
560 5634 774 5689 emotis.
804 5647 1028 5689 auorum
1045 5634 1206 5687 lectio
1226 5632 1534 5689 depravata.
1554 5633 1663 5688 Nec
1684 5632 1903 5687 dubium

321 5632 774 5703 altero'demptis,
804 5647 1028 5703 quorum
1045 5634 1206 5687 lectio
1226 5632 1534 5701 depravata.
1554 5633 1663 5688 Nec
1684 5632 1903 5703 dubium

323 5716 406 5760 est
436 5705 562 5775 quin
590 5702 661 5761 de
682 5702 881 5775 ,Eurico
912 5718 1034 5775 rege
1067 5704 1135 5756 sit
1167 5717 1366 5775 sermo,
1394 5718 1516 5775 non
1553 5704 1621 5775 de
1665 5702 1907 5775 T_he_ode-

324 5771 467 5831 ricoi
504 5776 615 5832 Sub
658 5774 853 5830 Eurico
881 5771 1025 5829 enim
1053 5772 1203 5827 exsul
1247 5771 1341 5826 fuit
1382 5774 1653 5827 Sidonius.
1685 5772 1905 5828 Falsum

326 5856 506 5902 autem
528 5856 629 5907 est.
660 5854 718 5903 ut
737 5845 947 5912 opinor,
981 5843 1231 5899 Euricum
1261 5842 1579 5901 Theoderici
1607 5844 1766 5902 etiam
1800 5858 1899 5898 no-

1512 359 1992 418 EPISTOLARUM
2036 359 2164 417 LIB.
2211 362 2341 417 VIII.

272 507 419 567 quas
446 473 585 546 inter
612 486 775 541 animi
799 479 1513 555 suppliclaconscripsimus,
1542 486 1669 532 nutu
1695 476 1863 531 indul-
1888 477 1941 540 Α

1908 1865 1959 1928 Β

1912 3247 1961 3312 C
1992 3258 2235 3330 peccasti
2279 3273 2293 3312 :

1962 4666 1969 4675 ‘
2001 4652 2113 4719 δης,
2140 4652 2165 4707 ὁ
2195 4652 2248 4708 δὲ
2278 4651 2591 4727 «ιὶραάῖηςηό
2620 4651 2672 4708 δὲ
2694 4651 2888 4727 ἄλλοτε)
2922 4651 3147 4727 Arsactt,
3181 4651 3377 4727 inquit,
3405 4651 3587 4707 vocan-

3451 357 3561 419 tu)!

3531 404 3563 419 σι

2093 475 2240 539 Hinc,
2266 475 2501 534 Ronrane,
2529 476 2614 526 tibi
2641 478 2767 539 petis
2787 476 2993 527 salutem
3024 497 3030 527 ;

2095 537 2155 601 Et
2172 548 2335 601 contra
2358 539 2591 599 Scythicas
2618 537 2771 601 plaga:
2795 547 3032 601 catervas,

2094 598 2144 648 Si
2165 613 2287 659 quos
2314 598 2560 648 Parrhasés
2578 598 2825 650 ursaTert
2851 600 3101 655 tumultus.

2098 662 2259 780 E30
2285 668 2309 704 ι)
2337 669 2529 730 Eroice,
2554 678 2648 719 tua:
2673 684 2842 719 manus
2860 678 3106 731 rOgantur.

2147 742 2162 778 ι
2206 733 2409 780 Martem
2433 732 2615 780 validus
2640 745 2727 780 per
2748 732 3034 780 inquilinum

2147 742 2162 778 ι
2186 733 2409 793 ΔΜιιιίειῐι
2433 732 2615 781 validus
2640 745 2727 793 per
2748 732 3034 793 inquilinum

2098 791 2339 843 Defenset
2360 800 2561 841 tenuem
2588 791 2825 846 Garumna
2845 794 3045 842 'l‘ihrim.

2100 855 2211 916 Ipse
2236 856 2313 903 hic
2338 857 2359 883 θ
2388 854 2643 916 Parthicus
2690 856 2895 916 Arsaces
2920 862 3165 915 precatur,

2098 915 2235 966 Aulus
2270 915 2455 965 Susidis
2478 924 2532 965 ut
2551 923 2729 965 tenere
2748 915 2942 963 culmen

2102 979 2275 1037 Possit,
2315 976 2505 1026 fordere
2530 978 2621 1026 sub
2644 978 2944 1037 stipendiali.

2099 1039 2219 1089 Nam
2242 1040 2370 1101 quod
2400 1040 2614 1100 partibus
2638 1051 2768 1087 arma
2794 1039 3117 1099 Bosphoranis
3174 1100 3177 1101 ν

2102 1102 2279 1150 Grandi
2307 1103 2417 1163 hinc
2441 1115 2649 1163 surgere
2676 1103 2825 1149 sentit
2849 1108 3098 1163 apparatu,

2106 1163 2324 1212 Mo-stam
2348 1161 2550 1211 Persida"
2572 1164 2662 1222 iam
2686 1175 2856 1211 sonum
2882 1161 2939 1210 ad
2956 1161 3106 1211 duelli

2103 1224 2223 1288 Ripa
2248 1225 2547 1288 Euphratide
2568 1227 2645 1273 vix
2669 1231 2804 1285 putat
2824 1224 3068 1288 tuet‘dam.

2106 1285 2199 1344 Qui
2222 1285 2426 1349 cognata
2450 1285 2568 1335 licet
2586 1288 2675 1335 sibi
2702 1293 2827 1334 astra
2848 1285 3056 1348 ﬁngens,

2106 1349 2333 1398 Phuebtea
2356 1354 2543 1397 tumeat
2567 1350 2925 1409 prOpiuthitatc
2948 1364 2959 1405 ;

2106 1408 2359 1459 Mortalem
2388 1410 2463 1457 hic
2501 1408 2660 1458 tamen
2686 1409 2856 1471 implet
2879 1409 3193 1458 obsecrando.

2105 1472 2222 1521 Htec
2244 1473 2395 1529 inter,
2426 1473 2629 1519 terimus
2648 1484 2805 1519 moras
2827 1472 3013 1519 inanes.

2105 1533 2202 1583 Sed
2231 1540 2303 1590 tu,
2327 1547 2357 1582 o
2382 1534 2567 1595 'l‘iiyre,
2595 1545 2740 1595 parce
2767 1545 3048 1593 provocare.

2106 1595 2346 1663 lfam'non
2371 1597 2589 1663 invideo,
2614 1595 2866 1654 magisque
2886 1596 3051 1663 miror,

2108 1656 2201 1715 Qui
2222 1656 2331 1705 c'um
2356 1656 2426 1704 nil
2450 1669 2666 1715 mereor,
2694 1667 2970 1717 precesque
2987 1656 3169 1706 frustra

2106 1719 2360 1781 lmpendo,
2390 1718 2647 1767 Meliboaus
2671 1730 2782 1767 esse
2809 1719 2951 1779 coepi.

2058 1823 2135 1878 Eu
2166 1838 2409 1888 carmen,
2438 1822 2580 1892 quod
2611 1837 2901 1878 recensens
2922 1823 3270 1894 otiabundus,
3303 1833 3573 1880 nostrum-

1986 1931 2091 1987 que
2118 1916 2369 1971 sudorem
2395 1932 2458 1971 ac
2487 1917 2764 1985 pulverem
2792 1927 3063 1986 spectans,
3093 1918 3258 1973 veluti
3281 1919 3390 1989 jam
3413 1934 3573 1973 coro-

1986 2019 2144 2062 natus
2194 2008 2374 2077 auriga
2429 2009 2496 2063 de
2548 2008 2729 2077 podio.
2774 2008 2875 2064 De-
2898 2010 3105 2080 reliquo
3155 2025 3260 2066 non
3306 2020 3389 2066 est
3433 2013 3574 2081 quod

1986 2100 2277 2169 suspiceris
2309 2116 2404 2169 par
2430 2115 2516 2155 me
2544 2099 2704 2155 ofﬁcii
2735 2117 2905 2170 genus
2933 2104 3308 2173 repetiturum,
3366 2105 3575 2160 etiamsi

1986 2192 2257 2247 delectere
2283 2192 2560 2261 praesenti,
2592 2192 2694 2247 nisi
2724 2194 2872 2263 prius
2903 2194 3019 2262 ipse
3051 2193 3345 2250 destiterim
3383 2196 3572 2250 vatici-

1986 2287 2101 2339 nari
2135 2285 2304 2355 magis
2332 2285 2528 2341 damna
2553 2300 2710 2353 quam
2742 2284 3001 2341 carmina.
3034 2285 3180 2341 Vale.

2552 2420 2885 2476 EPISTULA
2928 2420 2996 2477 Χ.

2307 2508 2553 2567 Sidonius
2580 2509 2606 2549 δ
2638 2513 2853 2569 Ruricio
2884 2530 2977 2569 suo
3010 2516 3250 2571 salutem.

2067 2613 2203 2669 Esse
2244 2613 2338 2668 tibi
2380 2614 2498 2668 usui
2543 2613 2746 2685 pariter
2784 2622 2838 2670 et
2876 2615 3025 2670 cordi
3064 2611 3270 2671 litteras
3309 2615 3579 2686 granditer

1986 2706 2211 2775 gaudeo.
2248 2705 2362 2761 Non
2392 2708 2587 2778 stylum
2612 2719 2852 2763 vestrum
2885 2718 3080 2776 quanta
3109 2708 3396 2765 comitetur
3420 2710 3577 2782 231

1988 2797 2071 2852 vel
2102 2797 2316 2852 ﬂamma
2348 2814 2626 2864 sensuum,
2662 2799 2743 2854 vel
2789 2800 2929 2854 unda
2978 2815 3311 2867 sermonum,
3363 2802 3579 2857 liberius

1987 2903 2310 2955 assererem,
2345 2891 2444 2944 nisi
2478 2889 2603 2944 dum
2636 2906 2722 2946 me
2756 2891 2974 2945 laudare
3015 2906 3120 2945 non
3153 2906 3337 2962 parum
3371 2892 3577 2957 studes,

1988 2980 2195 3035 laudari
2221 2983 2508 3050 plurimum
2536 2990 2587 3037 te
2608 2992 2840 3039 vetares.
2865 2983 2929 3037 Et
2950 2999 3252 3054 quanquam
3279 2986 3329 3038 in
3355 2986 3579 3056 cpistola

1991 3084 2080 3129 tua
2108 3084 2287 3129 servet
2314 3076 2509 3129 caritas
2530 3074 2892 3140 dulcedinem,
2920 3084 3113 3130 natura
3138 3076 3461 3144 facundiam,
3486 3092 3581 3146 pe-

1989 3166 2110 3221 ritia
2157 3166 2527 3235 disciplinam;
2572 3169 2625 3220 in
2669 3166 2782 3220 sola
2825 3167 3065 3222 materia:
3108 3176 3287 3224 tamen
3318 3168 3582 3223 electione

2336 3257 2461 3312 licet
2507 3257 2559 3313 id
2602 3257 2778 3326 ipsum
2828 3260 2996 3327 possit
3034 3260 3316 3330 praedicari
3347 3261 3400 3315 in
3432 3269 3579 3328 voto,

1998 3350 2141 3422 quod
2174 3351 2370 3407 videris
2394 3365 2603 3407 errasse
2626 3350 2853 3422 judicio.
2900 3352 3148 3423 lugentes
3190 3356 3581 3424 praeconiorum

1998 3442 2182 3497 titulos
2225 3442 2466 3497 moribus
2496 3442 2631 3497 meis
2660 3443 2917 3512 applicas.
2951 3444 3057 3498 Sed
3081 3450 3123 3499 si
3155 3446 3373 3516 pudoris
3413 3449 3583 3504 nostri

1997 3535 2220 3592 fecisses
2270 3546 2539 3605 utcunque
2581 3535 2869 3605 rationem,
2905 3546 2928 3575 ο
2954 3537 3423 3609 Symmachianum
3456 3542 3584 3597 illud

1995 3636 2050 3683 te
2075 3629 2312 3699 cogitare
2354 3643 2441 3697 pai
2478 3627 2648 3684 fuerat
2685 3644 2701 3687 :
2744 3627 2810 3683 Ut
2839 3619 2956 3683 nefa
2986 3630 3098 3684 laus
3127 3642 3295 3696 ornat,
3337 3633 3410 3687 ita
3452 3632 3586 3702 falsa

1995 3721 2232 3791 castigat.
2274 3720 2391 3785 Quo
2436 3721 2538 3775 loci
2580 3729 2781 3785 tamen,
2824 3720 2867 3774 si
2911 3721 3147 3775 animum
3180 3731 3416 3778 vestrum
3450 3724 3585 3780 bene

1996 3812 2210 3875 metior,
2242 3826 2402 3881 super
2430 3811 2676 3865 affectum
2699 3825 2857 3880 quem
2888 3813 3176 3867 maximum
3200 3814 3458 3882 ostendis,
3481 3815 3585 3871 hoc

2000 3912 2056 3957 tu
2088 3913 2139 3957 et
2167 3911 2284 3957 arte
2316 3902 2506 3955 fecisti.
2545 3899 2677 3955 Nam
2706 3903 2871 3957 moris
2898 3912 2981 3958 est
3019 3903 3393 3972 eloquentibus
3428 3907 3579 3977 viris,

1999 3993 2335 4064 ingeniorum
2361 3992 2667 4046 facnltatem
2688 3994 3023 4062 negotiorum
3050 3995 3278 4062 probare
3302 3994 3585 4051 difﬁculta-

2001 4084 2163 4151 tibus,
2189 4094 2242 4139 et
2266 4083 2375 4137 illic
2394 4083 2590 4155 stylum
2615 4082 2862 4151 peritum,
2880 4082 3034 4154 quasi
3058 4086 3339 4154 quemdam
3370 4086 3581 4143 fecundi

1996 4228 2143 4283 mine
2167 4243 2193 4281 a
2226 4241 2491 4296 quoquam
2524 4226 2643 4284 sine
2665 4226 2796 4283 vitio
2828 4227 3169 4299 appellatum.
3217 4227 3395 4295 Quare
3434 4238 3581 4285 certa

2002 4307 2085 4354 est
2114 4298 2446 4354 emendatio.

2076 4380 2098 4407 ο
2145 4371 2255 4423 Rex
2294 4368 2575 4423 Persarum
2604 4386 2617 4423 :
2645 4384 2750 4424 non
2785 4369 2925 4439 quod
2956 4370 3226 4439 proprium
3256 4368 3307 4424 id
3338 4369 3453 4438 ejus
3483 4385 3579 4424 no-

2005 4456 2128 4495 men
2157 4442 2315 4495 luerit
2345 4457 2358 4493 :
2391 4440 2647 4509 regnabat
2683 4440 2825 4495 enim
2882 4443 2982 4495 hoc
3032 4450 3272 4508 tempore
3317 4439 3581 4506 Perozes;

2007 4511 2100 4567 sed
2123 4511 2262 4581 quod
2286 4513 2501 4565 Arsacia
2523 4525 2710 4567 omnes
2731 4526 2760 4565 a
2790 4512 2959 4578 primo
2981 4511 3230 4581 appellati
3250 4511 3378 4567 sint.
3395 4512 3588 4567 Strabo

2012 4581 2185 4658 ωλι-ν
2199 4581 2496 4658 _:_'Apa-a't_xat
2518 4583 2786 4658 national-at
2814 4585 3022 4658 nim“,
3057 4581 3159 4657 ἰδίᾳ
3182 4581 3237 4658 δὲ
3262 4583 3286 4637 ὁ
3315 4586 3405 4658 μὲν
3432 4584 3589 4658 ’0ρὼ-

2004 4732 2086 4776 tur
2115 4738 2287 4793 omnes
2316 4721 2339 4776 ξ
2370 4723 2605 4787 privatim
2629 4732 2798 4777 autem
2823 4724 2907 4779 hic
2954 4722 3173 4788 Orodes,
3195 4722 3283 4777 ille
3309 4721 3585 4793 Phraates,

2003 4793 2095 4846 alii
2125 4791 2229 4845 alio
2259 4795 2432 4847 modo.

2075 4862 2098 4899 ἀ
2142 4863 2481 4918 Lemovicum
2525 4872 2706 4929 postea
2761 4862 3033 4932 episcopo,
3076 4872 3133 4918 ut
3177 4862 3377 4917 dictum
3405 4872 3489 4918 est
3518 4866 3584 4917 ad

2001 4933 2160 5001 epist.
2196 4932 2378 4987 iGlib.
2414 4948 2485 4999 iv,
2523 4932 2723 4988 Ruricii
2752 4934 2815 4985 ad
2855 4934 3133 4987 Sidonium
3174 4934 3314 4987 inter
3340 4932 3473 4987 alias
3503 4945 3589 4988 est

2002 5004 2161 5072 epist.
2187 5003 2243 5067 9,
2273 5002 2365 5056 lib.
2397 5019 2434 5066 ι,
2469 5018 2569 5072 qua
2597 5019 2716 5056 eum
2752 5004 2975 5058 mirifice
3005 5003 3219 5057 laudat:
3248 5010 3306 5057 ut
3326 5003 3496 5058 videri
3526 5019 3589 5060 ea

2005 5075 2196 5144 possit,
2221 5073 2306 5127 cui
2338 5073 2589 5129 Sidonius
2612 5072 2719 5127 hoc
2745 5074 2866 5144 loco
2896 5072 3207 5144 respondet.

2080 5153 2102 5180 ε
2144 5144 2258 5197 Non
2300 5152 2479 5198 exstat
2512 5144 2583 5215 ini
2604 5143 2859 5213 operibus
2890 5140 3220 5215 Symmachi.
3253 5140 3377 5199 Fuit
3412 5151 3589 5199 tamen

2008 5214 2060 5267 in
2084 5229 2179 5267 ore
2208 5214 2755 5269 multorum.'Citatur
2784 5214 2943 5269 enim
2962 5229 2992 5266 a
3029 5214 3261 5269 Ctesario
3290 5215 3588 5270 Arelatensi

2009 5283 2227 5354 humilia
2259 5300 2385 5348 xxv,
2410 5293 2465 5338 et
2492 5300 2521 5338 a
2551 5284 2766 5354 Pelagio
2796 5300 2929 5354 papa
2968 5284 3128 5353 epist.
3161 5284 3228 5339 ad
3258 5284 3587 5353 Sapaudum.

2008 5352 2089 5407 Ea
2110 5363 2299 5417 autent,
2326 5354 2519 5423 inquit,
2538 5371 2651 5423 qua:
2670 5352 2723 5409 in
2750 5352 2937 5409 nostris
2959 5352 3199 5408 laudibus
3222 5352 3467 5426 fawndia
3488 5355 3590 5406 oris

2008 5426 2159 5496 vestri
2185 5426 2445 5490 disseruit,
2469 5442 2756 5495 quanquam
2785 5441 2882 5480 vos:
2917 5434 3273 5496 congruentem
3309 5426 3445 5479 vobis
3484 5437 3591 5475 rem

2009 5495 2188 5562 fecisse
2231 5495 2553 5565 manifestum
2588 5497 2689 5560 sit;
2739 5512 2829 5549 nos
2867 5505 3035 5550 tamen
3063 5496 3194 5549 nihil
3220 5508 3501 5549 nostrarum
3528 5508 3591 5565 ea:

2011 5565 2239 5638 cmnibus
2263 5563 2671 5638 quredtctasunt
2692 5579 3040 5638 agnoscentes,
3054 5564 3405 5638 verecundiam
3426 5563 3590 5633 magis

2009 5634 2335 5699 incurrimus,
2357 5634 2490 5689 illud
2518 5634 2799 5692 doctissimi
2824 5639 2918 5691 viri
2948 5638 3015 5690 ad
3038 5640 3263 5689 animum
3292 5637 3585 5702 referentes,

2012 5703 2157 5778 Sicut
2184 5722 2313 5778 vera_
2324 5708 2436 5778 laus
2462 5716 2630 5773 ornat,
2663 5708 2735 5761 sic
2760 5708 2894 5778 falsa
2923 5710 3157 5778 castigat.
3191 5706 3303 5778 Non
3326 5703 3588 5759 dissimile

2012 5784 2092 5848 est
2120 5775 2246 5830 il'ud
2275 5776 2660 5848 'l‘lieopliylucti
2692 5774 2975 5833 Simoenta:
3011 5774 3069 5830 in
3095 5774 3324 5848 Historia
3349 5790 3588 5837 (counte-

2013 5845 2161 5911 nica,
2181 5844 2721 5912 ἐπίπλαστὸςῖπαινος
2747 5850 3045 5923 ἀτιμότερος·
3079 5844 3260 5922 Φόνου·
