4072 6348
469 347 569 405 607

1734 339 1977 399 summu
2014 316 2467 396 APOLLINARIS

3327 254 3397 281 ψ

3654 329 3783 387 608

472 462 567 518 llic
596 470 655 516 ut
681 469 951 529 arreptum
980 462 1219 511 suaserat
1245 466 1399 522 opus,
1428 461 1452 489 ιι
1490 452 1726 507 ethicam
1757 451 2048 507 dictionem
2080 461 2136 523 Α
2162 450 2318 505 amici
2352 448 2623 505 nascentis
2645 464 2807 515 anno,
2832 459 3203 518 quemcunque
3221 443 3541 501 clementem
3563 443 3785 514 plane-

472 571 571 625 pru
600 566 865 624 personae,
897 547 1153 617 temporis
1173 554 1227 602 et
1251 544 1353 601 loci
1380 546 1635 616 qualitate
1665 544 1933 610 variabat;
1974 542 2058 598 id-

474 662 576 716 que
606 660 711 700 non
736 642 912 698 verbis
940 640 1436 710 qualibuscumque,
1467 638 1558 694 sed
1590 637 1908 708 grandibus,
1940 637 2057 706 pul-

475 736 658 801 chris,
698 733 1041 791 elucubratis.
1093 732 1148 786 ln
1200 731 1421 786 materia
1449 730 1854 786 controversiali
1904 728 2058 784 fortis

477 839 531 883 et
557 828 851 881 lacertosus
887 842 900 876 ι
940 824 996 877 in
1035 824 1269 892 satyrica
1310 822 1574 876 sollicitus
1606 832 1657 875 et
1706 820 1964 884 mordax;
2007 820 2060 872 in

478 919 679 988 tragica
718 932 889 974 saavus
931 928 985 972 et
1022 916 1233 987 flebilis.
1276 917 1329 971 In
1361 914 1573 971 comica
1603 915 1838 968 urbanus
1877 912 2063 967 multi-

478 1011 798 1081 formisque;
842 1009 893 1063 in
938 1008 1248 1063 fescennina
1300 1021 1532 1061 vernans
1580 1006 1781 1070 verbis,
1830 1014 2064 1060 aestuans

478 1105 647 1170 votis;
687 1104 741 1158 in
795 1102 1033 1157 bucolica
1078 1098 1295 1169 vigilax,
1328 1112 1542 1169 parcus,
1575 1097 2062 1163 carminabundus;

480 1198 534 1253 in
575 1197 825 1268 georgica
875 1196 953 1250 sic
998 1195 1263 1249 rusticans
1312 1194 1534 1248 multum
1562 1194 1595 1260 ,'
1625 1194 1765 1264 quod
1816 1192 1948 1247 nihil
1977 1208 2069 1246 ru-

482 1288 668 1344 sticus.
701 1287 967 1341 Praeterea
1001 1285 1139 1355 quod
1169 1285 1234 1339 ad
1275 1285 1666 1355 epigrammata
1700 1293 1929 1353 Spectat,
1961 1299 2069 1339 non

484 1381 658 1449 copia,
705 1378 797 1433 sed
844 1377 1087 1433 acumine
1138 1377 1394 1446 placens;
1436 1391 1555 1445 quae
1600 1389 1698 1430 nec
1745 1374 1959 1429 brevius
1988 1374 2072 1427 di-

485 1472 699 1537 sticho,
750 1485 850 1525 nec
916 1470 1124 1540 longius
1173 1469 1486 1523 tetrasticho
1543 1468 1865 1523 finiebantur
1917 1484 1931 1521 :
1982 1482 2073 1522 ea-

487 1564 715 1632 demque
770 1575 891 1615 cum
948 1575 1052 1615 non
1110 1575 1274 1629 pauca
1328 1561 1608 1630 piperata,
1669 1560 1857 1614 mellea
1908 1558 2071 1615 multa

488 1655 825 1724 conspiceres
851 1695 863 1717 ,
910 1654 1089 1707 omnia
1133 1662 1308 1707 tamen
1357 1653 1498 1707 salsa
1528 1653 1807 1707 eernebas.
1854 1653 1909 1706 In
1941 1652 2072 1724 lyri-

489 1749 568 1803 cis
631 1757 806 1802 autem
860 1745 1108 1801 Flaccum
1178 1755 1394 1800 secutus
1426 1786 1440 1810 ,
1488 1760 1628 1801 nunc
1694 1744 1966 1800 ferebatur
2016 1746 2073 1800 in

2162 544 2390 600 ticorum
2420 542 2654 597 siderum
2685 541 2900 612 globum
2945 540 2999 596 in
3023 539 3341 598 diastemata
3368 537 3604 595 Zodiaco
3635 551 3785 607 pro-

2161 653 2289 708 sper
2337 647 2490 693 ortus
2534 649 2813 702 erexerat;
2858 638 2999 692 hunc
3028 637 3083 692 iu
3112 651 3308 692 occasu
3352 636 3590 693 cruentis
3620 635 3787 705 igni-

2162 732 2263 787 bus
2294 731 2690 785 inrubescentes
2713 771 2727 796 ,
2768 745 2864 785 seu
2890 728 2917 769 δ
2958 745 3121 799 super
3161 730 3426 785 diametro
3453 728 3788 786 Mercurius

2168 825 2482 895 asyndetus,
2530 838 2626 878 seu
2672 837 2834 893 super
2858 830 3135 893 tetragono
3176 822 3439 879 Saturnus
3481 832 3787 892 retrogra-

2165 915 2285 981 dus,
2312 930 2405 970 seu
2440 929 2599 981 super
2625 922 2811 967 centro
2847 913 2984 967 Mars
3018 914 3412 981 apocatasticus
3436 916 3789 971 exacerbas-

2166 1015 2307 1061 sent.
2335 1006 2439 1061 Sed
2469 1006 2534 1061 de
2560 1005 2854 1075 hisqualia,
2874 1020 3083 1074 quoque
3115 1006 3275 1061 modo
3296 1007 3421 1075 sint,
3449 1022 3785 1078 quanquam

2167 1101 2275 1167 sint
2314 1100 2547 1153 maxime
2581 1109 2603 1137 α
2637 1098 2792 1167 falsa,
2844 1098 3070 1167 ideoque
3110 1097 3375 1165 fallentia,
3418 1100 3464 1156 si
3486 1099 3621 1170 quid
3656 1099 3780 1168 ple.

2104 1250 2116 1263 ,
2168 1195 2291 1249 nius
2331 1194 2644 1262 planiusque
2683 1193 2944 1256 cohaeret,
2992 1191 3121 1246 licet
3167 1202 3223 1246 et
3252 1192 3368 1259 ipse
3397 1192 3775 1247 arithmetica:

2170 1286 2406 1352 studeas,
2453 1296 2507 1340 et
2539 1301 2657 1353 quze
2681 1295 2771 1339 tua
2799 1285 3095 1355 diligentia,
3148 1281 3175 1321 ἀ
3198 1283 3505 1349 Vertacum,
3538 1283 3781 1337 Thrasi-

2172 1380 2377 1446 bulum,
2404 1377 2745 1433 Saturninum
2766 1377 3024 1431 sollicitus
3052 1376 3269 1431 evolvas
3290 1415 3306 1441 ,
3338 1386 3394 1430 ut
3417 1378 3505 1445 qui
3540 1391 3782 1443 semper

2168 1473 2251 1527 nil
2280 1471 2383 1526 nisi
2432 1486 2685 1527 arcanum
2736 1470 3046 1538 celsumque
3097 1468 3378 1523 meditere.
3434 1468 3654 1523 Interim
3701 1468 3778 1521 ad

2178 1578 2413 1635 praesens
2435 1564 2508 1619 nil
2535 1561 2965 1632 coniecturaliter
2987 1569 3217 1630 gestum,
3246 1560 3320 1614 nil
3350 1574 3442 1629 per
3466 1559 3738 1629 ambages
3764 1576 3781 1615 :

2176 1657 2602 1728 quandoquidem
2640 1657 2780 1711 hunc
2810 1664 3052 1710 nostrum
3081 1653 3426 1708 temerarium
3459 1651 3780 1707 futurorum

2180 1751 2586 1815 sciscitatorem,
2621 1758 2675 1803 et
2705 1748 2793 1802 diu
2822 1749 3016 1802 frustra
3062 1746 3517 1815 tergiversantem,
3548 1754 3785 1814 tempps

492 1842 721 1896 iambico
749 1842 919 1908 citus,
949 1857 1091 1895 nunc
1135 1840 1187 1894 in
1228 1839 1592 1895 choriambico
1622 1839 1828 1909 gravis,
1862 1854 2001 1893 nunc
2033 1841 2084 1894 in
2114 1833 2163 1895 B
2186 1851 2242 1898 et
2266 1843 2493 1912 qualitas
2514 1840 2783 1910 praedictae
2803 1838 2988 1893 mortis
3020 1837 3278 1892 innexuit.
3304 1835 3434 1891 Nam
3450 1836 3593 1891 domi
3620 1850 3788 1904 pres-

494 1935 696 1989 alcaico
740 1935 1048 2002 ﬂuxuosus,
1083 1947 1221 1987 nunc
1267 1933 1318 1987 in
1363 1931 1617 2001 sappbico
1662 1930 1894 1985 inﬂatus.
1945 1930 2082 1997 Quid

500 2027 686 2097 plura?
743 2026 1003 2091 Subtilis,
1051 2034 1244 2095 aptus,
1294 2026 1615 2088 instructus;
1675 2037 1887 2093 quaque
1932 2037 2083 2077 mens

498 2118 694 2187 stylum
750 2117 951 2179 ferret,
1017 2114 1489 2183 eloquentissimus
1546 2128 1805 2184 prorsus,
1860 2122 1916 2167 ut
1961 2128 2081 2167 eum

497 2208 617 2276 jure
664 2220 919 2260 censeres
960 2214 1079 2274 post
1110 2203 1433 2259 Horatianos
1463 2212 1517 2258 et
1548 2202 1862 2258 Pindaricos
1886 2217 2085 2275 cycnos

500 2297 688 2367 gloriae
717 2294 905 2366 pennis
935 2296 1288 2351 evolaturum.
1332 2294 1481 2349 Alea:
1506 2334 1522 2362 ,
1554 2293 1783 2364 sphaerae
1809 2335 1822 2358 ,
1856 2308 1961 2348 non
2000 2295 2087 2362 ju-

504 2399 589 2442 xta
638 2387 866 2442 deditus.
921 2386 1051 2441 Nam
1101 2401 1223 2441 cum
1272 2387 1494 2442 tesseris
1544 2385 1611 2440 ad
1658 2385 1894 2441 laborem
1927 2400 2089 2441 occu-

502 2492 740 2549 paretur,
787 2478 893 2550 pila
936 2487 1143 2534 tantum
1194 2478 1259 2532 ad
1308 2479 1672 2548 voluptatem;
1728 2477 1981 2547 fatigabat
2027 2478 2090 2531 li-

503 2572 718 2639 benter,
764 2569 1013 2641 quodque
1056 2570 1176 2638 plus
1216 2569 1404 2635 dulce,
1452 2568 1703 2624 libentius
1751 2568 2084 2639 fatigabatur.

504 2662 785 2719 Scribebat
828 2662 1082 2728 assidue,
1135 2675 1441 2730 quanquam
1486 2659 1817 2728 frequentius
1865 2661 2092 2728 scriptu-

506 2756 660 2811 riret.
724 2754 957 2825 Legebat
1012 2753 1173 2808 etiam
1234 2752 1564 2808 incessanter
1622 2760 1907 2815 auctores,
1968 2764 2091 2805 cum

509 2850 806 2903 reverentia
853 2846 1124 2915 antiquos,
1167 2845 1283 2899 sine
1326 2843 1522 2913 invidia
1554 2851 1820 2900 recentes.
1851 2842 1919 2897 Et
1950 2841 2092 2912 quod

511 2944 650 2999 inter
695 2944 853 3014 237
904 2943 1147 2997 homines
1194 2940 1569 2996 difficillimum
1618 2951 1740 3007 est,
1789 2940 1919 2995 nulli
1950 2939 2092 2995 difﬁ-

512 3037 681 3091 culter
726 3035 920 3104 ingenii
966 3035 1176 3091 laudem
1224 3035 1465 3091 cedebat.
1497 3036 1513 3066 ¹
1552 3033 1684 3089 lllud
1715 3048 1845 3089 sane
1877 3047 1981 3089 non
2008 3046 2096 3087 so-

514 3128 622 3183 lum
649 3127 911 3196 culpabile
938 3128 988 3181 in
1022 3129 1137 3182 viro
1167 3128 1298 3195 fuit,
1332 3128 1424 3183 sed
1458 3127 1912 3198 peremptorium;
1954 3125 2095 3195 quod

2185 1950 2277 1989 sus
2333 1932 2797 2002 strangulatusque
2838 1944 3113 1985 servorum
3158 1928 3436 1992 manibus,
3493 1929 3791 1983 obstructo

2185 2026 2443 2093 anhelitu,
2472 2032 2685 2095 gutture
2714 2025 2994 2089 obstricto,
3028 2036 3094 2076 ne
3120 2020 3295 2076 dicam
3322 2019 3553 2085 Lentuli,
3578 2020 3791 2089 Jugur-

2187 2122 2291 2176 thae
2320 2128 2479 2187 atque
2509 2117 2691 2186 Sejani
2714 2157 2729 2182 ,
2758 2124 2906 2171 certe
2947 2112 3256 2168 Numantini
3297 2113 3461 2184 238
3506 2112 3792 2182 Scipionis

2186 2214 2337 2267 exitu
2385 2209 2563 2280 periit.
2598 2209 2723 2262 Haec
2775 2208 2828 2260 in
2862 2206 2959 2259 hac
3003 2204 3150 2260 caede
3180 2203 3352 2258 tristia
3406 2204 3602 2267 minus,
3640 2203 3793 2272 quod

2188 2306 2339 2361 nefas
2377 2304 2550 2373 ipsum
2598 2316 2715 2356 cum
2759 2307 2979 2355 auctore
3021 2298 3141 2352 facti
3173 2296 3505 2366 parricidalis
3531 2296 3789 2351 diluculo

2190 2403 2462 2454 inventum
2490 2407 2591 2451 est.
2618 2396 2746 2449 Nam
2768 2394 2887 2463 quis
2911 2392 2978 2447 ab
2996 2394 3280 2446 hominum
3309 2400 3417 2445 tam
3447 2390 3634 2459 procul
3658 2406 3791 2445 sen-

2192 2509 2282 2559 su,
2316 2492 2436 2563 quis
2481 2491 2552 2544 ita
2594 2488 2809 2559 gemino
2839 2487 3029 2540 obtutu
3057 2483 3401 2547 eluminatus,
3453 2482 3542 2553 qui
3582 2483 3795 2536 exani-

2193 2584 2320 2639 mati
2347 2581 2609 2636 cadavere
2636 2581 2897 2649 inspecto,
2928 2592 3034 2631 non
3075 2575 3253 2630 statim
3296 2576 3449 2643 signa
3473 2574 3595 2629 vitae
3629 2574 3793 2628 colli-

2192 2682 2340 2742 geret
2377 2672 2631 2729 extortus?
2677 2671 2890 2725 Etenim
2942 2666 3184 2737 protinus
3243 2674 3560 2737 argumento
3632 2667 3795 2721 fuere

2195 2766 2353 2821 livida
2386 2764 2550 2832 cutis,
2574 2762 2713 2817 oculi
2745 2762 3188 2831 protuberantes,
3233 2769 3288 2816 et
3317 2762 3373 2815 in
3401 2760 3590 2819 obruto
3633 2761 3791 2814 vultu

2196 2874 2300 2914 non
2334 2859 2538 2913 minora
2574 2858 2667 2911 irre
2699 2855 2939 2924 vestigia,
2988 2869 3145 2926 quam
3173 2852 3399 2908 doloris.
3444 2854 3663 2910 Inventa
3712 2864 3795 2911 est

2203 2950 2418 3021 quidem
2446 2958 2587 3004 terra
2612 2949 2733 3002 tabo
2764 2945 3059 3002 madefacta
3086 2944 3332 3009 deciduo,
3364 2944 3484 3015 quia
3510 2954 3629 3014 post
3663 2945 3796 3001 faci-

2200 3058 2298 3098 nus
2331 3042 2430 3112 ipsi
2475 3041 2711 3095 latrones
2740 3040 2805 3093 ad
2838 3039 3198 3107 pavimentum
3229 3051 3492 3092 conversa
3535 3036 3786 3092 defuncti

2200 3153 2292 3193 ora
2353 3140 2746 3205 pronaverant,
2804 3140 3056 3201 tanquam
3104 3129 3378 3200 sanguinis
3422 3145 3543 3185 eum
3592 3143 3798 3199 super-

516 3219 922 3274 mathematicos
951 3220 1217 3287 quondam
1263 3220 1329 3275 de
1358 3221 1478 3274 vita:
1522 3234 1633 3275 suae
1664 3222 1769 3275 line
1799 3219 2089 3287 consuluit,
2122 3219 2169 3284 C
2200 3237 2434 3282 aestuans
2478 3225 2651 3279 ﬂuxus
2677 3222 3027 3278 exinanisset.
3064 3221 3168 3278 Sed
3200 3222 3443 3291 protinus
3482 3230 3671 3292 capto,
3706 3222 3800 3293 qui

516 3311 724 3366 urbium
754 3311 894 3364 cives
926 3311 1325 3376 Africanarum;
1366 3311 1559 3380 quibus
1588 3320 1646 3365 ut
1674 3320 1757 3365 est
1786 3312 1933 3380 regio
1953 3352 1966 3376 ,
2014 3311 2091 3364 sic

516 3406 725 3459 animus
771 3402 1042 3457 ardentior
1082 3420 1095 3455 :
1150 3402 1239 3471 qui
1291 3403 1694 3457 constellatione
1742 3411 2092 3472 percunctan-

516 3498 585 3551 tis
618 3497 877 3565 inspecta,
909 3495 1109 3565 pariter
1137 3510 1357 3561 annum,
1383 3510 1622 3565 mensem
1658 3495 1908 3565 diemque
1943 3494 2095 3551 dixe-

518 3597 672 3653 runt,
702 3603 833 3656 quos
862 3588 881 3659 (
906 3597 960 3641 ut
985 3588 1149 3643 verbo
1180 3587 1481 3644 matheseos
1512 3588 1671 3657 utar)
1704 3588 2096 3646 climactericos

519 3688 660 3733 esset
690 3678 965 3733 habiturus
990 3694 1002 3731 :
1023 3687 1207 3747 utpote
1225 3679 1419 3749 quibus
1449 3678 1685 3734 themate
1715 3680 1916 3745 oblato,
1941 3678 2096 3748 quasi

519 3772 869 3841 sanguinaria:
889 3772 1147 3843 geniturae
1166 3772 1380 3828 schema
1400 3773 1658 3842 patuisset
1674 3792 1687 3828 :
1703 3773 1826 3843 quia
1847 3773 2100 3830 videlicet

520 3922 780 3993 nopmgnii
832 3920 1117 3993 Ausoniani
1149 3938 1172 3993 _:
1225 3919 1327 3974 nisi
1395 3918 1537 3993 quod
1603 3917 1782 3993 omnia
1833 3917 1919 3993 ibi
1977 3925 2103 3993 sunt

523 3989 851 4048 ltexametra.
885 3991 991 4048 Sed
1036 3994 1080 4047 si
1111 3990 1251 4046 idem
1282 3992 1372 4045 fiat
1400 3989 1452 4043 in
1484 3990 1671 4057 elegis,
1703 3990 1973 4058 specimen
2003 3990 2109 4043 erit

520 4066 701 4146 operis
750 4063 1129 4132 Lampridiani.
1181 4061 1347 4120 Vetus
1403 4061 1734 4132 epitaphium
1792 4058 2106 4130 Eutychetis

520 4150 715 4203 auriga:
738 4150 751 4188 :

645 4265 873 4315 Invidere
895 4267 1019 4315 meis
1042 4267 1179 4314 annis
1215 4236 1437 4314 crudelia
1467 4264 1580 4323 fata,

709 4327 827 4377 Fata
844 4327 1021 4388 quibus
1042 4337 1264 4389 nequeas
1288 4327 1576 4388 apposuisse
1606 4336 1776 4375 manus

528 4473 753 4528 Possent
792 4472 952 4526 etiam
1002 4472 1067 4527 ad
1115 4471 1470 4540 anadiplosim
1515 4471 1732 4538 referri,
1766 4484 1902 4542 quos
1942 4485 2106 4542 supra

527 4544 867 4601 ecltoicorum
898 4544 1013 4598 loco
1046 4543 1380 4612 protulimus.

602 4624 627 4651 ι
653 4615 787 4668 Male
814 4623 967 4668 antea
997 4610 1057 4667 et'
1077 4612 1159 4666 hic
1189 4614 1524 4667 additionem.
1562 4610 1969 4666 Emendationis
1995 4612 2104 4681 jam

533 4683 1039 4740 comtnonefecimus
1084 4685 1136 4738 in
1183 4684 1322 4737 notis
1364 4684 1429 4737 ad
1490 4682 1811 4737 Ennodium.
1864 4683 2105 4737 Ethicam

529 4755 837 4836 dictionem,
864 4757 1025 4836 seges
1056 4756 1221 4836 λᾷσγον,
1255 4754 1508 4836 rhetores
1529 4762 1720 4807 vocant
1748 4756 1835 4809 τὸν
1864 4753 2103 4835 ἑπόμενον
2130 4729 2183 4792 D

530 4828 723 4896 ἑκάστῳ
748 4824 891 4896 iiber;
921 4824 1171 4880 Sidonius
1203 4839 1467 4891 personis,
1496 4826 1644 4887 loco,
1671 4895 1675 4896 ί
1698 4825 1950 4896 tempori,
1971 4840 2102 4879 con-

530 4904 831 4965 gruentem.
859 4895 1060 4965 Morata
1092 4896 1262 4949 oratio
1293 4896 1486 4950 dicitur
1513 4910 1541 4949 a
1569 4895 1791 4961 Latinis,
1816 4895 1956 4963 quod
1988 4911 2100 4948 mo-

530 4962 617 5020 res
645 4966 925 5034 exprimat.
954 4962 1077 5031 Quo
1102 4965 1153 5019 in
1183 4980 1383 5036 genere
1408 5005 1423 5031 ,
1464 4965 1721 5021 Varronis
1748 4965 1950 5033 judicio
1972 5007 1987 5030 ,
2022 4966 2105 5020 in-

532 5047 613 5091 ter
659 5041 894 5093 comicos
937 5034 1203 5092 excelluit'
1236 5034 1538 5092 Terentius.
1570 5036 1660 5091 Sic
1710 5037 1852 5090 enim
1901 5036 1970 5091 de
2016 5037 2106 5091 illo

532 5106 717 5178 scribit
745 5108 885 5176 apud
921 5106 1156 5178 Nonium
1192 5121 1205 5158 :
1248 5105 1313 5159 In
1346 5108 1655 5178 argumentis
1686 5104 1920 5178 Caecilius
1949 5108 2109 5175 poscit

533 5175 788 5244 palmam,
818 5179 869 5230 in
893 5178 1087 5232 ethesin
1114 5175 1484 5243 Terentius,'in
1508 5178 1819 5232 sermonibus
1851 5176 2109 5243 Plautus;

531 5257 586 5301 et
615 5248 753 5300 inter
782 5248 1009 5315 pictores
1039 5247 1301 5303 Aristides
1322 5288 1335 5312 ,
1362 5248 1429 5301 de
1457 5263 1563 5316 quo
1590 5246 1791 5302 Plinius
1819 5247 1909 5301 lib.
1944 5264 2105 5311 xxxv,

533 5331 650 5388 cap.
685 5316 1064 5388 lOquualis,
1093 5318 1277 5387 inquit,
1314 5318 1505 5387 Apellis
1541 5319 1789 5372 Aristides
1814 5316 2103 5372 Thebanus.

534 5387 591 5442 ls
635 5388 854 5440 omnium
892 5389 1094 5459 primus
1131 5389 1358 5442 animum
1385 5389 1577 5459 pinxit,
1614 5398 1662 5443 et
1690 5405 1867 5443 sensus
1894 5405 2103 5454 omnes,

533 5474 660 5529 quos
678 5469 855 5511 vocant
876 5459 1041 5512 Graeci
1060 5459 1172 5513 ethe
1188 5474 1205 5511 :
1222 5461 1338 5530 item
1356 5460 1771 5530 perturbationes.
1787 5459 1914 5513 Haec
1929 5459 2106 5513 ethica

536 5531 738 5597 pictura
785 5529 886 5583 dici
936 5538 1151 5601 posset.
1185 5529 1401 5584 Ethicas
1448 5544 1661 5601 quoque
1704 5530 2104 5587 controversias

535 5601 670 5656 dixit
698 5601 897 5655 Seneca
926 5608 1077 5670 pater
1102 5600 1191 5655 lib.
1223 5616 1281 5665 ιι,
1311 5600 1646 5657 οοηιτονςε.

605 5670 633 5708 ι’
656 5674 935 5726 Astrorum
967 5681 1211 5740 aspectus
1260 5670 1591 5726 mentiuntur
1636 5673 1889 5742 astrologi
1919 5687 1983 5728 ex
2017 5672 2103 5728 in-

539 5742 761 5796 tervallo
798 5757 894 5797 seu
929 5742 1240 5797 diastemate
1283 5744 1519 5811 ipsorum
1550 5742 1689 5799 inter
1722 5758 1801 5799 se.
1835 5746 2105 5819 Διάμετρον

2199 3320 2370 3374 fuerat
2402 3318 2568 3387 ipsius
2589 3315 2833 3371 factionis
2864 3314 3053 3379 fomes,
3081 3315 3345 3381 incentor,
3380 3315 3798 3400 antesignanus,

2199 3409 2517 3478 caeterisque
2546 3407 2895 3477 complicibus
2938 3406 3232 3475 oppressis,
3280 3421 3628 3474 seorsumque
3680 3406 3801 3461 dis-

2198 3500 2389 3568 cussis,
2421 3499 2661 3555 criminis
2692 3502 2971 3554 veritatem
2999 3499 3064 3555 de
3095 3499 3400 3569 pectoribus
3448 3499 3629 3554 invitis
3660 3507 3791 3553 tor—

2203 3599 2503 3645 mentorum
2536 3598 2709 3645 tcrror
2729 3590 2974 3645 extraxit.
3001 3592 3174 3660 Atque
3195 3591 3398 3644 utinam
3430 3589 3572 3644 hunc
3602 3589 3802 3655 finem,

2204 3681 2329 3736 dum
2379 3681 2679 3735 inconsulte
2712 3680 2841 3736 fides
2869 3695 3007 3735 vana
3037 3680 3326 3749 consultat,
3356 3695 3461 3734 non
3511 3680 3803 3734 meruisset

2205 3773 2475 3844 excipere.
2507 3772 2639 3827 Nam
2667 3773 2893 3843 quisque
2932 3771 3332 3841 praesumpserit
3380 3770 3682 3837 interdicta,
3713 3783 3803 3824 se-

2210 3917 2511 3987 oppositum
2541 3923 2722 3982 vocat,
2754 3912 2927 3987 quifit
2955 3913 3006 3966 in
3038 3912 3189 3987 signo
3215 3909 3357 3987 quod
3386 3916 3469 3964 est
3497 3910 3801 3987 septimum

2209 3982 2476 4063 a'primo;
2515 3982 3109 4063 rpi-ywvov’triquet‘rum
3138 3982 3432 4063 inquinto;
3472 3982 3762 4063 utpar/mo

2209 4053 2638 4129 quadratum'iii
2672 4064 2918 4129 Aquarto;
2966 4055 3073 4129 92
3129 4054 3403 4129 έξὸισχωνοιινΔ
3435 4053 3679 4107 sextilem
3738 4054 3802 4109 in

2210 4122 2402 4193 tertio,
2434 4142 2553 4192 quae
2595 4122 2740 4181 nulla
2769 4122 3359 4193 ejusmodi—radiatione
3385 4122 3699 4191 junguntur,
3725 4139 3799 4179 ea

2210 4200 2413 4255 Graecis
2425 4197 2655 4255 ἅϐλεπτα
2671 4201 2755 4252 καὶ
2771 4194 3025 4251 ἁσυνδετα
3038 4194 3302 4249 dicuntur.
3317 4195 3433 4249 Jam
3449 4202 3654 4261 contra,
3670 4194 3801 4252 οωιί

2212 4270 2457 4324 cardines
2494 4278 2618 4343 sunt
2652 4276 2911 4343 quatuor:
2950 4267 3276 4343 dipoaxérrac,
3316 4272 3503 4343 ortus;
3542 4268 3801 4343 μεθουηᾲη

2206 4361 2360 4409 νημα,
2386 4338 2635 4399 meridies
2653 4333 2683 4402 ς-
2699 4337 2870 4409 δύσις,
2895 4333 3144 4409 occasus;
3175 4334 3427 4409 ὑπόγεςον,
3451 4333 3615 4390 imum
3636 4333 3756 4390 ccidi
3776 4353 3797 4391 :

2212 4407 2333 4477 quae
2362 4409 2539 4462 omnia
2571 4408 2881 4475 perstringit
2921 4407 3171 4462 Sidonius
3194 4448 3209 4470 ,
3259 4407 3350 4460 sed
3381 4414 3626 4461 centrum
3659 4422 3795 4475 pro-

2211 4476 2326 4547 prie
2372 4479 2611 4554 nominat
2639 4479 2694 4533 τὸ
2720 4481 3072 4554 μεσουράνιον,
3113 4479 3234 4547 quia
3280 4476 3327 4531 is
3371 4487 3532 4546 caput
3558 4488 3614 4530 et
3642 4480 3792 4546 prin-

2211 4563 2342 4615 ceps
2368 4548 2669 4603 cardinum.

2287 4630 2309 4659 ο
2351 4620 2637 4688 Propterea
2665 4619 2857 4674 divinis
2888 4628 2941 4674 et
2972 4619 3218 4677 humanis
3246 4617 3453 4688 legibus
3486 4617 3646 4672 vetita
3677 4633 3799 4671 ma-

2213 4688 2446 4763 theseos,
2465 4690 2845 4763 utvanissimae
2867 4690 3251 4763 occupationis,
3276 4691 3559 4763 περιεργίᾳ.
3578 4688 3791 4763 Tertul-

2214 4760 2391 4816 lianus
2413 4761 2481 4815 de
2522 4760 2821 4815 idololatria
2848 4779 2859 4813 :
2890 4758 3041 4813 Nihil
3064 4760 3194 4824 scis,
3237 4758 3608 4823 mathematice,
3632 4761 3676 4811 si
3707 4777 3799 4813 ne-

2206 4832 2398 4885 sciebas
2430 4842 2474 4884 te
2503 4832 2734 4902 futurum
2765 4829 3131 4884 Christianum.
3173 4830 3269 4885 Sin
3288 4831 3506 4902 sciebas,
3550 4830 3645 4883 hoc
3669 4847 3796 4896 quo—
3854 4848 3857 4851 ·

2208 4918 2305 4970 que
2331 4904 2459 4956 seire
2484 4901 2749 4971 debueras,
2796 4902 2928 4955 nihil
2954 4902 3041 4955 tibi
3078 4905 3300 4971 futurum
3330 4916 3443 4953 cum
3470 4901 3567 4954 ista
3603 4906 3797 4969 profes-

2210 4973 2373 5027 sione.
2420 4971 2545 5043 Ipsa
2575 4984 2619 5027 te
2664 4976 2726 5027 de
2750 4973 2976 5043 pericqu
2996 4988 3089 5026 suo
3116 4972 3405 5037 instrueret,
3432 4987 3545 5039 qiue
3572 4973 3794 5024 aliorum

2209 5044 2546 5098 climacterica
2577 5043 2830 5112 pra’cavit.
2868 5043 2990 5096 Non
3033 5050 3105 5095 est
3130 5044 3217 5095 tibi
3243 5058 3381 5112 pars,
3414 5058 3577 5111 neque
3601 5058 3712 5095 sors
3742 5044 3794 5096 in

2209 5116 2309 5168 ista
2336 5118 2533 5168 ratione
2561 5131 2580 5168 :
2610 5131 2709 5168 non
2741 5124 2900 5183 potest
2928 5129 3084 5182 regna
3114 5114 3355 5167 actorum
3386 5128 3617 5180 sperare,
3648 5116 3796 5184 cujus

2216 5186 2405 5255 digitus
2438 5194 2522 5238 aut
2547 5186 2722 5237 radius
2743 5184 2966 5237 abutitur
2993 5184 3135 5238 cado.

2285 5253 2311 5291 ἀ
2350 5254 2616 5309 lulianum
2651 5255 2927 5308 Vertacum
2957 5255 3093 5307 inter
3119 5254 3525 5307 mathematicos
3554 5252 3798 5306 nominat

2216 5325 2266 5378 in
2297 5326 2520 5393 epistola
2552 5324 2616 5377 ad
2645 5324 2937 5378 Polemium
2969 5326 3206 5379 carmine
3229 5324 3330 5389 ‘22;
3363 5324 3598 5392 itemque
3620 5322 3796 5377 Fullo—

2210 5396 2354 5447 nium
2399 5397 2763 5449 Saturninum.
2802 5396 2872 5446 lie
2920 5395 3236 5462 Thrasybuli
3281 5403 3439 5447 actate
3468 5394 3647 5447 docuit
3697 5409 3797 5448 nos

2213 5465 2550 5536 Lampridius
2589 5466 2639 5536 in
2675 5464 2997 5536 Alexandro.
3045 5465 3415 5536 Thrasybulus,
3466 5466 3657 5536 iniquﬁt,
3686 5482 3799 5516 ma-

2209 5536 2509 5589 thematicus
2537 5534 2616 5587 illi
2646 5534 2982 5588 amicissimus
3016 5536 3107 5605 fuit
3154 5554 3172 5589 :
3214 5534 3302 5603 qui
3331 5552 3443 5588 cum
3474 5536 3518 5587 ei
3547 5535 3796 5605 dia-isset,

2208 5607 2556 5659 necessitatem
2583 5621 2690 5676 esse
2716 5615 2769 5658 ut
2790 5606 2963 5675 gladio
2991 5603 3251 5661 barbarico
3284 5608 3487 5676 periret,
3512 5606 3677 5675 primo
3705 5603 3798 5658 la:-
3841 5624 3844 5627 λ

2212 5685 2346 5730 talus
2375 5686 2468 5741 est,
2513 5675 2649 5746 quod
2676 5676 2770 5730 sibi
2796 5687 3010 5732 mortem
3056 5678 3284 5731 bellicam
3323 5686 3370 5729 et
3416 5676 3823 5747 imperatoriam'

2209 5747 2433 5801 crederet
2458 5748 2748 5811 imminere,
2780 5757 2884 5803 etc.

610 5840 624 5868 ⁸
655 5838 735 5893 Ad
766 5839 906 5895 hunc
940 5840 1113 5896 locum
1151 5836 1347 5894 videsis
1375 5836 1700 5896 Cotelerium
1728 5837 1794 5895 ad
1826 5837 2355 5905 Recognit.Clement.
2383 5838 2472 5895 lih.
2508 5854 2565 5907 χ,
2597 5853 2715 5911 cap.
2751 5842 2841 5907 ll,
2872 5848 2981 5894 net.
3014 5840 3063 5893 5.
