4072 6348
470 380 578 439 615

1717 364 1964 423 SIDONII
2003 363 2449 420 APOLLINARIS

3636 361 3758 419 616

468 497 628 567 digna
674 492 905 565 prolatu.
971 489 1124 548 Unde
1190 497 1485 557 cognosce,
1536 483 1677 555 quod
1724 484 1824 539 etsi
1875 494 2054 540 tacere
2081 488 2136 549 A
2161 482 2385 538 fecerit?
2419 482 2524 535 Nos
2547 482 2800 550 opuscula
2826 495 3078 537 sermone
3105 479 3370 536 edidimus
3395 479 3563 543 arido,
3588 481 3753 545 exili,

468 588 696 648 necdum
722 586 981 656 cepimus,
1004 590 1151 638 certe
1182 580 1453 636 taciturire
1470 578 1579 649 jam
1605 577 2051 644 deliberavimus,

470 674 663 749 duplici
696 692 763 733 ex
792 690 950 731 causa
979 690 994 728 :
1031 681 1089 727 ut
1116 673 1159 726 si
1188 672 1484 740 placemus,
1517 684 1682 740 pauca
1729 669 1944 724 lecturis
1968 668 2051 722 in-

468 772 634 825 citent
662 767 1021 836 voluptatem;
1061 762 1108 817 si
1138 761 1458 829 refutamur,
1493 776 1597 815 non
1629 762 1863 815 excitent
1889 760 2051 813 multa

469 861 737 917 fastidium
768 875 783 911 :
814 858 1009 927 quippe
1055 857 1110 910 in
1162 856 1264 932 hoc
1306 853 1486 925 stylo,
1528 855 1612 909 cui
1662 870 1767 909 non
1817 854 2056 908 urbanus

470 952 616 1022 lepos
642 952 806 1016 inest,
831 948 925 1004 sed
954 962 1156 1018 pagana
1182 945 1518 1015 simplicitas.
1552 944 1705 1000 Unde
1726 944 1870 999 enim
1900 942 2055 998 nobis

467 1042 597 1098 illud
632 1038 883 1108 loquendi
917 1040 1162 1092 tetricum
1190 1050 1357 1106 genus
1383 1050 1446 1089 ac
1475 1033 1883 1103 perantiquum?
1908 1031 2058 1088 Unde

467 1132 558 1188 illa
590 1141 615 1169 ι
646 1130 808 1186 verba
827 1129 1071 1193 Saliaria,
1107 1127 1190 1182 vel
1224 1126 1509 1197 Sibyllina,
1537 1125 1624 1180 vel
1653 1123 1871 1179 Sabinis
1903 1123 2062 1177 abus-

471 1238 577 1293 que
597 1221 829 1278 Curibus
860 1220 1063 1274 accita?
1092 1234 1211 1288 qua:
1258 1219 1526 1287 magistris
1576 1216 1890 1287 plerumque
1935 1216 2061 1270 reti-

472 1316 717 1371 centibus
749 1312 1043 1381 promptius
1071 1309 1274 1364 fecialis
1317 1308 1527 1377 aliquis,
1580 1318 1671 1363 aut
1708 1308 1923 1375 flamen,
1973 1316 2064 1361 aut

472 1421 791 1469 veternosus
842 1408 1088 1479 legalium
1120 1406 1475 1477 quaestionum
1507 1406 1859 1477 aenigmatista
1910 1415 2062 1475 pate-

474 1573 674 1629 dabant
719 1570 893 1643 qualia
944 1576 1069 1624 sunt
1102 1582 1222 1637 quae
1270 1566 1430 1643 vulgo
1479 1565 1781 1643 studioso}
1828 1560 2060 1643 cabineta

473 1633 934 1699 dicimusttitur
961 1633 1154 1695 iterum
1194 1633 1390 1694 eadem
1410 1652 1542 1691 voce
1582 1633 1837 1690 Sidonius
1861 1633 1952 1687 lib.
1982 1648 2055 1696 ιι,

478 1714 565 1780 ll,
593 1721 876 1782 exstatque
905 1714 958 1785 in
989 1711 1263 1785 Tiburtina
1289 1708 1634 1785 inscriptione
1668 1720 1825 1785 quam
1857 1703 2060 1785 Savaro

469 1773 710 1857 protulit,
740 1773 802 1839 et
826 1785 877 1836 in
909 1784 1007 1836 hac
1059 1782 1277 1835 Reatina
1320 1773 1553 1833 nondum
1601 1778 1861 1830 hactenus
1892 1773 2056 1828 edita.

851 1873 935 1927 Τι.
964 1873 1199 1927 ϐιιιιιιιιο
1232 1873 1362 1926 Auu.
1407 1869 1467 1924 L.
1510 1868 1695 1923 FELICI

686 1943 996 2001 SCAPULANO
1036 1961 1085 1996 ι).
1129 1959 1204 1995 ιιι.
1245 1957 1294 2003 ρ.
1340 1957 1415 1995 ιιι.
1456 1953 1838 2003 QUINQIIENNALI

796 2030 977 2070 lNIlUNl
1013 2027 1346 2068 TRIPLICARIO
1385 2027 1555 2065 BENEM
1565 2026 1755 2063 EBENTI

815 2102 886 2140 EX
909 2099 1170 2141 CONSENSU
1201 2098 1438 2138 DECURIE
1462 2095 1734 2137 UN'VEBSIE

2162 585 2308 630 certe
2354 574 2582 628 maxima
2634 590 2696 630 ex
2740 584 2891 643 parte
2916 574 3135 645 vulgato
3164 587 3179 627 :
3211 572 3366 642 cujus
3412 572 3538 628 hinc
3574 572 3759 628 honor

2161 681 2334 734 rarus,
2368 665 2506 733 quod
2539 665 2789 736 frequens
2817 681 2972 732 usus;
2998 666 3120 720 hinc
3146 664 3379 720 difficilis
3407 665 3598 735 gratia,
3624 668 3753 735 quia

2162 758 2331 813 facilis
2381 757 2618 812 inventio
2648 766 2749 813 est.
2790 756 2932 814 Sane
2983 756 3241 828 profiteor
3286 757 3561 820 audenter,
3611 756 3760 810 sicut

2164 848 2283 904 istic
2310 852 2383 906 nil
2414 867 2558 918 acre,
2612 852 2685 907 nil
2716 853 2877 924 248
2905 853 3193 922 eloquens;
3226 853 3297 907 ita
3329 852 3457 906 nihil
3497 852 3755 919 inditum,

2168 958 2273 999 non
2301 944 2369 998 ab
2398 946 2668 1015 exemplo.
2694 944 2801 1000 Sed
2829 945 2957 1014 quid
2985 944 3102 1001 haec
3124 930 3410 1014 pluribus?
3439 943 3606 997 Dictio
3631 958 3759 997 mea

2172 1034 2333 1105 (quod
2370 1035 2497 1088 mihi
2528 1034 2749 1106 sufficit)
2783 1036 2960 1105 placet
2999 1037 3208 1092 amicis.
3251 1035 3307 1091 In
3350 1035 3544 1106 quibus
3570 1043 3756 1089 tamen

2166 1136 2452 1197 utrumque
2483 1128 2832 1198 complector,
2864 1130 2977 1185 sive
3003 1145 3108 1184 non
3138 1128 3330 1184 fallunt
3357 1129 3624 1192 examine,
3652 1142 3759 1182 seu

2166 1222 2387 1277 caritate
2411 1221 2663 1276 falluntur
2687 1241 2699 1274 :
2726 1222 2999 1292 Deumque
3022 1223 3161 1294 quod
3188 1230 3372 1291 restat,
3401 1222 3451 1277 in
3477 1231 3756 1291 posterum

2167 1330 2370 1385 quaeso,
2402 1324 2459 1369 ut
2487 1316 2722 1372 secuturi
2753 1327 2844 1371 aut
2876 1316 3126 1372 fallantur
3170 1315 3440 1383 similiter,
3485 1325 3576 1370 aut
3619 1329 3757 1370 cen-

2167 1416 2336 1463 seant.
2371 1408 2518 1465 Vale.

2578 1578 2795 1620 BONORIS
2834 1580 3026 1621 CAUSSA
3065 1579 3342 1620 ΖΟῚἪΕΕΔΜ

2690 1651 2908 1691 Ρυιιιιεε
2950 1652 3231 1691 DEDERUNT
3362 1675 3367 1681 η

2394 1707 2675 1762 Ατιιιετιιε
2710 1724 2764 1762 ι.
2808 1722 2906 1763 sua
2946 1723 3169 1763 rectum
3207 1722 3503 1763 ADORNAVIT

2097 1864 2145 1926 Β
2242 1872 2267 1900 τι
2298 1862 2652 1934 Symmachus
2679 1863 2774 1919 lib.
2808 1880 2864 1919 ιιι
2893 1864 2961 1920 ad
2989 1864 3261 1920 Siburium
3295 1882 3309 1918 :
3342 1864 3402 1919 Si
3432 1865 3523 1918 tibi
3542 1873 3734 1918 vetusta

2171 1934 2233 1987 tis
2264 1942 2439 1988 tantus
2470 1944 2544 1989 est
2566 1951 2728 2007 amor,
2756 1936 2869 2007 pari
2899 1936 3071 1989 studio
3093 1937 3145 1989 in
3176 1938 3324 1990 verba
3365 1936 3537 2005 prisca
3576 1938 3730 2007 redea

2171 2022 2308 2079 mus,
2337 2006 2514 2079 quibus
2548 2005 2697 2079 ⁸8ᾳίἱὶ
2746 2005 2957 2070 canunt,
3006 2023 3225 2079 augures
3273 2022 3413 2060 avem
3464 2006 3739 2058 consulunt

2171 2075 2459 2132 Decemviri
2485 2076 2685 2131 tabulas
2706 2079 3066 2132 condiderunt.

486 2214 3745 2244 ww

1562 2303 2037 2415 LIBER
2111 2301 2226 2407 Ν
2230 2302 2433 2409 ΟΝ
2451 2302 2658 2411 US.

878 2495 1037 2567 249
1074 2491 1407 2549 EPISTULA
1446 2488 1697 2543 unum-

805 2590 1052 2645 Sidonius
1075 2595 1101 2622 ει
1134 2584 1371 2637 Firmino
1403 2598 1497 2636 suo
1524 2580 1761 2633 salutem.

558 2682 762 2753 Exigis,
792 2679 1009 2734 domine
1039 2679 1135 2742 fili,
1170 2686 1228 2729 ut
1256 2674 1602 2745 epistularum
1630 2673 1864 2742 priurum
1899 2668 2069 2727 limite

486 2775 712 2844 irrupto,
746 2773 919 2843 stylus
952 2778 1135 2824 noster
1162 2770 1212 2823 in
1244 2767 1499 2821 ulteriora
1530 2773 1828 2835 procurrat,
1864 2760 2071 2816 numeri

484 2881 643 2936 supra
689 2865 816 2920 dicti
860 2862 1143 2933 privilegio
1169 2877 1275 2916 non
1306 2870 1591 2916 contentus
1639 2856 1859 2912 includi.
1904 2853 2072 2910 Addis

484 2968 539 3014 et
565 2970 778 3022 causas,
805 2954 1000 3024 quibus
1047 2953 1133 3007 hic
1165 2953 1301 3007 liber
1345 2965 1520 3007 nonus
1569 2958 1691 3005 octo
1739 2948 2073 3018 superiorum

485 3046 845 3103 voluminibus
867 3051 1139 3099 accrescat
1165 3062 1177 3096 :
1210 3060 1276 3099 eo
1298 3042 1440 3114 quod
1460 3041 1489 3081 ι’
1511 3041 1572 3097 C.
1600 3041 1897 3106 Secundus,
1920 3039 2073 3108 cujus

485 3154 583 3194 nos
613 3138 814 3193 orbitas
840 3137 989 3205 sequi
1016 3136 1120 3191 hoc
1141 3151 1307 3205 opere
1331 3137 1661 3203 pronuntias,
1698 3132 1916 3202 paribus
1942 3130 2069 3185 titu-

486 3233 552 3288 lis
581 3248 715 3301 opus
744 3231 1029 3300 epistulare
1059 3229 1400 3284 determinet.
1432 3232 1563 3293 Quae
1586 3227 1744 3297 jubes
1772 3241 1881 3280 non
1912 3224 2073 3299 250

2181 2487 2394 2553 ignosce
2444 2484 2658 2555 negotio
2705 2484 2847 2553 quod
2905 2484 3154 2554 imponis,
3197 2496 3261 2539 ac
3305 2482 3624 2538 ministerio.
3655 2482 3761 2540 Nos

2179 2592 2331 2644 vero,
2371 2578 2414 2632 si
2462 2576 2602 2647 quod
2654 2576 2929 2647 exemplar
2980 2576 3223 2632 manibus
3268 2578 3588 2641 occurrerit,
3639 2576 3762 2634 libri

2179 2669 2509 2739 marginibus
2535 2669 2712 2726 octavi
2735 2670 2980 2725 celeriter
3009 2668 3267 2724 addemus
3292 2685 3306 2724 :
3338 2680 3391 2725 et
3415 2669 3460 2724 si
3492 2669 3761 2739 Apollina~

2176 2763 2252 2819 ris
2280 2772 2424 2829 tuus,
2460 2774 2482 2801 ο
2513 2764 2599 2819 cui
2645 2764 2878 2819 studium
2926 2764 2976 2817 in
3004 2764 3211 2818 caeteris
3239 2763 3421 2830 rebus,
3452 2772 3537 2818 est
3581 2764 3634 2817 in
3663 2761 3761 2818 hac

2176 2866 2322 2911 certe
2352 2854 2839 2926 negligentissimus
2873 2873 2886 2909 :
2917 2857 3110 2925 quippe
3155 2855 3246 2925 qui
3294 2854 3642 2925 perexiguum
3686 2853 3787 2908 let

2176 2952 2356 3007 ctione
2385 2958 2652 3014 teneatur,
2684 2949 2767 3004 vel
2798 2958 3036 3012 coactus,
3068 2948 3148 3003 vel
3185 2947 3515 3002 voluntarius
3550 2965 3562 2999 :
3595 2960 3762 3015 quan-

2177 3050 2287 3096 tum
2318 3049 2497 3095 tamen
2530 3038 2663 3094 mihi
2699 3039 2933 3108 videtur,
2967 3040 3055 3109 qui
3103 3038 3340 3109 patribus
3367 3038 3431 3092 iis
3471 3037 3619 3108 jungi
3656 3050 3763 3091 non

2176 3129 2561 3202 recusaverim,
2593 3148 2821 3205 quorum
2855 3133 3053 3201 studio,
3088 3142 3231 3199 voto,
3280 3133 3458 3189 timori
3497 3131 3761 3187 laudabile

2175 3228 2376 3301 aliquid
2407 3229 2461 3284 in
2488 3229 2634 3295 filiis,
2664 3229 2787 3284 licet
2811 3226 3031 3283 difficile
3060 3226 3468 3297 persuadeatur,
3491 3224 3760 3281 difﬁcilius

487 3331 610 3376 sunt
656 3321 1026 3390 improbabilia
1064 3338 1077 3371 :
1125 3334 1424 3389 quanquam
1473 3327 1527 3373 et
1574 3317 1674 3371 hoc
1716 3317 1892 3386 ipsum
1931 3315 2072 3385 quod
2103 3317 2150 3383 C
2180 3323 2395 3378 sufﬁcit.
2425 3321 2577 3378 vale.

489 3413 577 3482 pie
604 3411 862 3480 iniungis,
894 3409 1121 3464 arduum
1152 3410 1369 3475 existat,
1398 3424 1462 3464 ac
1491 3407 1630 3464 laudi
1667 3408 2075 3479 quantulaecun-

488 3520 592 3576 que
630 3504 742 3573 jam
790 3504 955 3558 semel
1010 3512 1174 3573 partae
1222 3518 1329 3557 non
1378 3512 1760 3573 Opportunum.
1811 3502 2071 3566 Primum,

490 3594 631 3665 quod
669 3592 927 3662 opusculo
956 3595 1103 3663 prius
1144 3593 1289 3649 edito
1317 3594 1599 3662 praisentis
1645 3591 1915 3661 augmenti
1957 3606 2077 3647 sera

489 3686 793 3757 conjunctio
823 3694 933 3749 est;
969 3684 1160 3740 deinde
1196 3685 1337 3756 quod
1376 3684 1608 3741 arbitros
1629 3693 1767 3740 ‘aute
1804 3698 2075 3754 quoscun-

490 3796 612 3851 que,
664 3780 764 3835 nisi
819 3780 1072 3847 fallimur,
1130 3782 1625 3837 indecentissimum
1682 3793 1784 3848 est,
1836 3782 2077 3836 materias

489 3874 645 3929 unius
671 3873 895 3943 simplex
922 3874 1260 3943 principium,
1295 3874 1532 3943 triplices
1556 3874 1796 3943 epilogos
1821 3871 2073 3927 inveniri.

491 3965 699 4024 Pariter
725 3977 777 4022 et
805 3968 986 4023 nescio
1015 3968 1249 4038 qualiter
1282 3968 1393 4023 fieri
1424 3968 1690 4023 veniabile
1720 3978 1901 4037 queat,
1934 3966 2076 4037 quod

491 4060 727 4116 coerceri
755 4069 935 4117 nostra
978 4061 1260 4129 garrulitas
1286 4076 1386 4115 nec
1418 4069 1537 4129 post
1567 4060 1934 4115 denuntiatum
1968 4068 2075 4114 ter-

493 4153 696 4208 minum
727 4153 983 4217 sustinet;
1016 4154 1115 4207 nisi
1147 4154 1272 4222 quia
1315 4151 1535 4207 forsitan
1582 4153 1671 4222 qui
1704 4153 1893 4207 modus
1928 4152 2074 4221 pagi-

494 4244 579 4299 nis
611 4259 716 4299 non
758 4252 935 4312 potest
979 4246 1099 4312 puni
1134 4245 1249 4313 ipse
1287 4245 1551 4299 amicitiis.
1600 4245 1934 4313 Quapropter
1959 4259 2080 4299 esse

492 4334 625 4389 tein
651 4334 880 4403 quadam
913 4335 1123 4389 tuenda:
1166 4333 1434 4404 opinionis
1483 4350 1617 4390 meae
1665 4338 1815 4404 quasi
1862 4336 2076 4405 Specula

434 4474 443 4483 .
495 4424 667 4491 decet,
719 4426 1055 4494 curiosisque
1103 4426 1224 4480 facti
1278 4426 1501 4495 hujusce
1546 4426 1807 4481 rationem
1856 4426 2081 4481 manife-

496 4525 683 4572 stare:
716 4516 913 4586 quidve
945 4518 1009 4570 ad
1051 4516 1156 4571 hoc
1202 4517 1434 4571 sentiant
1480 4517 1668 4585 optimi
1708 4518 1921 4589 quique,
1968 4531 2082 4573 res-

500 4607 670 4677 cripto
696 4622 853 4677 quam
887 4606 1320 4676 frequentissimo
1351 4607 1477 4661 mihi
1510 4608 1763 4677 pandere.
1792 4608 1960 4663 Porro
1985 4624 2079 4663 au-

2657 3414 2815 3486 251
2858 3412 3181 3469 EPISTULA
3217 3412 3281 3467 ιι.

2324 3504 2568 3560 Sidonius
2592 3506 2795 3559 domino
2822 3521 2967 3574 papa:
2991 3502 3017 3541 ά
3052 3505 3347 3576 Euphronio
3376 3504 3613 3559 salutem.

2248 3595 2433 3651 Albiso
2470 3597 2711 3661 antistes,
2768 3597 3131 3667 Proculusque
3174 3597 3392 3662 levites,
3445 3598 3565 3652 ideo
3605 3596 3758 3652 nobis

2179 3705 2388 3746 murum
2419 3691 2653 3761 magistri
2680 3691 3083 3761 pronuntiandi,
3129 3690 3249 3761 quia
3282 3690 3447 3745 vestri
3484 3699 3761 3746 merentur

2178 3799 2299 3839 esse
2328 3783 2599 3853 discipuli,
2630 3784 2836 3839 litteras
2862 3775 3187 3847 detulerunt,
3220 3799 3444 3852 quarum
3475 3799 3561 3838 me
3584 3798 3762 3838 sacro-

2180 3886 2365 3932 sancto
2392 3878 2631 3933 donastis
2662 3878 2851 3943 affatu;
2883 3894 3002 3945 qua:
3031 3888 3205 3934 tamen
3252 3878 3444 3933 littera:
3473 3878 3759 3947 plurimum

2180 3971 2335 4027 nobis
2368 3971 2609 4035 honoris,
2646 3972 2764 4039 plus
2792 3973 2974 4024 oneris
3006 3972 3305 4041 imponunt.
3341 3969 3494 4026 Unde
3530 3979 3587 4025 et
3624 3972 3765 4040 ipsa-

2178 4080 2296 4119 rum
2329 4065 2407 4119 sic
2451 4062 2826 4119 benedictione
2875 4065 3045 4131 Iactor,
3079 4064 3218 4133 quod
3259 4064 3590 4133 injunctione
3635 4077 3763 4117 conc

2182 4156 2374 4211 fundor
2406 4176 2416 4209 :
2451 4156 2649 4226 quippe
2690 4156 2778 4225 qui
2809 4172 2875 4209 ex
2904 4170 3026 4211 asse
3057 4157 3320 4223 turbatus,
3367 4156 3451 4211 vel
3496 4170 3570 4212 ex
3612 4162 3764 4225 parte

2180 4263 2285 4301 non
2312 4262 2493 4316 pareo.
2519 4248 2724 4301 anetis
2746 4246 2889 4301 enim
2922 4254 3028 4302 tam
3056 4248 3265 4303 diversa
3307 4262 3468 4318 quam
3501 4248 3718 4301 minima
3744 4262 3761 4300 :

2180 4340 2547 4409 explicarique
2593 4339 2881 4394 decernitis
2922 4354 3077 4411 opus,
3126 4339 3266 4410 quod
3312 4340 3379 4394 ab
3426 4339 3765 4394 extremitate

2180 4448 2297 4487 mea
2328 4441 2435 4486 tam
2469 4430 2683 4485 difficile
2708 4431 3026 4501 completur,
3058 4446 3213 4502 quam
3259 4430 3597 4502 impudenter
3636 4428 3766 4485 inci-

2180 4526 2343 4594 pitur.
2371 4522 2478 4579 Sed
2504 4523 2548 4577 si
2577 4523 2987 4591 amplitudinem
3020 4525 3070 4579 iu
3102 4525 3252 4580 vobis
3283 4524 3497 4593 pietatis
3525 4534 3777 4595 expertae-

2181 4618 2315 4673 bene
2342 4618 2556 4683 metior,
2582 4617 2700 4686 plus
2725 4616 3007 4673 laborastis
3038 4627 3095 4673 ut
3117 4618 3339 4675 affectus
3371 4618 3550 4673 cordis
3574 4617 3763 4686 vestri,

501 4706 629 4763 tem,
660 4698 730 4764 si,
761 4713 845 4752 me
875 4698 1079 4768 garrire
1104 4699 1405 4769 compulso,
1434 4699 1547 4768 ipse
1570 4701 1796 4755 reticere
1826 4715 2076 4770 perseve-
2102 4692 2157 4754 D
2182 4724 2339 4780 quam
2365 4710 2533 4765 nostri
2564 4710 2742 4779 operis
2766 4708 2986 4765 eil‘eCtus
3007 4710 3386 4779 publicaretur.
3415 4709 3601 4781 Neque
3621 4710 3763 4766 enim

499 4790 662 4854 rabis,
684 4798 734 4844 te
759 4805 971 4860 quoque
997 4791 1193 4846 silentii
1218 4793 1386 4846 nostri
1408 4791 1607 4846 talione
1629 4791 1695 4846 ad
1719 4793 1887 4848 vicem
1912 4793 2074 4863 plecti

500 4900 600 4937 :tnn
648 4882 993 4952 periniurium
1043 4894 1144 4939 est.
1206 4884 1387 4954 Itaque
1436 4894 1490 4939 tu
1558 4886 1795 4956 primus,
1843 4888 2076 4944 maxime

572 5066 596 5095 ι
638 5058 955 5127 Arelatensi,
979 5058 1094 5111 viro
1119 5070 1318 5125 genere
1357 5070 1418 5111 ac
1439 5056 1635 5127 pietate
1664 5057 1880 5115 illustri.
1927 5058 2076 5115 Hunc

501 5130 643 5183 enim
675 5144 793 5183 esse
822 5127 1050 5197 conjiciu
1078 5143 1236 5198 quem
1291 5129 1343 5181 in
1377 5127 1435 5181 Β.
1487 5129 1699 5183 Caesarii
1730 5129 1851 5182 Vita
1898 5130 2079 5184 laudat

498 5199 818 5269 Cyprianus,
840 5208 895 5254 et
919 5213 949 5252 a
970 5214 1073 5267 quo
1101 5208 1404 5267 susceptum
1435 5200 1744 5265 Caesarium,
1778 5198 2079 5269 opibusque

499 5269 737 5395 Edjntiarn
787 5278 1034 5327 testatur.
1081 5269 1163 5325 Ad
1207 5270 1457 5325 eumdem
1507 5279 1631 5325 sunt
1678 5271 1919 5340 epistolae
1958 5273 2079 5325 duae

549 5355 654 5394 uno
696 5354 753 5394 ιι.

549 5354 753 5394 0110011.

570 5409 597 5449 ι)
629 5410 783 5465 Plinii
811 5411 1154 5480 epistularum
1204 5410 1369 5467 libros
1413 5412 1669 5468 habemus
1719 5414 1935 5477 decem;
1978 5414 2072 5468 sed

500 5483 765 5537 decimum
813 5484 904 5551 qui
941 5490 1090 5554 totus
1135 5491 1217 5537 est
1272 5482 1337 5537 ad
1385 5482 1673 5552 Trajanum
1724 5499 1753 5537 e
1801 5484 2074 5554 provincia

499 5554 749 5624 scriptus,
773 5552 982 5608 caeteris
1012 5564 1482 5625 nonannumerat.
1510 5555 1710 5610 Eodem
1742 5552 1898 5609 modo
1918 5559 2076 5625 Sym-

501 5625 676 5679 machi
701 5624 1044 5695 epistularum
1090 5624 1209 5679 libri
1243 5628 1455 5694 proprie
1483 5637 1608 5680 sunt
1647 5640 1857 5691 novem,
1889 5631 1975 5693 qui
2009 5625 2072 5679 ad

500 5695 733 5765 privatos
763 5714 775 5749 :
803 5695 1040 5751 decimus
1063 5695 1351 5751 relationes
1376 5699 1613 5751 continet
1636 5696 1702 5751 ad
1728 5696 1993 5765 principes
2018 5698 2071 5750 in

536 5765 813 5838 rmfectura
832 5767 961 5823 Urbi
992 5768 1197 5822 missas.
1224 5767 1385 5838 Hunc,
1405 5768 1759 5838 ipsum'porro
1790 5782 2072 5823 numerum
2106 5824 2110 5833 ,

521 5836 753 5892 ibrorum
792 5838 878 5893 alii
925 5840 1083 5894 etiam
1133 5846 1253 5910 post
1300 5836 1966 5905 Sidonium‘ail‘ectarunt,
2015 5848 2072 5893 ut

2182 4816 2301 4856 cum
2335 4800 2691 4871 Hieronymus
2722 4800 3012 4869 interpres,
3057 4800 3367 4856 dialecticus
3415 4802 3763 4871 Augustinus,

2183 4891 2504 4961 allegoricus
2526 4890 2785 4962 Origenes
2828 4892 3074 4962 gravidas
3106 4892 3200 4947 tibi
3234 4892 3589 4962 spiritualium
3637 4907 3768 4948 sen-

2182 5062 2369 5116 Avitus
2399 5061 2740 5129 Viennensis,
2773 5068 2908 5117 teste
2937 5060 3196 5130 Gregorio
3221 5062 3425 5119 Turon.
3465 5062 3559 5118 lib.
3590 5078 3649 5129 ιι,
3676 5062 3767 5119 55.

2181 5131 2323 5188 Idem
2355 5133 2447 5189 lib.
2475 5150 2550 5205 vi,
2584 5134 2635 5198 7,
2673 5143 2858 5205 auctor
2902 5142 2979 5188 est
3008 5131 3335 5205 Ferreolum
3375 5148 3589 5205 quoque
3630 5134 3770 5189 Uce-

2179 5218 2392 5275 censem
2421 5204 2729 5273 episcolxum
2778 5204 2943 5257 libros
2970 5204 3173 5273 aliquot
3208 5204 3580 5275 epistularum,
3616 5205 3769 5274 quasi

2182 5273 2458 5330 Sidonium
2492 5275 2749 5329 imitando
2797 5276 3166 5345 composuisse
3197 5295 3209 5328 ;
3238 5273 3334 5332 sed
3374 5273 3641 5332 librorum
3664 5291 3770 5331 nu-

2183 5359 2387 5399 merum
2420 5360 2525 5400 nun
2550 5344 2815 5413 designat.

2256 5426 2277 5453 ο
2320 5415 2425 5470 Alii
2452 5414 2664 5488 codices
2693 5415 2905 5488 diverso
2930 5429 3113 5483 sensu,
3139 5419 3289 5488 cujus
3331 5418 3534 5473 animus
3557 5428 3675 5472 cum
3713 5419 3766 5470 in
3802 5454 3813 5488 ε

2181 5487 2374 5561 Mlieris
2401 5486 2702 5561 rebus,_tum
2728 5496 2801 5561 est
2831 5486 2883 5539 in
2901 5488 3008 5561 _hac
3027 5497 3160 5543 certe
3182 5486 3665 5561 negligentissimus.

2253 5554 2279 5593 ά
2310 5555 2781 5630 Augustodunensi
2828 5558 3081 5630 episcopo
3129 5576 3143 5614 :
3190 5554 3264 5614 ad
3309 5554 3467 5630 quem
3507 5562 3663 5629 epist.
3706 5559 3761 5624 8,

2184 5626 2277 5681 lib.
2315 5643 2402 5701 v_n_.
2435 5625 2668 5695 Rogatus
2698 5628 2763 5681 ab
2794 5625 3156 5695 eo’Sidonius,
3201 5640 3260 5685 ut
3304 5625 3553 5701 aliquem
3583 5643 3761 5684 sacra-

2178 5713 2295 5752 rum
2327 5697 2650 5751 Litterarum
2678 5708 2881 5768 partem
2909 5710 3223 5771 exponeret,
3254 5697 3646 5758 modestissime
3670 5701 3765 5753 de~

2181 5777 2445 5822 precatur.

2179 5782 2445 5842 precatur.

3802 5478 3817 5490 4

3797 5493 3819 5532 ἳ
