4072 6348
785 268 799 312 ν
3254 286 3256 289 -
3271 269 3291 301 ρ

277 352 386 411 en
1555 342 2039 403 EPISTOLARUM
2078 345 2208 401 LIB.
2251 346 2339 401 ix.
2736 351 2745 354 ·
3480 350 3534 401 δι
3556 355 3581 403 ις

274 480 434 521 suum
465 464 641 533 .spieas
671 461 930 517 doctrina:
958 459 1184 515 salubris
1211 472 1386 513 messe
1414 461 1732 528 parturiant,
1761 475 1864 515 non
1897 464 1946 523 Α
1978 460 2116 515 forte
2143 460 2426 529 responsio
2457 464 2988 531 quantulumcunque
3018 460 3085 515 ad
3116 462 3442 533 interrogata
3476 474 3581 519 tre-

272 559 490 615 scilicet
512 556 606 611 tibi
639 554 880 625 partibus
910 554 1043 608 meis
1066 552 1212 606 arida
1241 552 1536 621 jejunantis
1564 552 1758 623 linguae
1781 555 1877 607 Sti-

276 650 406 720 pula
433 646 763 718 crepitabit?
806 646 918 699 lloe
964 658 1114 699 more
1158 651 1213 697 ιιι
1264 652 1323 699 ει
1367 642 1591 698 olorinis
1630 643 1875 697 cantibus

272 757 500 799 anseres
548 755 730 805 ravos,
776 747 833 794 et
873 736 1199 792 modiﬁcatis
1248 736 1591 791 lusciniarum
1638 735 1873 806 querelis

272 822 641 906 improborum
690 844 966 901 passerum
1016 827 1408 896 fringultientes
1455 842 1707 884 susurros
1750 827 1873 896 jure

273 927 592 985 sociaveris.
616 923 753 993 Quid
774 923 916 992 quod
944 936 1158 991 quoque
1185 931 1508 990 arroganter
1536 919 1685 975 fieret
1716 918 1872 975 inde-

191 1054 199 1058 -
276 1028 586 1086 centerque,
637 1016 681 1070 si
725 1013 925 1084 negotii
967 1011 1225 1083 praecepti
1274 1012 1487 1081 pondtts
1528 1010 1867 1080 aggrederer,

274 1126 448 1166 novus
470 1108 718 1173 clericus,
744 1116 994 1176 peccator
1023 1104 1300 1173 antiquus,
1324 1103 1547 1158 scientia
1571 1102 1696 1170 levi,
1719 1104 1870 1174 gravi

266 1198 651 1259 conscientia?
679 1196 930 1253 videlicet
953 1205 1013 1249 ut
1039 1195 1084 1249 si
1115 1194 1373 1265 scriptum
1404 1208 1722 1265 quocunque
1769 1193 1872 1249 mi-

269 1295 490 1357 sissem,
520 1302 749 1360 persona
779 1302 895 1344 mea
944 1301 1043 1342 nec
1092 1294 1219 1341 tunc
1259 1286 1475 1342 abesset
1531 1287 1693 1358 252
1737 1285 1869 1340 risui

267 1386 631 1457 iudicantum,
656 1396 778 1437 cum
828 1379 1087 1435 defuisset
1127 1374 1381 1434 obtutui.’
1405 1378 1483 1433 Ne
1520 1392 1726 1449 quaeso,
1770 1377 1869 1433 do-

270 1482 422 1537 mine
447 1494 607 1551 papa,
635 1477 799 1533 nimis
843 1476 1027 1545 exigas
1058 1474 1441 1530 verecundiam
1470 1488 1662 1540 meam,
1696 1472 1869 1544 quali-

267 1583 570 1641 tercunque
599 1569 918 1631 latitantem,
951 1566 1113 1634 empti
1160 1565 1341 1634 aperis
1380 1564 1605 1634 hujusce
1651 1564 1869 1620 temeri-

269 1674 384 1721 tate
412 1661 753 1719 devenustari
788 1675 801 1714 :
833 1659 957 1730 quia
981 1666 1165 1714 tantus
1190 1667 1276 1713 est
1302 1659 1440 1713 livor
1461 1658 1865 1727 derogatorum,

268 1769 330 1814 ut
358 1756 580 1813 materia
609 1769 768 1825 quam
798 1753 990 1821 mittis,
1023 1753 1263 1807 velocius
1310 1749 1569 1806 sortiatur
1616 1748 1865 1805 inchoata

1981 552 2261 619 pidaverit,
2284 566 2403 621 qua:
2426 568 2532 606 non
2563 553 2904 607 inveniantur
2931 563 3148 623 scripta,
3177 556 3423 611 mandata
3454 571 3577 612 ere-

1976 644 2177 698 duntur
2209 660 2222 697 :
2255 657 2319 698 ac
2344 657 2441 713 per
2464 643 2566 699 hoc
2596 647 2827 701 sustinet
2860 645 3106 715 injttriam
3141 648 3457 720 plerumque
3486 652 3577 720 qui

1976 735 2232 800 mittitur;
2265 736 2354 805 qui
2400 736 2592 802 mittit,
2626 737 2881 791 invidiam
2914 755 2929 791 :
2963 739 3189 808 plusque
3218 740 3270 796 in
3300 741 3400 797 hoc
3432 750 3573 797 tem-

1978 840 2108 896 pore
2130 868 2146 894 ,
2190 842 2297 898 quo
2322 828 2667 883 aemulantum
2716 828 2939 883 invicem
2970 844 3089 886 sese
3116 832 3321 899 pridem
3370 834 3572 891 foedera

1975 926 2174 974 statuta
2197 932 2489 989 regnorum
2517 921 2694 973 denuo
2717 934 2811 986 per
2848 920 3178 976 conditiones
3216 922 3573 984 discordiosas

1974 1011 2229 1081 ancipitia
2260 1012 2577 1066 redduntur.
2633 1011 2833 1066 Praeter
2863 1012 2963 1067 hoc
2988 1054 3002 1079 ,
3036 1014 3147 1082 ipsa
3195 1031 3346 1071 mens
3390 1030 3571 1077 nostra

1974 1102 2285 1158 domesticis
2313 1101 2439 1156 hine
2467 1101 2591 1156 inde
2620 1100 2915 1169 diSpendiis
2936 1103 3112 1157 saucia
3132 1104 3295 1173 jacet.
3321 1105 3450 1160 Nam
3477 1124 3570 1178 per

1973 1194 2136 1250 ofﬁcii
2166 1194 2451 1264 imaginem
2478 1192 2562 1249 vel
2612 1192 2784 1263 (quod
2816 1200 2899 1249 est
2926 1193 3142 1263 verius)
3170 1197 3568 1265 necessitatem,

1973 1286 2092 1342 solo
2122 1286 2291 1355 patrio
2314 1294 2555 1348 exactus,
2585 1284 2686 1339 hoc
2717 1283 2983 1353 relegatus
3006 1324 3020 1350 ,
3051 1286 3213 1341 variis
3238 1302 3569 1357 qitaquavcr.

1972 1393 2091 1434 sum
2116 1378 2437 1449 fragoribus,
2460 1378 2584 1449 quia
2606 1377 2779 1447 patior
2802 1377 2889 1432 hic
2912 1379 3247 1434 incommoda
3277 1382 3568 1450 peregrini,

1972 1468 2079 1524 illic
2121 1469 2315 1524 damna
2354 1468 2661 1537 proscripti.
2712 1467 2973 1533 Quocirca
3001 1469 3212 1524 solvere
3242 1471 3401 1527 modo
3428 1472 3569 1527 litte.

1974 1574 2061 1615 ras
2090 1560 2248 1629 paulo
2277 1559 2551 1630 politiores
2594 1568 2686 1613 aut
2724 1560 3099 1628 intempestive
3130 1568 3282 1628 petor
3306 1602 3321 1626 ,
3353 1575 3446 1617 aut
3474 1563 3568 1617 im-

1974 1652 2237 1724 pudenter
2263 1653 2544 1723 aggredior
2574 1670 2586 1705 :
2614 1668 2747 1723 quas
2777 1654 2857 1707 vel
2886 1654 3007 1721 joco
3038 1653 3278 1722 lepidas,
3311 1655 3395 1708 vel
3426 1656 3570 1725 stylo

1970 1750 2142 1804 cultas
2171 1749 2470 1812 alternare,
2510 1746 2743 1803 felicium
2775 1755 2877 1802 est.
2938 1747 3106 1800 Porro
3137 1756 3317 1801 autem
3349 1747 3570 1816 quidam

268 1851 553 1921 probrum,
578 1860 737 1918 quam
766 1845 1051 1901 terminata
1089 1843 1421 1915 suffragium.
1456 1843 1658 1898 Memor
1686 1840 1855 1896 nostri
1886 1839 1935 1902 Β
1964 1850 1988 1879 ε
2008 1838 2372 1894 barbarismus
2402 1848 2483 1893 est
2516 1853 2747 1900 morum,
2782 1852 2961 1892 sermo
2980 1837 3250 1906 jucundus
3283 1846 3335 1891 et
3360 1838 3570 1891 animus

268 1957 397 1999 esse
423 1941 665 2012 dignare,
688 1936 905 1994 domine
932 1950 1092 2005 papa.

840 2046 1171 2104 EPISTOLA
1205 2046 1293 2102 ΙΙΙ.

454 2164 701 2221 Sidonius
730 2164 938 2218 domino
972 2177 1120 2233 papa:
1159 2171 1184 2199 ⁸
1218 2160 1415 2217 Fausto
1445 2162 1677 2216 salutem.

343 2304 535 2358 Servat
561 2297 1003 2356 consuetudinem
1047 2311 1201 2351 suam
1246 2295 1639 2351 tam'facundia
1684 2302 1860 2350 vestra

268 2410 430 2467 quam
469 2395 668 2462 pietas;
722 2398 882 2461 atque
911 2390 980 2445 ob
1007 2390 1109 2445 hoc
1134 2388 1409 2457 granditer
1434 2429 1449 2453 ,
1492 2388 1632 2457 quod
1663 2386 1863 2441 diserte

266 2488 540 2553 scribitis,
572 2485 840 2554 eloquium
883 2480 1203 2551 suscipimus
1228 2522 1243 2545 ,
1279 2480 1420 2549 quod
1464 2480 1693 2536 libenter
1731 2479 1864 2536 affe-

268 2592 436 2637 ctum.
468 2580 731 2635 Caeterum
753 2575 820 2630 ad
852 2588 1107 2645 prtesens,
1134 2576 1299 2641 petita
1331 2573 1479 2626 venia
1515 2572 1661 2639 prius
1690 2574 1862 2644 impe-

268 2684 546 2742 trataque,
579 2667 947 2725 cautissimum
974 2680 1100 2720 reor
1126 2678 1189 2719 ac
1222 2663 1668 2728 saluberrimum,
1709 2664 1735 2703 δ
1770 2682 1864 2736 per

258 2770 369 2820 alias
387 2764 619 2818 maxime
637 2759 880 2815 civitates
895 2770 1015 2826 quae
1036 2756 1264 2809 multum
1283 2755 1389 2808 situ
1411 2767 1659 2825 segreges
1678 2766 1860 2825 agunt,

270 2857 399 2911 dum
438 2863 567 2909 sunt
602 2850 840 2922 gentium
893 2846 1127 2903 motibus
1175 2846 1365 2900 itinera
1403 2855 1685 2915 suspecta,
1722 2850 1864 2919 stylo

268 2943 619 3015 frequentiori
667 2939 1015 3003 renuntiare;
1075 2937 1341 3002 dilataque
1388 2937 1649 3007 tantisper
1696 2941 1861 2995 mutui

268 3036 558 3091 sedulitate
580 3033 874 3096 sermonis,
918 3044 1102 3085 curam
1133 3032 1307 3098 potius
1335 3043 1612 3084 assumere
1631 3030 1865 3084 contice-

268 3127 479 3183 scendi.
505 3124 659 3193 Quod
693 3125 832 3179 inter
852 3121 1139 3177 obstrictas
1158 3120 1355 3176 aﬁ'ectu
1384 3122 1655 3177 mediante
1676 3136 1859 3191 perso-

1969 1929 2218 1985 afﬁictus.
2250 1929 2389 1995 Quin
2422 1928 2602 1998 potius
2634 1929 2864 1982 animam
2897 1929 3039 1983 male
3067 1929 3168 1983 sibi
3198 1930 3489 1994 consciam,
3516 1937 3567 1985 et

1969 2041 2064 2093 per
2094 2025 2257 2079 horas
2295 2024 2359 2078 ad
2414 2024 2693 2079 recordata
2744 2023 2970 2091 poenalis
3001 2022 3122 2076 vitae
3153 2023 3329 2077 debita
3355 2008 3569 2078 contr-eo

1970 2122 2286 2176 miscentem
2316 2161 2333 2185 ,
2366 2117 2814 2188 frequentissimis
2846 2119 2948 2172 luis
2978 2117 3082 2171 illis
3109 2128 3164 2173 et
3188 2117 3567 2173 valentissimis

1969 2213 2271 2265 orationum
2305 2225 2589 2265 munerare
2620 2210 2909 2279 suffragiis,
2940 2224 3154 2277 precum
3191 2212 3390 2278 peritus
3418 2210 3567 2265 inse.

1972 2304 2233 2367 lanarum,
2259 2316 2391 2370 quas
2416 2300 2483 2355 de
2511 2300 2755 2369 palcestra
2783 2302 3216 2369 congregationis
3239 2301 3561 2366 eremitidis,

1971 2405 2024 2450 et
2053 2395 2121 2450 de
2152 2404 2345 2449 senatu
2388 2392 2746 2447 Lirinensium
2803 2392 3188 2447 cellulanorum
3215 2433 3229 2457 ,
3278 2394 3327 2446 in
3378 2393 3565 2447 urbem

1970 2502 2184 2556 quoque
2214 2487 2367 2555 cujus
2398 2485 2656 2539 Ecclesiae
2686 2500 2836 2539 sacra
2867 2484 3249 2553 superinspicis
3275 2526 3288 2550 ,
3331 2494 3565 2540 transtu-

1969 2578 2077 2633 listi
2103 2620 2116 2641 ,
2152 2577 2225 2632 nil
2253 2578 2319 2632 ab
2347 2577 2539 2631 abbate
2568 2583 2801 2630 mutatus
2833 2588 2926 2645 per
2953 2576 3291 2631 sacerdotem
3323 2595 3336 2631 :
3370 2578 3566 2647 quippe

1969 2689 2091 2728 eum
2117 2670 2142 2710 δ
2178 2686 2336 2726 novre
2356 2670 2630 2740 dignitatis
2659 2670 2904 2734 obtentu,
2930 2670 3158 2737 rigorem
3187 2670 3383 2723 veteris
3408 2669 3565 2723 disci-

1972 2764 2131 2833 plinae
2156 2778 2261 2817 non
2290 2760 2635 2816 relaxaveris.
2682 2761 2774 2814 llis
2804 2760 2965 2828 igitur
2986 2800 3000 2825 ,
3028 2770 3085 2814 ut
3113 2760 3417 2828 supradixi,
3448 2776 3563 2829 pre-

1969 2854 2176 2909 catibus
2199 2850 2589 2907 efﬁcacissimis
2617 2850 2777 2921 255
2801 2850 2982 2904 obtine
3013 2860 3069 2903 ut
3099 2852 3273 2918 portio
3298 2860 3477 2904 nostra
3497 2850 3564 2904 sit

1972 2945 2259 3008 Dominus;
2292 2950 2453 3011 atque
2485 2952 2542 2995 ut
2571 2942 2784 3009 ascripti
2813 2941 3000 2995 turmis
3022 2942 3397 2995 contribulium
3432 2942 3562 2995 levi-

1973 3050 2145 3091 tarum
2172 3078 2187 3102 ,
2220 3049 2328 3090 non
2360 3047 2731 3088 remaneamus
2761 3033 2957 3087 terreni
2988 3032 3225 3101 ,'quibus
3272 3040 3410 3085 terra
3457 3048 3562 3086 non

1972 3134 2217 3183 remanet
2251 3143 2261 3177 :
2297 3122 2731 3191 inchoemusque,
2764 3131 2821 3175 ut
2850 3138 2879 3175 a
2909 3123 3088 3176 saeculi
3120 3122 3301 3185 lucris,
3331 3123 3406 3175 sic
3430 3137 3560 3189 quo.

272 3236 374 3277 nas
401 3219 753 3289 asperrimum
784 3230 1086 3285 quanquam
1132 3224 1293 3284 atque
1317 3215 1725 3270 acerbissimum
1753 3224 1855 3284 est,
1883 3215 1931 3279 C
1963 3232 2068 3287 que
2096 3234 2124 3271 a
2157 3216 2327 3285 culpis
2360 3214 2709 3284 peregrinari.
2764 3213 2941 3268 Tertia
2971 3223 3054 3267 est
3082 3227 3244 3267 causa
3278 3214 3360 3267 vel
3393 3215 3561 3268 maxi-

274 3329 383 3368 non
416 3323 593 3369 tamen
622 3313 795 3365 causis
836 3310 1065 3364 efﬁcitur
1094 3307 1582 3377 qualibuscunque,
1614 3308 1707 3363 sed
1738 3309 1857 3376 plu-

270 3404 448 3469 rimis,
477 3403 637 3457 certis
664 3411 717 3456 et
738 3401 1077 3464 necessariis,
1116 3414 1339 3468 qumque
1370 3398 1604 3454 diversis
1647 3401 1858 3468 prolici-

271 3504 497 3549 scuutur
533 3508 597 3548 ex
625 3491 939 3561 originibus.
985 3490 1222 3556 Quarum
1251 3490 1349 3543 ista
1380 3489 1587 3544 calculo
1614 3492 1857 3560 primore

271 3583 657 3648 numerabitur,
704 3582 845 3653 quod
894 3581 1168 3635 custodias
1211 3595 1464 3649 aggerum
1513 3583 1853 3649 publicorum

271 3688 605 3744 nequaquam
637 3672 940 3727 tabellarius
990 3670 1177 3724 transit
1223 3670 1561 3738 irrequisitus
1596 3689 1607 3723 ε
1638 3674 1726 3741 qui
1756 3675 1858 3729 etsi

270 3764 493 3838 periculi
518 3763 673 3828 nihil,
696 3770 900 3832 utpote
928 3760 1152 3816 crimine
1168 3775 1383 3827 vacans,
1418 3762 1705 3827 plurimum
1728 3779 1858 3820 sane

271 3858 478 3928 perpeti
501 3857 660 3929 253
687 3856 824 3911 solet
854 3854 1217 3919 difficultatis;
1246 3856 1371 3908 dum
1402 3866 1665 3910 secretum
1697 3872 1858 3913 omne

269 3949 574 4019 gerulorum
624 3946 843 4018 pervigil
889 3946 1195 4015 explorator
1244 3946 1479 4016 indagat.
1535 3947 1771 4013 Quorum
1813 3951 1858 4005 si

338 4108 452 4181 96
498 4106 769 4181 {Reiensi
808 4105 862 4159 in
908 4104 1175 4173 provincia
1203 4105 1246 4159 ll
1274 4104 1631 4181 episcopoex
1664 4106 1857 4181 abbate

268 4174 539 4235 Liﬁti'tansi
577 4196 587 4229 :
621 4191 727 4247 quo
756 4192 980 4247 munere
1008 4186 1234 4245 utroque
1266 4186 1383 4244 post
1414 4174 1700 4247 Maximum
1731 4178 1819 4229 Iun
1839 4207 1851 4217 -

266 4260 388 4305 ctus
415 4260 497 4303 est
526 4267 539 4303 :
574 4245 695 4302 ideo
737 4246 950 4301 Maximi
992 4248 1072 4299 bis
1115 4260 1395 4300 successor
1424 4245 1619 4299 dicitur
1652 4247 1705 4300 in
1733 4261 1855 4301 car-

267 4323 416 4375 mine
449 4317 813 4373 Eucharistieo
844 4317 942 4370 sub
982 4318 1158 4370 linem.
1212 4318 1361 4369 Hune
1399 4317 1571 4369 adhuc
1607 4318 1855 4372 abbatem

267 4391 453 4459 quanti
486 4390 672 4445 fecerit
697 4389 928 4443 Hilarius
951 4387 1296 4459 Arelatensis.
1321 4386 1555 4440 declarat
1584 4387 1699 4455 ejus
1724 4387 1857 4443 Vita:

268 4456 461 4513 auctor
510 4461 592 4513 his
641 4459 817 4513 verbis
868 4476 880 4510 :
937 4456 1005 4510 In
1052 4458 1223 4510 eodem
1278 4459 1389 4511 loco
1446 4467 1564 4510 tunc
1618 4460 1858 4523 temporis

270 4532 336 4585 S.
370 4531 617 4583 Faustum
637 4568 651 4592 ,
682 4528 1025 4599 presbyterum
1058 4528 1247 4594 pariter
1279 4538 1329 4581 et
1362 4528 1591 4581 abbatem
1620 4529 1691 4581 ita
1717 4529 1858 4598 futu-

267 4618 444 4654 rorum
472 4601 717 4661 prwscius
742 4599 1006 4651 honoravit
1029 4637 1043 4661 ,
1081 4609 1133 4650 ut
1156 4599 1287 4651 inter
1316 4614 1365 4651 se
1388 4610 1433 4652 et
1457 4610 1658 4652 sanctos
1685 4615 1856 4651 sacer-

267 4675 413 4724 dotes
441 4667 766 4723 Theodorum
791 4679 836 4722 et
864 4667 1151 4722 Maximum
1184 4670 1406 4721 medium
1435 4670 1753 4737 compelleret
1778 4686 1857 4723 re-

265 4743 454 4795 sidere.
507 4739 611 4796 Sed
642 4740 707 4794 de
737 4740 935 4793 Fausto
978 4738 1215 4806 pluribus
1250 4740 1401 4791 alias.
1450 4738 1601 4792 Nune
1628 4740 1757 4793 satis
1787 4741 1855 4795 sit

266 4825 527 4875 monere,
578 4820 774 4880 praeter
826 4812 966 4862 hunc
1012 4808 1322 4880 seniorem,
1373 4811 1599 4863 alterum
1647 4825 1857 4879 quoque

268 4881 524 4935 Faustum
551 4878 600 4935 in
630 4882 817 4934 eadem
843 4879 1083 4933 Reiensis
1104 4878 1347 4931 ecclesia:
1369 4880 1622 4932 cathedra
1649 4880 1718 4934 80
1746 4878 1856 4934 cir-

264 4953 403 5005 citer
436 4961 554 5018 post
580 4966 749 5005 annos
777 4950 1004 5005 sedisse.
1049 4948 1201 5014 Quod
1233 4964 1299 5001 ne
1330 4950 1543 5016 penitus
1589 4951 1858 5017 ignorare-

266 5038 389 5076 mus
409 5061 424 5086 ,
454 5021 754 5076 docuerunt
781 5035 881 5075 nos
918 5021 1136 5088 integrae
1163 5018 1584 5087 subscriptiones
1614 5022 1800 5088 synodi
1827 5039 1856 5074 v

263 5091 674 5147 Aurelianensis
706 5109 717 5143 :
750 5092 839 5145 ubi
891 5092 1028 5144 inter
1072 5099 1298 5143 czeteros
1337 5090 1423 5157 qui
1466 5104 1562 5156 pro
1592 5092 1858 5158 episcopis

264 5162 584 5217 absentibus
610 5161 998 5231 subscripsere,
1029 5159 1355 5214 Claudianus
1381 5159 1859 5231 Iegituridiaeonus

264 5234 504 5288 directus
534 5248 565 5285 a
594 5232 790 5286 Fausto
819 5229 1072 5299 episcopo
1096 5231 1349 5284 Ecclesiae
1380 5229 1624 5283 Reiensis
1659 5248 1671 5282 :
1706 5230 1748 5283 is
1782 5233 1860 5284 ni-

266 5304 465 5359 mirum
493 5304 582 5371 qui
604 5301 843 5369 ejusdem
874 5313 1055 5370 pOSIea
1082 5301 1225 5356 sedis
1248 5300 1342 5354 fuit
1362 5300 1604 5363 antistes,
1631 5300 1856 5355 Parisia-

263 5374 525 5442 censique
554 5373 782 5427 concilio
812 5374 864 5427 in
893 5388 998 5442 quo
1026 5383 1202 5427 actum
1227 5380 1311 5426 est
1340 5372 1407 5425 de
1430 5385 1592 5442 causa
1617 5371 1855 5442 Promoti

264 5441 504 5513 episcopi
554 5443 816 5498 Dunensis
839 5482 856 5508 ,
903 5441 1145 5498 interluit
1170 5483 1185 5507 ,
1226 5453 1283 5498 ut
1307 5441 1516 5497 concilii
1547 5441 1705 5511 hujus
1734 5456 1855 5511 quas

259 5517 406 5572 nacti
428 5529 613 5568 sumus
636 5522 752 5567 aeta
783 5521 1067 5567 testantur.
1196 5535 1203 5543 -

338 5582 368 5623 δ
407 5585 687 5639 Assentior
710 5582 992 5651 Savaroni,
1014 5585 1267 5652 scriptam
1297 5582 1464 5637 videri
1496 5584 1632 5638 hanc
1654 5583 1854 5652 episto-

260 5657 373 5714 Iam
401 5655 732 5725 Burdegalae,
756 5669 877 5709 eum
909 5656 959 5708 in
982 5668 1044 5708 ea
1072 5655 1204 5709 urbe
1229 5655 1368 5721 apud
1399 5654 1674 5719 Burieum,
1700 5666 1753 5708 ut
1774 5664 1856 5710 est

260 5730 321 5784 in
351 5728 507 5797 epist.
543 5727 597 5794 9,
631 5726 723 5779 lib.
754 5740 843 5779 vni
863 5768 875 5791 ,
905 5727 1278 5797 exsuliageretg
1298 5725 1572 5790 Sidonius,
1607 5734 1726 5797 post
1756 5726 1853 5781 dc-

260 5795 406 5855 ditos
432 5804 727 5859 Arvernos,
753 5810 881 5864 pace
908 5810 1026 5847 cum
1058 5795 1312 5850 Romanis
1335 5798 1526 5850 iterum
1554 5796 1781 5851 turbata.

552 5888 825 5951 Ρλτιοι..
870 5885 1085 5945 LVIII.

1964 3327 2070 3379 ma,
2097 3311 2291 3367 exinde
2317 3309 2555 3364 scribere
2584 3307 2675 3361 tibi
2699 3322 2793 3361 cur
2820 3306 3219 3376 supersederim
3253 3325 3262 3358 :
3298 3308 3435 3376 quod
3467 3310 3561 3360 im-

1963 3417 2121 3457 mane
2159 3400 2394 3471 suSpicio
2435 3398 2665 3453 dictandi
2708 3398 2846 3451 istud
2895 3398 2945 3451 in
2989 3396 3139 3451 vobis
3175 3399 3562 3467 tropologicum

1962 3511 2130 3565 genus
2176 3510 2239 3549 ac
2295 3495 2572 3562 ﬁguratum
2604 3536 2617 3557 ,
2661 3491 2963 3559 limatisque
3018 3490 3343 3559 plurifariam
3383 3492 3561 3545 verbis

1965 3585 2487 3651 eminentissimum,
2541 3583 2682 3649 quod
2743 3591 2959 3646 vestra,
3011 3596 3169 3651 quam
3215 3584 3560 3651 sumpsimus,

1967 3678 2193 3748 cpistola
2245 3676 2500 3731 ostendit.
2562 3675 2707 3729 Licet
2752 3675 2893 3727 enim
2945 3674 3352 3743 praedicationes
3406 3684 3561 3739 tuas,

1965 3785 2107 3824 nunc
2132 3767 2442 3837 repentinas
2470 3807 2483 3829 ,
2525 3778 2668 3818 nunc
2696 3779 2818 3817 eum
2850 3764 2985 3817 ratio
3014 3764 3349 3832 poposcisset
3374 3765 3561 3819 elucu-

1966 3863 2167 3927 bratas,
2200 3873 2393 3912 raucus
2425 3857 2605 3925 plosor
2634 3854 2925 3916 audierim;
2962 3864 3085 3908 tunc
3119 3856 3409 3924 prrecipue,
3436 3872 3559 3913 cum

1964 3952 2022 4005 in
2052 3960 2074 3988 θ
2108 3949 2479 4018 Lugdunensis
2509 3945 2750 4000 ecclesia:
2781 3944 3039 3999 dedicata:
3081 3944 3234 3999 festis
3264 3946 3561 4001 hebdoma-

2038 4119 2061 4146 ε
2103 4108 2221 4162 Pari
2270 4108 2533 4175 elegantia
2586 4104 2875 4175 solmcismi
2928 4119 3109 4175 vocem
3158 4104 3225 4158 ad
3265 4105 3367 4159 alia
3414 4120 3560 4175 saepe

1965 4179 2297 4233 transferunt
2320 4173 2505 4243 optimi
2534 4191 2801 4232 auctores.
2831 4173 3019 4229 Cicero
3042 4174 3132 4229 lib.
3167 4191 3199 4228 ll
3226 4176 3291 4229 ad
3320 4173 3556 4231 Atticum

1964 4250 2024 4303 Η
2066 4266 2077 4301 :
2116 4247 2283 4302 Ludos
2315 4248 2455 4301 Antii
2485 4259 2714 4314 spectare
2755 4264 2853 4299 non
2894 4246 3057 4312 placet
3089 4261 3108 4298 .·
3136 4254 3210 4298 est
3251 4248 3385 4299 enim
3429 4250 3559 4302 ὐπο-

1964 4320 2214 4381 σόλοικον.
2254 4335 2366 4372 cum
2396 4320 2542 4373 uelint
2574 4321 2730 4371 vitare
2763 4332 2960 4369 omnem
2988 4314 3284 4368 deliciarum
3312 4319 3559 4384 suspicio-

1964 4406 2100 4445 nem.
2158 4391 2512 4459 Hieronymus
2557 4389 2609 4441 in
2660 4387 2956 4442 Helvidium
3002 4401 3015 4438 :
3057 4387 3210 4453 Apud
3240 4386 3556 4442 Christianos

1964 4461 2276 4515 soloecismus
2302 4470 2374 4513 est
2396 4477 2608 4527 magnus
2628 4470 2671 4514 et
2694 4460 2890 4519 vitium,
2916 4468 3061 4525 turpe
3083 4459 3202 4521 quid
3223 4459 3557 4527 velirtarrare,

1967 4533 2042 4585 uel
2070 4532 2255 4599 facere.
2293 4531 2461 4602 Sieget
2485 4526 2757 4584 Lucianus
2782 4532 2901 4602 περὶ
2932 4530 3201 4602 ὀρχήσεως
3228 4568 3241 4587 ,
3274 4526 3559 4602 Herculem

1969 4602 2021 4654 in
2051 4598 2208 4657 scena
2237 4600 2505 4671 μονῳδεῖν,
2529 4602 2783 4655 σολοικίαν
2814 4598 2886 4671 ait
2911 4598 3100 4671 Vi'tjcfi,
3123 4612 3243 4651 eum
3274 4598 3560 4671 itt_A_tldI'O-

1966 4674 2155 4726 macbe
2199 4667 2252 4726 et
2301 4667 2514 4725 Hecuba
2555 4670 2681 4723 ferri
2732 4670 2917 4736 possit.
2971 4668 3189 4721 Polemo
3234 4667 3460 4735 sophist.
3491 4670 3561 4723 de

1966 4742 2259 4806 histrione,
2292 4743 2382 4811 qui
2414 4747 2453 4794 ὼ
2485 4747 2568 4804 ζεῦ
2601 4742 2784 4812 dicens
2804 4782 2819 4803 ,
2854 4740 2916 4791 ad
2942 4747 3158 4812 terram,
3192 4746 3246 4812 et
3274 4742 3314 4790 ὠ
3342 4745 3409 4812 γᾶ
3435 4753 3559 4812 cum

1964 4812 2188 4878 diceret,
2213 4808 2428 4865 manum
2450 4812 2515 4863 ad
2539 4811 2733 4864 coelum
2760 4808 3125 4876 protenderet,
3152 4808 3337 4871 Οὗτος,
3364 4810 3557 4874 inquit,

1962 4892 2023 4957 τῇ
2056 4887 2198 4956 χειρὶ
2227 4883 2501 4936 ἐσολοίκισε
2526 4921 2541 4946 ,
2582 4880 2721 4947 quod
2767 4886 2945 4931 uariat
2984 4879 3034 4931 in
3076 4879 3191 4945 ejus
3236 4878 3348 4931 Vita
3383 4879 3559 4933 Pbilo-

1956 4965 2180 5011 stratus.

2036 5026 2059 5058 α
2115 5022 2253 5077 Sunt
2295 5022 2487 5087 quibus
2531 5036 2595 5073 ex
2644 5020 2743 5072 hoc
2786 5020 2902 5071 loco
2931 5018 3052 5071 elici
3095 5032 3252 5085 posse
3292 5017 3556 5081 videatur,

1966 5093 2220 5146 Faustum
2252 5093 2315 5145 ad
2346 5093 2710 5158 episcopatum
2753 5105 2856 5142 nou
2896 5089 3062 5142 inulto
3094 5101 3215 5158 ante
3246 5098 3556 5154 provectum

1965 5163 2131 5217 fuisse
2159 5178 2317 5232 quam
2368 5157 2481 5214 haec
2525 5157 2785 5215 Scriberet
2818 5158 3102 5232 Sidonius._
3135 5157 3329 5232 Verum
3363 5173 3556 5212 novam

1964 5227 2274 5301 dignitatem
2308 5232 2555 5298 appellat,
2590 5246 2695 5283 ιιοιι
2713 5239 2850 5301 tunc
2879 5228 3135 5297 temporis
3166 5227 3435 5301 adeptam,
3463 5234 3556 5284 sed

1966 5299 2083 5370 quae
2105 5303 2335 5369 antiqua)
2357 5302 2563 5355 abbatis
2582 5299 2824 5369 dignitati
2847 5306 3200 5370 successerat.
3236 5299 3555 5355 Veteranum

1964 5369 2105 5428 enim
2135 5416 2148 5437 ,
2203 5373 2301 5425 hoc
2351 5382 2434 5425 est
2471 5386 2730 5425 annorum
2760 5385 2919 5435 supra
2955 5370 3018 5422 12
3049 5369 3357 5438 episcopum
3392 5370 3555 5425 fuisse

1962 5444 2245 5508 Faustum,
2274 5457 2394 5496 cum
2440 5442 2552 5495 hinc
2593 5441 2805 5507 scripsit
2834 5440 3087 5496 Sidonius
3112 5481 3127 5503 ,
3163 5440 3358 5494 docent
3386 5440 3551 5492 Hilari

1960 5528 2114 5584 papae
2143 5512 2382 5581 epistulae
2404 5552 2424 5584 ,ί
2463 5527 2583 5583 qure
2614 5511 2793 5565 Fausti
2828 5512 2932 5582 jam
2962 5513 3200 5584 episcopi
3228 5525 3347 5565 cum
3380 5517 3553 5561 Auxa-

1960 5583 2049 5640 nio
2080 5584 2373 5637 Romanam
2415 5583 2732 5652 legationem
2772 5598 2915 5636 anno
2953 5583 3060 5637 46:).
3100 5592 3371 5649 peractam
3406 5592 3552 5632 com-

1962 5664 2281 5709 memorant.

2032 5733 2057 5763 ο
2098 5727 2141 5778 Α
2171 5725 2410 5778 Patiente
2437 5731 2757 5778 constructae
2788 5734 2837 5777 ct
2877 5722 3134 5777 dedicata:
3165 5720 3253 5772 lib.
3285 5733 3319 5770 ιι
3339 5758 3355 5784 ,
3386 5720 3547 5789 epist.

1964 5795 2049 5850 IO.
2091 5795 2374 5851 Sacrarum
2416 5793 2592 5849 Fausti
2625 5795 2939 5849 concionum
2972 5791 3216 5845 meminit
3244 5788 3432 5845 iterum
3466 5791 3550 5849 Si-

2967 5882 3044 5941 20
