4072 6348
580 399 682 454 fail)

1845 404 2085 460 sroonu
2125 379 2576 466 aroLusants

581 519 808 582 dalibus,
839 519 1165 590 collegarum
1205 527 1667 575 sacrosanctorum
1697 531 1884 590 rogatu
1913 537 2163 576 exorarc-
2272 523 2452 579 bulum
2482 565 2497 589 ,
2544 528 2631 589 qui
2683 527 2870 582 invitat
2917 529 2984 584 ad
3031 529 3250 584 etelum.
3305 529 3509 588 Memor
3537 535 3708 589 nostri
3737 553 3847 594 esse

582 614 653 665 ris
684 621 737 664 ut
766 624 1041 679 perorares
1075 625 1088 660 :
1124 609 1194 670 ibi
1224 619 1276 664 te
1310 610 1447 665 inter
1477 611 1743 680 spiritales
1773 613 1985 684 regulas
2013 653 2026 676 .
2077 599 2162 669 vel

582 701 819 756 forenses
842 699 1499 771 medioximumquiddam
1520 703 1951 770 concionantem,
1967 707 2164 775 quippe

582 805 924 862 utrarumque
952 792 1319 847 doctissimum
1352 794 1751 864 disciplinarum
1771 835 1788 862 ,
1821 796 2019 866 pariter
2047 813 2165 852 ere-

580 886 678 959 etis
705 883 950 944 sensibus
978 885 1301 954 auribusque
1333 888 1566 942 curvatis
1596 887 1964 944 ambiebamus
1989 929 2005 955 ,
2037 889 2163 959 hinc

581 957 763 1044 parum
814 974 1138 1029 factitantem
1189 976 1452 1033 desiderio
1509 988 1732 1054 nostro,
1783 981 1904 1049 quia
1959 957 2164 1050 judicio

579 1066 941 1140 satisfeceras.
965 1065 1068 1141 Allis
1098 1066 1165 1120 de
1194 1069 1370 1122 causis
1403 1070 1694 1137 temperavi
1726 1070 1868 1141 stylo
1897 1081 2162 1141 tempera-

583 1159 775 1226 boque,
811 1139 1041 1231 breviter
1070 1158 1274 1211 loculus
1304 1167 1361 1211 ut
1395 1173 1627 1226 paream,
1662 1139 1878 1230 longum
1907 1139 2164 1216 taciturus

583 1256 639 1300 ut
665 1248 887 1306 discam.
919 1248 1055 1301 Sunt
1079 1247 1146 1302 de
1175 1258 1369 1304 caetero
1401 1257 1506 1303 tute
1537 1259 1735 1318 partes,
1757 1250 1975 1307 domine
2007 1268 2161 1322 papa,

581 1328 841 1394 doctrinae
890 1341 1608 1414 salutaris,singularisque,
1659 1344 1877 1400 victuris
1915 1346 2164 1415 cperibus

582 1431 892 1484 incumbere
917 1431 1068 1486 satis.
1122 1432 1301 1501 Neque
1341 1436 1482 1486 enim
1511 1434 1748 1504 quisquis
1777 1425 2041 1491 auscultat
2069 1435 2166 1491 do-

583 1533 792 1596 centeni
825 1532 875 1574 te
905 1524 1260 1590 diSputantem
1286 1540 1368 1591 gue
1393 1566 1407 1590 ,
1443 1527 1561 1594 plus
1590 1527 1728 1595 loqui
1761 1527 1955 1598 discit,
2005 1544 2162 1605 quam

587 1614 757 1668 facere
787 1613 1070 1668 laudanda.
1104 1615 1253 1668 Nunc
1280 1630 1426 1682 vero,
1459 1617 1598 1684 quod
1631 1626 1818 1686 restat,
1848 1619 2044 1674 donate
2075 1634 2165 1674 ve-

585 1705 671 1758 nia
699 1706 941 1774 paginam
976 1706 1346 1770 rusticantem,
1374 1707 1526 1761 vobis
1556 1707 2005 1764 obsecundantem
2042 1727 2054 1765 :
2079 1699 2164 1764 cui

583 1812 670 1850 me
697 1811 905 1864 quoque
951 1805 1168 1851 auctore
1194 1838 1208 1861 ,
1250 1797 1295 1850 si
1329 1781 1517 1852 veStris
1564 1798 1754 1853 litteris
1799 1785 2158 1870 comparetur,

2207 1863 2229 1893 ._
2263 1819 2476 1874 Christo
2527 1821 2916 1890 supplicaturas
2964 1823 3172 1893 iungite
3220 1839 3406 1893 preces

2269 614 2504 685 dignate,
2531 616 2747 672 doluine
2779 633 2932 688 papa.

2846 713 3175 772 EPISTOLA
3218 716 3281 772 V.

2446 802 2692 858 Sidonius
2719 806 2925 860 domino
2964 823 3110 878 papa:
3142 816 3168 846 ⁸
3198 808 3412 865 Iuliano
3438 796 3656 868 salutent

2339 895 2448 950 Etsi
2492 895 2788 964 plusculum
2839 896 2978 952 forte
3023 899 3296 968 discreta,
3343 913 3503 972 quam
3555 911 3845 963 communis

2267 987 2502 1043 animum
2531 991 2770 1058 optabat,
2800 994 2926 1048 sede
2955 995 3319 1064 consistimus,
3347 1013 3455 1054 non
3486 1007 3667 1056 tamen
3691 1003 3844 1058 medii

2267 1077 2474 1136 itineris
2500 1081 2710 1151 objectu
2734 1126 2746 1146 ,
2780 1094 3034 1154 quantum
3059 1088 3123 1142 ad
3155 1089 3469 1146 solvendum
3497 1103 3707 1162 spectat
3733 1095 3841 1150 offiv

2266 1172 2444 1239 cium,
2481 1187 2657 1229 nostra
2687 1177 2940 1241 sedulitas
2985 1180 3332 1249 impediretur
3357 1224 3373 1249 ,
3409 1185 3519 1240 nisi
3557 1201 3654 1255 per
3691 1204 3843 1258 regna

2265 1265 2443 1340 divisi,
2471 1278 2512 1344 τι
2532 1271 2853 1324 commercio
2883 1271 3260 1341 frequentioris
3297 1279 3584 1343 semouis,
3613 1280 3840 1335 diversa-

2267 1369 2382 1412 rum
2422 1361 2643 1415 sortium
2684 1363 2808 1430 jure
2845 1373 3225 1422 revocaretnur
3254 1386 3267 1420 :
3298 1385 3420 1439 quae
3458 1387 3600 1426 nunc
3641 1375 3841 1440 saltem,

2267 1460 2383 1518 post
2423 1452 2566 1518 pacis
2602 1453 2789 1507 initam
2828 1456 3169 1526 pactionem,
3209 1460 3331 1530 quia
3374 1461 3623 1517 fidelibus
3663 1464 3840 1521 animis

2265 1542 2705 1610 fmderabuntur,
2771 1547 2953 1615 apices
3020 1551 3188 1604 nostri
3241 1551 3496 1622 incipient
3548 1569 3840 1611 commeare

2264 1635 2466 1705 crebri,
2500 1635 2747 1704 quoniam
2778 1648 2990 1693 cesszmt
3018 1653 3139 1695 esse
3167 1644 3420 1712 suspecti.
3454 1645 3720 1710 Proinde,
3752 1648 3840 1701 do-

2265 1729 2410 1784 mine
2437 1743 2591 1797 papa,
2617 1741 2737 1792 cum
2763 1732 3122 1786 sacrosanctis
3151 1730 3406 1789 fratribus
3431 1737 3624 1790 vestris
3654 1739 3840 1804 pariter

3451 1845 3464 1882 :
3507 1837 3564 1881 ut
3607 1837 3839 1896 dignatus

583 1887 752 1989 δῑΥΙξιξ
784 1887 1168 1989 ίηίῇηιίεδὶίπξῗε
1219 1889 1375 1989 imi“:
1428 1889 1530 1989 Sfid
1586 1889 1682 1943 is”
1909 1907 2158 1989 Ψιυτδυίη
2192 1888 2239 1950 Β
2270 1887 2743 1981 [ιι-οειιθιιιιτέᾲιιω
2782 1887 3358 1986 ςεινὶιηιιείιιοθῑτίςυε
3385 1916 3607 1972 dominii
3651 1929 3839 1989 tempe-

583 1977 804 2032 stolidus
832 1978 1036 2048 allego?
1083 1979 1214 2052 Nam
1248 1978 1405 2033 nimis
1447 1979 1722 2050 deprecari
1767 1981 1994 2052 ineptias
2021 1989 2163 2052 ipsas

583 2077 664 2122 est
689 2057 1078 2138 ineptissimum
1107 2090 1118 2125 :
1148 2072 1197 2122 in
1226 2070 1418 2138 quibus
1447 2083 1500 2124 tu
1523 2086 1700 2125 merus
1730 2073 1948 2137 arbiter,
1977 2074 2018 2126 si
2049 2090 2162 2128 rem

583 2174 646 2213 ex
678 2174 795 2213 asse
826 2158 1091 2228 discingas
1119 2201 1131 2222 ,
1164 2149 1359 2214 ridebis
1399 2161 1619 2229 plurima
1646 2201 1662 2224 ,
1706 2164 1854 2232 plura
1899 2163 2159 2234 culpabis.

583 2243 688 2307 Sed
737 2262 789 2306 et
840 2239 967 2305 illud
998 2244 1313 2321 amplector,
1348 2254 1390 2307 si
1439 2271 1534 2321 pro
1580 2256 1800 2310 caritate
1835 2273 1934 2326 qua
1967 2257 2159 2327 polles,

585 2357 692 2396 non
721 2341 884 2396 fueris
916 2358 1293 2413 usquequaque
1341 2345 1596 2400 censendi
1629 2348 2158 2413 continentissimus;

583 2431 635 2487 id
662 2443 740 2488 est
767 2475 782 2498 ,
820 2435 861 2487 si
892 2434 1158 2488 sententia
1196 2444 1282 2488 tua
1312 2435 1580 2504 quippiam
1626 2451 1786 2506 super
1814 2440 1894 2492 his
1925 2439 2162 2508 apicibus

583 2525 840 2591 antiquet.
871 2523 1019 2577 Tunc
1050 2525 1191 2578 enim
1221 2527 1418 2578 certius
1447 2537 1496 2579 te
1527 2528 1781 2596 probasse
1812 2530 2007 2598 reliqua
2033 2545 2162 2599 gau-

584 2613 760 2680 debo,
793 2613 836 2666 si
881 2614 1131 2668 liturasse
1176 2616 1352 2686 aliqua
1396 2631 1716 2686 cognovero.
1766 2621 1965 2674 Memor
1993 2612 2160 2676 nostri

583 2721 702 2760 esse
729 2705 978 2775 dignare,
1011 2707 1226 2761 domine
1257 2723 1409 2778 papa.

900 2857 903 2870 ,
1151 2800 1476 2857 EPIS'I‘OLA
1505 2802 1589 2855 IV.

793 2893 1041 2949 Sidonius
1077 2895 1281 2949 domino
1315 2913 1460 2966 papa:
1497 2895 1674 2950 Gra'co
1709 2897 1942 2951 salutem.

653 2984 834 3040 Viator
885 2997 1064 3042 noster
1107 3003 1168 3066 ac
1200 2989 1506 3043 tabellarius
1545 2989 1666 3044 terit
1710 2989 1906 3044 orbitas
1956 2975 2159 3046 itineris

582 3079 778 3132 assueti
804 3123 818 3146 ,
851 3082 1080 3148 spatium
1121 3082 1219 3135 via:
1249 3081 1627 3151 regionumque
1672 3083 1812 3152 quod
1843 3071 2034 3151 Oppida
2064 3098 2160 3136 no-

581 3179 688 3223 stra
720 3169 1077 3235 discriminat,
1107 3186 1249 3240 stcpe
1278 3173 1580 3240 relegendo.
1615 3174 1872 3238 Quocirca
1901 3190 1996 3228 nos
2027 3189 2159 3243 quo-

583 3362 697 3415 qua:
751 3363 872 3401 cum
942 3349 1157 3417 reliquis
1213 3347 1671 3414 con'uneautibus,
1730 3363 1841 3405 tum
1893 3353 2156 3423 praecipue

586 3442 829 3495 Amantio
856 3441 1263 3508 intercurrente.
1277 3443 1548 3513 geminare
1573 3461 1689 3498 cum
1709 3446 1932 3513 quadam
1965 3450 2157 3503 mentis

583 3531 873 3587 intentione
903 3533 1160 3588 debemus
1192 3552 1205 3589 :
1237 3551 1305 3592 ne
1337 3538 1475 3592 forte
1515 3537 1756 3593 videatur
1783 3541 1896 3606 ipse
1925 3543 2046 3610 plus
2073 3523 2157 3596 lit-

583 3635 723 3678 ter-‘ts
744 3638 978 3688 eumue
1001 3625 1314 3702 deposcere,
1338 3644 1494 3704 quam
1519 3646 1613 3689 nos
1639 3646 1704 3692 ex
1727 3648 1909 3693 arnore
1930 3634 2151 3697 dictare.

582 3718 710 3776 Heo’
734 3723 1138 3796 dominepapa,
1174 3737 1470 3782 vestrorum
1501 3729 1617 3796 plus
1649 3740 1990 3800 mementote,
2022 3749 2157 3801 quos

582 3817 719 3870 inter
765 3818 1135 3886 prarsumimus
1183 3822 1477 3889 computari
1511 3836 1525 3872 :
1557 3822 1753 3892 quique
1791 3822 1928 3876 sicut
1966 3824 2155 3878 vestris

581 3909 836 3979 erigimur
881 3911 1170 3977 secundis,
1214 3913 1283 3964 ita
1329 3911 1678 3988 deprimimur
1715 3914 1973 3968 adversis.
2023 3915 2153 3968 Nam

579 4001 717 4069 quod
748 4016 916 4070 nuper
942 4003 1311 4072 quorumpiam
1358 4003 1578 4058 fratrum
1611 4006 1930 4061 necessitate
1960 4008 2153 4062 multos

577 4091 902 4158 pertuleritis
925 4107 1150 4161 angores
1176 4133 1192 4160 ,
1241 4093 1398 4149 flebili
1429 4094 1495 4147 ad
1527 4094 1714 4150 flentes
1745 4097 2005 4151 relatione
2035 4113 2152 4166 pero

578 4185 738 4236 venit.
793 4183 897 4236 Sed
931 4191 984 4236 tu
1005 4224 1018 4246 ,
1054 4185 1149 4236 llos
1177 4184 1513 4239 sacerdotum
1541 4200 1792 4252 ,gemma
1821 4189 2150 4256 pontificum,

576 4272 799 4327 scientia
830 4272 978 4326 fortis
999 4315 1012 4336 ,
1048 4271 1235 4328 fortior
1265 4274 1591 4328 conscientia
1615 4316 1629 4337 ,
1679 4276 1850 4330 minas
1880 4278 2152 4347 undasque

577 4363 737 4431 256
766 4362 1113 4416 mundialium
1142 4378 1334 4431 sperne
1367 4365 1664 4420 nimborum
1701 4384 1714 4420 :
1745 4368 1867 4435 quia
1895 4371 2148 4438 frequen-

577 4459 658 4503 ter
682 4451 795 4517 ipse
820 4451 1064 4514 docuisti,
1097 4451 1238 4520 quod
1266 4453 1330 4506 ad
1363 4456 1621 4520 promissa
1656 4457 1896 4509 convivia
1931 4459 2152 4524 patriar-

578 4539 795 4598 Cbarum
823 4585 838 4610 ,
889 4541 970 4598 vel
1019 4546 1082 4598 ad
1135 4555 1315 4600 nectar
1342 4545 1636 4601 emlestium
1679 4545 1982 4616 poculorum
2010 4593 2024 4616 ,
2059 4569 2152 4620 per

2267 2020 2389 2058 rans
2418 2005 2538 2059 lites
2564 2047 2576 2080 ε
2612 2020 2760 2060 arma
2789 2021 3140 2086 compescens
3162 2048 3178 2074 ,
3210 2008 3330 2063 illos
3357 2019 3671 2065 muneretur
3698 2013 3839 2065 inn0<

2266 2095 2440 2151 centia
2471 2141 2484 2162 ,
2535 2111 2630 2150 nos
2663 2097 2841 2166 quiete
2865 2139 2880 2162 ,
2912 2105 3052 2151 totos
3097 2100 3401 2154 securitate.
3449 2098 3656 2156 Memor
3686 2102 3838 2156 nostri

2265 2201 2385 2242 esse
2413 2185 2652 2257 dignare,
2681 2170 2895 2242 dOmiue
2927 2175 3082 2258 papa.

2712 2281 2870 2352 257
2920 2281 3251 2338 EPlSTOLvA
3294 2284 3384 2339 Vl.

2407 2370 2656 2426 Sidonius
2695 2372 2905 2426 domino
2936 2381 3085 2440 pa‘pre
3107 2371 3136 2410 δ
3164 2373 3428 2428 Ambrosio
3466 2377 3705 2430 salutem.

2334 2463 2513 2532 Viguit
2556 2479 2652 2534 pro
2682 2464 3032 2520 dilectissimo
3061 2476 3245 2522 nostro
3293 2468 3439 2540 (quid
3491 2471 3724 2540 loquar,
3757 2489 3836 2527 no-

2266 2570 2410 2626 men,
2441 2557 2760 2623 personam?
2800 2567 2854 2612 tu
2885 2571 3235 2626 recognosces
3265 2560 3480 2630 cuncta)
3526 2545 3669 2632 apiid
3698 2563 3837 2618 Chri-

2264 2655 2402 2699 stum
2452 2653 2538 2699 tua
2583 2645 2839 2702 sanctitas
2883 2648 3282 2704 intercessionis
3329 2651 3518 2706 effectu
3553 2653 3666 2708 :de
3698 2653 3836 2723 cujus

2266 2736 2514 2791 facilitate
2543 2748 2564 2774 ο
2593 2737 2814 2806 juvenili
2855 2752 2998 2807 saepe
3024 2754 3162 2793 nunc
3203 2741 3417 2795 arbitris
3459 2743 3632 2811 palam
3669 2744 3837 2798 ascitis

2263 2829 2658 2896 conquerebare
2685 2867 2698 2892 ,
2732 2843 2873 2882 nunc
2904 2833 3099 2883 tacitus
3128 2831 3534 2900 ingemiscebas.
3573 2835 3737 2904 igitur
3761 2835 3837 2890 hic

2264 2921 2504 2989 proxime
2542 2921 2764 2988 abrupto
2805 2921 3156 2978 contubernio
3185 2925 3389 2979 ancilla:
3427 2926 3836 3001 propudiosissi-

2264 3025 2363 3065 mae
2403 3013 2486 3065 cui
2528 3028 2586 3066 se
2625 3022 2792 3068 totum
2832 3015 3216 3071 consuetudine
3248 3017 3480 3073 obscena
3509 3020 3728 3087 junctus
3753 3020 3836 3074 ad-

2260 3100 2462 3155 diierat
2487 3142 2502 3166 ,
2535 3105 2883 3171 patrimonio,
2912 3106 3164 3173 posteris,
3199 3106 3378 3174 famae,
3409 3110 3584 3165 subita
3615 3112 3698 3165 sui
3727 3127 3834 3166 cor-

2263 3191 2498 3247 rectione
2526 3194 2816 3248 consuluit.
2862 3195 3100 3263 Namque
3133 3211 3224 3264 per
3247 3197 3325 3252 rei
3347 3196 3624 3253 familiaris
3649 3199 3834 3256 damna

583 3273 684 3326 que
706 3258 862 3313 decet
889 3260 1051 3314 semel
1081 3263 1365 3330 propositas
1397 3261 1691 3315 sedulitatis
1720 3264 1892 3315 officia
1922 3267 2110 3317 sectari
2139 3279 2154 3316 :
2183 3255 2228 3318 C

2264 3293 2535 3344 vacuatus,
2571 3295 2624 3337 ut
2657 3285 2885 3352 primum
2915 3286 3211 3355 intelligere
3236 3289 3416 3356 coepit,
3448 3299 3502 3344 et
3530 3298 3834 3355 retractare,

2261 3383 2513 3443 quantum
2543 3375 2609 3428 dc
2639 3375 2946 3430 bonusculis
2984 3377 3141 3432 avitis
3188 3381 3528 3448 paternisque
3564 3395 3834 3448 Sumptuo-

2260 3465 2386 3517 sitas
2415 3466 2722 3520 dmestit'te
2769 3466 3057 3538 charybdis
3105 3469 3484 3539 abligurisset;
3534 3487 3832 3540 quanquam

2261 3571 2379 3610 sero
2415 3557 2732 3626 resipiscens
2761 3598 2774 3620 ,
2815 3570 3048 3614 attamen
3087 3565 3297 3616 tandem
3330 3561 3489 3616 veluti
3521 3562 3703 3618 frenos
3727 3579 3834 3618 mo-

2260 3645 2449 3703 mordit
2469 3693 2482 3714 ,
2510 3648 2847 3721 excussitque
2876 3649 3114 3708 cert'ires
3133 3691 3146 3712 .
3177 3661 3334 3718 atque
3364 3650 3618 3722 Ulysseas
3656 3654 3739 3724 (ut
3764 3654 3833 3709 fe-

2259 3741 2400 3808 runt)
2430 3756 2580 3795 ceras
2607 3743 2823 3797 auribus
2854 3747 3040 3813 figens,
3075 3746 3222 3814 fugit,
3250 3743 3533 3797 adversum
3568 3745 3696 3798 vitia
3724 3761 3833 3800 sur-

2257 3831 2355 3886 dus
2381 3872 2394 3897 ,
2430 3833 2713 3889 meretricii
2748 3833 3104 3888 blandimenta
3139 3834 3393 3905 naufragii
3427 3849 3440 3887 :
3469 3834 3828 3904 puellamque,

2259 3933 2414 3990 prout
2435 3925 2631 3990 decuit,
2663 3919 2908 3980 intactam
2937 3926 3016 3980 vir
3043 3926 3336 3981 laudandus
3357 3927 3410 3981 in
3437 3927 3830 3982 matrimonium

2255 4019 2579 4083 assumpsit,
2634 4033 2736 4070 tam
2790 4020 3028 4072 moribus
3075 4019 3438 4089 natalibusque
3487 4029 3827 4084 summatem,

2257 4121 2412 4176 quant
2455 4109 2718 4163 facultatis
2758 4111 3083 4177 principalis.
3135 4111 3288 4166 Esset
3321 4112 3533 4180 quidem
3564 4101 3761 4182 gloria,
3786 4113 3828 4170 si

2254 4201 2555 4268 voluptates
2593 4203 2668 4255 sic
2696 4202 3012 4270 reliquisset,
3045 4213 3098 4256 ut
3129 4218 3226 4257 nec
3255 4187 3403 4257 uxori
3436 4205 3824 4273 conjugaretur.

2255 4293 2358 4347 Sed
2400 4294 2497 4346 etsi
2550 4292 2682 4348 forte
2728 4295 2989 4363 contingat
3035 4295 3099 4348 ad
3141 4294 3309 4349 bonos
3347 4310 3524 4350 mores
3550 4297 3618 4350 ab
3643 4312 3829 4353 errore

2256 4385 2501 4452 migrare,
2539 4400 2824 4452 paucorum
2865 4394 2946 4439 est
2973 4386 3209 4453 incipere
3237 4387 3305 4441 de
3339 4387 3584 4443 maximis
3615 4405 3626 4439 :
3659 4397 3715 4443 et
3740 4403 3830 4445 eos

2254 4478 2339 4544 qui
2368 4476 2452 4528 ditt
2485 4485 2647 4529 totum
2678 4475 2931 4530 indulseri
2976 4485 2994 4530 ι
3024 4475 3123 4532 sibi
3143 4524 3156 4546 ,
3192 4477 3434 4547 protinus
3465 4480 3632 4532 totum
3665 4490 3719 4534 et
3745 4495 3827 4548 pa-

2254 4571 2383 4623 riter
2413 4572 2443 4621 ἰι
2468 4569 2664 4623 cidere.
2696 4569 2952 4634 Quocirca
2987 4582 3220 4624 vestrum
3264 4581 3365 4634 est,
3395 4570 3655 4639 copulatis
3694 4571 3827 4626 obti-

579 4635 988 4689 amantudinum
1012 4645 1339 4691 terrenarum
1371 4637 1564 4693 calices
1593 4630 1975 4706 perveniretur.
2014 4644 2150 4702 Veiis
2178 4637 2232 4696 D
2257 4675 2382 4714 nere
2410 4630 2799 4730 quammimm
2845 4676 3001 4728 prece
3038 4663 3220 4715 εράυιη
3253 4678 3402 4730 spem
3437 4630 3598 4734 2:58
3636 4663 3827 4717 libero.

579 4729 715 4783 nolis
736 4769 752 4796 ,
793 4727 1016 4799 quisque
1045 4732 1336 4800 contempti
1365 4731 1672 4786 mediatoris
1699 4731 2038 4803 consequitur
2067 4733 2150 4792 re-

574 4835 758 4890 gnum,
781 4817 1019 4890 sequitur
1046 4823 1367 4891 exemplum.
1395 4815 1761 4890 Q'uantaslibet
1791 4825 1942 4882 nobis
1966 4832 2150 4885 anxie-

543 4923 741 4980 tatum
807 4921 1012 4983 pateras
1069 4915 1189 4966 vita:
1253 4915 1527 4982 praesentis
1594 4913 1836 4985 pr0pinet
1909 4919 2146 4988 afflictio,

574 5017 736 5072 parva
765 5003 1074 5068 toleramus,
1101 5004 1144 5056 sl
1177 5007 1519 5060 recordamur
1545 5009 1670 5076 quid
1700 5008 1890 5063 biberit
1918 5013 1982 5065 ad
2015 5015 2150 5092 pati-

573 5135 763 5188 donius
786 5137 838 5190 in
870 5137 1246 5211 Eucliaristico.
1282 5138 1449 5194 Ilodie
1471 5141 1679 5210 quidem
1707 5159 1824 5211 qua:
1853 5144 2027 5202 Fausti
2050 5164 2146 5202 no-

574 5219 694 5258 men
722 5215 939 5272 gerant,
973 5207 1213 5262 Humilia:
1241 5224 1343 5261 non
1373 5207 1580 5265 exstant
1611 5230 1622 5264 :
1653 5207 1939 5270 occurrunt
1968 5227 2142 5273 tamen

573 5273 836 5328 interdum
884 5277 1072 5356 aliqum
1112 5280 1178 5356 in
1224 5280 1460 5356 antiquzs
1501 5281 1854 5356 bibliothecis.
1908 5287 2014 5356 97
2063 5291 2144 5342 ci-

571 5353 855 5414 tanturque
895 5361 923 5398 a
963 5347 1180 5402 Sedulio
1223 5348 1382 5404 Sc0to
1431 5351 1480 5402 in
1531 5352 1884 5410 Collectaneis
1912 5347 1997 5410 i'u-
2016 5357 2147 5411 Mat-

572 5416 774 5494 tlireunl
800 5428 816 5467 :
842 5430 909 5494 _ac
947 5419 1042 5494 nisi
1074 5419 1374 5494 conjectura
1407 5420 1536 5494 fallit
1561 5463 1575 5483 ,
1607 5423 1745 5477 inter
1773 5438 1862 5494 eas
1891 5442 2008 5494 qua:
2041 5428 2147 5482 En-

567 5485 700 5538 sebii
737 5485 999 5567 Emisseni
1034 5492 1245 5542 nomine
1271 5489 1744 5559 circumferuntur,
1779 5485 1954 5550 Fausti
1989 5498 2145 5567 hujus

569 5563 692 5608 sunt
723 5556 1012 5611 nonnullae.
1584 5615 1590 5620 ,

643 5625 1114 5706 °_Episcopo,_n01i
1140 5630 1621 5706 Carpentoratensi.
1645 5635 1732 5701 qui
1758 5637 1900 5705 aliqu
1937 5651 2027 5694 nto
2056 5656 2147 5706 po-

567 5697 764 5749 sterior
792 5696 1032 5771 interfuit
1056 5700 1279 5771 concilio
1300 5699 1628 5771 Epaunensi,
1659 5696 1713 5758 et
1742 5719 1836 5771 per
1851 5696 2000 5762 idem
2033 5696 2145 5765 fere

568 5775 776 5847 tempus
807 5768 1578 5847 bugdnnensAi-nondunredito
1609 5778 1682 5847 de
1702 5768 1858 5830 causa
1888 5778 2144 5847 Stephani

568 5844 621 5894 et
652 5835 897 5915 Palladia:
921 5877 938 5906 ,
987 5839 1086 5917 sub
1115 5839 1455 5912 Sigismundo
1495 5858 1619 5914 rege
1663 5835 2094 5917 Burgundionum
2126 5835 2137 5884 έ

2257 4750 2370 4802 rum
2404 4766 2416 4802 :
2447 4759 2496 4804 et
2543 4759 2660 4820 post.
2695 4757 3024 4822 Consequens
3064 4749 3164 4805 erit
3200 4760 3252 4804 ut
3299 4751 3407 4806 tilio
3451 4749 3554 4806 uno
3593 4753 3825 4808 alterove

2255 4839 2516 4906 susceptis
2563 4841 2636 4908 (et
2670 4841 2826 4894 nimis
2856 4840 2987 4910 dixi)
3025 4839 3283 4895 abstineat
3320 4841 3385 4896 de
3415 4851 3608 4896 caetero
3647 4842 3822 4905 licitis,

2253 4931 2340 4999 qui
2389 4931 2568 4987 illicita
2630 4933 2988 5001 pra-sumpsit.
3045 4931 3280 5000 Namque
3318 4941 3373 4986 et
3412 4933 3668 5000 eoujuges
3709 4931 3822 5000 ipsi,

2252 5030 2552 5092 quanquam
2586 5024 2732 5092 nupti
2775 5017 2976 5092 uupttr,
3018 5023 3081 5076 iis
3121 5023 3356 5077 tnoiibtts
3396 5032 3560 5092 agunt
3587 5016 3650 5076 ac
3679 5035 3823 5076 vere-

2254 5169 2356 5208 non
2387 5155 2528 5222 huic,
2557 5158 2789 5222 inquam,
2818 5172 2974 5225 quem
3005 5165 3205 5212 constat
3237 5159 3302 5212 ad
3327 5157 3637 5213 Ara'usicani
3661 5163 3819 5215 etiam

2255 5239 2287 5278 ιι
2320 5237 2561 5300 tempora
2607 5231 2911 5300 pervenisse
2908 5243 2948 5300 λ
2995 5229 3088 5282 sed
3120 5229 3330 5283 Juliano
3367 5230 3587 5284 alterius
3636 5233 3822 5300 ignotae

2253 5295 2689 5372 sedisepiscopo,
2712 5299 2798 5365 qui
2825 5307 2879 5350 et
2908 5297 3086 5352 Fausti
3118 5301 3356 5372 epistol-ae
3383 5295 3770 5372 subscribit',et
3793 5315 3820 5352 a

2254 5365 2452 5419 L‘ucido
2478 5366 2614 5420 inter
2642 5379 2735 5420 eos
2765 5377 3076 5440 numeratur
3111 5365 3199 5437 qui
3244 5370 3309 5423 ad
3349 5367 3612 5440 syriodum
3644 5369 3822 5426 Arela-

2253 5443 2456 5511 tensem
2489 5443 2868 5511 convenerant.
2903 5438 3149 5493 Diversus
3177 5437 3452 5504 autem,'et
3476 5437 3701 5509 otioque
3728 5455 3820 5492 διι-
3892 5507 3896 5511 _

2251 5507 2414 5580 acrior
2463 5506 2668 5580 videtur
2691 5507 2949 5580 _.ln_|ianus
2973 5549 2986 5573 ,
3033 5511 3098 5561 ad
3137 5521 3296 5580 "quem
3337 5521 3457 5580 eum
3491 5506 3820 5566 abls-Gallia:

2249 5575 2515 5642 episcopis
2543 5576 2730 5630 scribit
2763 5576 2870 5630 Leo
2901 5587 3124 5642 magnus
3147 5575 3288 5634 anno
3317 5577 3442 5636 ιω.

2319 5644 2344 5718 t3
2385 5645 2669 5718 Episcopo,
2699 5646 2948 5718 adquem
2983 5649 3226 5704 iturlcius
3258 5651 3346 5705 lib.
3387 5665 3445 5713 ιι,
3472 5653 3631 5718 epist.
3663 5650 3749 5704 65.

2321 5716 2344 5745 ⁸
2381 5716 2739 5787 inaliqutbus
2777 5717 2923 5771 libris
2950 5720 3201 5787 iuvenali.
3239 5721 3451 5778 Vldesis
3478 5716 3632 5776 notas
3661 5724 3713 5777 in
3738 5721 3820 5779 Si.

2247 5783 2390 5838 donii
2418 5783 2631 5842 carmen
2660 5788 2749 5855 23,
2783 5803 2921 5842 vers.
2950 5783 3076 5846 ἦξε.
