4072 6348
133 1041 153 1090 J.

206 452 311 509 (ﬁl

1460 434 1938 495 EI’ISTOLARUM
1982 435 2107 489 LIB.
2152 434 2240 489 IX.

3378 438 3486 511 622

204 565 421 630 cundis,
454 579 580 618 vere
604 571 658 616 ut
686 575 965 632 agnoscas,
992 560 1038 614 si
1063 557 1228 614 semel
1255 556 1474 637 videris,
1506 554 1795 624 plurimum
1824 554 1881 615 Α
1904 560 2011 606 tem
2038 550 2276 606 facundis
2308 552 2592 608 fecundare
2616 554 2920 624 colloquiis,
2942 552 3323 624 aucupabimur
3347 566 3488 610 nitn-

206 675 353 726 esse,
385 660 527 731 quod
567 656 779 712 differat
819 656 907 710 ille
936 653 1346 709 honestissimus
1374 650 1595 705 uxorius
1624 661 1799 712 amor,

210 752 487 823 ﬁgmentis
519 749 893 816 illecebrisque
920 744 1379 801 concubinalibus.
1408 740 1609 795 Memor
1632 738 1801 793 nostri

210 860 342 901 esse
370 844 621 912 dignare,
651 839 867 895 domine
906 854 1038 906 papa

781 927 1105 983 EPISTULA
1142 936 1173 975 V
1190 926 1247 978 ll.

384 1025 632 1081 Sidonius
667 1024 872 1075 domino
912 1036 1056 1091 papa:
1084 1028 1109 1055 ⁸
1142 1020 1370 1090 Remigio
1399 1018 1638 1072 salutent.

210 1125 223 1134 ‘
292 1116 522 1181 Quidam
546 1117 614 1169 ab
635 1113 887 1169 Arvernis
910 1112 1173 1181 Belgicam
1198 1120 1385 1181 petens
1404 1109 1658 1181 (persona
1679 1106 1810 1162 mihi

220 1211 444 1280 cognita
462 1220 564 1275 est,
583 1222 741 1262 causa
764 1208 963 1276 ignota,
987 1219 1085 1260 nec
1108 1205 1295 1272 refert)
1323 1213 1599 1273 postquam
1616 1201 1814 1256 Remos

223 1304 560 1366 advenerat,
602 1300 832 1354 scribam
866 1309 1014 1353 tuttm
1040 1338 1054 1357 ,
1095 1312 1191 1353 seu
1222 1296 1561 1365 bibliopolam
1590 1338 1603 1362 ,
1644 1294 1815 1363 pretio
1866 1298 1874 1308 '

226 1397 340 1448 fors
370 1393 484 1446 fuat
510 1391 759 1445 officiove
797 1390 1141 1453 demeritmn,
1167 1388 1538 1457 copiosissimo
1563 1387 1695 1441 velis
1722 1400 1819 1440 no-

228 1487 297 1539 lis
348 1485 792 1539 declamationum
842 1491 1050 1536 tnarum
1106 1481 1327 1536 schedio
1383 1479 1649 1536 emunxit.
1716 1478 1819 1546 Qui

232 1577 406 1630 redux
437 1575 589 1629 nobis
616 1586 775 1644 atque
812 1572 1009 1641 oppido
1037 1573 1439 1643 gloriabundus,
1471 1574 1666 1642 quippe
1696 1585 1819 1639 per-

232 1666 409 1735 ceptis
433 1673 507 1719 tot
534 1663 907 1730 voluminibus,
934 1663 1189 1735 quidquid
1212 1663 1494 1727 detulerat,
1519 1676 1820 1731 quanquam

235 1757 465 1811 mercari
498 1756 695 1826 paratis
735 1754 900 1825 (quod
932 1765 1108 1809 tamen
1137 1754 1164 1792 b
1197 1756 1383 1808 utrivis
1412 1770 1512 1809 nec
1538 1764 1652 1809 erat
1683 1752 1824 1822 injuo

233 1850 436 1917 stum),
481 1864 578 1917 pro
611 1862 831 1902 munere
878 1848 1117 1916 ingessit.
1158 1845 1313 1901 Cura:
1356 1846 1484 1899 mihi
1526 1861 1558 1899 e
1604 1844 1827 1912 vestigio
1878 1884 1881 1893 .

1907 645 2060 697 dinas
2088 643 2450 709 involantum;
2482 654 2537 699 et
2557 646 2697 717 ultro
2718 648 2910 701 scrinia
2943 654 3051 715 tua,
3081 642 3493 705 conniventibus

1909 735 2063 790 nobis
2102 751 2164 789 ac
2207 736 2658 799 subornantibus,
2702 739 3045 793 effractorum
3076 755 3263 793 manus
3303 749 3491 809 arguta

1911 827 2253 896 populabitur
2281 844 2295 881 :
2330 828 2711 899 inchoabisque
2755 842 2881 885 tunc
2914 834 3105 887 frustra
3138 833 3337 886 moveri
3369 846 3495 900 spe-

1911 918 2070 971 liatus
2110 919 2289 985 furto,
2316 918 2377 999 ἐἰ
2427 934 2568 973 nunc
2615 929 2832 989 rogatus
2869 935 2976 975 non
3019 923 3249 977 moveris
3291 918 3492 977 officio.

1914 1009 2119 1064 Memor
2148 1010 2316 1065 nostri
2345 1026 2466 1065 esse
2488 1010 2709 1080 dignare
2728 1051 2744 1074 ,
2773 1012 2989 1067 domine
3018 1027 3171 1083 papa.

2346 1104 2509 1174 200
2547 1103 2881 1159 EPISTULA
2922 1103 3054 1159 Vlll.

2063 1195 2310 1249 Sidonius
2334 1197 2539 1248 domino
2579 1210 2727 1265 papa:
2760 1207 2783 1235 °
2826 1196 3091 1267 Principio
3120 1197 3351 1252 salutent.

1989 1287 2305 1356 Quanquam
2336 1287 2492 1341 nobis
2522 1303 2625 1340 non
2667 1287 3030 1357 opinantibus,
3070 1288 3502 1346 desiderantibus

1923 1388 2127 1445 tamen,
2161 1378 2368 1433 litteras
2398 1388 2515 1432 tuas
2544 1378 2775 1433 reddidit
2817 1380 3034 1449 gerulus
3074 1381 3350 1451 antiquus,
3388 1375 3502 1438 ide-4

1924 1485 2057 1526 neus
2096 1471 2346 1527 inventus
2385 1473 2467 1524 cui
2509 1470 2633 1540 jure
2691 1473 2911 1542 repetita
2956 1472 3242 1528 credantur
3290 1474 3503 1543 ofﬁcia,

1925 1563 2356 1633 quandoquidem
2391 1564 2559 1632 prima
2590 1564 2667 1618 sic
2694 1564 2903 1619 detulit.
2932 1564 3093 1635 igitur
3112 1565 3270 1620 aifatu
3311 1580 3502 1622 secun-

1926 1656 2020 1725 do,
2042 1658 2128 1712 vel
2160 1658 2334 1725 potius
2353 1656 2723 1713 benedictione
2747 1658 2993 1720 donatus,
3026 1660 3141 1725 ipse
3156 1660 3505 1729 quoquedrea

1929 1759 2054 1820 peto
2079 1749 2304 1805 alterum
2348 1751 2494 1805 salve
2516 1790 2531 1815 ,
2562 1751 2813 1820 obsequia
2864 1751 3209 1817 combinans,
3268 1754 3525 1808 numeris-

1934 1849 2141 1910 :equata
2163 1884 2177 1907 ,
2206 1855 2309 1895 non
2342 1841 2567 1896 meritis.
2619 1842 2684 1895 Et
2718 1842 2862 1907 quia,
2913 1843 3128 1899 domine
3158 1859 3311 1912 papa,
3346 1846 3510 1901 modo

236 1940 336 1996 fuit
367 1984 382 2007 ,
416 1943 586 2010 iisque
622 1942 710 2010 qui
751 1940 966 2013 student
990 1981 1005 2003 ,
1046 1926 1167 1993 etim
1206 1938 1395 1993 merito
1428 1939 1822 2003 lecturiremus,
1858 1922 1908 1983 Β
1934 1932 2164 1986 vivimus
2207 1934 2405 2000 junctis
2468 1934 2841 2005 abiunctisque
2902 1937 3226 2007 regionibus,
3282 1953 3510 2007 conspe-

237 2033 471 2102 plurima
497 2041 699 2094 tenere,
723 2040 911 2084 cuncta
936 2029 1311 2084 transcribere.
1336 2028 1583 2083 Omnium
1606 2043 1828 2083 assensu

239 2110 683 2194 pronuntiatum,
757 2139 918 2191 pauca
973 2136 1111 2177 nunc
1168 2137 1323 2192 posse
1367 2121 1561 2176 similia
1615 2120 1826 2176 dictari.

244 2216 457 2269 Etenim
490 2230 642 2269 rarus
672 2224 765 2269 aut
797 2214 972 2289 nullus
1001 2223 1116 2279 est,
1158 2213 1244 2268 cui
1275 2212 1597 2267 meditaturo
1626 2228 1719 2282 par
1744 2226 1833 2268 as-

243 2312 399 2364 sistat
427 2307 707 2377 diSpositio
740 2323 834 2375 per
861 2322 1072 2370 causas,
1096 2306 1289 2377 positio
1313 2321 1405 2376 per
1435 2307 1661 2370 litteras,
1686 2320 1834 2359 com-

246 2402 440 2469 positio
472 2416 562 2469 per
600 2401 854 2471 syllabas.
907 2399 985 2453 Ad
1019 2400 1119 2453 hoc
1158 2400 1525 2469 opportunitas
1557 2399 1607 2451 in
1647 2413 1834 2453 exem-

246 2493 388 2562 p’is,
440 2493 570 2546 ﬁdes
617 2494 667 2545 in
718 2491 1073 2557 testimoniis,
1121 2492 1419 2562 preprietas
1458 2494 1509 2547 in
1554 2491 1831 2561 epithetis,

249 2585 528 2638 urbanitas
558 2585 608 2637 in
638 2583 851 2653 ﬁguris,
888 2584 1054 2637 virtus
1086 2585 1137 2637 in
1169 2584 1516 2654 argumentis,
1551 2584 1757 2654 pondus
1782 2584 1835 2637 in

250 2672 525 2738 sensibus,
560 2676 721 2750 259
749 2675 942 2730 flumen
972 2677 1023 2729 in
1066 2675 1242 2729 verbis
1264 2720 1277 2742 ,
1322 2675 1519 2731 fulmen
1553 2677 1602 2730 in
1627 2676 1836 2729 clausu-

251 2769 337 2823 lis.
368 2766 644 2824 Structura
675 2784 799 2822 vero
833 2771 984 2823 tortis
1014 2778 1067 2824 et
1094 2768 1265 2835 firma,
1296 2768 1837 2836 coniunctionumque

252 2848 641 2929 perfacetarum
693 2876 825 2915 nexa
875 2861 1093 2915 Cilell‘lS
1147 2860 1555 2925 insolubilibus;
1609 2860 1701 2914 sed
1740 2875 1839 2917 nec

257 2953 385 3006 hinc
428 2952 600 3005 minus
631 2952 829 3005 lubrica
861 2962 913 3005 et
944 2951 1075 3006 levis
1099 2991 1116 3017 ,
1161 2966 1223 3005 ac
1252 2951 1425 3005 modis
1451 2951 1695 3004 omnibus
1719 2966 1841 3005 ero-

256 3041 476 3096 tundata
505 3059 765 3113 :qumquc
792 3043 1006 3097 lectoris
1040 3044 1273 3113 linguam
1303 3044 1614 3098 inoffensam
1646 3047 1843 3098 decen-

258 3145 341 3188 ter
368 3134 650 3202 expediat,
686 3149 751 3188 ne
781 3134 1081 3188 salebrosas
1108 3149 1261 3203 passa
1292 3134 1568 3202 juncturas
1588 3173 1602 3198 ,
1636 3150 1730 3203 per
1753 3149 1842 3188 ca-

261 3240 465 3277 meram
492 3225 646 3292 palati
670 3226 899 3278 volutata
924 3224 1200 3279 balbutiat.
1231 3225 1363 3279 Tota
1380 3226 1616 3296 denique
1643 3225 1839 3295 liquida

1934 2026 2217 2094 ctibusque
2288 2025 2484 2080 mutuis
2538 2026 2640 2080 frui
2700 2026 2999 2082 dissociatae
3058 2029 3165 2082 situ
3228 2028 3513 2084 habitatio-

1935 2120 2019 2175 nis
2066 2118 2405 2184 inltibemur;
2461 2129 2610 2175 orate
2641 2129 2697 2174 ut
2740 2120 2959 2189 optabili
3011 2121 3363 2193 religiosoque
3413 2124 3511 2179 de-

1935 2229 2123 2280 cessu,
2158 2215 2279 2267 vita:
2319 2213 2599 2282 praesentis
2645 2214 2929 2283 angoribus
2964 2223 3122 2285 atque
3180 2230 3342 2270 onere
3388 2232 3511 2285 per-

1938 2306 2099 2360 functi
2122 2348 2137 2372 ,
2166 2321 2287 2360 cum
2320 2306 2506 2376 judicii
2536 2306 2650 2360 dies
2680 2313 2893 2361 sanctus
2932 2306 3242 2372 obfulserit,
3277 2324 3396 2361 cum
3427 2322 3513 2363 re-

1938 2395 2268 2450 surrectione
2321 2395 2622 2464 agminibus
2669 2398 2862 2450 Vestris
2906 2396 3239 2465 famulaturi,
3296 2400 3381 2453 vel
3415 2400 3515 2455 sub

1940 2488 2305 2543 Gabaoniticze
2361 2487 2633 2542 servitutis
2678 2488 2992 2557 occasione,
3033 2488 3353 2559 iungamur;
3391 2493 3517 2561 quia

1939 2582 2234 2635 secundum
2257 2582 2518 2650 promissa
2537 2581 2800 2645 caelestia,
2818 2596 2937 2651 quae
2959 2584 3362 2653 spoponderunt
3383 2586 3518 2645 filios

1943 2672 2065 2726 lidei
2109 2674 2175 2727 de
2205 2671 2508 2729 nationibus
2550 2674 2970 2743 congregandos,
3005 2674 3049 2729 si
3091 2689 3189 2730 nos
3218 2693 3335 2732 reos
3364 2682 3520 2737 venia

1942 2764 2167 2827 soletur,
2195 2764 2319 2818 dum
2350 2773 2445 2821 vts
2466 2764 2649 2818 beatus
2673 2766 2842 2834 gloria
2873 2779 3073 2833 manet,
3100 2770 3209 2824 etsi
3244 2784 3335 2838 per
3356 2771 3519 2826 actio-

1943 2872 2069 2912 nutu
2092 2856 2470 2920 differentiam,
2503 2872 2608 2912 non
2634 2867 2807 2912 tamen
2832 2874 2924 2927 per
2946 2860 3183 2914 locorum
3213 2861 3519 2919 distantiam

1946 2947 2263 3002 dividemur.
2292 2949 2497 3003 Memor
2523 2950 2691 3002 nostri
2712 2965 2829 3003 esse
2859 2950 3100 3019 dignare,
3120 2953 3333 3008 domine
3364 2969 3519 3023 papa.

2492 3042 2816 3098 EPISTULA
2860 3045 2949 3097 IX.

2165 3136 2411 3189 Sidonius
2441 3136 2648 3189 domino
2677 3151 2826 3206 papae
2854 3135 3048 3190 Fausto
3074 3136 3310 3191 salutem.

2020 3226 2259 3296 Longum
2283 3236 2481 3291 tacere,
2513 3227 2594 3279 vir
2622 3228 3009 3293 sacratissime,
3037 3242 3133 3283 nos
3159 3228 3214 3281 in
3243 3243 3524 3286 commune

262 3329 486 3384 prorsus
514 3326 565 3368 et
597 3315 840 3377 ductilis,
876 3316 1039 3370 veluti
1077 3331 1196 3369 cum
1237 3317 1570 3387 crystallinas
1613 3327 1842 3381 crustas,
1868 3290 1914 3357 C
1948 3319 2237 3389 dequestus
2274 3334 2374 3375 es:
2418 3335 2684 3389 cognosco
2734 3331 2931 3376 vestrae
2978 3323 3144 3391 partis
3195 3324 3350 3394 261
3403 3324 3527 3380 hinc

261 3415 356 3459 aut
387 3405 757 3475 onychintinas
806 3422 907 3459 non
960 3408 1189 3476 impacto
1238 3406 1433 3477 digitus
1464 3423 1637 3477 ungue
1669 3408 1845 3474 perla-

261 3490 406 3552 bitur
433 3516 443 3550 :
472 3499 665 3567 quippe
689 3500 731 3552 si
762 3500 889 3553 nihil
918 3515 1037 3553 eum
1067 3501 1279 3555 rimosis
1305 3501 1541 3555 obicibus
1562 3510 1842 3569 exceptum

265 3601 424 3646 tenax
448 3590 675 3645 fractura
701 3603 1015 3648 remoretur.
1045 3592 1179 3660 Quid
1210 3594 1391 3662 plura?
1435 3594 1548 3648 Non
1576 3605 1751 3650 exstat
1777 3596 1844 3649 ad

265 3699 504 3748 praesens
533 3683 638 3738 vivi
670 3685 896 3739 hominis
926 3685 1095 3740 oratio
1121 3728 1134 3751 ,
1174 3701 1332 3755 quam
1381 3688 1566 3754 peritia
1619 3696 1705 3741 tua
1736 3702 1844 3741 non

265 3777 380 3830 sine
412 3772 592 3830 labore
619 3774 913 3845 transgredi
944 3785 1104 3845 queat
1125 3791 1187 3831 ac
1212 3777 1583 3845 supervadere.
1617 3777 1766 3833 Unde
1792 3787 1848 3831 et

266 3881 432 3937 prope
482 3868 759 3935 suspicor,
815 3868 1026 3922 domine
1083 3883 1253 3935 papa,
1314 3879 1527 3936 prepter
1578 3871 1847 3938 eloquium

267 3963 543 4016 exundans
570 3971 727 4031 atque
768 3962 1031 4017 ineffabile
1074 3964 1247 4035 (venia
1280 3966 1346 4019 sit
1375 3967 1538 4036 dicto)
1573 3976 1623 4020 te
1658 3981 1846 4035 super-

268 4054 403 4109 bire.
437 4055 540 4107 Sed
566 4055 687 4109 licet
713 4056 852 4110 bono
874 4057 1074 4126 fulgeas
1097 4066 1153 4110 ut
1176 4059 1534 4119 conscientiae,
1557 4061 1635 4113 sic
1658 4061 1850 4115 dictio-

269 4164 300 4199 ιι
326 4163 352 4198 s
382 4147 816 4211 ordinatissime;
851 4164 946 4201 nos
976 4149 1066 4202 tibi
1099 4158 1274 4204 tamen
1306 4150 1519 4203 minimc
1551 4169 1734 4209 sumus
1763 4170 1848 4207 re-

272 4241 502 4308 fugiendi
528 4281 541 4303 ,
580 4240 669 4307 qui
698 4240 833 4295 bene
860 4242 1056 4307 scripta
1097 4242 1373 4297 laudamus
1399 4288 1411 4309 ,
1446 4246 1542 4298 etsi
1588 4246 1847 4301 laudanda

272 4348 379 4386 non
410 4329 714 4386 scribimus.
771 4332 1031 4398 Quocirca
1061 4332 1243 4387 desine
1275 4334 1326 4387 in
1369 4346 1640 4403 posterum
1671 4346 1850 4394 nostra

276 4422 782 4493 declinarejudicia,
814 4439 932 4492 qua:
963 4423 1035 4477 nil
1065 4426 1284 4480 mordax
1316 4427 1554 4498 nihilque
1585 4434 1854 4486 minantur

276 4516 711 4585 increpatorium.
740 4515 945 4585 Alioqui
976 4516 1021 4571 si
1046 4516 1320 4574 distuleris
1342 4531 1578 4576 nostram
1606 4524 1857 4579 sterilita-

1949 3412 2217 3478 studium,
2262 3423 2458 3467 nostrae
2502 3423 2705 3468 reatum
2748 3431 2853 3468 non
2908 3431 3255 3485 recognosco.
3289 3416 3528 3486 Namque

1946 3503 2055 3571 jam
2090 3504 2293 3570 pridem
2317 3504 2499 3572 jussus
2529 3508 2732 3574 garrire
2756 3522 2861 3561 non
2886 3507 3028 3574 silui,
3052 3508 3179 3562 istas
3211 3509 3397 3562 litteris
3426 3524 3523 3563 an-

1953 3598 2371 3651 tecurrentibus:
2402 3598 2590 3665 quibus
2621 3599 2779 3652 etiam
2814 3601 3153 3654 recensendis
3204 3616 3323 3654 cum
3368 3600 3526 3655 Reios

1950 3684 2298 3754 advenerant,
2326 3696 2349 3723 °
2372 3689 2493 3755 quia
2524 3698 2649 3740 tunc
2698 3692 2848 3755 Apta:
2876 3689 3068 3753 fuistis,
3115 3676 3393 3758 aptissime
3427 3690 3523 3745 de-

1920 3816 1927 3821 -
1957 3780 2149 3835 fuistis.
2178 3780 2339 3848 quue
2366 3782 2599 3834 votivum
2629 3780 2755 3834 mihi
2779 3781 3050 3848 granditer
3078 3782 3173 3834 fuit
3200 3795 3261 3835 ac
3286 3792 3530 3849 peropta~

1960 3885 2067 3930 tum
2122 3884 2181 3928 ut
2209 3872 2432 3941 epistola
2464 3872 2697 3940 injuncta
2723 3885 2821 3925 nec
2860 3877 3142 3939 negaretur
3170 3871 3367 3939 scripta
3395 3873 3531 3925 ami~

1957 3966 2119 4028 citite,
2150 3980 2249 4019 nec
2273 3963 2591 4017 subderetur
2614 3962 2748 4016 lecta
2775 3974 3035 4015 censurae.
3067 3961 3171 4014 Ista
3196 3962 3525 4016 omittamus.

1959 4059 2091 4112 Mitti
2124 4057 2363 4126 paginam
2392 4057 2662 4124 copiosam
2694 4055 2871 4107 denuo
2893 4052 3067 4122 jubes.
3114 4054 3307 4107 Parere
3338 4067 3530 4123 prope-

1964 4153 2098 4206 ranti
2130 4152 2325 4205 adsunt
2354 4160 2494 4216 vota,
2527 4162 2706 4203 causa:
2726 4148 2934 4202 absunt.
2969 4147 3096 4200 Nam
3131 4146 3397 4210 salutatio,
3430 4147 3526 4201 nis'

1956 4246 2228 4315 negotium
2251 4245 2463 4315 aliquod
2496 4244 2673 4297 activa
2706 4243 2953 4310 deportet
2988 4241 3231 4307 materia,
3264 4241 3533 4322 succincta

1958 4354 2071 4399 est:
2116 4360 2273 4406 quam
2300 4345 2386 4412 qui
2420 4342 2641 4411 porrigit
2667 4340 2841 4395 verbis
2875 4354 2979 4393 non
3010 4340 3348 4401 necessariis,
3390 4354 3418 4392 a
3449 4354 3538 4393 te-

1960 4437 2081 4504 gula
2110 4435 2417 4491 Sallustiani
2452 4433 2680 4488 tramitis
2702 4432 2945 4486 detortus
2966 4431 3250 4494 exorbitat,
3273 4432 3362 4500 qui
3393 4429 3539 4485 Cati-

1964 4531 2127 4584 linam
2168 4531 2346 4597 culpat
2388 4526 2634 4581 habuisse
2686 4526 2815 4578 satis
2844 4522 3215 4593 eloquentiae,
3262 4523 3540 4592 sapientia:

356 4767 391 4835 ξ
418 4758 728 4835 Remorum,
760 4771 877 4835 illim
917 4757 1144 4826 Belgica:
1176 4757 1215 4812 ll
1248 4759 1599 4835 metropolis,
1620 4762 1868 4835 antistiti,
1895 4766 1949 4827 D
1977 4782 2110 4835 quos
2139 4779 2351 4830 cpotces
2381 4763 2639 4835 manibus
2685 4770 2883 4821 terunt,
2919 4760 3114 4835 sciunt
3136 4762 3204 4835 ab
3233 4763 3546 4835 antiquariis

282 4831 425 4896 regis
463 4828 715 4881 Clodnvei
766 4827 1197 4897 Francorumqhe
1252 4830 1513 4895 apostolo.
1561 4830 1705 4885 lianc
1742 4827 1870 4893 VIch

285 4898 567 4961 epistolam
606 4912 726 4953 cum
764 4898 966 4953 Sidonii
995 4899 1168 4966 elogio
1210 4898 1453 4952 Historias
1491 4915 1603 4954 suae
1644 4903 1871 4956 ititettnit

287 4968 621 5041 Flodoardus
653 4969 745 5022 lib.
779 4984 815 5034 t,
848 4984 964 5036 cap.
1000 4969 1082 5022 12.
1118 4968 1221 5041 Sed
1254 4969 1665 5041 declamationes
1695 4972 1872 5025 Remi-

287 5041 359 5108 gii
386 5080 400 5101 ,
442 5039 678 5111 quarum
715 5042 1069 5108 eloquentiam
1120 5039 1367 5093 Sidonius
1409 5049 1683 5106 tantopere
1728 5057 1871 5095 com-

288 5106 537 5174 mendat,
572 5106 731 5162 nulla:
761 5106 831 5162 ad
858 5124 953 5163 nos
984 5120 1370 5176 pervenerunt;
1414 5126 1509 5163 nec
1540 5125 1727 5164 recens
1759 5112 1876 5165 haec

289 5180 521 5247 jactura,
544 5194 663 5233 cum
692 5173 1007 5234 llincmarus
1037 5176 1148 5249 ipse
1179 5195 1238 5234 ac
1265 5173 1592 5233 Fludoardus
1614 5194 1703 5235 eas
1724 5182 1875 5251 peni-

291 5261 382 5304 tus
411 5252 684 5314 ignorasse
713 5251 1010 5303 videantur.

367 5320 395 5358 δ
432 5312 489 5373 1η
514 5312 751 5393 editione
783 5321 977 5393 Labbei
1009 5321 1217 5387 utilius;
1260 5321 1423 5391 aliqui
1455 5321 1571 5376 libri
1604 5320 1759 5393 (quod
1793 5332 1874 5375 ta-

292 5405 412 5445 men
439 5391 585 5459 cujus
612 5406 704 5444 nec
723 5401 847 5454 erat,
872 5392 1163 5461 injustam).

374 5472 396 5499 ο
430 5460 693 5529 Episcopo
714 5460 1103 5530 Sdess'tonensi,
1136 5471 1191 5515 ut
1218 5463 1413 5517 dictum
1456 5462 1545 5516 lib.
1580 5479 1687 5527 vni,
1715 5463 1870 5532 epist.

298 5532 389 5603 14,
415 5532 468 5583 in
486 5544 587 5599 qua
610 5540 663 5585 et
686 5533 1001 5601 Megethium
1032 5532 1281 5586 clericum
1307 5536 1564 5598 nominat,
1602 5550 1693 5601 per
1715 5550 1872 5603 quem

204 5644 211 5649 .
244 5628 257 5634 -
298 5602 504 5655 litteras
533 5612 813 5669 acceperat
850 5604 1238 5671 reddebatque:
1270 5620 1425 5673 quem
1460 5602 1737 5673 proiitcrcn
1785 5619 1873 5672 ge-

296 5673 476 5726 rulum
501 5674 775 5741 antiquum
807 5689 943 5725 nunc
966 5684 1136 5726 vocat.

374 5742 400 5779 ά
437 5742 490 5795 1η
521 5744 789 5811 aliquibus
812 5744 976 5807 libris,
1014 5745 1251 5810 rependo.

378 5822 400 5849 ι
432 5813 544 5867 Non
572 5814 807 5868 difficilis
848 5817 944 5865 fuit
994 5815 1146 5877 huius
1196 5813 1292 5864 loci
1321 5814 1639 5874 emendatio,
1687 5827 1781 5878 pro
1814 5826 1879 5866 eo

303 5885 448 5959 quod
479 5885 769 5957 legebatur,
811 5886 895 5954 qui
928 5895 1043 5937 tum
1076 5894 1189 5953 apte
1219 5883 1400 5952 fuistis.
1433 5885 1530 5952 Qui
1570 5883 1709 5937 enim
1742 5882 1877 5939 anti-

1976 4830 2062 4904 qui
2094 4837 2455 4904 diphthongus
2471 4833 2761 4904 negligunt,
2786 4845 2907 4904 raro
2932 4830 3033 4904 ista
3064 4832 3335 4904 distingui.
3366 4830 3546 4902 Signi-

1979 4901 2095 4963 ficat
2123 4901 2249 4970 ergo
2281 4901 2529 4958 Faustum
2562 4905 2713 4970 Aptae
2750 4902 2799 4953 in
2844 4902 3013 4955 vicina
3048 4901 3177 4955 mbe
3205 4910 3314 4954 tum
3340 4901 3498 4956 fuisse
3525 4943 3542 4969 ,

1976 4993 2096 5030 cum
2129 4975 2331 5030 Sidonii
2365 4976 2556 5027 littera:
2589 4973 2748 5034 Reios
2806 4975 3023 5039 perlata:
3069 4982 3226 5025 sntit:
3270 4974 3543 5040 aptissime

1977 5056 2153 5101 autem
2173 5044 2730 5113 Opportunissimeque
2746 5042 2817 5094 ait
2836 5043 2978 5096 liciis
2998 5042 3251 5103 abfuisse,
3270 5040 3483 5113 nelittei
3499 5058 3546 5095 :c

1978 5118 2081 5171 ill-.c
2114 5112 2221 5169 tam
2250 5117 2355 5168 cito
2381 5114 2480 5170 sub
2517 5113 2631 5180 ejus
2683 5128 2962 5167 censuram
3008 5113 3269 5165 venirent.
3319 5112 3427 5166 Sita
3468 5122 3551 5167 est

1977 5190 2112 5255 Apta
2134 5187 2269 5240 Julia
2300 5186 2630 5255 Vulgcntitttn
2663 5185 2761 5252 (sic
2781 5182 2921 5236 enim
2948 5197 2976 5236 a
3002 5183 3168 5255 Plinio
3201 5184 3293 5234 lib.
3320 5198 3394 5246 ttt,
3422 5198 3470 5237 c.
3490 5182 3544 5247 4,

1982 5252 2300 5324 appellatur)
2331 5252 2506 5308 medio
2540 5254 2649 5308 fere
2675 5255 2845 5320 spatio
2874 5255 3030 5324 Reios
3059 5252 3196 5307 inter
3225 5260 3279 5306 et
3308 5254 3546 5307 Avenio—

1984 5323 2137 5391 item:
2167 5328 2303 5393 quod
2336 5326 2495 5379 etiam
2520 5324 2699 5377 videre
2743 5334 2823 5374 est
2870 5338 2934 5378 ex
2968 5323 3245 5378 ltinerario
3277 5324 3474 5378 .‘Ethici
3498 5332 3551 5377 et

1982 5397 2180 5454 Tabula
2212 5395 2534 5464 Peutingeri.
2562 5394 2834 5449 Coloniam
2882 5394 3045 5449 fuisse
3084 5394 3313 5449 ostendit
3348 5393 3549 5460 antiqui

1981 5467 2169 5534 lapidis
2197 5466 2309 5521 haec
2340 5465 2619 5535 inscriptio
2648 5465 2883 5519 Arelate.
3276 5496 3281 5501 ι

2372 5663 2512 5720 JUL.
2558 5665 2617 5720 C.
2668 5665 2723 5717 F.
2771 5664 3159 5720 TEliTULLlN

2467 5734 2668 5790 FLAM.
2698 5735 2846 5789 CUL.
2887 5736 3067 5789 ΑΡΤΑ

2408 5808 2491 5869 .L.
2524 5807 2812 5862 VALLIUS
2848 5804 3090 5858 A'l'lLAN

2657 5877 2890 5930 NEPOS.
