4072 6348
574 390 679 449 623

1846 390 2093 449 SlDONll
2132 388 2464 448 APOLIle-A
2476 390 2584 449 lllS

3734 394 3834 451 ἀει

572 520 787 580 parum.
819 504 970 563 Unde
999 511 1027 543 λ
1048 503 1159 561 Ave
1188 501 1355 573 dicto,
1408 515 1532 557 mox
1560 501 1694 558 Vale
1722 501 1979 567 dicimus,
2007 512 2158 559 orate
2189 508 2237 566 Α
2265 503 2404 558 bane
2445 520 2565 573 qua:
2608 504 2984 573 pratstantiora
3028 504 3273 573 portabat
3312 504 3622 574 operuerit,
3666 508 3829 573 spinas

573 618 675 672 pro
714 602 889 657 nobis.
919 599 1023 656 Sed
1062 599 1198 654 bene
1221 608 1333 664 est,
1359 598 1497 653 bene
1538 606 1656 665 est,
1684 599 1807 667 qttia
1853 598 2157 652 chartulam

573 697 682 765 jam
706 696 919 763 jamque
943 691 1335 759 complicaturo
1366 706 1453 745 res
1484 691 1641 745 furtis
1683 691 1936 759 accurrit,
1963 690 2033 745 de
2052 705 2157 760 qua

575 782 944 856 exprobranda
969 828 984 851 ,
1018 783 1062 839 si
1094 783 1293 838 diutius
1316 783 1401 837 vel
1429 782 1612 836 laetitia
1657 796 1778 837 sese
1808 797 1925 836 mea
1973 782 2054 835 vel
2081 781 2159 835 ira

574 876 893 940 cohibuerit,
921 875 1034 943 ipse
1066 889 1153 929 me
1174 882 1392 943 accepta
1423 873 1641 943 dignum
1674 872 1998 928 contumelia
2017 871 2161 940 judi-

572 967 728 1023 cabo.
758 964 986 1028 Venisti,
1018 964 1294 1033 magister,
1322 963 1373 1017 in
1401 978 1592 1017 manus
1622 977 1789 1037 meas,
1818 977 1918 1017 nec
1946 961 2161 1016 exsulto

574 1067 805 1120 tantum,
838 1070 1026 1109 verum
1054 1054 1271 1115 insulto,
1300 1053 1495 1108 venisti
1521 1071 1532 1106 :
1565 1063 1620 1108 et
1644 1052 1858 1122 quidem
1882 1052 2004 1107 talis
2029 1067 2161 1120 qua-

574 1150 681 1201 lcnt
710 1148 778 1201 ab
811 1148 932 1201 hinc
964 1146 1123 1216 longe
1165 1144 1368 1214 jamdiu
1402 1154 1646 1213 tempore
1686 1144 1947 1198 desideria
1980 1152 2158 1211 nostra

575 1238 1045 1307 przestolabantur.
1072 1236 1262 1290 Dubito
1287 1250 1417 1288 sane
1436 1243 1612 1288 utrum
1630 1242 1685 1289 et
1706 1236 1920 1299 invitus,
1940 1242 1996 1287 at
2014 1242 2163 1288 certe

574 1330 766 1389 similis
797 1332 993 1394 invito;
1035 1328 1233 1399 quippe
1262 1341 1370 1396 quo
1397 1326 1734 1395 providente,
1768 1325 1849 1379 vel
1877 1326 1959 1395 (si
1982 1334 2161 1379 tamen

576 1426 679 1481 hoc
711 1424 870 1479 nimis
900 1421 1114 1491 abnuis)
1141 1422 1539 1489 acquiescente,
1563 1419 1664 1472 sim
1711 1418 1815 1471 tuis
1843 1417 1991 1473 libris
2020 1420 2165 1471 insa-

575 1518 796 1581 lutatus,
827 1514 1021 1584 iisque,
1064 1512 1207 1582 quod
1259 1512 1427 1565 multo
1475 1520 1558 1565 est
1588 1508 1921 1580 injuriosius,
1950 1509 2164 1563 territo-

576 1612 715 1666 rium
744 1613 1044 1664 Arvernum
1069 1622 1189 1661 cunt
1224 1603 1595 1673 prteterirent,
1631 1619 1736 1658 non
1763 1602 1934 1657 solum
1966 1602 2163 1657 mmnia

576 1718 719 1769 mea,
749 1716 935 1758 verum
964 1700 1125 1753 etiam
1162 1698 1327 1752 latera
1352 1695 1679 1751 radentibus.
1710 1694 1790 1749 An
1815 1694 2071 1750 verebare
2098 1708 2165 1749 ne

578 1797 686 1851 tuis
716 1794 874 1849 dictis
906 1791 1306 1846 invideremus?
1334 1789 1438 1844 Sed
1464 1790 1555 1844 Dei
1600 1787 1837 1849 indultu,
1872 1789 2002 1841 vitio
2031 1786 2164 1842 nulli

2265 611 2412 651 meas
2454 597 2721 651 illustrare
2771 596 3113 651 dissimulans
3158 599 3260 651 tuis
3311 598 3553 651 floribus.
3586 597 3684 650 Sed
3722 610 3830 667 post

2265 688 2399 742 duos
2426 696 2517 741 aut
2552 688 2614 742 iis
2644 688 2876 757 amplius
2904 703 3142 752 menses,
3169 688 3246 742 sic
3275 703 3484 757 quoque
3512 705 3542 741 a
3567 690 3713 743 nobis
3735 693 3830 743 cito

2267 779 2592 846 preteetum,
2623 793 2745 831 cum
2777 779 3012 847 quipiam
3064 777 3423 847 prodidissent
3455 778 3522 832 de
3552 781 3701 850 263
3733 781 3830 833 via-

2267 869 2488 934 toribus,
2522 869 2760 939 mysticze
2791 882 2934 937 gaza:
2971 869 3168 922 clausis
3201 869 3494 923 involucris
3541 871 3670 922 clam
3705 870 3830 925 ferre

2266 961 2568 1027 thesauros,
2606 961 2915 1029 pernicibus
2941 961 3093 1030 equis
3120 961 3395 1016 insecutus
3421 963 3721 1029 abeuntem,
3752 967 3830 1031 qui

2267 1054 2446 1107 faciles
2498 1062 2717 1121 possent
2765 1052 2969 1107 itineris
3002 1054 3227 1121 pridiani
3284 1054 3450 1122 spatia
3494 1065 3829 1122 praevertere,

2264 1148 2449 1200 osculo
2491 1147 2541 1200 in
2592 1148 2771 1201 fauces
2813 1147 3063 1214 occupati
3115 1147 3336 1200 latronis
3372 1147 3585 1202 insilui.
3622 1149 3833 1201 humano

2261 1238 2387 1308 joco
2409 1279 2423 1303 ,
2454 1248 2607 1306 gestu
2646 1238 2854 1299 ferino;
2897 1239 3059 1292 veluti
3084 1237 3127 1289 si
3156 1252 3454 1291 excussura
3484 1252 3835 1307 quemcunque

2266 1330 2564 1385 catulorum
2592 1329 2773 1383 Parthi
2811 1330 2950 1384 collo
2979 1330 3214 1398 raptoris
3257 1328 3393 1399 pede
3439 1329 3665 1383 volatieo
3698 1331 3835 1399 tigris

2266 1424 2451 1478 orbata
2489 1423 2868 1490 superemicet.
2900 1421 3037 1489 Quid
3082 1421 3291 1474 multa?
3320 1422 3459 1491 capti
3513 1423 3729 1491 hospitis
3748 1438 3835 1491 ge-

2269 1532 2371 1573 nua
2393 1517 2721 1586 complector
2743 1557 2757 1580 ,
2801 1516 3035 1585 iumenta
3065 1515 3229 1580 siste,
3256 1516 3401 1569 frena
3428 1515 3534 1585 ligo
3556 1556 3571 1580 ,
3618 1518 3836 1572 sarcinas

2268 1610 2442 1674 solvo,
2464 1609 2748 1678 quaesitum
2784 1609 3036 1661 volumen
3070 1607 3306 1671 invenio,
3351 1606 3621 1676 produco,
3651 1608 3835 1673 lectito,

2236 1718 2526 1773 .excerpo,
2559 1704 2789 1758 maxima
2823 1718 2887 1757 ex
2917 1701 3123 1772 magnis
3165 1702 3339 1769 capita
3372 1702 3691 1755 defrustans.
3730 1701 3835 1755 Tris

2272 1796 2383 1850 buit
2412 1806 2465 1850 et
2496 1796 2762 1865 quoddam
2796 1794 3001 1849 dictare
3032 1794 3286 1849 celeranti
3330 1793 3629 1848 scribarum
3668 1807 3838 1861 sequa.

579 1889 755 1943 minus
782 1884 1119 1941 addicimur:
1152 1885 1241 1938 cui
1280 1884 1323 1937 si
1366 1883 1435 1937 ita
1467 1892 1523 1936 ut
1550 1883 1709 1953 262
1738 1882 1949 1937 czcteris
1988 1896 2019 1935 a
2048 1896 2165 1936 mea
2196 1891 2241 1951 Β
2271 1888 2405 1942 citas
2451 1888 2685 1942 saltuosa
2739 1886 3116 1955 compendium
3145 1929 3160 1951 ,
3220 1887 3308 1956 qui
3362 1888 3840 1957 comprehendebat

580 1997 664 2050 par
681 1988 732 2033 te
762 1978 1158 2047 subjaceretur,
1198 1975 1277 2030 sic
1298 1972 1512 2045 quoque
1533 1977 1765 2029 auferret
1784 1975 2165 2044 congrediendi

579 2070 977 2128 aemulationem
1023 2067 1328 2136 desperatio
1375 2066 1762 2130 consequendi.
1802 2066 1885 2122 An
1928 2067 2167 2136 superci-

586 2164 713 2219 lium
749 2172 1001 2231 tanquam
1030 2160 1261 2224 ditticilis
1291 2174 1355 2214 ac
1391 2159 1545 2230 rigidi
1578 2159 1805 2229 plosoris
1846 2161 2168 2215 extimesce-

589 2259 683 2313 bas
706 2256 729 2307 ?
756 2255 821 2307 Et
844 2268 1089 2323 quaenam
1130 2261 1213 2308 est
1238 2252 1485 2321 cuiquam
1519 2251 1723 2321 peritia:
1758 2254 1938 2306 cervix
1979 2263 2120 2306 tanta
2150 2292 2165 2318 ,

581 2349 743 2419 quive
764 2347 1025 2416 hydrops,
1055 2356 1110 2398 ut
1132 2345 1294 2399 etiam
1329 2345 1505 2412 tepida
1535 2356 1712 2399 vestra
1739 2360 1845 2399 tton
1880 2345 2167 2399 ferventis-

580 2443 734 2499 simis
759 2440 999 2494 laudibus
1026 2439 1415 2507 prosequatur?
1436 2438 1517 2491 An
1541 2437 1660 2491 ideo
1683 2453 1767 2492 me
1792 2438 2167 2493 fastidiendum

578 2533 1067 2604 negligendumque
1084 2529 1307 2595 curasti,
1326 2529 1449 2597 quia
1470 2539 1847 2583 contemneres
1864 2528 2168 2597 junioreni?

579 2626 721 2697 quod
749 2639 935 2693 parum
985 2621 1169 2676 credo.
1200 2621 1282 2673 An
1311 2621 1434 2689 quia
1482 2620 1801 2674 indoctum?
1826 2622 1967 2690 quod
2000 2619 2169 2691 magis

583 2722 729 2781 fero;
756 2721 824 2771 ita
859 2726 1034 2771 tamen
1057 2755 1070 2778 ,
1104 2724 1161 2767 ut
1190 2710 1280 2781 qui
1312 2713 1494 2768 dicere
1540 2714 1801 2783 ignorem,
1848 2729 1952 2767 non
1992 2726 2043 2770 et
2074 2731 2171 2770 au-

580 2811 737 2867 dire:
770 2809 893 2878 quia
921 2818 975 2863 et
1018 2806 1109 2876 qui
1139 2806 1482 2860 Circensibus
1516 2806 1654 2858 ludis
1693 2806 2009 2872 adfuerunt,
2040 2824 2168 2862 sen-

583 2906 804 2959 tentiam
834 2903 900 2958 de
923 2901 1169 2956 curribus
1200 2916 1304 2953 non
1326 2900 1520 2953 ferunt.
1551 2897 1631 2952 An
1652 2900 1831 2969 aliquo
1855 2915 1982 2955 casu
2009 2902 2169 2956 dissi-

582 2995 879 3057 debamus,
932 3000 989 3045 ut
1035 3001 1345 3060 putaremur
1400 2991 1461 3043 iis
1506 2990 1696 3044 libellis
1741 3006 1875 3059 quos
1921 2992 2169 3048 edissetis

579 3085 924 3154 tlerogsturi?
973 3084 1120 3153 atqui
1151 3085 1379 3151 prresule
1430 3083 1559 3146 Deo,
1609 3092 1797 3136 tenues
1840 3084 1996 3140 nobis
2046 3100 2168 3141 esse

583 3180 869 3241 amicitias,
898 3190 995 3230 nec
1018 3156 1217 3229 inimici
1251 3176 1450 3241 tingere
1476 3182 1699 3240 queunt.
1736 3174 1835 3228 Ista
1865 3191 2119 3243 quorsum
2144 3178 2168 3230 l’

2270 1979 2471 2048 signis,
2507 1978 2648 2047 quod
2681 1978 2873 2033 litteris
2919 1993 3023 2032 non
3062 1977 3336 2033 tenebant.
3366 1977 3573 2045 Quibus
3613 1979 3840 2049 lacryntis

2270 2086 2400 2127 sane
2424 2072 2787 2126 maduerimus
2810 2113 2825 2136 ,
2859 2083 3047 2125 mutuo
3088 2070 3324 2125 vicissim
3355 2070 3480 2125 fletu
3512 2071 3701 2140 rigati,
3734 2081 3842 2127 tunc

2271 2180 2392 2219 cum
2420 2165 2490 2219 ab
2521 2164 2768 2234 amplexu
2801 2178 2943 2233 smpc
2972 2162 3200 2232 repetito
3228 2177 3626 2232 separaremur,
3647 2163 3844 2232 longum

2270 2267 2352 2311 cst
2379 2257 2601 2320 dixisse,
2629 2272 2728 2310 nec
2755 2257 2919 2309 refert
2946 2272 2957 2307 :
2992 2254 3133 2323 quod
3175 2253 3486 2323 triumphali
3516 2255 3715 2308 sufficit
3735 2271 3844 2323 gau-

2271 2350 2382 2413 dio,
2408 2349 2594 2416 spoliis
2611 2357 2861 2401 onustum
2885 2346 3143 2410 caritatis,
3166 2359 3215 2400 et
3240 2347 3535 2416 spiritualis
3557 2356 3845 2414 compotem

2269 2441 2465 2510 prtcda‘.
2494 2455 2579 2494 me
2606 2440 2823 2494 domum
2858 2439 3038 2493 retuli.
3070 2439 3278 2506 Quzeris
3316 2454 3461 2493 nunc
3498 2439 3626 2510 quid
3655 2439 3720 2494 de
3746 2455 3845 2493 ina-

2271 2532 2449 2586 nuhiis
2500 2531 2633 2585 meis
2678 2530 2961 2597 judicetn?
3008 2530 3204 2584 nollem
3238 2529 3415 2585 adhuc
3465 2530 3721 2599 prodere,
3755 2547 3845 2599 quo

2271 2624 2575 2679 diuturnius
2620 2624 3021 2691 exspectatione
3068 2623 3377 2691 penderes:
3425 2624 3548 2692 plus
3596 2638 3681 2677 nte
3720 2624 3847 2678 enirn

2273 2716 2586 2781 ulciscerer,
2618 2716 2659 2767 si
2686 2715 2826 2785 quod
2859 2714 3001 2769 sensi
3034 2722 3290 2769 tacerem.
3323 2714 3428 2771 Sed
3454 2715 3563 2784 jam
3607 2730 3706 2770 nec
3749 2717 3848 2784 ipse

2270 2809 2467 2864 frustra
2491 2809 2765 2878 superbis;
2797 2818 2998 2877 utpote
3027 2808 3349 2877 intelligens,
3368 2809 3459 2862 tibi
3489 2809 3669 2863 inesse
3692 2808 3849 2862 virtu-

2274 2912 2379 2958 tem
2418 2902 2831 2972 sic'perorandi,
2858 2910 2916 2954 tit
2941 2902 3125 2956 lectori
3160 2912 3251 2956 tuo
3287 2918 3381 2957 seu
3414 2903 3693 2957 reluctanti
3722 2944 3736 2966 ,
3766 2918 3849 2956 seu

2269 2994 2593 3058 voluntario,
2626 2998 2706 3048 vis
2747 2994 3035 3062 voluptatis
3063 2994 3310 3049 excludat
3343 2996 3596 3063 prmconii
3623 2994 3848 3051 necessi-

2270 3096 2457 3141 tatem.
2489 3086 2723 3140 Proinde
2749 3086 2954 3155 accipe,
2985 3088 3109 3154 quid
3141 3102 3307 3156 super
3333 3087 3550 3156 scriptis
3576 3090 3680 3141 tuis
3709 3100 3756 3140 et
3782 3089 3849 3141 in-

2266 3177 2464 3246 juriam
2491 3178 2631 3245 passi
2656 3191 2995 3231 censeamus.
3032 3176 3057 3214 δ
3092 3178 3345 3247 Legimus
3375 3194 3510 3248 Opus
3541 3181 3850 3248 Operosissi-

580 3272 778 3340 inquis.
813 3268 1075 3334 Eccejatn
1110 3266 1308 3334 pando,
1344 3266 1429 3320 vel
1455 3265 1581 3333 quid
1609 3265 1889 3334 indagasse
1920 3284 2004 3321 me
2031 3284 2163 3338 gau-
2190 3263 2239 3324 C
2273 3284 2415 3322 mtnn
2442 3310 2457 3335 ,
2494 3268 2771 3337 multiplex
2798 3308 2812 3333 ,
2846 3282 2970 3321 acre
2990 3309 3004 3332 ,
3037 3271 3269 3324 sublime
3294 3310 3308 3331 ,
3334 3269 3601 3338 digestum
3654 3273 3813 3325 titulis
3838 3318 3850 3335 ,

580 3365 771 3424 deam,
796 3360 877 3413 vel
907 3359 1030 3427 quid
1054 3370 1103 3412 te
1124 3359 1332 3411 ci-laSse
1356 3371 1721 3411 succenseam.
1743 3358 1867 3426 Legi
1895 3361 2165 3416 volumina

582 3464 825 3522 tua,qu:c
851 3450 1140 3503 Riochatus
1161 3449 1383 3502 antistes
1410 3463 1472 3501 ac
1497 3462 1812 3514 monachus,
1838 3460 1998 3518 atque
2015 3452 2166 3506 istius

579 3546 764 3601 mundi
799 3543 878 3596 bis
907 3542 1244 3610 peregrinus.
1265 3541 1533 3593 Britannis
1560 3540 1662 3593 tuis
1695 3555 1789 3609 pro
1813 3550 1865 3595 te
1896 3552 2162 3609 reportat;

518 3612 524 3618 Δ
578 3638 672 3693 illo
709 3640 817 3703 jam
848 3634 1335 3699 imprtesentiarum
1368 3631 1563 3683 Fausto
1593 3632 1767 3700 potius
1792 3634 1882 3702 qui
1930 3649 2034 3687 non
2081 3648 2165 3690 se-

578 3725 987 3796 nescit,quiquc
1011 3722 1312 3779 viventibus
1342 3738 1445 3774 non
1470 3721 1751 3777 defuturus
1780 3734 1896 3791 post
1926 3726 2166 3793 sepultu-

574 3838 725 3887 ram,
773 3822 862 3874 tiet
892 3835 987 3887 per
1015 3822 1125 3886 ipsa
1174 3832 1293 3885 quae
1324 3816 1542 3885 scripsit
1586 3816 1685 3870 sibi
1737 3825 2033 3886 superstes.
2066 3819 2166 3874 llic

574 3916 739 3984 igitur
776 3908 889 3983 ipse
920 3910 1260 3976 venerabilis,
1308 3910 1444 3978 apud
1482 3910 1734 3978 oppidum
1768 3920 2010 3965 nostrum
2039 3927 2161 3965 cum

574 4017 896 4069 moraretur,
922 4006 1095 4061 donec
1124 4004 1362 4073 gentium
1387 4003 1774 4058 concitatarum
1807 4006 2039 4072 procella
2069 4007 2163 4059 de-

574 4104 833 4157 fremeret
862 4098 1036 4171 (eujus
1067 4097 1312 4165 imaginis
1337 4096 1461 4150 hinc
1498 4106 1553 4151 et
1580 4096 1703 4151 hinc
1735 4099 1891 4153 turbo
1927 4109 2053 4153 tune
2078 4100 2162 4152 in-

583 4193 890 4252 horruerat)
923 4192 1000 4246 sic
1034 4190 1237 4257 reliqua
1260 4190 1395 4242 dona
1430 4197 1605 4243 vestra
1636 4188 1860 4253 detexit,
1895 4199 1951 4243 ut
1977 4205 2164 4258 perur-

648 4339 671 4365 ει
702 4329 837 4381 Ilinc
874 4337 1016 4393 patet
1056 4327 1241 4379 solitos
1286 4334 1494 4381 veteres
1525 4325 1677 4382 initio
1704 4328 1941 4394 epismlze
1974 4330 2085 4383 Ave
2108 4338 2163 4384 et

572 4400 731 4454 Salve
759 4397 1015 4461 scribere,
1049 4408 1106 4447 ut
1134 4396 1185 4447 in
1215 4396 1320 4449 fine
1354 4396 1503 4449 Vale.
1540 4400 1810 4450 Ausonius
1840 4400 2057 4452 Paulino
2094 4418 2105 4453 :

651 4497 762 4567 98
783 4503 907 4567 Quid
933 4502 1157 4567 prohibet
1179 4502 1323 4567 Salve
1346 4510 1491 4563 atque
1516 4502 1638 4567 Vale
1664 4504 1908 4567 brevitate
1936 4512 2100 4567 parata

780 4566 1009 4613 Scribere
1032 4563 1301 4623 felicesque
1328 4571 1466 4612 notas
1490 4564 1717 4613 mandare
1740 4563 1955 4618 libellis?

570 4671 737 4739 Cujus
766 4667 1185 4741 inorisvestigia
1214 4675 1417 4741 reSIant
1451 4668 1502 4720 in
1549 4669 1820 4723 nonnullis
1844 4671 2152 4741 principum

2270 3360 2997 3430 exemplisquecongestum,
3028 3360 3337 3429 bipartitntn
3364 3363 3465 3414 sub
3486 3362 3687 3431 dialogi
3710 3364 3852 3417 sche-

2271 3457 2435 3516 male,
2472 3451 2571 3503 sub
2603 3465 2886 3505 causarum
2932 3453 3168 3506 themate
3195 3454 3670 3522 quadripartitmn.
3702 3456 3853 3531 265

2271 3541 2578 3608 Scripseras
2608 3551 2787 3596 autem
2817 3544 3045 3609 plurima
3074 3544 3347 3607 ardenter,
3397 3544 3545 3612 plura
3572 3561 3851 3613 pompose;

2270 3633 2587 3702 simpliciter
2622 3634 2744 3697 ista,
2778 3650 2873 3688 nec
2905 3644 3090 3703 argute
3137 3635 3250 3699 illa,
3285 3650 3382 3689 nee
3412 3637 3651 3701 callide;
3684 3639 3853 3707 gravia

2272 3736 2501 3787 mature,
2530 3725 2791 3795 profunda
2822 3728 3077 3793 sollicite,
3108 3728 3271 3782 dubia
3320 3740 3635 3783 constan‘cr
3655 3771 3669 3793 ,
3711 3747 3855 3799 argu-

2273 3828 2516 3871 mentosa
2569 3818 2957 3886 disputatorie,
3020 3818 3265 3886 qua:darn
3320 3834 3550 3883 severe,
3598 3822 3854 3889 qumpiatn

2271 3908 2465 3963 blande
2487 3954 2500 3977 ,
2532 3920 2723 3962 cuneta
2750 3909 3059 3975 moraliter,
3096 3911 3264 3975 lecte,
3298 3920 3565 3979 potenter,
3610 3915 3855 3981 cloquen-

2273 4004 2497 4057 tissime.
2534 4002 2715 4071 Itaque
2742 4018 2835 4071 per
2866 4012 3010 4056 tanta
3042 4014 3092 4057 te
3123 4018 3317 4072 genera
3351 4006 3603 4058 narrandi
3636 4015 3748 4059 toto
3783 4007 3851 4057 |.t-

2271 4098 2495 4151 tissima:
2519 4096 2828 4150 dictationis
2876 4111 3066 4165 eampo
3095 4106 3331 4166 secutus,
3365 4098 3492 4151 nihil
3526 4099 3579 4152 in
3610 4097 3851 4152 facundia

2270 4197 2609 4252 eaeterorntn,
2641 4189 2713 4242 nil
2747 4191 2796 4242 in
2829 4190 3056 4257 ingeniis
3079 4189 3234 4244 facile
3271 4191 3516 4259 perspexi
3540 4193 3694 4259 juxta
3727 4192 3855 4260 poli-

2268 4328 2479 4382 videtur
2509 4339 2563 4380 Ill
2592 4344 2726 4395 epns
2757 4328 2858 4383 hoc
2888 4330 2956 4383 de
2984 4346 3091 4398 quo
3132 4328 3311 4397 agitur
3326 4330 3406 4382 vel
3439 4330 3731 4391 interiisse.
3766 4334 3846 4387 vel

2268 4400 2441 4451 adhuc
2462 4400 2667 4465 uspiam
2690 4400 2852 4452 latere
2876 4402 3191 4453 sentiamus.
3210 4431 3278 4439 —
3296 4402 3417 4453 ll:rc
3440 4401 3713 4456 Sirutondi
3736 4415 3851 4457 nota

2269 4469 2359 4541 sic
2378 4469 2535 4521 habet
2568 4472 2616 4541 in
2648 4470 2944 4535 posteriore
2990 4471 3192 4524 Sidonii
3222 4471 3482 4535 editione,
3526 4474 3613 4526 cni
3646 4476 3853 4541 prmfuit

2270 4538 2539 4613 Labhens.
2562 4539 2835 4613 Cancrum
2871 4543 2922 4593 in
2950 4543 3126 4609 priore
3156 4541 3357 4596 Sidonii
3391 4542 3577 4603 verba.
3616 4538 3852 4613 Legimus

2273 4626 2492 4681 opus...
2523 4609 2815 4681 bipertitum
2848 4612 2941 4664 sub
2967 4613 3158 4681 dialogi
3208 4615 3483 4675 schemate,
3536 4609 3854 4669 Sitmontlus

2270 4680 2320 4732 in
2355 4680 2493 4731 notis
2548 4696 2668 4748 pag.
2710 4680 2812 4734 162
2857 4698 2919 4734 ex
2972 4680 3200 4735 Duronio
3255 4686 3640 4747 interpretatus
3687 4687 3854 4740 fuerat

570 4736 1509 4824 rescriptis-Ha‘5?_Feli1=carissime
1546 4741 1711 4824 ’ξρρξδν
1735 4736 1908 4824 ﬁgite
1960 4736 2151 4824 Qy'ttegt'
2181 4736 2232 4798 D
2258 4751 2387 4824 duos
2421 4736 2583 4824 libros
2616 4736 2693 4824 ile
2723 4750 2905 4824 Gratia
2939 4753 3031 4806 Dei
3069 4764 3117 4824 et
3160 4736 3409 4805 humana"
3442 4736 3633 4808 mentis

572 4812 641 4866 Κ.
666 4811 737 4864 Ν.
764 4812 987 4865 Dnctum
1013 4810 1109 4863 ida
1138 4824 1285 4863 more
1308 4824 1434 4863 usus
1453 4809 1770 4879 quotidiani.
1802 4813 1932 4868 Nam
1959 4809 2147 4871 iisdem

570 4883 815 4936 formulis
840 4882 891 4935 iu
914 4881 1225 4947 quotidiana
1246 4894 1534 4949 congressu
1557 4880 1909 4950 digressoque
1935 4884 2149 4941 υιεδειιιο

572 4965 677 5007 ιιιιε.
705 4952 1073 5026 βτωοιςξὶαῖρε
1100 4954 1441 5026 καὶλΐγὶαινε,
1469 4962 1629 5026 ιιιοει
1650 4954 1700 5005 in
1733 4952 2001 5008 Hadriano
2029 4957 2150 5010 Dio—

568 5026 673 5077 nis.
703 5021 1156 5096 l’lntarchus'mpi
1177 5021 1487 5096 ἀδολεσχίας
1504 5023 1581 5096 Ade
1608 5026 1875 5096 augusto;
1905 5028 1993 5094 qui
2022 5028 2148 5081 Ful-

567 5096 691 5156 vin,
741 5098 863 5148 cdm
922 5093 1125 5145 temere
1157 5093 1339 5146 nescio
1391 5094 1515 5160 quid
1570 5093 1881 5159 etl'utiisset,
1914 5093 2151 5153 venienti

571 5165 827 5235 postridie
848 5162 1156 5225 ac‘diceuti,
1188 5164 1295 5216 Ave
1324 5161 1524 5227 Cmsar,
1546 5162 1674 5216 Vale
1708 5165 1882 5231 Fulvi,
1924 5182 2149 5235 respon-

568 5235 678 5287 dit:
706 5234 953 5293 Ἐλθόντος
982 5236 1147 5295 ἕωθεν,
1175 5236 1241 5292 ὡς
1264 5235 1422 5287 εἰώθει
1448 5241 1537 5289 τοῦ
1566 5235 1808 5289 Φουλϐίου
1834 5238 1961 5297 πρὸς
2000 5234 2149 5294 nam

568 5310 653 5379 mi
676 5306 925 5379 sinon-0;,
956 5312 1133 5378 Χαῖρε,
1159 5313 1377 5379 Καῖσαρ,
1411 5308 1642 5379 ξΥγξαινε,
1661 5303 1808 5379 λεῖπε,
1841 5294 2063 5362 Φόύλϐιε.

641 5374 669 5413 δ
704 5376 846 5429 Duos
874 5374 1067 5436 libros,
1106 5385 1157 5426 ιιι
1193 5374 1446 5426 cardinali
1481 5376 1710 5428 Baronio
1742 5379 1912 5430 visum
1938 5390 2038 5437 est.
2082 5381 2149 5435 de

567 5446 748 5500 Gratia
794 5445 883 5498 Dei
930 5453 984 5498 et
1030 5446 1273 5497 humana:
1320 5445 1515 5498 utentis
1556 5445 1747 5499 Libero
1791 5450 2045 5503 Arbitrio.
2076 5450 2151 5505 De

567 5517 652 5569 his
674 5517 815 5571 enim
852 5516 992 5581 loqui
1020 5518 1119 5566 hoc
1143 5515 1259 5567 loco
1280 5515 1555 5568 Sidonium
1586 5517 1765 5569 multis
1787 5521 1977 5572 astruit
2005 5530 2150 5574 tomo

568 5588 634 5660 Ἣ
671 5592 749 5660 Ait
792 5588 955 5660 alium
987 5585 1493 5660 ecclesiastieortnu.
1536 5587 1671 5660 Mihi
1706 5603 1833 5642 vero
1865 5606 1984 5643 cum
2014 5606 2148 5660 Opus

568 5658 669 5710 lioe
700 5657 877 5712 FanSti
909 5657 1198 5726 bipertitum
1226 5656 1314 5707 sub
1355 5656 1544 5724 dialogi
1590 5658 1872 5722 stt/innate,
1905 5665 1998 5713 sub
2028 5656 2149 5714 con-

567 5746 739 5781 sormn
774 5729 991 5782 t/tt'mate
1032 5726 1460 5795 qum/ripnrtitnnt
1503 5729 1662 5782 luisse
1707 5730 1935 5785 ςιΗὶιίιιρῐ
1986 5733 2143 5786 Sido-

571 5815 710 5871 nius,
745 5802 881 5868 quol
914 5814 1084 5867 neque
1109 5796 1194 5871 liis
1223 5797 1628 5871 duohnsttcttte
1668 5802 1758 5851 ulli
1804 5803 2046 5871 cuiquam
2078 5822 2142 5858 ex

571 5868 687 5921 aliis
737 5874 822 5938 qui
874 5879 1072 5923 restant
1108 5868 1285 5923 Fausti
1334 5868 1479 5922 libris
1510 5873 1824 5933 conveniat,
1882 5868 2144 5943 rcliquunt

2256 4820 2501 4874 Arbitrio.
2521 4840 2536 4871 t
2561 4822 2635 4875 De
2650 4823 2751 4881 liis,
2768 4823 2959 4891 inquit,
2975 4823 3113 4889 lnqui
3130 4824 3229 4876 hoc
3245 4824 3654 4879 locoSidoniutn
3673 4828 3850 4880 multis

2254 4894 2447 4965 astruit
2476 4902 2618 4965 torno
2638 4893 2701 4946 Vl
2728 4896 3011 4948 Annalium
3064 4893 3321 4947 Baronins
3342 4896 3650 4961 cardinalis,
3681 4912 3849 4965 neque

2255 4962 2397 5014 aliud
2416 4978 2509 5015 ros
2536 4964 2586 5015 in
2622 4965 2843 5035 reliquis
2874 4965 3050 5018 Fausti
3082 4964 3334 5033 operibus
3357 4965 3605 5020 videmus
3633 4971 3718 5022 cui
3740 4962 3849 5021 Inice

2260 5036 2437 5099 aptius
2471 5035 2813 5088 conveniant.
2838 5035 2971 5101 Quid
2996 5050 3125 5102 ergo
3148 5049 3323 5089 causa:
3346 5051 3441 5089 cur
3462 5051 3493 5089 a
3522 5037 3745 5091 Sidonio
3779 5050 3850 5091 tot

2258 5102 2823 5179 inll_(llb|l§_0l‘llcllllll‘:_
2841 5116 3251 5179 quosconstata
3278 5106 3515 5179 Gelasio,
3545 5107 3845 5179 Fulgentio.

2256 5176 2435 5239 Avito,
2486 5173 2751 5240 Carsario,
2787 5175 3038 5230 Facundo
3066 5185 3120 5229 et
3149 5176 3264 5229 aliis
3296 5178 3381 5229 vel
3430 5173 3740 5243 damnatos,
3769 5180 3848 5233 vel

2259 5245 2545 5298 contrariis
2562 5248 2723 5299 etiam
2748 5247 3104 5299 voluminibus
3131 5249 3432 5302 confutatos
3445 5249 3467 5297 ?
3482 5249 3552 5303 At
3572 5248 3847 5305 Sidonium

2260 5315 2473 5387 tliftieile
2506 5330 2610 5367 non
2636 5328 2716 5369 est
2742 5317 2928 5382 jndicii
2953 5319 3084 5371 alere
3114 5318 3435 5377 subducere.
3466 5320 3557 5387 qui
3584 5322 3766 5376 Fausti
3797 5323 3844 5374 in
3902 5338 3913 5354 δ

2262 5383 2365 5459 hoc
2387 5401 2547 5459 opere
2577 5388 2869 5454 ingenium,
2902 5396 3093 5448 artem,
3151 5383 3514 5456 eloquentiam
3552 5392 3843 5459 praedicat,

2260 5457 2517 5508 doctrinm
2549 5459 2721 5523 capita
2749 5459 3149 5525 sententiasque
3200 5475 3306 5513 non
3334 5457 3567 5528 attingit.
3594 5462 3843 5516 Faustum

2261 5540 2390 5578 vero
2417 5566 2432 5590 ,
2465 5536 2515 5579 et
2548 5527 2590 5578 si
2621 5528 2707 5594 qui
2761 5537 2869 5581 tum
2904 5530 2955 5581 in
2987 5530 3176 5593 Gallia,
3204 5530 3341 5596 quod
3384 5527 3711 5587 disSimnlari
3745 5550 3843 5587 non

2262 5605 2457 5669 petest,
2490 5612 2608 5669 eum
2643 5612 2707 5649 eo
2738 5610 3043 5663 senserunt,
3075 5602 3254 5669 aliquo
3283 5602 3443 5654 modo
3469 5619 3733 5659 excuSare
3765 5618 3846 5657 ra-

2263 5666 2336 5740 tio
2368 5668 2451 5740 illa
2486 5667 2721 5733 videtur,
2776 5670 2916 5735 quod
2975 5682 3097 5723 ante
3146 5666 3408 5740 synodum
3461 5675 3842 5729 Arausieanam

2256 5738 2505 5815 vixerint,
2540 5740 2691 5815 Cujus
2742 5741 2950 5815 placitis
3005 5738 3242 5815 lieelesia
3276 5742 3548 5815 rtlclttCCpS
3596 5756 3840 5815 tanquam

2254 5822 2438 5860 IiOl‘llll
2462 5809 2738 5875 doctrinm,
2773 5811 3027 5864 adversus
3051 5809 3603 5882 Setnipelagianorum
3633 5809 3842 5871 errores

2260 5892 2350 5932 usa
2382 5889 2477 5933 est.
2520 5898 2535 5929 ι
2576 5912 2639 5919 -—
2674 5884 2925 5946 Bituitus,
2966 5885 2999 5935 I.
3030 5897 3103 5945 c.,
3135 5898 3290 5951 quem
3324 5886 3543 5941 consule
3572 5886 3698 5941 ibid.
