4072 6348
285 300 399 355 6ὶῦ

1529 298 2011 354 EPISTULARUM
2053 300 2177 355 LIB.
2222 300 2310 359 lx.

3464 310 3567 367 696

206 477 225 485 ο
281 422 423 464 tum.
450 410 577 475 Quae
609 423 692 462 me
731 424 855 464 vera
890 410 1091 464 sentire
1124 410 1253 464 satis
1287 411 1576 480 approbas,
1619 425 1740 464 cum
1779 420 1882 463 nec
1912 411 1961 469 Α
1988 412 2198 463 concuti
2264 412 2726 472 machinamentis.
2786 417 2917 472 Nam
2985 428 3274 476 sectatores
3336 436 3521 477 eorum
3548 465 3563 487 ,

282 504 528 561 olTensus
567 504 724 557 aliter
776 504 983 573 judico.
1045 504 1283 574 Denique
1351 504 1590 580 absentis
1657 505 1873 566 oratio.

278 605 547 664 quantum
574 595 877 662 apinamur,
909 597 1027 664 plus
1057 596 1240 665 nequit
1270 604 1539 659 Crescere,
1584 597 1688 650 nisi
1718 595 1877 651 forsi-

283 696 382 742 tan
408 685 608 758 aliquid
637 685 722 742 his
750 686 913 742 addat
932 702 1115 742 coram
1160 689 1428 758 loquentis
1466 689 1703 745 auctoris
1736 704 1838 746 vox
1859 731 1876 757 ,

279 797 504 848 manus,
537 788 737 847 motus,
767 780 958 851 pudor,
983 780 1200 836 artifex.
1233 782 1327 836 His
1353 782 1512 851 igitur
1541 783 1705 837 animi
1732 783 1876 839 litte-

277 889 577 945 rarumque
607 874 1123 943 dotibusfprreditus,
1153 873 1429 929 mulierem
1460 875 1760 943 pulchram,
1780 876 1875 930 sed

277 970 437 1037 illam
490 969 911 1024 Deuteronomio
938 969 1261 1037 astipulante
1296 970 1610 1034 nubentem,
1657 972 1877 1026 domine

277 1061 558 1130 papa,tibi
585 1060 818 1130 jugasti:
842 1075 999 1129 quam
1030 1071 1083 1114 tu
1111 1061 1519 1131 adhucjuvenis
1541 1062 1681 1118 inter
1709 1063 1878 1118 hosti-

277 1153 367 1208 les
393 1152 733 1221 conspicatus
754 1160 1019 1221 catervas,
1039 1161 1200 1222 atque
1227 1153 1335 1207 illic
1362 1153 1415 1207 in
1442 1154 1556 1208 acie
1589 1156 1877 1209 contrariae

280 1246 456 1314 partis
475 1244 774 1299 adamatam
794 1283 812 1312 ,
844 1243 978 1299 nihil
1028 1259 1125 1314 per
1151 1244 1426 1300 obstantes
1465 1246 1713 1315 repulsus
1738 1261 1878 1316 prm-

282 1337 511 1391 liatores
534 1334 788 1391 desiderii
814 1334 1039 1390 brachio
1060 1336 1309 1392 vincente
1337 1337 1584 1407 rapuisti.
1624 1338 1873 1393 Philoso-

280 1429 470 1498 phiam
494 1428 720 1494 scilicet,
746 1442 869 1498 quae
888 1427 1162 1483 violenter
1187 1443 1218 1483 e
1246 1444 1472 1484 numero
1491 1429 1874 1499 sacrilegarum

282 1522 483 1575 artium
513 1529 782 1588 exempta,
807 1534 930 1575 raso
950 1519 1146 1590 capillo
1168 1519 1453 1587 superﬂuae
1477 1520 1774 1590 religionis.
1814 1535 1876 1575 ac

285 1610 585 1680 supercilio
630 1610 870 1665 scientiae
915 1609 1218 1675 saecularis,
1268 1612 1662 1680 amputatisque
1689 1626 1877 1679 perve-

284 1712 553 1759 tustarum
586 1702 810 1756 vestium
842 1702 1008 1772 rugis,
1051 1701 1103 1756 id
1135 1710 1238 1769 est,
1265 1701 1430 1757 tristis
1458 1702 1752 1757 dialectica:
1781 1702 1873 1756 fle-

1983 500 2291 556 Christiano
2318 502 2554 574 dogmati
2580 521 2642 561 ac
2668 506 2853 563 sensui
2881 509 2927 563 si
2956 511 3403 581 repugnaverint,
3434 528 3565 568 mox

1982 602 2038 648 te
2066 594 2326 662 magistro
2357 595 2536 665 ligati,
2583 599 2888 654 vernaculis
2935 601 3287 670 implicaturis
3332 604 3386 658 in
3430 605 3566 659 retia

1981 698 2077 739 sua
2106 686 2407 755 praecipites
2454 688 2906 758 implagabuntur,
2943 692 3270 765 syllogismis
3295 702 3402 750 tuae
3441 710 3568 766 pro-

1984 779 2266 848 positionis
2292 781 2501 836 uncatis
2525 782 2815 839 volubilem
2844 786 3292 856 tergiversantum
3324 789 3561 860 linguam

1982 870 2418 938 inclamantibus,
2443 873 2568 929 dum
2597 876 2755 943 spiris
2794 877 3113 947 categoricis
3153 879 3387 936 lubricas
3415 895 3567 952 quaa-

1980 962 2185 1019 stiones
2213 973 2267 1019 tu
2302 965 2480 1034 potius
2511 966 2761 1033 innodas,
2792 969 2997 1025 acrium
3029 983 3179 1026 more
3210 970 3566 1040 medicorum,

1980 1057 2069 1126 qui
2100 1057 2399 1113 remedium
2432 1069 2621 1114 contra
2651 1060 2814 1132 266
2842 1078 3070 1131 venena,
3099 1078 3222 1120 cum
3254 1066 3394 1120 ratio
3414 1081 3566 1120 com-

1983 1149 2154 1218 pellit,
2182 1159 2237 1204 et
2259 1149 2327 1205 de
2349 1162 2601 1219 serpente
2628 1153 2941 1207 coniiciunt.
2970 1153 3078 1208 Sed
3112 1153 3215 1210 hoc
3240 1156 3568 1223 temporibus

1982 1241 2120 1311 istis,
2148 1243 2247 1298 sub
2264 1252 2368 1297 tua:
2392 1253 2595 1297 tantum
2620 1246 2701 1298 vel
2728 1246 3183 1315 contemplatione
3200 1249 3564 1311 conscientias,

1982 1332 2067 1387 vel
2098 1332 2293 1388 virtute
2319 1333 2601 1389 doctrinae.
2654 1334 2783 1390 Nam
2830 1337 2952 1405 quis
2980 1338 3171 1407 aequali
3212 1339 3434 1410 vestigia
3479 1351 3568 1394 tua

1984 1422 2301 1492 insequatur
2329 1439 2518 1493 gressu
2543 1442 2558 1491 ;
2587 1427 2671 1480 cui
2700 1426 2886 1482 datum
2918 1436 3002 1482 cst
3028 1428 3149 1493 soli,
3189 1430 3333 1499 loqui
3375 1431 3567 1485 melius

1984 1530 2145 1583 quam
2159 1516 2434 1581 didiceris,
2454 1520 2634 1573 vivere
2648 1519 2837 1575 melius
2849 1536 3008 1589 quam
3026 1521 3295 1592 loquaris?
3308 1521 3567 1588 Quocirca

1983 1611 2177 1664 merito
2206 1611 2651 1666 tebeatissimum
2682 1612 2805 1667 boni
2836 1629 3046 1679 omnes,
3077 1613 3235 1684 idque
3264 1630 3423 1684 supra
3450 1630 3566 1669 om-

1984 1716 2079 1757 nes
2110 1710 2196 1756 tua
2226 1713 2543 1772 tempestate
2581 1705 3035 1761 concelebrabunt
3066 1725 3078 1759 :
3109 1709 3265 1776 cujus
3295 1708 3364 1762 ita
3408 1709 3567 1763 dictis

285 1797 478 1863 xihus,
510 1794 643 1848 falsa
680 1808 891 1848 morum
937 1800 994 1847 et
1038 1792 1222 1847 illicita
1269 1792 1605 1858 velantibus,
1639 1793 1867 1863 mystico
1896 1785 1946 1847 Β
1974 1792 2080 1847 vita
2120 1793 2383 1864 factisque
2413 1795 2698 1863 dupliciter
2728 1797 2999 1864 inclaruit,
3042 1807 3099 1852 ut
3132 1799 3567 1869 quandoquidem

285 1887 544 1956 amplexu
564 1885 673 1955 jam
694 1882 950 1939 defaecata
977 1892 1152 1940 tecum
1172 1884 1413 1938 membra
1429 1884 1730 1951 conjunxit.
1751 1884 1878 1939 "tet:

284 1980 357 2032 ab
389 1978 545 2032 annis
570 1986 745 2032 vestra
774 1975 886 2044 jam
912 1973 1111 2030 dudum
1160 1974 1481 2045 pedissequa
1510 1976 1874 2045 primoribus;

288 2070 413 2125 haec
438 2080 529 2125 tuo
560 2068 709 2123 lateri
732 2082 915 2123 comes
945 2067 1354 2137 inseparabilis,
1386 2067 1502 2123 sive
1532 2068 1585 2122 in
1615 2068 1876 2137 palaestris

287 2158 624 2217 exercereris
646 2157 885 2223 urbanis,
916 2157 1037 2213 sive
1061 2157 1111 2211 in
1135 2157 1401 2214 abstrusis
1426 2172 1763 2214 macerarere
1787 2174 1877 2214 so-

290 2251 638 2308 litudinibus:
678 2250 791 2304 haec
816 2248 1045 2303 athenazi
1070 2247 1229 2319 265
1251 2262 1499 2313 consors,
1545 2248 1660 2303 haec
1690 2265 1875 2304 mona-

293 2344 488 2407 sterii,
523 2351 697 2397 tecum
754 2339 1051 2395 mundanas
1102 2338 1355 2403 abdicat,
1389 2348 1563 2395 tecum
1612 2355 1875 2410 supernas

289 2430 904 2505 praedicatdisciplinas.
937 2430 1073 2485 Huic
1101 2430 1404 2500 copulatum
1449 2442 1501 2486 te
1528 2432 1872 2488 matrimonio

288 2527 379 2595 qui
418 2522 793 2586 lacessiverit,
842 2522 1039 2576 sentiet
1086 2520 1344 2576 Ecclesiae
1386 2521 1584 2578 Christi
1634 2523 1872 2581 Platonis

287 2615 635 2672 Academiam
680 2612 939 2681 militare,
995 2621 1157 2682 teque
1200 2613 1437 2670 nobilius
1480 2611 1869 2687 philosophari.

288 2708 550 2773 Primum,
578 2705 901 2761 ineﬂ‘abilem
940 2705 1032 2761 Dei
1075 2705 1249 2760 Patris
1276 2720 1522 2762 asserere
1542 2722 1666 2763 cum
1695 2710 1869 2765 sancti

285 2801 517 2871 Spiritus
570 2800 869 2855 teternitate
909 2796 1246 2867 sapientiam.
1281 2798 1417 2854 Tum
1449 2810 1707 2869 praeterea
1759 2816 1867 2857 non

286 2892 567 2947 emsariem
597 2904 840 2960 pascere,
868 2902 1043 2959 neque
1073 2890 1234 2959 pallio
1260 2899 1352 2946 aut
1383 2892 1557 2960 clava,
1590 2896 1731 2951 velut
1774 2912 1868 2952 so-

288 2985 536 3055 phisticis
559 2984 869 3054 insignibus,
889 2981 1128 3052 gloriari,
1156 2992 1248 3037 aut
1274 2983 1527 3041 affectare
1547 2986 1615 3043 de
1640 2990 1865 3045 vestium

182 3124 193 3137 ,
286 3078 615 3132 discretione
665 3075 1009 3145 superbiam,
1062 3075 1235 3131 nitore
1285 3090 1578 3146 pompam,
1619 3081 1867 3149 squalore

1983 1894 2104 1937 tuos
2134 1892 2160 1920 ³
2189 1898 2360 1939 annos
2382 1885 2492 1954 jam
2521 1885 2743 1940 dextera
2776 1890 3159 1953 numeraverit,
3191 1890 3389 1944 saeculo
3419 1904 3558 1958 pra:-

1980 1975 2185 2031 dicatus
2212 1984 2302 2030 tuo
2321 2020 2334 2045 ,
2366 1976 2752 2031 desiderandus
2780 1978 2959 2034 alieno
2978 2019 2992 2043 ,
3022 1988 3249 2050 utraque
3278 1980 3565 2035 laudabilis

1978 2068 2189 2123 actione
2217 2066 2468 2132 decedas,
2492 2078 2544 2123 te
2573 2069 2858 2125 relicturus
2879 2073 3142 2139 externis,
3168 2082 3253 2127 tua
3279 2074 3557 2143 proximis.

1978 2159 2183 2216 Memor
2210 2160 2378 2215 nostri
2407 2176 2529 2217 esse
2555 2162 2793 2231 dignare.
2824 2163 3039 2221 domine
3083 2181 3238 2236 papa.

2550 2252 2886 2309 EPISTOLA
2928 2255 2968 2309 X
2982 2295 2994 2308 .

2108 2342 2355 2397 Sidonius
2382 2342 2588 2396 domino
2621 2359 2769 2413 papa
2806 2342 2834 2382 1³
2864 2344 3161 2413 Aprunculo
3188 2336 3427 2401 salutem.
3497 2396 3517 2412 ,

2050 2434 2300 2489 Reddidit
2320 2434 2413 2489 tibi
2429 2434 2686 2504 epistolas
2702 2450 2867 2501 meas,
2892 2452 3053 2507 quem
3076 2438 3209 2494 mihi
3232 2449 3350 2493 tuas
3370 2440 3568 2497 oﬂ‘erre

1976 2543 2073 2598 par
2102 2526 2276 2581 fuerat
2316 2544 2330 2582 :
2376 2543 2498 2582 nam
2530 2527 2697 2583 frater
2727 2539 2909 2585 noster
2936 2529 3250 2598 Caelestius,
3293 2548 3462 2603 nuper
3497 2535 3565 2590 ad

1975 2628 2029 2673 te
2063 2633 2316 2674 reversus
2371 2630 2394 2659 ο
2436 2619 2505 2674 de
2548 2619 2879 2685 Biterrensi,
2910 2622 3179 2690 quoddam
3227 2624 3362 2679 mihi
3404 2640 3569 2696 super

1973 2719 2118 2765 statu
2136 2711 2379 2780 injuriosi
2407 2712 2577 2767 nostri
2598 2713 2865 2768 vinculum
2888 2715 3148 2771 cessionis
3171 2716 3375 2772 elicuit.
3406 2718 3563 2786 Quod

1971 2799 2186 2869 quidem
2230 2801 2457 2870 scripsi,
2506 2816 2612 2856 non
2644 2802 2821 2859 minus
2868 2814 2955 2859 tua
3002 2808 3322 2862 verecundia
3366 2809 3567 2865 fractus

1972 2908 2131 2962 quam
2180 2894 2473 2949 voluntate.
2521 2894 2761 2964 Namque
2810 2912 2908 2952 nos
2960 2897 3103 2953 ultro
3154 2911 3335 2955 vestro
3375 2888 3567 2970 pudori

1976 2984 2132 3054 quasi
2158 2985 2474 3054 quibusdam
2510 2986 2736 3055 pedibus
2766 2988 3009 3058 obsequii
3047 2990 3229 3045 decuit
3255 3001 3562 3052 occurrere.

1977 3074 2241 3139 Quocirca
2274 3090 2361 3129 me
2390 3090 2603 3145 quoque
2634 3075 2849 3131 volente
2895 3078 3107 3145 posside
3137 3080 3438 3150 indultum,
3471 3086 3569 3141 sed

287 3168 599 3238 iactantiam
630 3184 643 3219 :
677 3181 849 3235 neque
898 3173 951 3220 te
997 3166 1129 3220 satis
1170 3168 1268 3220 hoc
1294 3168 1558 3235 aemulari,
1587 3170 1729 3239 quod
1776 3187 1872 3241 per
1899 3150 1948 3215 ι
1980 3164 2303 3229 liberaliter;
2346 3182 2447 3220 nec
2470 3168 2655 3231 θυίων
2688 3178 2743 3221 υι
2774 3167 3047 3236 suspicor.
3080 3171 3196 3240 ριυε
3234 3173 3434 3243 aliquid
3463 3174 3568 3231 hoc

288 3262 573 3330 gymnasia
622 3258 903 3328 pingantur
960 3256 1335 3327 AreOpagitica
1376 3260 1460 3314 vel
1515 3261 1873 3332 Prytaneum,

291 3368 461 3410 curva
486 3353 692 3409 cervice
713 3352 1029 3422 Zeusippus,
1054 3354 1251 3409 Aratus
1282 3354 1477 3422 panda,
1499 3356 1680 3413 Zenon
1703 3358 1877 3414 fronte

288 3460 595 3516 contracta,
628 3452 889 3520 Epicurus
928 3458 1052 3505 cute
1096 3450 1359 3516 distenta,
1400 3451 1667 3522 Diogenes
1709 3456 1873 3511 barba

288 3556 564 3609 comante,
590 3544 837 3599 Socrates
858 3558 1012 3598 coma
1033 3542 1280 3611 cadente,
1302 3543 1630 3601 Aristoteles
1653 3546 1876 3603 brachio

288 3646 541 3703 exserto,
575 3636 902 3693 Xenocrates
932 3651 1089 3691 crure
1113 3636 1370 3706 collecto,
1400 3638 1701 3695 Heraclitus
1748 3642 1872 3697 ﬂetu

289 3730 469 3784 oculis
499 3728 717 3794 clausis,
757 3727 1090 3781 Democritus
1121 3728 1232 3782 risu
1264 3728 1428 3785 labris
1457 3732 1679 3799 apertis,
1702 3729 1873 3804 Chryo

290 3824 480 3891 sippus
506 3821 686 3890 digitis
708 3833 930 3891 prepter
951 3835 1293 3875 numerorum
1326 3812 1520 3877 indicia
1544 3826 1870 3898 constrictis,

292 3912 549 3967 Euclides
578 3920 799 3981 propter
838 3926 1211 3986 megsurarum
1243 3912 1413 3981 spatia
1446 3913 1656 3979 laxatis,
1680 3914 1874 3972 Clean-

292 4004 417 4059 thes
447 4010 662 4071 propter
692 4011 977 4070 utrumque
1014 4002 1266 4057 corrosis.
1312 4005 1447 4069 Quin
1490 4006 1667 4072 potius
1716 4023 1875 4075 expe-

292 4095 465 4150 rietur
504 4094 734 4163 quisque
759 4093 1082 4159 conflixerit,
1110 4092 1344 4159 Stoicos,
1376 4094 1628 4166 Cynicos,
1662 4097 1882 4168 Peripa-

293 4188 513 4255 teticos,
534 4187 940 4253 haeresiarchas,
960 4186 1193 4257 propriis
1213 4188 1399 4253 armis,
1420 4191 1647 4257 propriis
1665 4208 1878 4264 quoque

374 4337 400 4366 ι
438 4327 709 4383 Iuvenalis
736 4325 897 4383 satira
929 4343 989 4393 κ,
1016 4326 1084 4380 de
1109 4326 1329 4381 Nestore
1356 4346 1366 4379 :

424 4422 589 4483 Atque
611 4432 725 4471 suos
746 4419 843 4482 jam
867 4419 1039 4469 dextra
1072 4424 1316 4481 computat
1340 4432 1511 4470 annos.

299 4506 514 4563 Dictum
566 4520 627 4557 ex
676 4502 1064 4558 consuetudine
1092 4514 1364 4569 veterum,
1420 4504 1508 4571 qui
1553 4507 1702 4561 vario
1744 4512 1882 4566 llexu

299 4577 590 4645 digitorum
620 4588 873 4645 numeros
914 4572 1223 4645 indicabant
1246 4592 1279 4645 ξ
1317 4589 1451 4641 quos
1482 4584 1886 4645 supputatorins

301 4643 589 4716 digitorum
634 4643 922 4716 gesticulos
968 4643 1195 4711 appellat
1242 4643 1625 4716 Tertullianus.
1689 4649 1877 4707 Totam

301 4712 830 4808 ariemLinter'JBer‘lae
878 4728 1051 4808 operit.
1083 4715 1453 4808 complectitur
1493 4717 1697 4772 libellus
1721 4762 1753 4808 ἶ.
1789 4725 1877 4803 qui
1910 4748 1959 4808 υ

302 4784 617 4858 inscribitur
645 4786 711 4839 de
757 4784 963 4855 loquela
1000 4783 1309 4858 digitorum.
1342 4784 1518 4838 Laeva:
1542 4803 1670 4858 ergo
1704 4783 1880 4857 digitis

303 4873 477 4927 usque
506 4856 573 4909 ad
598 4854 1182 4927 centumgnumerabant
1200 4871 1218 4927 Δε
1253 4854 1305 4927 in
1326 4854 1626 4927 centesimo
1648 4861 1711 4912 ad
1751 4854 1878 4916 ilex.

303 4922 444 4983 train
472 4927 784 4981 transibant.
812 4925 1166 4994 Hieronymus
1199 4924 1250 4978 in
1280 4922 1614 4980 Joviniannm
1651 4932 1666 4981 l
1705 4949 1717 4983 :
1750 4932 1880 4984 Cen-

305 5000 515 5055 tesimus
559 5013 803 5051 numerus
845 5012 877 5047 α
918 4995 1120 5048 sinistra
1152 4994 1458 5060 transfertur
1499 5000 1565 5049 ml
1594 4999 1878 5056 dexteram.

305 5072 563 5125 Faustum
590 5066 752 5139 igitur
791 5064 1134 5135 grandazvum
1165 5066 1333 5139 innuit
1363 5063 1527 5119 fuisse
1562 5086 1573 5119 :
1609 5086 1711 5122 non
1739 5074 1880 5139 quod

304 5158 363 5196 re
398 5153 523 5209 vera
552 5138 903 5209 centesimum
932 5151 1130 5189 annum
1172 5136 1427 5209 attigisSet
1462 5154 1473 5188 :
1504 5147 1585 5191 est
1610 5136 1768 5193 enim'
1790 5145 1885 5209 by-

304 5208 551 5278 perbole,
591 5208 684 5263 sed
726 5208 895 5261 multo
924 5206 1280 5262 verecundior
1323 5221 1478 5274 quam
1531 5208 1671 5261 illum
1701 5206 1885 5265 Nicar-

302 5282 391 5361 chi
425 5289 596 5349 poetae
625 5279 677 5332 in
705 5278 1021 5361 Cotyttarim
1048 5294 1209 5332 anum
1228 5318 1244 5343 ,
1285 5292 1442 5359 quam
1466 5279 1540 5331 ait
1563 5294 1734 5361 annos
1761 5297 1886 5335 suos

304 5348 503 5405 iterum
534 5364 697 5404 manu
723 5348 939 5403 sinistra
985 5364 1268 5403 numerare
1290 5349 1517 5416 cmpisse
1549 5366 1563 5403 ε
1596 5352 1735 5416 quod
1774 5362 1883 5405 tum

307 5421 495 5487 tit-bat,
546 5417 668 5476 eum
697 5418 762 5475 ad
793 5419 978 5475 decem
1023 5420 1186 5475 millia
1216 5429 1589 5490 pervenerant.
1626 5421 1713 5477 Sic
1743 5423 1886 5476 enim

306 5491 454 5548 canit
478 5509 491 5543 :

417 5605 472 5664 Ἦ
497 5606 619 5678 φάος
649 5605 923 5681 ἁθρήσςασα
956 5606 1538 5681 s'ldppu_1rléov,n'__zspi
1567 5606 1675 5679 λαιῇ

524 5684 690 5749 Γῆρας
713 5675 1294 5752 ἆριθμιῐσθαίδεύτερον
1318 5675 1589 5750 ἀρξαμὶνη.

435 5788 557 5851 Qua
580 5787 713 5844 soles
733 5789 854 5845 vidit
876 5787 1043 5851 plures
1070 5801 1213 5852 quam
1236 5800 1428 5851 cervus,
1455 5794 1507 5841 et
1527 5799 1680 5841 annos

1258 5950 1273 5955 -
1348 5932 1566 5958 ._."~1

1982 3273 2179 3328 genere
2226 3259 2400 3314 solatii
2433 3260 2518 3314 vel
2548 3260 2666 3329 ipse
2691 3262 2949 3330 quaesisti.
2998 3263 3171 3329 Quem
3210 3266 3405 3323 litteris
3449 3269 3568 3323 istis

1984 3366 2091 3406 non
2139 3352 2615 3408 commendatoriis
2667 3355 2845 3408 minus
2894 3370 3053 3424 quam
3084 3357 3403 3428 refusoriis,
3458 3360 3565 3429 jam

1985 3445 2222 3516 placatus
2262 3446 2474 3501 insinuo
2521 3465 2534 3500 :
2584 3449 2663 3500 sic
2708 3457 2883 3503 tamen
2928 3456 2987 3502 ut
3035 3449 3128 3505 tibi
3158 3450 3415 3518 assistat,
3470 3453 3569 3508 tibi

1986 3547 2203 3608 pareat,
2233 3546 2287 3594 te
2315 3549 2597 3609 sequatur;
2646 3549 2806 3610 atque
2836 3541 2993 3612 267
3026 3550 3084 3596 ut
3130 3543 3173 3596 si
3216 3545 3569 3612 permanserit

1984 3643 2158 3688 tecum
2185 3674 2200 3699 ,
2247 3634 2421 3688 neutri
2455 3644 2694 3687 nostrutn
2731 3633 3002 3700 iudicetur
3042 3633 3305 3700 famulus;
3348 3637 3393 3690 si
3430 3620 3599 3692 forte.

1982 3725 2306 3789 discesserit,
2335 3736 2606 3794 quaeratur
2630 3725 2839 3794 utrique
2860 3724 3132 3795 fugitivus.
3162 3724 3387 3782 Memor‘
3392 3728 3563 3783 nostri

1982 3833 2102 3873 esse
2130 3818 2371 3888 dignare,
2408 3817 2625 3871 domine
2658 3831 2812 3885 papa.

2538 3927 2866 3982 EPISTULA
2909 3928 2996 3982 ΧΙ.

2198 4020 2443 4075 Sidonius
2473 4019 2679 4072 domino
2710 4035 2856 4089 papa:
2884 4017 2910 4055 α
2942 4017 3090 4087 Lupo
3115 4019 3349 4074 salutem.

2058 4113 2283 4181 PrOpter
2331 4111 2569 4165 libellum
2610 4126 2767 4179 quem
2801 4126 2906 4163 nun
2955 4110 3019 4164 ad
3069 4125 3165 4165 vos
3197 4114 3365 4181 magis
3405 4126 3566 4182 quam

1984 4220 2079 4275 per
2110 4220 2205 4259 vos
2235 4203 2456 4259 missum
2485 4202 2741 4273 putastis,
2772 4203 3052 4272 epistolam
3082 4212 3316 4257 vestram
3350 4219 3455 4259 non
3498 4204 3567 4259 ad

2178 4345 2203 4394 J
2209 4358 2283 4395 am
2309 4343 2441 4395 laevae
2463 4354 2655 4393 rursum
2675 4346 2921 4403 computat
2941 4338 3171 4389 articulis.

2064 4470 2090 4507 ι)
2121 4470 2514 4524 Andemantuni
2566 4467 2862 4537 Lingonum
2905 4465 3186 4537 episcopo,
3224 4466 3313 4537 cui
3344 4474 3527 4537 postea
3552 4510 3567 4532 ,

1991 4556 2112 4595 cum
2151 4542 2422 4596 Arvernos
2461 4539 2642 4595 relicta
2673 4534 3125 4604 Burgundionum
3170 4534 3297 4587 odio
3347 4535 3570 4604 pristina

1992 4613 2119 4666 sede
2171 4613 2453 4681 migrasset
2478 4650 2492 4674 ,
2532 4608 2840 4663 cathedram
2880 4622 3031 4661 suum
3056 4605 3310 4660 Sidonius
3336 4607 3571 4661 moriens

1990 4683 2226 4736 reliquit.

2060 4699 2371 4805 lc'ql‘tiitetiam
2403 4750 2452 4804 id
2495 4765 2689 4802 nomen
2739 4747 2993 4814 scriptum
3035 4748 3129 4802 lib.
3173 4762 3283 4813 vin,
3324 4748 3483 4816 epist.
3513 4749 3568 4801 4.

1985 4822 2187 4896 _Gr:rcis
2214 4827 2470 4896 βαίτερίει,
2500 4820 2641 4896 quod
2682 4819 2899 4896 propius
2925 4818 3152 4896 accedit“
3174 4819 3264 4896 ad
3289 4820 3567 4896 antiquam

1986 4888 2387 4961 inscriptionem
2418 4888 2814 4961 Narbonensem
2841 4934 2854 4954 ,
2889 4890 2940 4941 in
2987 4904 3088 4957 qua
3120 4888 3415 4957 Septimani
3458 4888 3571 4942 Ban-

1988 4960 2254 5017 tcrrrtisrs
2284 4963 2385 5015 hoc
2409 4960 2566 5015 modo
2584 4960 2694 5030 99
2722 4962 2995 5029 leguntur:

2506 5115 2575 5170 Μ.
2621 5114 2774 5169 lucto
2805 5115 3053 5168 Ριιιιιριιο

2549 5200 2870 5239 Νοωιιδεηιο
2907 5199 3016 5237 σεε

2496 5271 2715 5310 PHINCIPI
2757 5270 3076 5309 JUVENTUTIS

2569 5332 2572 5335 λ
2597 5343 2711 5381 sse.
2748 5341 2989 5379 serena.

2067 5491 2090 5523 "
2127 5489 2389 5557 Episcopo
2418 5486 2723 5557 Tricassino
2743 5484 2808 5537 ad
2833 5497 2993 5557 quem
3015 5497 3135 5557 cum
3160 5480 3574 5557 prmcedciitiiiiii

1999 5553 2256 5614 librorum
2282 5558 2528 5610 volumen
2573 5554 2808 5609 misisset
2847 5569 2907 5607 ea
2950 5555 3064 5622 lege
3104 5553 3379 5613 Sidonius,
3414 5562 3467 5603 ut
3510 5554 3575 5602 τιιι

1999 5632 2159 5684 :iliunt
2195 5637 2376 5696 postea
2402 5625 2685 5696 quemdam
2728 5625 3034 5693 episcopum
3064 5623 3412 5696 perferretur,
3445 5638 3574 5696 que-

2001 5691 2222 5768 stusque
2263 5697 2363 5751 hoc
2401 5691 2617 5751 nomine
2645 5691 2823 5764 Lupus
2852 5702 3023 5760 esset,
3055 5692 3180 5748 facti
3222 5691 3433 5761 culpam
3480 5694 3576 5748 bac

1999 5771 2225 5841 epistola
2247 5769 2584 5839 deprecatur.
