4072 6348
489 157 592 211 697

1754 145 1994 198 SIDONII
2036 139 2487 200 APOLLINARIS

3649 150 3767 202 8‘23

488 292 572 328 tne
601 273 768 342 magis
791 287 946 340 quam
968 271 1016 322 iu
1038 285 1121 321 me
1143 267 1387 333 sctiptatn
1419 263 1613 329 recepi.
1641 261 1717 314 Ad
1741 262 2059 330 exprobrata
2094 263 2137 320 Α
2172 272 2302 313 tatas
2325 307 2336 327 ,
2385 262 2542 330 269
2572 263 2874 328 frequenter
2910 262 3239 314 illustran'ur
3273 262 3478 314 aliemc.
3513 263 3645 315 lllttd
3675 264 3770 316 his

492 366 789 437 respondeo
819 379 911 434 pro
941 362 1190 428 mquitate
1215 371 1388 410 causae
1409 397 1421 417 .
1479 371 1579 415 non
1613 369 1710 421 pro
1759 353 2065 421 aequalitate

493 459 757 514 facundia:
790 475 801 510 :
841 467 1140 522 onanquam
1181 450 1300 516 quis
1329 463 1468 502 nunc
1496 460 1628 513 ego,
1677 455 1767 500 aut
1797 453 2028 513 quantus
2050 485 2064 507 ,

471 525 758 618 quiia'gere
775 557 1091 616 prmsumam
1117 541 1265 592 vobis
1290 536 1673 610 imputantibus
1701 535 2067 592 innocentem?

467 640 751 706 ⁵Οιιοριτυει
783 635 976 690 delicto
1019 633 1172 696 huic,
1203 631 1729 699 quantulumcunque
1771 636 1887 688 est,
1931 629 2068 680 inter

476 728 748 800 principia
806 725 1086 782 confestim
1140 723 1384 792 supplico
1443 720 1682 790 ignosci,
1751 720 2066 775 difﬁdentiae

471 831 725 884 _tantuttt,
757 833 859 878 non
903 825 956 870 et
986 816 1249 889 superbia;
1281 814 1452 868 fassus
1495 826 1755 866 errorem.
1789 811 1919 864 Nam
1947 824 2066 864 cum

493 911 621 968 mihi
667 909 812 978 rigor
842 923 1084 976 censura:
1118 918 1219 962 tua:
1253 907 1299 958 in
1332 906 1521 960 litteris
1551 920 1698 972 teque
1745 913 1801 956 ιιι
1832 904 2068 956 moribus

473 987 557 1069 ist
605 1002 937 1064 ambifariam
993 998 1515 1060 contretniscendns,
1571 997 1739 1056 fateor
1790 1005 1965 1048 tamen
2015 996 2064 1048 in

473 1094 773 1162 vvoluminis
801 1093 965 1162 ipsius
993 1092 1275 1161 operisque
1301 1099 1558 1152 reseratu,
1587 1089 1727 1144 illam
1753 1090 1878 1140 mihi
1905 1083 2069 1141 fuisse

495 1189 609 1251 phis
640 1184 828 1247 oneri,
873 1197 1032 1254 quam
1068 1181 1396 1249 pt‘tntenditis
1443 1181 1736 1233 caritatem.
1789 1179 1895 1250 Nec
1937 1180 2067 1232 citra

493 1279 688 1347 justum
752 1276 847 1328 ista
908 1274 1133 1342 coniicio
1189 1292 1201 1326 :
1261 1273 1692 1341 quandoquidem
1763 1272 2066 1326 mortalium

499 1369 762 1438 mentibus
795 1367 875 1419 vis
906 1366 1017 1418 btcc
1049 1365 1362 1424 naturalitus
1395 1365 1549 1431 inest,
1581 1374 1637 1416 ut
1666 1365 1707 1422 si
1734 1365 1855 1432 quid
1883 1380 2069 1433 perpe-

496 1477 607 1514 ram
653 1460 779 1523 fiat,
830 1459 1004 1520 minus
1035 1458 1339 1522 indulgeant
1381 1457 1496 1524 plus
1523 1457 1700 1508 amici.
1741 1456 2068 1531 Scripseram

484 1553 712 1618 librum,
741 1555 876 1604 sicut
903 1550 1274 1619 pronuntiatis,
1309 1550 1514 1610 ulcnnm
1540 1561 1896 1626 onustamque
1926 1561 2071 1611 vario

2167 357 2354 421 jttitge,
2389 357 2525 417 quod
2549 355 2590 407 si
2621 354 2743 420 qttid
2782 355 2850 406 ibi
2884 357 2964 405 vel
3001 356 3289 406 causaliter
3319 357 3492 422 plaeet
3519 399 3533 417 ,
3581 365 3636 408 ut
3663 373 3767 422 per

2170 445 2451 498 consilium
2487 461 2659 497 meum
2707 445 2955 498 lectitas:
2991 445 3079 498 ille
3111 447 3429 513 quandoque
3466 462 3561 512 per
3597 447 3766 499 bene—

2171 539 2344 592 ficium
2379 547 2559 600 tuum;
2591 539 2677 605 qui
2733 537 3035 590 munusculi
3084 540 3185 591 mei
3222 540 3486 592 incassum
3538 555 3765 606 pressus

2171 630 2390 692 invidia,
2423 629 2646 682 necdum
2681 631 2745 681 ad
2781 629 3082 685 facultatem
3119 630 3365 697 legendi,
3403 641 3456 684 ut
3487 634 3762 699 suspicor,

2171 722 2334 779 venit,
2366 735 2484 772 eum
2511 719 2620 786 jam
2654 719 2742 772 diu
2770 721 2882 788 ipse
2916 721 3226 786 perveneris
3249 720 3313 773 ad
3340 722 3545 789 copiam
3575 733 3763 776 trans-

2171 812 2399 866 ferendi.
2451 813 2580 877 Aio,
2628 822 2876 879 tanquam
2910 827 3012 866 non
3045 815 3114 866 sit.
3143 811 3170 851 Β
3201 813 3557 882 bolographas
3590 831 3766 868 mem-

2173 902 2367 956 branas
2412 901 2801 962 arbitraturus;
2833 903 2877 954 si
2909 913 3085 955 tatnen
3117 904 3258 970 quod
3290 912 3413 957 ante
3446 920 3727 969 percurras
3747 945 3762 964 ,

2173 995 2251 1048 vel
2283 996 2554 1060 exemplar
2583 995 2846 1061 acceperit
2883 1011 2892 1044 :
2930 1009 3102 1060 neque
3142 995 3284 1046 enim
3326 993 3377 1046 in
3411 994 3472 1046 iis
3501 1009 3620 1062 quae
3649 1007 3764 1046 tra-

2169 1083 2398 1138 ctaveris
2431 1084 2534 1136 ulla
2567 1085 2865 1151 culpabitur
2888 1094 2976 1137 aut
2999 1083 3401 1137 distinctionum
3432 1086 3642 1151 raritas,
3663 1096 3764 1139 aut

2169 1177 2468 1244 frequentia
2501 1177 2976 1229 barbarismorum.
3003 1176 3207 1243 Nempe
3231 1177 3294 1232 ad
3327 1186 3625 1231 extremum
3662 1194 3764 1247 pa-

2173 1266 2275 1318 lam
2301 1265 2508 1320 vidctur
2528 1267 2688 1320 etiam
2714 1267 2803 1319 tibi
2835 1268 3147 1321 transmissa
3178 1269 3495 1337 proprietas.
3522 1270 3604 1322 cui
3628 1285 3763 1323 usus

2174 1359 2374 1425 absque
2423 1359 2675 1425 temporis
2708 1358 2794 1410 fixi
2830 1357 3235 1426 praescriptione
3265 1362 3608 1413 transmissus
3641 1370 3761 1422 est,

2179 1451 2372 1527 quidue
2415 1460 2720 1524 supradicio
2768 1451 2946 1512 latratu
2979 1459 3127 1524 [ιυίιῇ
3158 1452 3230 1513 ιιιί
3273 1452 3455 1515 libriin
3483 1504 3495 1523 ,
3528 1464 3582 1515 ιη
3635 1470 3761 1517 dtiill

2177 1569 2279 1602 non
2315 1553 2543 1618 amplius
2573 1547 2848 1605 zothecula
2882 1561 2989 1615 ιιιςι,
3015 1569 3173 1620 quam
3209 1555 3461 1607 memoria
3495 1555 3754 1610 includat.

485 1660 806 1717 causarum,
834 1653 1133 1715 temporum
1172 1665 1626 1718 personarumque
1664 1659 1917 1717 congestu
1956 1668 1965 1700 :
1995 1650 2069 1702 fa-
2100 1640 2143 1696 Β
2177 1648 2298 1700 Ila-c
2328 1655 2382 1699 et
2407 1645 2489 1699 bis
2530 1647 2678 1713 plura
2713 1645 2820 1698 fors
2852 1646 3064 1715 aliquis.
3102 1647 3212 1716 Ego
3242 1662 3368 1701 vero
3395 1658 3583 1700 cuncta
3623 1665 3758 1716 pra:-

499 1754 681 1798 cturus
706 1759 817 1800 rem
848 1743 1062 1796 videbar
1087 1743 1617 1810 impudentissimam,
1645 1743 1686 1792 si
1714 1751 1915 1794 tantum
1942 1742 2068 1794 mihi

499 1846 688 1892 cuncta
722 1839 1063 1906 placuissent.
1096 1847 1146 1890 ιιι
1183 1837 1326 1890 nulla
1361 1836 1449 1889 tibi
1476 1837 1804 1904 displicitura
1833 1838 2068 1890 conlidi--

496 1946 630 1985 rem.
663 1931 775 1984 lluc
803 1930 948 1992 item,
982 1929 1222 1997 quisquis
1249 1929 1434 1996 judicii
1458 1939 1681 1983 eventus
1712 1932 1873 2000 268
1904 1933 2033 1982 foret
2053 1970 2067 1995 ,

496 2020 606 2074 vidi
629 2020 869 2088 partibus
897 2022 1027 2082 meis
1059 2035 1388 2088 nequaquam
1414 2021 1624 2089 pietatis
1653 2037 1716 2073 ex
1742 2023 1912 2075 solido
1939 2039 2069 2075 con-

497 2120 638 2164 stare
662 2112 918 2176 rationem
944 2151 956 2173 ,
1007 2111 1050 2162 si
1093 2126 1198 2162 non
1255 2111 1441 2164 saltem
1476 2112 1624 2164 vobis
1657 2122 1797 2164 esset
1835 2116 2070 2166 anterius

495 2202 711 2254 allatum
743 2201 1008 2265 volumen,
1039 2211 1092 2254 et
1136 2202 1178 2254 si
1214 2217 1317 2254 non
1360 2201 1628 2256 videretur
1655 2204 1886 2256 oblatum
1931 2223 1942 2256 :
1972 2206 2070 2259 sub

499 2295 596 2344 hoc
629 2293 872 2363 videlici't
906 2302 1357 2361 temperamento,
1391 2303 1448 2347 ut
1478 2296 1520 2347 si
1552 2294 1685 2347 forte,
1716 2297 2067 2362 placuissem,

495 2401 601 2444 non
644 2401 736 2438 vos
776 2387 1078 2454 arrogantia
1123 2386 1476 2452 prretcriisse;
1521 2386 1564 2438 si
1610 2403 1764 2440 secus
1789 2429 1803 2453 ,
1841 2404 1942 2441 non
1975 2406 2068 2441 vos

497 2474 809 2541 improbitas
857 2475 1122 2542 expetisse
1164 2475 1514 2542 judicaretur.
1575 2475 1681 2528 Nec
1728 2491 1855 2528 sane
1904 2480 2070 2532 multo

499 2564 682 2615 labore
715 2579 801 2616 me
825 2563 1023 2624 credidi
1059 2563 1466 2630 detn'ecaturtnu
1499 2565 1689 2618 vitatas
1714 2580 1898 2618 causas
1946 2584 2068 2621 eru—

500 2654 764 2707 bescendi.
800 2654 1003 2708 Pariter
1024 2655 1149 2714 illud
1192 2670 1349 2710 nosse
1375 2671 1469 2709 vos
1509 2671 1782 2721 noveram,
1809 2660 1948 2727 quod
1977 2675 2069 2714 att-

498 2753 674 2798 ctores
715 2744 765 2797 in
797 2744 1048 2816 operibus
1085 2744 1308 2800 edendis
1341 2747 1510 2813 pudor
1541 2748 1714 2814 potius
1750 2764 1907 2816 quam
1936 2765 2066 2803 cott-

497 2835 686 2888 stantia
732 2835 911 2897 decet;
962 2836 1206 2904 quodque
1257 2837 1457 2891 tetricis
1497 2851 1685 2907 puneta
1718 2843 2063 2910 censoribus,

499 2928 696 2981 tardius
730 2927 1023 2997 procacitas
1050 2928 1371 2997 recitatoris,
1400 2946 1556 3000 quam
1591 2934 1872 3001 trepidatio
1909 2949 2068 2989 excu-

497 3019 593 3072 dit.
628 2995 870 3085 Alioquin
905 3019 946 3072 si
979 3020 1098 3088 quis
1121 3029 1202 3072 est
1231 3020 1337 3086 ille,
1360 2995 1452 3088 qui
1481 3037 1599 3076 cum
1633 2995 1838 3077 ﬁduciae
1865 3042 2067 3093 praero-
2091 2995 2139 3059 ϐ

496 3110 690 3177 gativa,
726 3109 974 3163 thematis
1002 3117 1126 3164 ante
1154 3110 1372 3164 inauditi
1419 3127 1631 3179 operam
1670 3123 1695 3149 ι
1729 3114 2006 3183 provulgat
2050 3131 2062 3167 :

497 3198 676 3268 incipit
696 3199 1074 3267 exspectationi
1105 3199 1346 3266 publicm,
1376 3203 1617 3269 quamvis
1645 3204 2063 3269 solveritmulta,

499 3293 645 3358 p'ura
692 3289 992 3345 redhibere.
1042 3291 1307 3346 Praeterea
1347 3291 1599 3358 quidquid
1650 3309 1809 3360 super
1849 3295 2065 3362 hujusce

501 3382 740 3449 rescripti
776 3392 959 3436 tenore
1004 3381 1317 3444 censueris,
1375 3381 1535 3436 malui
1581 3383 1771 3436 factum
1822 3385 2062 3439 confiteri

498 3473 830 3540 simpliciter,
884 3488 1038 3538 quam
1073 3472 1355 3526 trebaciter
1382 3472 1613 3526 dil‘litcri.
1647 3473 1872 3528 Dixisset
1907 3476 2060 3543 alius,

499 3565 771 3618 Neminem
825 3565 915 3620 thi
967 3563 1216 3634 praetuli,
1265 3565 1436 3618 nullas
1465 3566 1526 3616 ad
1572 3566 1732 3619 ullum
1777 3568 2065 3632 peculiares

498 3654 706 3709 litteras
729 3655 850 3707 dedi
895 3671 908 3706 :
951 3669 1104 3724 quem
1139 3654 1426 3722 pr.cdatum
1475 3657 1852 3722 suspicabare,
1908 3659 2063 3711 unius

497 3748 735 3817 epistola:
767 3746 933 3800 forma
964 3757 1246 3800 contentus
1273 3747 1546 3811 abscessit,
1577 3759 1730 3817 atque
1761 3767 1819 3804 ea
1851 3753 2060 3819 quidem

495 3841 622 3894 nihil
674 3854 832 3908 super
876 3840 1120 3907 praesenti
1151 3839 1360 3908 negotio
1391 3840 1680 3893 deferente.
1719 3843 1793 3893 Tn
1822 3884 1835 3906 ,
1882 3846 1966 3912 qui
2013 3854 2063 3899 te

493 3933 734 4003 quereris
763 3934 1050 3995 omissum,
1086 3934 1254 3985 tribus
1281 3933 1663 4002 loquacissimis
1698 3937 1898 4003 paginis
1941 3937 2060 3989 fati-

490 4037 673 4096 galtts,
717 4025 890 4094 potius
916 4023 966 4076 in
995 4038 1241 4076 nauseam
1272 4025 1572 4088 concitaris,
1603 4026 1724 4076 dum
1757 4027 2062 4093 frequenter

492 4119 705 4172 insulsa:
749 4117 989 4169 lectionis
1037 4116 1210 4167 verbis
1252 4116 1495 4168 inanibus
1533 4117 1849 4170 immoraris.
1888 4119 2058 4183 Adde,

490 4211 612 4276 quia
641 4208 798 4260 etiam
833 4209 883 4258 in
932 4206 1059 4265 hoc,
1087 4206 1223 4271 quod
1256 4206 1471 4256 forsitan
1505 4223 1605 4258 non
1639 4213 1863 4272 notasti,
1906 4226 2058 4263 reve-

491 4299 675 4351 rentia:
729 4307 831 4347 tum
873 4295 1290 4360 meritorumque
1339 4296 1472 4346 ratio
1502 4308 1708 4348 servata
1759 4309 1866 4357 est,
1917 4302 2054 4366 quod

490 4388 629 4440 sicut
672 4397 725 4436 ιιι
769 4384 1059 4437 antiSIitum
1091 4393 1404 4435 cmterornm
1439 4388 1737 4449 Catbcdris,
1792 4392 1935 4453 prim
1978 4359 2136 4444 ρειῙ)

490 4486 612 4533 tuus
641 4477 692 4530 in
721 4475 856 4527 libro
883 4473 1061 4526 titulus
1088 4492 1096 4522 :
1127 4474 1266 4525 illius
1298 4490 1488 4526 nomen
1515 4477 1598 4528 vix
1627 4480 1787 4531 semel
1821 4490 2052 4544 tantum,

489 4580 543 4623 et
570 4567 668 4622 sibi
698 4563 926 4631 ascripta
959 4564 1148 4632 pagina
1173 4572 1331 4616 sonat
1373 4583 1381 4613 :
1419 4574 1527 4629 tuo,
1557 4578 1747 4632 printer
1779 4570 1866 4623 tibi
1891 4570 2058 4640 dep"-

562 4760 586 4786 ι
620 4748 673 4802 1η
703 4744 965 4813 aliquibus
1004 4743 1150 4797 libris
1179 4744 1458 4812 pervulgat.

556 4819 584 4877 b.
614 4815 1010 4885 Autographum
1040 4816 1328 4878 exemplar,
1364 4815 1498 4881 quod
1527 4818 1590 4868 ad
1623 4826 1671 4868 te.
1705 4818 1841 4872 misi.
1897 4819 2058 4874 llnlo-

485 4891 681 4959 graplta
704 4889 843 4959 enim
866 4885 1126 4959 dicuntur,
1153 4898 1267 4949 qua:
1289 4886 1517 4959 auctoris
1543 4889 1620 4939 sui
1662 4905 1816 4940 manu
1833 4892 2048 4957 scripta,

485 4954 809 5028 idiograpba,
841 4954 1126 5028 archetypa
1163 4970 1173 5003 :
1201 4962 1256 5028 ut
1279 4955 1650 5028 holographnm
1677 4954 2047 5023 testamentimt,

484 5023 623 5101 quod
655 5023 874 5101 testator
918 5025 1034 5101 ipse
1065 5023 1368 5089 perscripsit
1401 5043 1420 5101 ,ς
1472 5026 1789 5097 halagrapha
1835 5031 2049 5101 cpistola

483 5093 888 5167 l'lieronymoin
923 5094 1188 5153 Rufinum,
1213 5093 1441 5167 auctoris
1474 5093 1630 5148 manu
1675 5093 1910 5150 exarata.
1947 5100 2050 5151 llo-

483 5163 734 5237 Ingraplia
762 5166 918 5237 etiam
967 5178 1121 5237 manu
1151 5163 1416 5237 scribere,
1456 5175 1534 5216 est
1573 5183 1664 5217 sua
1700 5169 1859 5233 ipsius
1892 5185 2047 5221 manu

483 5231 737 5293 scribere.
793 5235 844 5286 In
897 5235 1057 5286 veteri
1109 5231 1290 5285 codice
1337 5234 1608 5287 Canonnm
1662 5231 2046 5292 Nictenornm:

483 5311 677 5363 Atticus
704 5308 965 5372 episwpus
1011 5303 1231 5355 ecclesia:
1290 5301 1865 5370 Constantinopolitanm
1912 5310 2049 5360 edidi

483 5394 701 5433 canones
747 5384 1033 5429 sanctorum
1081 5373 1295 5442 Patrum
1347 5372 1660 5442 Itolograplm
1701 5393 1851 5428 manu
1899 5397 1928 5428 a
1975 5395 2052 5431 me

481 5449 809 5516 sabscriptos.
861 5446 1036 5511 Itaque
1083 5441 1223 5510 quod
1278 5444 1327 5495 in
1383 5441 1675 5510 principum
1734 5448 2001 5514 rescriptis
2032 5491 2043 5508 ,

482 5522 712 5587 atquein
739 5516 1213 5587 privatorumitem
1243 5515 1482 5587 epistolis
1506 5555 1521 5578 ,
1574 5517 1669 5567 sub
1699 5519 1852 5566 linem
1887 5520 2043 5584 adjici

482 5585 611 5645 solet
640 5633 653 5653 ,
707 5597 753 5639 et
793 5601 944 5638 manu
975 5585 1148 5636 divina
1180 5585 1259 5636 vel
1293 5595 1339 5635 et
1378 5585 1480 5635 alia
1513 5601 1660 5637 manu
1688 5627 1700 5649 ,
1749 5587 1795 5636 id
1831 5589 2047 5654 perinde

2175 1750 2351 1797 terco,
2386 1747 2433 1789 et
2492 1737 2629 1788 malo
2661 1738 2862 1804 precari
2895 1738 3107 1790 veniam
3129 1754 3284 1806 quam
3319 1747 3541 1806 reatum,
3581 1740 3626 1793 si
3657 1741 3761 1796 hoc

2173 1844 2296 1881 esse
2345 1829 2599 1891 creditur,
2634 1829 2929 1896 deprecari.
2981 1828 3308 1882 Prtesentum
3347 1846 3559 1900 quoque
3591 1832 3761 1897 negli-

2171 1921 2402 1984 gentiam
2436 1919 2726 1974 litterarum
2753 1933 2892 1973 nunc
2926 1934 3021 1971 nec
3046 1933 3243 1972 excuso
3273 1938 3286 1974 :
3316 1923 3566 1988 primmn,
3615 1920 3759 1989 quod

2171 2015 2268 2064 etsi
2326 2013 2531 2078 cupiam
2561 2052 2573 2072 ,
2617 2025 2799 2078 parum
2840 2013 3031 2064 cultius
3074 2012 3310 2066 scribere
3343 2028 3480 2080 queo
3527 2031 3538 2064 :
3598 2013 3755 2078 dein,

2171 2104 2310 2170 quod
2357 2103 2583 2155 libellari
2615 2117 2777 2171 opere
2803 2102 3069 2162 cenfectb,
3101 2103 3312 2156 animus
3355 2102 3563 2157 tandem
3599 2103 3756 2157 feria-

2175 2205 2319 2246 turus
2346 2240 2357 2260 ,
2413 2194 2521 2260 jam
2567 2207 2685 2261 qua:
2719 2193 2998 2261 propalare
3026 2193 3349 2255 dissimulat,
3393 2197 3634 2248 excolere
3662 2193 3758 2245 de-

2174 2294 2378 2338 trectat.
2434 2289 2500 2337 At
2528 2293 2702 2338 tamen
2734 2298 2853 2336 cum
2897 2285 3026 2336 satis
3054 2284 3184 2348 tibi,
3229 2293 3282 2338 et
3315 2286 3524 2349 quidem
3560 2285 3755 2360 merito

2177 2381 2448 2448 (quidnam
2482 2382 2621 2433 enim
2673 2381 2906 2448 simile)?
2941 2381 2991 2433 in
3016 2382 3263 2435 omnibus
3292 2383 3511 2441 cedam,
3560 2384 3756 2450 quippe

2171 2473 2258 2540 qui
2293 2473 2342 2524 in
2395 2473 2499 2525 alio
2537 2487 2732 2540 genere
2759 2472 3011 2526 virtuutm
3037 2514 3050 2536 ,
3091 2474 3197 2541 jam
3250 2491 3343 2540 per
3391 2475 3753 2542 quinquennia

2172 2563 2377 2627 decem,
2407 2579 2513 2616 non
2537 2565 2785 2630 tet-tumvis
2827 2564 3194 2618 sacerdotibus
3218 2574 3454 2623 tantum.
3488 2582 3668 2617 verum
3693 2575 3752 2618 et

2171 2655 2399 2720 antiquis
2447 2656 2656 2722 qumies
2685 2654 2910 2708 collatus
2961 2656 3332 2723 antelatusque
3385 2657 3486 2719 sis;
3538 2657 3751 2708 noveris

2172 2744 2322 2806 volo,
2354 2744 2597 2810 quamvis
2619 2745 2910 2812 qutestibus
2936 2746 3140 2813 quatias
3179 2755 3347 2808 astra,
3385 2757 3542 2812 atque
3584 2747 3751 2814 majo-

2172 2851 2287 2888 rum
2312 2836 2521 2890 cineres
2546 2835 2856 2904 favillasque
2879 2838 2930 2889 in
2954 2838 3314 2890 testimonium
3349 2839 3486 2890 la-sa:
3511 2840 3747 2891 caritatis

2171 2929 2331 2999 27o
2362 2930 2633 2997 implores,
2664 2931 2851 2995 pedem
2883 2915 2970 2983 me
2994 2928 3264 2983 conﬂictui
3293 2942 3411 2990 tuo,
3463 2930 3505 2983 si
3565 2943 3748 2982 mutuo

2173 3034 2334 3087 super
2363 3035 2543 3074 amore
2571 3021 2878 3075 certandum
2910 3031 3020 3080 est,
3057 3038 3163 3074 non
3191 3031 3544 3075 retracturum
3577 3038 3588 3073 ε
3623 3022 3743 3090 quia

2169 3126 2292 3164 (ιιιιι
2321 3110 2373 3162 in
2401 3111 2615 3173 caeteris
2646 3112 2828 3175 rebus,
2861 3122 2966 3164 tum
3001 3112 3349 3166 foedissimum
3377 3127 3630 3181 perquam
3663 3123 3746 3166 est

2171 3202 2220 3254 in
2249 3201 2536 3256 dilectione
2566 3203 2828 3269 superari.
2873 3204 3000 3267 Quae
3027 3202 3158 3256 velis
3189 3202 3324 3256 nolis
3353 3214 3497 3257 certa
3545 3202 3746 3270 profes-

2169 3294 2249 3346 sio
2275 3295 2530 3347 conviciis
2561 3296 2670 3349 tuis
2701 3294 2832 3356 illis,
2865 3303 3053 3347 cuncta
3093 3309 3222 3347 sane
3259 3293 3742 3348 blandimentorum

2169 3387 2326 3440 mella
2350 3387 2701 3446 vincentibus.
2732 3401 2837 3440 non
2868 3396 3062 3454 prmter
3091 3401 3301 3455 aequum
3332 3387 3735 3454 reponderatur,

2169 3477 2309 3532 Ecce
2341 3478 2504 3534 habes
2533 3479 2735 3532 litteras
2757 3488 2862 3532 tam
2892 3479 3136 3547 garrulas
3168 3481 3350 3540 ferme.
3383 3495 3538 3548 quam
3564 3480 3707 3544 requi

2167 3570 2321 3623 rebas
2356 3588 2366 3621 :
2393 3585 2692 3639 quanquam
2716 3581 2836 3623 sunt
2862 3585 3048 3624 omnes
3075 3571 3138 3640 (si
3165 3585 3281 3636 quae
3321 3571 3525 3639 uspiam
3556 3582 3732 3622 tamen

2167 3661 2310 3729 sunt)
2345 3662 2750 3730 loquacissimze.
2783 3661 3022 3727 Namque
3053 3663 3102 3714 in
3135 3662 3438 3715 audentiam
3482 3663 3736 3715 sermoci-

2167 3752 2324 3804 nandi
2353 3767 2511 3820 quem
2545 3747 2650 3805 noti
2674 3753 2785 3818 ipSe.
2818 3752 3124 3820 compellas,
3158 3753 3244 3820 qui
3270 3752 3507 3804 omnium
3541 3751 3742 3821 (deme

2166 3844 2306 3895 enim
2366 3833 2538 3910 taceO)
2573 3842 2926 3896 litteratorum
2955 3883 2968 3906 ,
3021 3843 3301 3914 liceboculi
3333 3841 3612 3904 affectent,
3663 3845 3738 3892 sic

2167 3936 2378 4003 ingenia
2416 3934 2684 4002 producis.
2718 3945 2771 3987 ιιι
2797 3936 2931 3988 solet
2959 3949 3146 4003 aquam
3182 3943 3335 3987 teme
3369 3935 3417 3986 in
3453 3934 3739 3986 visceiiiats

2164 4026 2526 4079 absconditam
2554 4041 2646 4092 per
2671 4034 2876 4078 atoums
2907 4025 3112 4082 bibulos
3136 4026 3312 4078 radius
3339 4025 3620 4078 extrahere
3652 4040 3738 4075 so-

2164 4119 2326 4170 laris?
2381 4117 2542 4185 Cujus
2591 4119 2721 4170 lucis
2768 4122 2952 4172 aculeo
2995 4134 3096 4170 non
3143 4119 3253 4171 sola
3301 4127 3608 4185 penetratur
3649 4126 3736 4169 aut

2162 4225 2321 4262 arena
2341 4210 2571 4272 subtilis,
2590 4219 2679 4261 aut
2709 4209 2899 4261 humus
2923 4211 3146 4271 ses~ilis;
3181 4212 3272 4262 sed
3301 4211 3343 4261 si
3369 4211 3512 4261 saxei
3543 4210 3732 4261 montis

2163 4317 2418 4370 oppressu
2445 4302 2668 4354 fontium
2698 4303 3030 4354 conditorum
3052 4318 3178 4353 vena
3210 4303 3430 4365 celetur,
3463 4301 3631 4370 aperit
3651 4315 3733 4352 ar—

2163 4410 2351 4446 canum
2385 4394 2631 4461 liquentis
2662 4393 2909 4446 elementi
2935 4404 3258 4446 secretorum
3292 4393 3589 4448 (-mlestium
3638 4407 3733 4444 na-

2165 4494 2278 4537 tura
2310 4485 2611 4537 violentior.
2653 4484 2724 4538 lla
2761 4488 2801 4538 si
2835 4501 2988 4553 quos,
3025 4486 3104 4554 vir
3127 4491 3501 4544 sacrosancte,
3534 4482 3731 4536 studio-

2164 4589 2343 4632 sorum
2376 4573 2610 4627 senseris
2629 4614 2642 4635 ,
2667 4584 2754 4627 aut
2780 4575 2986 4642 quietos
3011 4615 3023 4633 .
3053 4581 3142 4625 aut
3164 4573 3493 4626 verecundos
3520 4612 3533 4633 ,
3563 4582 3652 4624 aut
3680 4572 3727 4624 in

2162 4760 2318 4805 sonat
2357 4761 2512 4819 atque
2553 4751 2870 4822 holographa
2918 4768 3119 4806 manu:
3167 4753 3286 4821 quia
3329 4754 3380 4806 in
3431 4751 3728 4817 huiusmodi

2160 4823 2398 4889 epistolis
2416 4822 2494 4873 ba.-
2519 4824 2686 4875 Solum
2708 4823 2907 4875 CialiS'li
2931 4844 2955 4870 ι’
2976 4822 3204 4876 auctoris
3225 4839 3379 4884 manu
3406 4823 3726 4892 perscripta.

2159 4892 2358 4960 reliqua
2398 4908 2424 4943 a
2476 4893 2714 4945 notariis.
2756 4892 2821 4944 At
2869 4892 3188 4959 bolograpba
3231 4894 3488 4960 epistola,
3532 4902 3636 4950 tota
3667 4894 3729 4944 ab

2157 4975 2394 5015 aucmre.
2418 4963 2585 5015 Obvia
2608 4972 2730 5016 sunt
2751 4964 3012 5030 exempla.
3048 4962 3113 5014 ljt
3135 4963 3353 5018 Novella
3376 4961 3726 5023 Valentiniani

2157 5033 2223 5084 de
2267 5048 2332 5099 ep
2353 5046 2631 5098 scepormn
2665 5032 2998 5085 ordinatione
3030 5046 3044 5082 :
3082 5032 3144 5083 lit
3197 5050 3349 5084 manu
3381 5033 3548 5084 divina
3585 5048 3601 5085 :
3642 5031 3726 5083 Di-

2154 5103 2333 5153 vinitas
2365 5113 2410 5153 te
2439 5112 2592 5154 servet
2623 5119 2710 5170 per
2757 5102 2935 5153 multos
2972 5117 3132 5154 annos
3155 5143 3169 5167 ,
3224 5119 3407 5170 parens
3447 5103 3724 5155 carissime.

2158 5174 2481 5236 Augustinus
2521 5173 2739 5238 epismla
2786 5188 2885 5223 xcv
2929 5172 2992 5223 ad
3041 5170 3434 5228 Armentarium
3480 5182 3532 5224 ct
3573 5171 3726 5237 Ripa-

2156 5242 2290 5293 rium
2325 5257 2339 5295 :
2368 5240 2429 5292 Ει
2453 5243 2553 5294 alia
2580 5259 2753 5303 manu,
2780 5239 3102 5293 Gaudeamus
3132 5244 3192 5294 de
3213 5246 3350 5296 vobis
3375 5243 3425 5302 in
3448 5239 3726 5306 abundanti

2155 5313 2322 5379 gratia
2377 5311 2598 5372 Christi,
2631 5312 2821 5362 domini
2849 5313 3043 5374 eximii,
3095 5313 3370 5380 meritoque
3409 5310 3728 5364 honorabiles

2154 5397 2212 5432 ac
2243 5381 2599 5433 desiderabiles
2627 5382 2762 5448 ﬁlii.’
2789 5381 2875 5434 Sic
2910 5382 3048 5434 enim
3083 5391 3164 5434 est
3193 5383 3242 5434 in
3287 5382 3500 5448 optimis
3548 5395 3726 5438 manu-

2153 5451 2385 5514 seriptis.
2430 5450 2532 5502 Sed
2573 5453 2620 5502 in
2655 5452 2878 5519 vulgatis
2921 5452 3344 5519 exemplaribus,
3378 5452 3465 5504 illa
3507 5451 3726 5503 diversa:

2135 5535 2342 5590 .tnauus
2373 5522 2667 5590 atlnotatio,
2692 5531 2744 5574 et
2776 5524 2872 5574 hoc
2897 5521 3035 5584 loro,
3069 5531 3122 5576 et
3147 5525 3195 5573 in
3218 5521 3339 5584 aliis
3361 5521 3560 5590 passim
3589 5519 3722 5585 apud

2155 5589 2504 5651 Augustinum
2521 5598 2572 5641 et
2585 5589 2736 5645 alios.
2754 5590 3086 5646 librariorum
3104 5589 3402 5651 temeritate
3417 5592 3607 5648 omissa
3621 5599 3719 5644 est.
