4072 6348
236 278 347 334 629

1490 274 1968 347 EPISTQLABUM
2009 278 2134 347 LIB.
2180 279 2264 334 ιχ.

3410 278 3513 336 630

232 396 469 449 obscuro
514 392 743 459 jacentis
787 392 939 445 famze
984 406 1195 469 recessu
1255 392 1664 467 delitescentes;
1718 390 1816 442 hos
1846 392 1893 459 Α
1927 392 2290 469 compluribus
2324 390 2773 462 anteponendum.
2806 391 3091 469 Crederem
3127 393 3218 453 tibi
3248 433 3259 455 ,
3296 393 3338 445 si
3371 410 3472 447 non
3495 436 3510 457 ,

235 486 439 551 eloquii
482 486 553 537 tui
605 484 819 537 claritas
844 526 858 547 ,
907 485 1109 539 artifice
1147 469 1485 541 confabulatu
1520 470 1645 537 dum
1679 496 1831 534 com-

232 580 427 647 pellat,
450 585 502 629 et
531 574 787 644 publicat.
818 574 921 629 Sed
954 588 1203 643 quorsum
1238 575 1366 637 ista,
1394 573 1519 643 quid
1560 588 1831 627 morarum

233 670 359 723 est?
406 668 687 722 redeamus
732 666 796 718 ad
838 681 1089 728 causam,
1136 680 1297 732 super
1324 648 1480 735 cujus
1525 663 1831 719 abundante

235 760 540 823 blateratu,
584 758 705 824 quia
738 771 937 825 pareo,
973 770 1166 823 precor
1200 765 1260 810 ut
1306 767 1483 810 errata
1523 754 1828 809 confessum

236 851 415 902 venia:
448 848 727 902 elementis
769 845 974 903 indultu
1028 846 1266 914 placatus
1316 847 1595 915 impertias
1647 861 1660 898 :
1705 844 1829 902 licet

238 956 365 1009 qum
394 924 580 993 laetitia.
605 949 691 992 tua
715 947 919 1002 sancta,
947 952 1172 1007 quaeque
1198 940 1530 1005 communio,
1561 932 1832 1005 copiosius

239 1032 478 1085 hilarere
500 1072 515 1095 ,
555 1031 597 1083 si
636 1045 768 1084 mete
814 1028 983 1105 eulpae
1016 1029 1256 1083 defensio
1298 1029 1478 1096 potius
1511 1028 1603 1083 tibi
1635 1026 1829 1094 scripta
1862 1060 1870 1072 .

239 1124 448 1177 feratur
476 1137 634 1192 quam
666 1122 980 1177 satisfactio.
1009 1123 1210 1176 Memor
1243 1121 1411 1175 nostri
1434 1136 1557 1176 esse
1587 1119 1827 1187 dignare,
1877 1145 1883 1151 ι

241 1214 470 1267 domine
509 1228 665 1283 papa.

704 1305 861 1374 271
900 1302 1227 1381 EPlS‘fOLl}
1267 1304 1379 1357 xu.

590 1394 837 1449 Sidonius
869 1402 892 1430 α
926 1394 1106 1448 Oresio
1132 1411 1223 1447 suo
1245 1397 1483 1463 salutent.

322 1488 479 1544 Venit
512 1490 565 1542 in
596 1496 806 1541 nostras
832 1502 860 1538 a
894 1496 945 1540 te
975 1484 1208 1555 profecta
1239 1489 1425 1556 pagina
1458 1502 1664 1551 manus,
1709 1502 1827 1554 quae

244 1583 414 1635 trahit
444 1581 662 1633 multam
694 1577 1093 1631 similitudinem
1117 1578 1183 1631 de
1213 1579 1323 1632 sale
1348 1579 1581 1646 llispano
1612 1580 1661 1631 in
1686 1579 1828 1645 jugis

246 1687 394 1728 casso
450 1669 963 1725 Tarraconensibus.
1014 1668 1146 1723 Nam
1198 1671 1495 1724 recensenti
1546 1671 1718 1725 lucida
1775 1680 1829 1723 et

245 1770 391 1823 salsa
427 1780 501 1820 est
523 1812 537 1835 ,
587 1781 685 1819 nec
713 1774 887 1819 tamen
921 1773 1140 1833 propter
1170 1765 1272 1818 hoc
1304 1766 1474 1834 ipsum
1504 1766 1695 1819 mellea
1710 1764 1830 1818 ⁴1111-

250 1873 355 1912 itus
387 1876 396 1909 :
432 1872 612 1911 sermo
640 1856 811 1910 dulcis
838 1865 892 1909 et
917 1856 1371 1923 propositionibus
1398 1872 1548 1919 acer;
1583 1858 1658 1909 sic
1689 1857 1830 1910 enim

253 1950 489 2003 oblectat
531 1947 778 2016 eloquio,
824 1946 963 2013 quod
992 1947 1169 2000 turbat
1209 1947 1434 2015 imperio
1463 1964 1476 2000 :
1504 1948 1700 2016 quippe
1743 1948 1835 2015 qui

254 2056 444 2109 parum
476 2040 702 2093 metiens
728 2036 853 2106 quid
900 2037 1103 2103 ordinis
1125 2052 1275 2107 agam
1298 2080 1313 2103 ,
1343 2040 1577 2093 carmina
1609 2054 1637 2090 a
1681 2040 1833 2092 nobis

253 2147 401 2187 nunc
433 2140 594 2185 novat
619 2140 783 2197 petat.
814 2130 1050 2184 Primum
1079 2130 1145 2197 ab
1169 2130 1395 2197 exordio
1422 2130 1683 2198 religiosa:
1709 2144 1830 2198 pro-

254 2223 543 2285 fessionis,
599 2222 721 2276 huic
764 2220 1127 2290 principaliter
1169 2221 1424 2275 exercitio
1470 2220 1769 2290 renuntiavi
1814 2236 1827 2273 :

251 2317 377 2383 quia
412 2314 666 2367 nimirum
695 2312 933 2366 facilitati
977 2322 1156 2379 posset
1190 2311 1583 2381 accommodari
1607 2352 1620 2371 .
1651 2312 1696 2363 si
1747 2326 1830 2363 me

251 2410 572 2469 occupasset
593 2402 785 2455 levitas
810 2414 1092 2464 Versuum,
1120 2415 1278 2468 quem
1301 2386 1568 2468 respicere
1595 2407 1833 2468 cmperat

250 2495 488 2565 gravitas
540 2493 827 2547 actionum.
872 2492 1004 2544 Tum
1052 2499 1310 2565 praeterea
1356 2499 1567 2545 constat
1615 2506 1827 2542 omnem

250 2600 498 2654 operam,
524 2585 568 2636 si
591 2584 743 2652 longa
757 2583 1153 2651 intercapedine
1171 2583 1431 2652 quiescat,
1450 2596 1589 2650 πει-0
1608 2582 1825 2634 resumi.

252 2680 512 2746 Quisnam
546 2677 685 2730 enim
725 2676 930 2745 ignoret
957 2675 1162 2729 cunctis
1187 2685 1275 2733 aut
1304 2674 1596 2745 artificibus
1627 2684 1711 2725 aut
1747 2688 1830 2726 ar-

252 2774 397 2825 tibus
442 2772 726 2823 maxiututu
759 2769 923 2821 decus
971 2782 1066 2820 usu
1108 2768 1322 2825 venire?
1380 2752 1608 2843 cumque
1655 2767 1827 2818 studia

256 2871 515 2915 consueta
546 2876 649 2914 non
682 2860 1103 2928 frequentantur,
1139 2858 1353 2931 brachia
1396 2860 1445 2935 iu
1478 2859 1789 2929 corporibus
1812 2900 1825 2923 ,

252 2954 466 3022 ingenia
497 2952 792 3022 pigrescere
816 2951 868 3005 in
893 2951 1131 3016 artibus?
1160 2950 1307 3009 Unde
1330 2961 1414 3005 est
1434 2961 1487 3005 et
1515 2950 1661 3011 illud,
1688 2952 1824 3028 quod

252 3064 380 3103 sero
404 3060 682 3115 correptus
708 3058 799 3100 aut
820 3060 961 3110 raro,
996 3046 1112 3114 plus
1143 3058 1296 3097 arcus
1324 3042 1522 3113 manui,
1551 3041 1679 3110 jugo
1708 3044 1825 3104 bos,

253 3156 429 3209 equus
472 3113 626 3193 freno
664 3138 902 3192 rebellat.
936 3122 1155 3203 Insuper
1183 3135 1404 3191 desidiae
1438 3144 1638 3191 nostrae
1682 3149 1831 3187 verc-
1857 3113 1905 3176 Ο

255 3230 460 3283 cundia
505 3243 683 3282 comes
712 3228 775 3281 ad
824 3230 924 3281 hoc
966 3227 1284 3281 sententiam
1328 3227 1581 3290 inclinat,
1621 3235 1678 3278 ut
1717 3239 1830 3288 me,

256 3329 546 3389 postquam
565 3320 615 3372 iu
640 3318 847 3373 silentio
867 3319 1078 3372 decurri
1098 3328 1205 3373 tre.
1230 3310 1584 3389 olympiadas,
1606 3327 1709 3371 tam
1734 3332 1833 3385 pu-

256 3413 386 3467 deat
410 3427 605 3466 uovum
633 3427 818 3482 poema
847 3414 1133 3476 coniicere,
1166 3428 1323 3483 quam
1352 3414 1545 3487 pigeat.
1578 3411 1686 3467 lloc
1709 3412 1835 3466 item

260 3505 438 3567 nefas,
465 3505 624 3558 etiam
647 3504 881 3559 difficilia
907 3502 1047 3559 factu
1071 3503 1163 3558 tibi
1183 3504 1384 3572 negari.
1416 3486 1568 3570 cujus
1590 3503 1834 3557 affectum

261 3607 415 3653 tanto
443 3600 615 3651 minus
644 3597 814 3666 decipi
838 3597 1021 3663 decet,
1062 3606 1262 3666 quanto
1292 3597 1622 3651 constantius
1652 3596 1724 3650 nil
1755 3612 1837 3652 re-

261 3691 473 3759 pulsam
517 3700 749 3743 veretur.
805 3690 1130 3744 Tenebimus
1173 3704 1301 3758 ergo
1352 3690 1512 3760 272
1567 3689 1834 3757 quippiam

260 3782 502 3835 medium
520 3796 553 3838 .:
584 3789 638 3834 et
675 3783 813 3834 sicut
839 3780 1216 3850 epigrammata
1247 3781 1480 3833 recentia
1510 3781 1666 3833 modo
1695 3779 1837 3831 nulla

260 3873 512 3937 dictabo,
548 3874 620 3925 ita
650 3873 872 3937 litteras,
902 3872 1091 3941 siqua:
1117 3872 1367 3941 iacebunt
1408 3887 1563 3926 versu
1600 3870 1837 3935 refertae,

260 3965 472 4018 srilicet
508 3973 631 4016 ante
676 3963 950 4032 praesentis
979 3964 1142 4019 officii
1182 3966 1549 4031 necessitatem
1574 4004 1587 4027 ,
1635 3962 1838 4015 mittam

264 4056 364 4108 tibi
396 4071 411 4108 :
446 4067 635 4123 petens
664 4070 730 4109 ne
754 4064 806 4108 tu
837 4058 910 4109 sis
937 4065 1158 4119 eatenus
1182 4056 1399 4124 iustitiae
1429 4054 1836 4123 praevaricator,

262 4155 322 4199 ut
345 4160 433 4198 me
454 4144 690 4212 opineris
722 4160 987 4215 nunquam
1025 4146 1091 4199 ab
1120 4145 1419 4213 hujusmodi
1450 4144 1843 4213 conscriptione

264 4244 712 4305 temperaturum.
744 4236 924 4305 Neque
966 4237 1106 4292 enim
1153 4234 1406 4306 suffragio
1437 4246 1526 4291 tuo
1554 4236 1729 4290 minus
1750 4253 1842 4290 au-

260 4344 429 4398 gear,
466 4329 511 4381 si
550 4327 687 4385 forte
716 4327 948 4397 digneris
986 4329 1095 4397 jam
1125 4330 1421 4397 modestum
1464 4330 1636 4397 potius
1685 4345 1841 4399 quam

264 4421 505 4477 facetum
536 4422 865 4483 existimare.
890 4420 1041 4474 Vale.

810 4518 1139 4574 EPISTULA
1180 4518 1317 4583 XIII.

583 4612 823 4683 Sidonius
852 4611 878 4651 h
907 4612 1157 4667 Tonantio
1183 4628 1272 4666 suo
1292 4612 1529 4667 salutem.

343 4709 439 4763 Est
494 4705 711 4775 quidem
735 4746 749 4769 ,
779 4705 975 4769 fateor,
1008 4704 1259 4757 versibus
1304 4703 1436 4757 meis
1467 4704 1724 4758 sententia
1759 4712 1843 4756 tua

262 4808 376 4852 tam
433 4796 726 4866 plausibilis
767 4796 893 4848 olim
920 4836 933 4858 ,
979 4806 1081 4848 tam
1114 4792 1452 4862 favorabilis,
1487 4803 1543 4847 ut
1568 4806 1840 4862 poetarum

258 4876 356 4945 suo
388 4868 686 4957 quibusque
714 4888 1015 4943 lecllSsillllS
1035 4886 1451 4954 comparandum
1485 4895 1663 4955 putes,
1699 4897 1843 4946 certe

343 5038 368 5060 α
398 5025 614 5095 Homini
644 5025 907 5095 Hispano,
942 5035 999 5080 ttt
1026 5026 1191 5081 altera
1222 5020 1312 5079 lib.
1348 5041 1434 5079 vui
1480 5026 1545 5079 ad
1590 5025 1847 5081 Fortuna-

257 5098 400 5152 lein.
427 5094 575 5161 Hauc
604 5094 965 5163 vero’scripsit
994 5112 1111 5151 cum
1146 5096 1196 5148 111
1228 5096 1464 5164 episcOpi
1493 5111 1710 5161 munere
1739 5105 1847 5150 tres

254 5169 378 5237 jam
405 5166 755 5237 olympiadas.
783 5167 881 5235 hoc
905 5182 985 5221 ρει
1006 5182 1175 5237 annos
1197 5166 1473 5221 duodecim
1498 5166 1841 5237 decurrisset.

263 5232 432 5291 Anno
462 5232 590 5304 ergo
615 5232 845 5301 Christi,
877 5238 1018 5303 iuxta
1055 5232 1264 5290 Barcini
1293 5237 1549 5291 calculum
1577 5235 1702 5289 484.

345 5304 373 5342 ιι
407 5305 650 5371 Tonantii
681 5308 912 5375 Ferreoli
944 5306 1069 5371 filio,
1093 5311 1248 5373 epist.
1274 5309 1305 5359 9
1337 5308 1430 5360 lib.
1465 5323 1521 5370 ll,
1545 5307 1632 5374 qui
1661 5305 1847 5359 doctus

258 5376 571 5447 Tonagttius
595 5378 892 5444 appellatur
924 5378 972 5429 in
1004 5379 1396 5447 l’ropetnpticu,
1428 5378 1514 5433 ubi
1541 5385 1595 5431 et.
1622 5386 1844 5430 matrem

254 5446 385 5515 cju~
412 5444 983 5513 Papiattillatn‘laudat.

345 5526 368 5553 ε
396 5517 620 5581 Apuleio
652 5534 664 5566 :
697 5518 783 5580 qui
818 5517 1147 5582 ριιιιξδῑίοηεε
1196 5518 1497 5570 convivales
1534 5517 1844 5587 scripserat,

255 5597 413 5641 teste
454 5588 721 5640 Macrobio
752 5586 839 5640 lib.
891 5602 981 5647 vu,
1020 5601 1139 5655 cap.
1172 5589 1204 5640 5
1232 5605 1243 5639 :
1274 5588 1610 5651 Quwstiones,
1646 5586 1841 5657 inquit.

252 5658 558 5711 convivales
588 5672 843 5724 proponas
867 5658 945 5709 vel
968 5659 1078 5722 ipse
1107 5658 1374 5710 dissolvas.
1408 5657 1555 5722 Quod
1578 5673 1738 5725 genus
1776 5676 1851 5710 re-

250 5738 401 5785 ures
431 5731 503 5779 ita
542 5727 791 5780 lubricum
840 5743 939 5779 non
986 5737 1247 5797 putarunt,
1282 5735 1338 5780 ut
1382 5738 1428 5779 et
1466 5728 1758 5782 Aristotelea
1790 5730 1851 5781 de

1943 492 1997 549 ut
2044 483 2266 551 multum
2309 481 2493 551 sapis,
2528 483 2595 536 ita
2641 494 2849 551 quoque
2887 482 3106 545 multum
3152 497 3237 536 me
3281 497 3527 545 amates._

1940 574 2075 649 llinc
2107 584 2221 641 est,
2265 574 2404 641 quod
2438 573 2504 626 de
2532 572 2776 637 laudibus
2803 574 2935 626 meis
2958 575 3151 633 caritas
3184 585 3269 637 tua
3300 576 3510 628 mentiri

1941 672 2144 733 potest,
2199 678 2296 717 nec
2351 671 2523 733 potest
2572 664 2776 717 fallere.
2837 664 3037 718 Praeter
3065 664 3165 733 hoc
3193 666 3401 734 poscis,
3458 674 3513 718 ut

1941 756 2225 810 Horatiana
2272 754 2464 809 incude
2506 756 2761 808 formatos
2809 755 3187 825 Asclepiadeos
3219 756 3311 813 tibi
3351 769 3514 825 quos-

1940 848 2101 925 piam,
2150 846 2342 913 quibus
2390 845 2529 899 inter
2575 846 2860 899 bibendum
2906 847 3312 915 pronuntiandis
3352 862 3510 901 exer-

1938 953 2111 999 ceare,
2145 937 2519 991 transmittam.
2546 936 2713 991 Pareo
2740 937 3009 1005 injtmctis,
3043 939 3160 993 licet
3192 941 3233 1007 si
3258 955 3509 1009 unquam.

1938 1034 2098 1103 modo
2136 1032 2365 1085 maxime
2409 1031 2651 1100 prosario
2696 1031 2946 1098 loquendi
2996 1049 3190 1109 genere
3238 1033 3512 1088 districtus

1937 1132 2354 1193 occupatusque.
2392 1123 2629 1191 Denique
2683 1122 2931 1191 probabis
2960 1124 3099 1176 circa
3140 1140 3236 1187 nos
3286 1124 3514 1192 plurima

1936 1231 1998 1267 ex
2053 1225 2198 1281 parte
2248 1225 2537 1268 metrorum
2570 1214 2739 1266 studia
2792 1214 3161 1284 refrigescere.
3208 1215 3321 1269 Non
3369 1217 3511 1268 enim

1936 1315 2239 1374 promptum
2270 1316 2349 1358 est
2374 1350 2386 1372 ,
2425 1322 2583 1357 unutn
2615 1305 2969 1374 eamdemque
2996 1306 3160 1373 probe
3209 1306 3379 1360 facere
3407 1308 3507 1361 ali-

1936 1382 2085 1462 quid,
2122 1408 2173 1450 et
2205 1411 2342 1449 raro.
2796 1390 2797 1393 “

2121 1486 2225 1533 .lam
2243 1486 2422 1548 dudum
2445 1495 2634 1535 teretes
2665 1484 3112 1548 hendecasyllabos,

2122 1548 2299 1595 Attrita
2320 1547 2513 1595 calamis
2542 1548 2712 1607 pellite
2739 1547 2954 1605 lusimus,

1939 1610 2099 1680 9'13
2126 1619 2259 1680 Quos
2281 1625 2475 1666 cantare
2500 1619 2651 1676 magis
2678 1630 2764 1680 pro
2784 1617 3119 1666 choriambicis

2125 1678 2339 1727 Excusso
2364 1689 2557 1739 poteras
2581 1678 2801 1727 inohtlius
2825 1682 2968 1739 pede.

2124 1738 2222 1787 Sed
2244 1746 2291 1786 tu
2322 1738 2409 1800 per
2437 1740 2621 1787 Calabri
2650 1738 2852 1787 tramitis
2882 1752 3115 1801 aggerem

2128 1802 2211 1848 Vis
2235 1808 2283 1847 ut
2316 1812 2475 1849 nostra
2498 1804 2675 1849 dehinc
2701 1804 2905 1850 cursitet
2920 1804 3103 1861 orbita;

2124 1864 2226 1923 Qua
2256 1862 2452 1911 l’laccus
2472 1863 2638 1923 lyricos
2666 1863 2969 1910 Pindaricum
2989 1862 3046 1911 ad
3072 1862 3224 1912 melos

2124 1922 2297 1985 Frenis
2316 1928 2453 1972 flexit
2478 1922 2632 1984 equos
2649 1924 2901 1985 plectripot
2915 1926 3125 1981 cutibus,

2122 1984 2243 2032 Dum
2271 1994 2425 2032 tnvtro
2444 1988 2656 2045 quatitur
2679 1984 2853 2032 chorda
2881 1988 3125 2044 (11)·101110,

2122 2047 2224 2094 Nec
2246 2059 2337 2093 non
2365 2046 2576 2101 Alcaico,
2606 2046 2681 2092 vel
2720 2047 3049 2105 Pherecratio,

2123 2107 2297 2155 .luucto
2326 2108 2573 2156 Lesbiaco.
2600 2121 2702 2152 sive.
2728 2110 3035 2167 anapu‘stit‘o,

2123 2169 2342 2215 Vernaus
2368 2181 2453 2227 per
2478 2169 2597 2214 varii
2620 2169 2842 2215 carminis
2862 2168 3076 2228 eclogas,

2118 2229 2387 2277 Verborum
2413 2228 2548 2275 Vtolis
2570 2228 2961 2275 multicoloribus.

2123 2290 2254 2338 istud
2273 2290 2359 2345 ‘(da
2386 2290 2592 2349 veniam)
2619 2288 2807 2348 fingere
2830 2290 3017 2337 vatibus

2121 2352 2302 2399 Priscis
2324 2352 2420 2398 ditii
2441 2350 2517 2399 ale
2544 2357 2637 2407 est,
2662 2349 2853 2397 tlittirile
2878 2357 2929 2399 et
2952 2352 3089 2407 mihi,

2124 2413 2184 2461 Ut
2204 2413 2393 2461 diversa
2418 2423 2593 2459 sonans
2614 2424 2668 2457 os
2692 2415 3055 2473 epigrammata,

2120 2473 2195 2521 Nil
2213 2475 2409 2522 crebras
2434 2475 2615 2520 titubet
2641 2481 2838 2532 propter
2865 2475 3107 2534 epistolas,

2121 2537 2251 2592 Quas
2275 2542 2414 2582 cantu
2441 2546 2496 2580 ac
2520 2534 2722 2581 modulis
2743 2534 3094 2583 luxuriantibus

2120 2594 2363 2643 Lascivire
2390 2601 2521 2643 vetat
2545 2595 2749 2643 mascula
2774 2595 2935 2643 dictio.

2118 2656 2250 2705 Istud
2275 2658 2347 2705 vix
2370 2656 2487 2712 Leo,
2513 2670 2601 2703 rex
2621 2656 2810 2705 Castalii
2834 2656 2987 2714 l‘hUl‘l'

2120 2718 2211 2767 Vix
2237 2718 2363 2766 hunc
2386 2732 2467 2777 qut
2492 2721 2715 2776 sequitur
2748 2718 3044 2779 Lanpritlius
3067 2727 3231 2779 queat,

2119 2778 2406 2827 Declamans
2428 2780 2606 2835 gemini
2633 2780 2848 2838 pondere
2866 2780 2955 2825 sub
2972 2780 3100 2839 styli,

2115 2840 2283 2889 Coram
2323 2840 2574 2900 discipulis
2594 2839 3052 2900 Burdegalcnsibus.

2117 2901 2219 2948 Hoc
2242 2913 2339 2958 me,
2367 2899 2514 2962 teque
2538 2899 2699 2955 decet,
2727 2913 2887 2958 parce,
2913 2912 3099 2960 precor,
3122 2902 3258 2962 jocis,

2115 2965 2290 3019 Qutew
2315 2961 2569 3021 pollicitam
2591 2967 2754 3008 servet
2775 2961 2830 3007 ad
2844 2963 3093 3009 'extimutn

2118 3022 2334 3071 Oratoris
2361 3034 2481 3083 opus
2515 3035 2625 3068 cura
2650 3022 2929 3070 molestiam
2955 3035 2967 3069 :

2120 3086 2225 3145 Quo
2246 3084 2308 3132 nil
2334 3084 2568 3139 deterius,
2592 3084 2630 3129 si
2655 3083 2797 3145 fuerit
2823 3083 2967 3145 simul
2996 3140 3005 3145 _

2122 3142 2175 3192 ln
2198 3147 2361 3206 primis
2383 3145 2586 3203 rigidus,
2619 3144 2773 3192 mollis
2795 3146 2842 3191 in
2867 3142 3065 3194 ultimis.

2006 3249 2253 3315 Quinimo
2272 3250 2482 3319 quoties
2503 3250 2659 3319 epulo
2686 3265 2886 3305 mensa:
2910 3251 3157 3309 lautioris
3190 3254 3508 3321 hilarabere,

1938 3340 2228 3410 religiosis,
2259 3341 2398 3407 quod
2430 3341 2596 3410 magis
2627 3342 2883 3409 approbo,
2915 3344 3311 3397 narrationibus
3338 3360 3462 3399 vaca
3498 3364 3510 3398 :

1938 3430 2021 3484 his
2053 3430 2385 3499 proferendis
2417 3430 2776 3485 confabulatio
2808 3431 3076 3501 frequens,
3111 3434 3190 3486 liis
3222 3436 3514 3490 redicendis

1941 3530 2203 3585 sollicitus
2233 3530 2443 3583 auditus
2476 3529 2748 3584 inserviat.
2774 3528 2926 3583 Certe
2972 3530 3013 3583 si
3042 3529 3201 3602 274,
3228 3532 3515 3585 saluhrrri-

1942 3620 2043 3672 mis
2084 3617 2467 3680 avocamentis,
2510 3616 2676 3686 utqui
2708 3617 2879 3671 adhuc
2909 3617 3137 3685 juvenis,
3176 3620 3404 3687 tepidius
3434 3622 3509 3673 iti-

1943 3710 2191 3775 flecteris,
2233 3725 2259 3765 a
2302 3722 2324 3750 ο
2360 3710 2632 3764 Platonico
2672 3709 3000 3771 Madaurensi
3044 3712 3231 3765 saltem
3263 3713 3516 3768 formulas

1944 3812 2186 3857 mutuare
2228 3802 2581 3856 convivalium
2614 3802 2964 3867 quaestionum
2991 3817 3005 3853 :
3032 3818 3241 3870 quoque
3282 3805 3517 3858 reddaris

1943 3893 2269 3955 instructior,
2296 3891 2390 3945 has
2418 3892 2564 3945 solve
2592 3889 2909 3960 propositas,
2936 3891 3026 3943 has
3050 3907 3287 3965 propone
3310 3897 3518 3947 solven-

1945 3985 2062 4047 das,
2099 3983 2269 4049 iisqne
2319 3992 2370 4037 te
2399 3982 2609 4044 studiis,
2659 3990 2713 4035 et
2757 3980 2882 4033 dum
2918 3982 3121 4045 otiaris,
3163 3998 3379 4038 exerce.
3414 3984 3515 4037 Sed

1945 4075 2066 4141 quia
2113 4072 2314 4126 mentio
2342 4071 2705 4125 conviviorqu
2757 4072 2918 4122 semel
2967 4071 3181 4135 incidit;
3233 4082 3392 4141 tuque
3441 4073 3515 4128 sic

1946 4179 2163 4235 carmen
2221 4163 2373 4219 nobis
2413 4164 2495 4217 vel
2540 4164 2604 4216 ad
2662 4162 2817 4216 aliam
2872 4177 3083 4223 causam
3129 4178 3520 4234 personamque

1948 4256 2305 4325 compositum
2339 4255 2526 4308 scdulo
2553 4252 2823 4320 exposcis,
2858 4263 2913 4305 ut
2945 4268 3030 4309 tne
3050 4254 3163 4322 ejus
3186 4256 3375 4310 edendi
3405 4257 3520 4309 diu-

1950 4348 2055 4400 tius
2087 4346 2285 4403 ltabere
2316 4360 2417 4399 non
2447 4346 2619 4415 possis
2652 4344 3043 4405 haesitatorem;
3073 4345 3285 4429 suscipe
3321 4346 3515 4415 libens,

1872 4479 1927 4539 Β
1950 4438 2090 4506 quod
2126 4434 2453 4505 temporibus
2485 4437 2704 4505 Augusti
2738 4433 3035 4505 Maioriani,
3066 4450 3186 4490 cum
3222 4448 3519 4517 10811111,ου-

1946 4529 2155 4597 jusdam
2196 4528 2394 4583 sodalis
2422 4528 2485 4580 ad
2533 4541 2738 4581 comam
2776 4526 3210 4591 conveniremus,
3236 4528 3286 4580 in
3318 4526 3342 4564 (³
3378 4529 3520 4583 Petri

1952 4620 2144 4673 librum
2170 4618 2405 4687 magistri
2437 4617 2780 4686 cpistolarum
2810 4616 2983 4679 subito
3026 4618 3286 4685 prolatum
3319 4619 3523 4685 subitus

1951 4712 2135 4775 ell'udi,
2167 4716 2300 4766 meis
2342 4726 2551 4778 quoque
2589 4709 3077 4773 contubernalibus,
3112 4710 3243 4771 dum
3267 4727 3359 4781 cex
3391 4728 3521 4767 01111-

1946 4802 2070 4867 vivii
2140 4803 2278 4856 circa
2327 4800 2679 4855 ordinandum
2738 4815 2913 4853 moras
2974 4802 3133 4853 nectit
3194 4817 3520 4871 oxygarum,

1948 4893 1967 4915 '
1994 4892 2272 4957 Domnulo,
2290 4892 2581 4947 Severiano
2613 4899 2770 4960 atque
2786 4891 3088 4960 Lampridio
3113 4892 3257 4961 paria
3288 4909 3521 4963 pangen-

1952 5030 2075 5101 ipsis
2097 5030 2271 5095 aliqua
2302 5030 2654 5101 conscripserit
2685 5038 2730 5101 et
2759 5027 3085 5093 Plutarchus,
3116 5038 3164 5101 et
3196 5039 3353 5083 vester
3382 5033 3521 5101 Apu-

1950 5100 2096 5172 leius.
2138 5101 2470 5172 Frontonem
2501 5100 2647 5172 addit
2672 5100 2901 5172 lotttncs
2951 5099 3393 5172 Saresberiensis,
3430 5099 3522 5172 qui

1951 5169 2199 5238 Macrobii
2228 5170 2383 5223 verba
2412 5170 2600 5235 repetit
2630 5168 2938 5238 l’olycratici
2972 5184 3082 5232 vm,
3116 5170 3200 5223 10.

2005 5236 2031 5276 ά
2051 5241 2323 5307 Maioriani
2350 5240 2569 5311 Augusti
2594 5236 2737 5311 :quo'
2760 5240 3121 5311 λου-11³81110
3147 5249 3203 5294 et
3224 5239 3518 5311 interprete

1949 5309 2269 5374 Maiorianus
2309 5310 2613 5378 prmsidium
2656 5310 2875 5361 militum
2914 5308 3173 5377 Lugdune
3215 5308 3522 5379 impositum

1950 5383 2081 5434 urbe
2100 5380 2323 5448 depulit,
2339 5389 2394 5432 ut
2411 5391 2493 5433 est
2512 5379 2562 5433 in
2585 5379 2903 5448 panegyt-ico
2920 5379 3196 5446 Maioriani
3218 5382 3319 5435 sub
3343 5382 3529 5435 linem:

1951 5449 2156 5573 Eidem},
2188 5461 2443 5519 prteterea
2493 5451 2868 5520 panegyricum
2930 5452 3103 5518 ipsum
3157 5450 3351 5504 obtulit
3406 5465 3511 5503 car:

1953 5534 2095 5573 mine
2160 5560 2171 5571 .

1953 5534 2095 5573 mine
2123 5534 2171 5573 ὂ.

2028 5599 2049 5624 θ
2078 5589 2149 5642 De
2182 5590 2443 5643 Domnulo
2468 5590 2668 5644 dictttm
2694 5590 2790 5644 lib.
2832 5605 2903 5655 iv,
2930 5591 3155 5657 epistola
3186 5590 3388 5657 ultima.
3429 5587 3527 5643 Se~

1953 5662 2228 5719 verianuni
2275 5659 2463 5712 iterum
2498 5660 2677 5713 laudat
2708 5661 2930 5727 epistola
2969 5656 3065 5727 l5,
3100 5656 3161 5715 ei.
3188 5656 3429 5717 carmine
3463 5661 3529 5714 15

1954 5730 2041 5782 ubi
2069 5736 2407 5800 prazuautem
2451 5733 2596 5798 tuba,
2640 5731 2737 5783 hoc
2773 5738 2859 5793 est
2895 5731 3324 5803 grandiloquum,
3352 5741 3526 5799 vocat.
