4072 6348
499 465 502 467 .
543 405 642 460 051

1793 379 2034 437 SIDONII
2075 376 2411 435 APOLLINA
2423 374 2525 428 tus

543 517 680 571 tibus
707 513 989 584 (iactanter
1018 507 1118 558 hoc
1141 503 1269 579 disi,
1294 501 1402 554 imo
1431 496 1700 565 meliora),
1730 509 1864 564 quos
1886 493 2128 562 undique
2157 496 2208 555 Α

545 609 753 664 urbium
779 604 975 658 ascitos
1008 600 1294 666 imperator
1325 593 1379 646 in
1421 605 1584 646 unam
1614 588 1911 653 civitatem,
1940 585 2130 644 invita-

489 685 494 709 ί
545 713 630 754 tor
662 699 714 752 in
738 707 897 750 unam
926 702 1137 746 cernam
1169 689 1303 740 forte
1337 689 1698 738 contraxerat.
1723 679 1781 734 ld
1827 691 1993 732 morte
2021 685 2132 729 tan-

547 776 828 854 tum,dum
858 797 1053 854 genera
1090 790 1381 835 metrorum
1410 784 1556 830 sorte
1599 772 1875 843 partimur.
1928 766 2132 824 Placuit

548 892 781 947 namque
823 891 922 946 pro
969 873 1194 927 caritate
1237 867 1468 937 collegii,
1507 865 1632 920 licet
1656 862 1902 917 omnibus
1943 859 2130 914 eadem

547 969 817 1027 scribendi
850 967 1071 1022 materia
1098 964 1373 1025 existeret,
1401 974 1506 1014 non
1536 966 1838 1012 unotamen
1863 952 2133 1020 epigram-

549 1074 690 1120 mata
735 1062 1063 1132 singulorum
1093 1071 1290 1128 genere
1323 1051 1550 1124 proferri
1593 1067 1606 1104 :
1643 1061 1709 1103 ne
1738 1045 2002 1116 quiSpiam
2032 1057 2132 1096 no~

549 1168 744 1223 strum,
758 1156 850 1226 qui
863 1153 1073 1210 caeteris
1085 1147 1537 1211 dixissetexilius,
1552 1140 1871 1199 verecundia
1887 1140 2135 1208 primum,

552 1258 677 1321 post
705 1247 1044 1302 morderetur
1073 1240 1292 1297 invidia.
1331 1237 1539 1292 Etenim
1569 1234 1726 1288 citius
1747 1229 2057 1300 agnoscitur
2082 1229 2136 1283 in

552 1350 876 1408 quocunque
901 1335 1183 1396 recitante,
1237 1330 1280 1383 si
1315 1344 1422 1398 quo
1451 1326 1631 1380 caeteri
1657 1331 1829 1377 metro
1857 1330 2035 1383 canat,
2069 1334 2137 1373 an

553 1445 618 1485 eo
646 1444 861 1499 quoque
888 1427 1083 1481 scribat
1115 1424 1346 1493 ingenio.
1381 1420 1458 1474 'l‘n
1485 1432 1610 1474 vero
1636 1427 1760 1471 tunc
1782 1411 2138 1484 opportunius

554 1521 794 1588 subjecta
820 1516 1085 1581 laudabis,
1116 1528 1236 1569 cum
1259 1521 1424 1567 totum
1445 1520 1496 1563 te
1514 1508 1662 1562 socio
1690 1503 2000 1560 indulseris.
2023 1500 2138 1555 Non

556 1613 694 1667 enim
733 1612 936 1680 justum
967 1619 1071 1675 est,
1116 1618 1171 1660 ut
1199 1620 1390 1667 censor
1435 1601 1656 1668 incipias
1695 1613 1814 1652 cum
1857 1595 2142 1658 severitate

560 1705 845 1768 discutere,
898 1701 1036 1770 quod
1085 1715 1188 1753 non
1247 1695 1420 1765 potuit
1463 1692 1667 1748 amicus
1709 1704 1829 1744 cum
1887 1688 2144 1742 serietate

563 1799 783 1848 dictare.

602 1865 762 1934 275
799 1871 907 1934 Age
944 1877 1200 1934 convocata
1226 1865 1400 1927 pubes,

803 1932 977 1992 Locus,
1005 1931 1137 1992 hora,
1164 1939 1350 1992 mensa,
1372 1938 1536 1992 causa,

805 1987 1034 2041 .lnbet'ut
1056 1990 1284 2038 volumen
1317 1987 1462 2047 istud,

805 2055 941 2112 Quod
968 2063 1019 2101 et
1039 2064 1160 2100 aure
1185 2056 1235 2099 et
1255 2062 1341 2112 ore
1374 2049 1538 2104 discis,

801 2109 987 2164 Studiis
1012 2117 1061 2160 in
1094 2118 1222 2160 astra
1246 2109 1400 2158 tollas.

804 2178 981 2225 Petrus
1007 2183 1083 2224 est
1105 2176 1189 2221 tibi
1218 2171 1476 2232 legendus,

809 2238 860 2286 In
887 2245 1098 2298 utraque
1127 2235 1375 2294 disciplina

801 2300 932 2348 Satis
951 2298 1197 2347 institutus
1212 2301 1395 2344 auctor.

806 2361 1127 2421 Celebremus
1149 2369 1290 2417 ergo,
1311 2354 1505 2421 l'ratres,

809 2423 890 2470 Pia
908 2422 1031 2468 festa
1053 2419 1339 2468 litterarum.

805 2484 1015 2542 Peragat
1036 2480 1167 2542 diem
1191 2480 1448 2542 cadentem

813 2539 968 2604 Dape'.
1005 2541 1206 2602 poculis,
1223 2539 1435 2596 choreis,

807 2604 1021 2651 l-lenialis
1059 2610 1333 2662 apparatus.

809 2664 1020 2713 llutilum
1056 2668 1273 2710 toreuma
1296 2663 1454 2721 bysso,

812 2726 1088 2784 llutilasque
1124 2724 1248 2770 torte
1273 2723 1462 2777 blattas,

808 2783 1126 2846 llecoqnente
1149 2795 1271 2844 quas
1292 2783 1452 2846 aheno

808 2845 1034 2895 Melibtna
1063 2845 1192 2894 furat
1214 2845 1338 2892 unda
1359 2860 1371 2903 ;

808 2907 1070 2970 Opttlentet
1093 2913 1147 2970 ut
1165 2919 1356 2970 meraco

807 2966 1032 3019 Bibulum
1057 2969 1223 3017 colbre
1262 2966 1434 3015 vellus.

809 3031 1081 3090 Peregrina
1101 3036 1188 3078 det
1209 3028 1433 3090 supellex

809 3092 1136 3153 Ctesiphontis
1158 3103 1212 3139 ac
1232 3090 1449 3153 Niphatis

812 3158 837 3217 ft
864 3152 987 3217 Jnga
1013 3159 1168 3211 texta,
1193 3152 1479 3213 belluasque

815 3215 1019 3277 llapitlas
1037 3220 1236 3277 vaeante
1257 3227 1433 3274 panno,

811 3274 953 3325 Acan
971 3276 1146 3325 quibus
1161 3274 1371 3322 furorem

815 3340 952 3387 Bene
975 3335 1086 3385 ticta
1111 3335 1249 3397 plaga
1270 3347 1437 3392 cocco,

809 3399 1078 3456 .laculoquc
1102 3410 1194 3445 ceu
1216 3397 1402 3444 forante

817 3462 966 3509 Cruor
989 3460 1271 3507 incruentus
1287 3458 1408 3504 exit.

817 3523 904 3570 libi
935 3529 1113 3576 torvus,
1139 3527 1192 3566 et
1215 3530 1304 3580 per
1326 3525 1481 3565 artem

816 3583 1057 3644 Hesupina
1090 3579 1248 3644 ﬂexus
1270 3591 1375 3644 ora,

817 3647 858 3692 lt
883 3642 1029 3704 equo.
1061 3643 1286 3704 reditque
1311 3642 1433 3699 telo,

811 3703 1072 3754 Simulacra
1101 3703 1366 3751 bestiarum

816 3767 1047 3826 Fugiens,
1074 3764 1340 3824 fugansque
1365 3760 1586 3811 Parthus.

814 3828 932 3877 Nive
961 3826 1228 3887 pulchriora
1255 3826 1347 3887 tua

814 3885 1130 3944 Gut-at'orbis,
1156 3891 1303 3945 atque
1337 3885 1499 3942 lauris,

813 3950 1139 4006 Hederisque,
1167 3949 1497 4007 pampinisque

818 4011 1142 4059 Viridantibus
1167 4015 1376 4068 tegatur.

811 4073 1025 4133 Cytisos,
1039 4082 1220 4127 crocos,
1245 4071 1445 4133 amellos
1462 4105 1473 4121 ,

815 4130 1240 4194 (.Ξιείδε,’1ἰειιδιι·ει,
1264 4130 1466 4186 calthas,

576 4267 768 4326 Iulium
811 4263 1001 4330 opinor
1043 4259 1416 4330 Severianum,
1462 4256 1614 4330 cujus
1671 4252 2137 4330 artis-rhetoricae

576 4324 865 4401 prmcepta'
895 4336 1196 4401 syntomata
1253 4327 1541 4401 leguntur._
1589 4324 1946 4401 Lampridium
2007 4337 2136 4374 vero

574 4393 868 4461 rhetorem.
898 4393 1048 4466 cuius
1067 4396 1268 4449 obitum
1293 4396 1431 4466 luxit
1451 4393 1617 4466 epist.
1651 4395 1740 4456 60,
1770 4393 1863 4448 lib.
1893 4408 2003 4466 \‘_l_ll,
2054 4405 2144 4444 ca-

577 4474 824 4528 thedram
854 4462 1160 4535 Bnrdegala:
1193 4465 1426 4535 tenuisse
1450 4463 1536 4535 hic
1565 4463 1712 4535 locus
1741 4462 1997 4535 ostendit.

560 4558 567 4580 ι
644 4551 671 4580 ι
700 4540 828 4607 Qua:
868 4530 1099 4592 bellua'ta
1125 4533 1321 4607 tapetis
1359 4534 1409 4586 in
1457 4532 1626 4607 Plauti
1657 4530 2147 4607 Psettdolo,_zg.idrd

576 4601 778 4666 Graiis
801 4617 855 4662 et
876 4605 1250 4662 Ζωδιωτά.Νθο
1274 4605 1368 4658 abs
1394 4617 1454 4656 re
1478 4601 1840 4667 Ctesiphontis
1868 4615 1931 4654 ac
1954 4601 2146 4668 Nipha-

2102 1824 2364 1960 .B’.

575 4657 1224 4740 έῖἐᾘέῖιιῖὸιῖἐῆῐίήῇέέίί,
1262 4657 1327 4728 ut
1345 4657 1681 4743 Babylonica
1704 4657 2152 4743 designaretisa-
2180 4657 2232 4717 D

575 4753 737 4820 bylon
769 4749 932 4820 enim,
958 4754 1180 4801 auctore
1208 4741 1634 4820 Plinio,_colore_s
1654 4741 1898 4796 diversos
1917 4741 2140 4820 vestium

575 4812 805 4890 pictui-at
822 4819 1061 4890 intexere
1089 4817 1322 4890 maxime
1346 4813 1656 4876 celebravit,
1682 4821 1736 4867 et
1765 4826 1955 4890 nomen
1967 4812 2146 4890 _i_mpo-
2191 4841 2196 4845 -

575 4881 702 4945 suit.
725 4889 1054 4956 Babylonica
1076 4885 1441 4956 veropieturte
1468 4893 1859 4953 argumentum,
1897 4881 2031 4936 bella
2056 4890 2149 4956 aut

575 4961 808 5016 venatio.
834 4951 1149 5012 Ammianus
1165 4951 1500 5010 Marcellinus
1536 4951 1714 5009 rerum
1759 4962 2028 5020 gestarum
2056 4951 2149 5006 lib.

485 5035 491 5082 ξ
577 5047 722 5094 xxiv,
752 5029 944 5083 Juliani
979 5032 1112 5095 Aug.
1147 5024 1477 5080 mansionem
1505 5025 1556 5078 in
1586 5039 1714 5094 agro
1740 5021 2148 5092 Ctesiphontinn

487 5098 492 5107 “
577 5100 915 5154 describens:
944 5095 1744 5164 Diveraorium,inquit,0pacum
1788 5103 1836 5148 et
1877 5107 2151 5164 nuncnum,

577 5171 786 5239 gentiles
824 5170 1045 5239 picturas
1066 5183 1154 5237 per
1181 5181 1371 5239 omnes
1397 5163 1586 5239 aedium
1620 5167 1837 5239 parietes
1861 5163 2151 5239 ostendens,

577 5232 710 5310 regis
746 5232 1497 5310 bestiasvenatione‘multiplici
1529 5232 1850 5310 trucidantis.
1891 5233 1999 5310 Nec
2016 5232 2150 5310 enim

576 5302 820 5432 (eos
841 5310 1064 5379 pingitur
1087 5306 1163 5360 vel
1187 5302 1398 5376 ﬁngitur
1409 5304 1575 5371 aliud,
1598 5313 1780 5374 prteter
1806 5305 1972 5359 uarias
1993 5302 2153 5356 cardcs

577 5397 603 5432 e
680 5397 703 5432 ι’
747 5396 799 5432 a.

577 5389 621 5433 et
647 5380 799 5433 bella.

618 5449 675 5514 ,δ
703 5449 903 5505 Statius
922 5448 1174 5517 Papinius
1195 5445 1446 5515 lacrymis
1475 5445 1716 5500 Iletrusci
1748 5463 1761 5496 :

801 5545 852 5587 tu
875 5549 1065 5588 messes
1085 5534 1384 5596 Cilicumque
1407 5533 1720 5595 Arabumque

700 5601 874 5662 Merge
892 5599 1039 5661 rogis.

650 5702 664 5730 ⁸
707 5698 952 5753 Barthius
984 5699 1212 5763 Aduerr.,
1253 5712 1373 5766 pag.
1406 5696 1532 5761 489,
1567 5703 1748 5749 monet
1785 5708 1840 5749 se
1870 5695 1920 5748 in
1954 5693 2142 5748 Trevi-

577 5771 715 5824 rensi
745 5771 1103 5824 vetustissimo
1151 5768 1335 5823 codice
1381 5767 1572 5837 legisse
1618 5766 1902 5834 crimiuipta
1938 5780 2086 5817 succo
2123 5782 2134 5814 :

568 5852 710 5914 ,tutu,
739 5843 862 5917 Quis
888 5857 987 5902 non
1012 5841 1195 5914 videat,
1239 5839 1408 5914 inquit
1437 5837 1610 5899 solers
1639 5837 1874 5904 criticus,
1904 5849 2136 5890 CAItIllNL

3715 362 3818 416 632

2479 487 2660 536 Calathi
2680 485 2837 534 ierant
2851 495 3072 545 capaces,

2480 547 2939 607 Redolentibusqne
2959 547 3108 594 sertis

2481 611 2715 671 Abacum,
2744 615 2975 669 torosque
3007 607 3231 671 pingant.

2483 672 2652 720 Manus
2673 669 2820 719 uncta
2841 680 2987 717 succo
3010 669 3184 715 amomi

2479 733 2657 782 Domet
2680 731 2894 792 hispidos
2917 728 3138 792 capillos,

2478 796 2507 834 ι)
2529 790 2842 853 Arabumque
2865 803 3027 840 messe
3049 790 3244 853 pinguis

2482 857 2623 905 Petat
2647 855 2743 903 alta
2762 859 2890 902 tecta
2915 853 3092 901 fumus.

2484 917 2735 966 Veniente
2759 922 2902 963 nocte
2929 927 3023 962 nec
3048 925 3144 961 non

2425 989 2427 993 ‘
2482 979 2785 1027 Numerosus
2803 977 3023 1036 erigatur

2484 1039 2823 1102 Laquearibus
2846 1038 3063 1102 coruscis

2484 1099 2699 1150 Camers;
2719 1101 2769 1146 in
2793 1111 3004 1158 superna
3034 1099 3234 1160 lychnus
3257 1113 3269 1158 ;

2488 1162 2764 1223 Oleumque
2788 1162 3094 1223 nescientes,

2485 1225 2773 1284 Adipesque
2795 1222 3079 1284 glutinosos,

2493 1282 2643 1334 Utere
2666 1282 2887 1332 tumente
2917 1282 3115 1332 fundant

2489 1344 2864 1407 Opobalsamum
2893 1345 3124 1394 lucerna).

2491 1406 2659 1468 Geruli
2683 1415 2827 1468 caput
2855 1406 3092 1468 plicantes

2491 1466 2805 1528 Anaglvptico
2825 1466 3022 1515 metallo

2491 1529 2668 1592 Epulas
2691 1530 2963 1592 superbior:
2984 1541 3008 1576 s

2490 1590 2721 1640 Humeris
2741 1590 2903 1639 ferant
2924 1602 3058 1638 OIIIIS'
3072 1591 3130 1637 is.

2491 1653 2705 1710 Paterat,
2725 1652 2910 1713 scyphi,
2933 1651 3146 1711 lebetes,

2492 1713 2693 1764 Socient
2730 1713 2912 1762 falerna
2938 1714 3086 1761 nardo
3107 1726 3118 1760 :

2493 1775 2826 1836 'l‘ripodasque
2841 1812 2856 1834 ,
2883 1775 3239 1837 cantharosque

2550 1838 2660 1908 76
2694 1845 2819 1894 Rosa
2857 1845 3016 1908 sutilis
3038 1855 3256 1896 coronet.

2526 1907 2639 1970 uitat
2661 1910 2733 1956 ire
2751 1921 2841 1970 per
2857 1907 3063 1970 corollas

2495 1968 2765 2033 Alabastra
2775 1968 3090 2033 ventilantes,

2495 2031 2640 2093 Juvat
2655 2037 2716 2093 _et
2734 2044 2857 2093 vago
2873 2036 3033 2079 rotatu

2494 2092 2624 2142 Dare
2647 2091 3034 2141 fracta'membra
3056 2091 3184 2152 ludo,

2493 2153 2736 2203 Simulare
2759 2153 2835 2203 vel
2859 2161 3136 2203 trementes

2499 2216 2654 2274 Pede,
2683 2222 2844 2273 veste,
2869 2227 2988 2264 voce
3015 2215 3246 2264 Bacchas.

2497 2277 2674 2326 .llimari
2701 2278 2915 2327 remittat
2934 2278 3061 2327 urbe

2497 2337 2801 2402 fl'hymelem,
2823 2338 3088 2402 Palemque
3110 2338 3275 2389 doctas

2494 2399 2705 2449 'i‘ebidas
2726 2401 2784 2448 ad
2807 2399 3018 2449 oilicinas

2495 2460 2824 2511 Citharistrlas
2843 2460 3136 2512 Corinthus:

2495 2522 2646 2581 Digiti
2670 2524 2846 2584 quibus
2869 2532 3125 2580 canentes.

2500 2587 2694 2647 Parlter
2717 2592 2920 2647 sonante
2944 2584 3128 2647 lingua,

2499 2646 2620 2694 Vico
2646 2648 2854 2708 pectinis
2875 2645 3081 2708 fatigent

2499 2710 2725 2770 Animata
2747 2706 2823 2756 ﬁla
2846 2706 3005 2770 pulsu.

2501 2768 2629 2818 Date
2654 2775 2706 2818 et
2729 2781 2827 2818 aera
2849 2768 3068 2819 'tistulata

2495 2830 2682 2892 Satyris
2704 2830 2855 2892 amica
2880 2831 3052 2881 nudis:

2499 2891 2627 2941 Date
2670 2895 2693 2921 θ
2728 2891 2924 2942 ravulos
2944 2892 3214 2952 choraulas,

2499 2953 2683 3017 Quibus
2700 2959 2844 3017 antra
2865 2968 2953 3016 per
2977 2955 3121 3016 palati

2501 3015 2724 3077 tirepulis
2763 3015 2988 3064 reﬂanda
3005 3017 3185 3066 buccis.

2503 3075 2666 3126 Gemit
2689 3089 2806 3126 aura
2833 3078 3011 3127 tibialis
3033 3092 3072 3137 ;ι

2505 3141 2519 3167 ¹
2544 3137 2668 3188 Date
2692 3140 2952 3187 carminata
2972 3151 3129 3198 50000,
3181 3150 3188 3192 ἴ

2423 3254 2429 3260 _
2501 3199 2627 3253 Date
2647 3200 2774 3249 dicta
2797 3202 2888 3248 sub
2907 3202 3159 3258 cothurno,

2500 3262 2626 3324 Date
2650 3262 2883 3324 quidquid
2909 3263 3147 3323 advocati,

2505 3323 2628 3386 Date
2649 3323 2881 3386 quidquid
2907 3331 2958 3372 et
2976 3330 3136 3385 poetae

2500 3385 2648 3432 Vario
2670 3391 2896 3444 strepunt
2918 3388 2964 3432 in
2989 3393 3129 3433 actu:

2506 3447 2686 3495 Petrus
2705 3447 2810 3495 haec
2831 3451 2884 3494 et
2907 3445 2986 3494 illa
3005 3447 3194 3494 transit.

2503 3507 2637 3570 {)pus
2661 3508 2842 3557 editum
2855 3515 3117 3570 tenemus,

2503 3569 2715 3617 Bimetra
2739 3568 2868 3629 quod
2891 3575 2998 3616 arte
3022 3568 3217 3627 texens,

2509 3629 2612 3692 lter
2636 3641 2884 3692 asperum,
2913 3632 3112 3690 viasque

2508 3689 2880 3753 labyrinthicas
2901 3689 3129 3740 cucurrit.

2504 3752 2678 3800 Sediu
2701 3753 2926 3802 erunibus
2949 3753 3170 3800 laborans

2508 3814 2564 3876 lit
2587 3814 2648 3861 ab
2669 3816 2892 3863 omnibus
2909 3815 3156 3876 probatus,

2509 3873 2644 3936 llapit
2668 3876 2778 3923 hinc
2802 3883 2852 3923 et
2872 3873 2985 3936 itide
3010 3873 3231 3936 palmam.

2503 3935 2604 3984 Per
2628 3941 2680 3985 et
2698 3949 2782 3984 ora
2803 3939 2940 3986 docta
2966 3935 3154 3985 fertur.‘

2500 3998 2672 4046 Procul
2697 3998 2808 4046 hinc
2829 4005 2880 4046 et
2901 3998 3244 4059 Hippocrenen
3265 4032 3278 4056 ,

2508 4059 2927 4122 Aganippicosque
2965 4059 3144 4122 fontes,

2501 4121 2560 4171 Et
2585 4121 2856 4183 Apollinem
2877 4133 3106 4170 canorum

2245 4248 2489 4303 Tibullus
2523 4248 2644 4302 item
2675 4246 2762 4300 lib.
2794 4262 2865 4311 tv,
2890 4248 2941 4300 in
2965 4245 3118 4300 laude
3144 4245 3362 4311 Sulpicii
3389 4263 3401 4297 :

2369 4326 2535 4377 Cultor
2555 4326 2770 4375 odoratze
2787 4325 2928 4375 dives
2953 4324 3108 4372 Arabs
3131 4325 3336 4382 segetis.

2322 4397 2558 4449 Arabum
2610 4395 2800 4448 messis
2829 4403 2884 4449 et
2927 4409 3102 4462 seges,
3150 4393 3328 4445 omnis
3378 4406 3593 4459 generis
3643 4390 3808 4445 odora

2252 4474 2425 4518 menta
2450 4480 2568 4534 quae
2593 4466 2643 4518 in
2671 4464 2862 4518 Arabia
2894 4472 3203 4518 nascuntur.
3232 4462 3365 4534 Hinc
3383 4471 3626 4532 prompta
3653 4476 3832 4534 emeng

2253 4534 2398 4588 datio
2449 4532 2635 4588 versus
2680 4535 2934 4601 Orientii,
2962 4534 3050 4603 qui
3085 4535 3230 4588 viros
3259 4533 3446 4587 doctos
3485 4534 3750 4599 exercuit,
3793 4532 3835 4585 si

2255 4603 2481 4656 Arabum
2521 4607 2682 4670 legas,
2719 4618 2822 4658 non
2863 4621 3061 4657 arvum.
3102 4603 3191 4658 Sic
3229 4603 3373 4656 enim
3404 4603 3610 4669 scribit,
3638 4603 3707 4658 de
3741 4616 3832 4656 ca-

2256 4674 2540 4730 daveribus
2567 4689 2685 4744 qua:
2708 4675 3039 4729 aromatibus
3070 4673 3398 4728 condiuntur
3432 4691 3445 4726 :

2373 4753 2479 4800 Non
2502 4753 2643 4802 modo
2664 4767 2776 4814 qua)
2799 4753 2995 4802 tumulis
3017 4753 3146 4814 bene
3172 4753 3366 4814 condita
3388 4763 3506 4802 saxa
3529 4759 3811 4812 reservant,

2440 4815 2528 4864 Aut
2550 4813 2760 4864 Arabum
2785 4814 2993 4863 solidans
3014 4813 3169 4877 pulvis
3192 4813 3412 4876 odorque
3431 4819 3591 4863 tenet.

2255 4885 2487 4940 Arabum
2545 4886 2714 4954 pulvis
2768 4893 2819 4940 ct
2863 4885 3017 4949 odor,
3076 4895 3200 4940 nota
3235 4885 3422 4955 ﬁgura.
3467 4899 3567 4954 pro
3615 4883 3833 4952 pulvere

2259 4955 2483 5013 odorato
2512 4956 2741 5011 Arabiae.

2334 5037 2355 5064 ο
2386 5029 2484 5094 Qui
2534 5028 2689 5081 tibias
2741 5029 2791 5080 in
2832 5026 3002 5088 cltpro
3041 5025 3264 5081 inﬂant:
3296 5037 3440 5095 quos,
3482 5022 3835 5095 pulcherrime

2263 5092 2446 5152 itidem
2473 5097 2726 5151 describit
2750 5097 3051 5165 Cyprianus
3081 5095 3149 5150 de
3174 5092 3495 5163 spectaculis
3525 5111 3538 5147 :
3565 5092 3704 5146 Alter
3723 5107 3834 5165 cum

2257 5169 2412 5221 choro
2441 5179 2487 5221 et
2515 5183 2645 5220 cum'
2675 5163 2892 5219 hominis
2919 5182 3108 5219 canora
3135 5181 3254 5219 voce
3293 5165 3608 5218 contendens
3656 5163 3835 5230 spiritu

2257 5255 2280 5291 δ
2289 5255 2372 5299 tto,
2388 5255 2533 5308 quem
2559 5238 2623 5290 de
2642 5237 2909 5291 risceribus
2923 5236 3029 5288 suis
3039 5235 3384 5308 superioribus
3405 5237 3568 5289 nitens
3578 5233 3835 5308 hauserat,

2260 5303 2498 5362 tibiarum
2522 5309 2776 5378 foramina
2807 5303 3254 5378 modttlans,’mtnc
3267 5303 3450 5378 effuso,
3475 5314 3522 5378 et
3543 5318 3679 5357 nunc
3706 5305 3838 5378 inlata

2257 5381 2455 5432 recluso
2482 5373 2543 5432 ac
2574 5393 2827 5445 represso,
2858 5392 2992 5429 nunc
3052 5377 3202 5428 certis
3251 5374 3584 5446 foraminibus
3640 5373 3835 5430 emissa.

2257 5458 2406 5515 atque
2444 5451 2495 5501 in
2541 5464 2707 5501 aerem
2757 5447 2972 5518 profuso
2996 5448 3165 5518 :item
3196 5447 3261 5517 in,
3289 5446 3620 5518 articulorum
3663 5455 3837 5518 tortum

2259 5513 2518 5586 frangens,
2547 5519 2684 5584 loqui
2714 5513 2886 5586 digitis
2915 5518 3134 5585 laborat,
3153 5513 3380 5587 ingratus
3407 5515 3595 5584 artifici
3625 5513 3708 5583 qui
3734 5513 3837 5565 liu-

2259 5603 2410 5640 (mam
2440 5587 2601 5640 dedit.

2257 5603 2410 5656 gnam
2440 5587 2601 5642 dedit.

2246 5713 2384 5752 APTA
2416 5712 2577 5752 socco
2611 5712 2780 5750 veram
2828 5714 2934 5752 esse
2969 5697 3277 5753 lectionem?
3307 5698 3539 5753 thomus
3563 5692 3834 5752 Sirmond.

2244 5768 2436 5824 editor.
2472 5769 2679 5836 praefat.
2706 5768 2771 5822 ad
2807 5775 2937 5823 tom.
2959 5768 3001 5834 Ι,
3029 5771 3056 5838 §
3087 5769 3176 5825 11.

2942 5984 3012 6013 φ-
