4072 6348
301 424 415 481 633

554 530 903 582 llomitantibus
928 528 1150 575 Camenis

557 594 840 654 Abigamus,
868 598 920 654 et
947 589 1211 654 Minervam

559 646 708 715 Quasi
733 646 993 715 praesulem
1011 646 1226 715 canendi

560 708 829 767 Removete
871 712 976 760 [icta
1007 708 1127 767 fatu,

559 780 694 828 Deus
717 779 803 825 ista
830 777 1026 837 praestat
1055 784 1197 819 unus.

558 840 754 900 Stupuit
776 837 931 900 virum
966 837 1250 893 loquentem

560 898 862 949 Diadematis
888 901 1123 956 potestas,

561 963 729 1024 'l'oga,
754 957 938 1024 miles,“
947 957 1075 1024 ordo_
1087 960 1345 1024 equester,

562 1017 873 1085 Populusque
910 1017 1180 1085 Romularis
1205 1027 1217 1060 :

560 1085 621 1135 Et
634 1078 807 1134 adhuc
823 1081 999 1141 sophos
1022 1078 1235 1126 volutant

562 1147 705 1206 Fora,
734 1142 933 1206 templa,
974 1153 1109 1199 rura,
1135 1144 1310 1206 castra.

561 1200 719 1268 Super
744 1200 867 1262 hzeé,
891 1203 1133 1268 fragorem
1160 1200 1352 1248 alumno

560 1265 737 1330 Padus,
763 1273 913 1330 atque
947 1265 1188 1330 civitatum

562 1330 655 1380 Dat
678 1328 811 1377 amor
831 1328 1196 1387 Ligusticarum.

561 1391 744 1443 Similis
766 1385 910 1437 favor-
920 1385 1125 1435 resultat

566 1450 909 1503 Rhodanitidas
934 1448 1226 1510 per‘urhes,

566 1506 1121 1571 lmitahiturque'Gallos

564 1576 758 1626 Feritas
778 1573 1097 1621 lbericorum.

566 1638 671 1687 Nec
692 1638 739 1684 in
763 1634 855 1683 hoc
874 1638 1087 1681 moratus
1109 1642 1223 1687 axe,

566 1699 670 1749 Cito
692 1698 750 1744 ad
775 1707 887 1742 arva
915 1697 1102 1755 perget,
1122 1690 1256 1749 Euri,

568 1752 983 1822 Aquilonibusque
1010 1760 1060 1822 et
1080 1752 1289 1822 Austris,

566 1814 918 1883 Zc'phyrisque'
929 1814 1221 1877 perferetur.

398 1929 552 2002 277
585 1927 722 1981 Ecce
769 1923 894 1977 dum
921 1932 1103 1990 quaero
1126 1915 1252 1985 quid
1283 1923 1486 1979 cantes,
1525 1914 1637 1980 ipse
1664 1908 1893 1964 cantavi.

321 2025 483 2079 Tales
511 2021 650 2074 enim
684 2030 849 2086 nugas
880 2014 932 2067 in
966 2014 1073 2066 imo
1102 2008 1282 2064 scrinii
1313 2006 1475 2061 fundo
1498 2004 1740 2059 muribus
1773 2016 1901 2069 per-

322 2116 547 2181 foratas,
576 2116 696 2179 post
718 2119 889 2164 annos
930 2104 1140 2158 circiter
1166 2097 1350 2166 viginti
1382 2096 1597 2167 profero
1623 2095 1676 2148 in
1703 2096 1899 2155 lucem,

322 2206 513 2278 quales
554 2203 665 2273 pari
716 2210 956 2268 tempore
1002 2196 1270 2255 absentes,
1302 2205 1424 2245 cum
1454 2189 1674 2243 domum
1718 2185 1900 2249 rediit,

324 2298 550 2369 Ulysses
591 2293 831 2349 invenire
860 2289 1133 2359 potuisset.
1167 2283 1402 2341 Proinde
1434 2291 1556 2353 peto
1586 2289 1641 2335 ut
1667 2292 1903 2349 praesen-

328 2393 473 2447 tibus
503 2387 720 2444 ludicris
751 2384 978 2439 libenter
1000 2382 1269 2449 ignoscas.
1302 2375 1434 2431 illud
1457 2389 1585 2429 vero
1617 2386 1715 2428 nec
1746 2385 1901 2425 vere-

327 2484 525 2550 cunde,
555 2497 652 2538 ncc
684 2480 1017 2548 impudenter
1048 2473 1284 2544 injungo,
1319 2477 1375 2524 ut
1396 2468 1537 2539 quod
1582 2466 1696 2535 ipse
1720 2464 1789 2519 de
1836 2462 1905 2517 l‘a-

330 2579 554 2631 miliaris
601 2575 705 2629 mei
759 2573 966 2640 integro
994 2570 1127 2623 libro
1159 2562 1644 2636 pronuntiavi,hoc
1670 2564 1726 2614 tu
1756 2556 1907 2627 quasi

332 2667 649 2724 sollicitatus
672 2663 899 2731 exempli
924 2661 1242 2715 necessitate
1273 2657 1339 2711 de
1363 2668 1485 2711 meo
1505 2652 1722 2708 sentias.
1754 2649 1904 2705 Vale.

880 2750 1206 2809 EPISTULA
1238 2748 1376 2804 XIV.

587 2848 830 2905 Sidonius
859 2854 884 2882 α
916 2842 1270 2914 Burgundioni
1302 2856 1397 2895 suo
1428 2828 1664 2893 salutem.

412 2943 699 3013 Dupliciter
734 2937 1015 2996 excrucior
1060 2934 1202 3004 quod
1233 2942 1475 2988 nostrum
1523 2939 1747 2998 uterque
1773 2926 1913 2981 lecto

342 3046 571 3092 tenetur.
596 3033 735 3089 Nihil
759 3030 899 3087 enim
936 3037 1020 3083 est
1046 3026 1233 3083 durius
1262 3039 1420 3095 quam
1470 3036 1589 3077 cum
1620 3026 1914 3089 praesentes

342 3127 501 3181 amici
528 3125 835 3179 dividuntur
874 3117 1250 3174 communione
1289 3112 1582 3182 languoris.
1619 3109 1828 3178 Quippe
1869 3105 1913 3158 si

346 3218 574 3284 accidat,
597 3226 770 3270 utnec
792 3214 926 3268 intra
949 3225 1110 3265 unum
1136 3207 1390 3263 conclave
1410 3204 1752 3268 decumbant,
1772 3199 1915 3254 nulla

351 3318 479 3365 sunt
504 3307 688 3370 verba,
718 3305 855 3360 nulla
882 3312 1004 3357 sunt
1028 3300 1240 3366 solatia,
1281 3297 1422 3352 nulla
1467 3296 1696 3363 denique
1744 3290 1918 3347 mutui

352 3410 535 3455 oratus
556 3396 872 3453 vicissitudo.
893 3393 1071 3463 Itaque
1090 3390 1309 3461 singulis
1329 3400 1528 3444 mceror
1542 3387 1750 3456 ingens,
1770 3385 1920 3453 isque

351 3494 470 3563 plus
491 3492 559 3547 de
578 3491 743 3545 altero
777 3506 789 3540 :
813 3502 930 3542 nam
965 3499 1148 3554 parum
1172 3482 1681 3551 possis,quanquam
1705 3477 1921 3532 etinlir-

344 3600 497 3649 mus,
512 3581 843 3652 periclitante
856 3591 1011 3646 quem
1035 3575 1243 3643 diligas,
1277 3572 1369 3626 tibi
1398 3573 1608 3625 timere.
1654 3568 1758 3625 Sed
1785 3568 1924 3622 Deus

354 3675 508 3741 mihi,
538 3672 611 3727 lili
674 3668 1055 3730 amantissime,
1085 3680 1179 3732 pro
1209 3674 1261 3719 te
1291 3662 1502 3731 paventi
1539 3659 1926 3716 validissimqu

354 3764 662 3834 scrupulum
706 3760 958 3822 excussit,
1010 3757 1130 3825 quia
1155 3754 1406 3824 priStinas
1433 3753 1621 3821 incipis
1664 3752 1807 3807 vires
1835 3765 1926 3805 re-

355 3872 632 3929 cuperare.
662 3855 862 3909 Diceris
886 3852 1027 3907 enim
1048 3850 1156 3916 jam
1182 3848 1316 3903 velle
1332 3842 1930 3914 consurgere,quodque

356 3952 476 4023 plus
505 3959 650 4020 opto,
673 3948 781 4017 jam
812 3960 986 4015 posse.
1012 3943 1093 3998 Me
1118 3952 1261 3997 certe
1287 3941 1460 3995 taliter
1481 3938 1736 4002 consulis,
1763 3936 1933 3991 etsol—

358 4041 635 4099 licitudine
664 4052 829 4109 prope
860 4049 1136 4107 praecoqua
1176 4032 1576 4102 quaestiunculis
1606 4030 1930 4095 litterarum,

356 4136 467 4206 jam
482 4132 633 4198 quasi
647 4147 710 4189 ex
727 4146 844 4184 asse
861 4138 1080 4198 vegetus
1095 4142 1333 4192 exerces,
1346 4124 1530 4180 audire
1544 4124 1658 4193 plus
1669 4122 1932 4190 ambiens,

359 4224 457 4279 etsi
485 4224 658 4277 adhuc
688 4235 848 4291 aeger,
886 4220 1157 4273 Socratem
1200 4217 1266 4272 de
1289 4216 1550 4283 moribus,
1584 4215 1747 4286 278
1772 4229 1933 4283 quam

356 4314 734 4383 Hippocratem
757 4311 822 4366 de
839 4310 1148 4378 corporibus
1159 4308 1535 4377 disputantem.
1558 4307 1753 4376 Dignus
1766 4306 1939 4361 omni-

359 4420 432 4460 no
457 4420 613 4475 quem
646 4402 1013 4473 plausibilibus
1044 4401 1211 4456 Roma
1234 4400 1611 4466 l'overetulnis,
1642 4414 1851 4469 quoque
1865 4414 1941 4453 re-

362 4504 560 4557 citante
583 4498 890 4569 crepitantis
932 4498 1173 4553 Athenaei
1213 4495 1465 4552 subsellia
1496 4502 1719 4550 cuneata
1752 4502 1939 4563 quate-

1548 398 2019 458 EPISTOI.AIlUM
2062 397 2191 451 LIB.
2235 395 2326 449 IX.

1920 522 1969 578 Α
1998 523 2204 568 rentur.
2236 508 2391 576 Quod
2420 508 2602 575 procul
2621 504 2783 560 dubio
2813 499 3234 570 consequebare,
3265 498 3310 551 si
3335 496 3479 578 pacis
3502 498 3573 550 lo-

3467 378 3568 433 634

1997 605 2154 674 eique
2179 599 2421 655 conditio
2451 597 2806 665 permitteret,
2838 604 2896 647 ut
2926 592 3035 647 illic
3064 588 3349 645 senatoria:
3384 570 3587 656 juven-‘

1995 696 2126 751 tutis
2165 689 2526 749 contubernio
2564 690 2761 742 mixtus
2790 686 3085 741 erudirere.
3114 682 3281 752 Cujus
3308 690 3361 736 te
3389 679 3576 751 gloria:

1996 787 2199 863 pariter
2227 798 2289 839 ac
2318 783 2475 837 fama:
2500 793 2774 848 capacem,
2802 776 2869 831 de
2896 774 3158 831 orationis
3189 783 3292 829 tua:
3321 771 3578 844 qualitate

1997 878 2243 946 conjecto
2276 894 2287 929 :
2315 875 2367 930 in
2389 887 2492 943 qua
2516 869 2891 927 decentissime
2912 878 2963 923 te
2985 881 3158 937 nuper
3178 863 3575 937 pronuntiante,

1999 987 2121 1043 qua:
2144 969 2361 1041 quidem
2382 965 2676 1033 scripseras
2698 960 3157 1030 extemporaliter,
3180 958 3579 1015 admirabantur

2001 1061 2272 1125 benevoli,
2316 1058 2649 1113 mirabantur
2700 1052 2954 1121 superbi,
3002 1050 3352 1127 morabantur
3400 1048 3575 1118 periti.

2001 1152 2106 1207 Sed
2133 1166 2197 1206 ne
2241 1149 2582 1218 impudenter
2611 1144 2995 1200 verecundiam
3029 1150 3172 1198 tuam
3215 1140 3461 1197 laudibus
3500 1139 3580 1195 ni-

2004 1244 2125 1298 miis
2175 1242 2321 1297 ultro
2371 1252 2697 1309 premamus,
2754 1235 3022 1305 praeconia
3076 1242 3165 1288 tua
3188 1232 3383 1302 justius
3410 1231 3478 1286 de
3508 1242 3580 1297 te,

2002 1349 2163 1403 quam
2194 1332 2287 1387 tibi
2313 1329 2618 1385 scribimus.
2646 1327 2757 1382 Hoc
2783 1325 2983 1395 potius,
3008 1323 3150 1379 unde
3175 1333 3257 1378 est
3279 1336 3439 1378 causa
3470 1336 3581 1376 ser-

2005 1425 2202 1490 monis,
2232 1412 2671 1478 intromittamus.
2709 1417 2873 1488 lgitur
2902 1416 3205 1485 interrogas
3247 1429 3343 1483 per
3368 1413 3583 1485 pugilla-

2007 1529 2197 1581 torem,
2236 1528 2369 1584 quos
2410 1520 2754 1568 recurrentes
2801 1521 3040 1564 asseram
3081 1520 3289 1572 versus,
3338 1514 3397 1559 υῐ
3442 1503 3583 1558 celer

2004 1611 2291 1679 explicem,
2332 1606 2425 1661 sed
2452 1606 2553 1660 sub
2599 1602 2871 1671 exemplo.
2900 1601 2941 1655 li
2968 1598 3225 1655 nimirum
3255 1606 3380 1653 sunt
3402 1610 3584 1650 recur-

2007 1713 2215 1766 rentes,
2239 1701 2327 1769 qui
2362 1709 2537 1753 metro
2583 1704 2778 1763 stante,
2807 1707 2982 1764 neque
3009 1692 3204 1747 litteris
3249 1691 3368 1745 loco
3404 1688 3581 1750 motis,

2007 1802 2066 1846 ut
2090 1792 2157 1844 ab
2182 1790 2406 1846 exordio
2422 1787 2489 1843 ad
2518 1787 2824 1852 terminum,
2849 1786 2928 1840 sic
2973 1798 3004 1838 a
3034 1783 3141 1838 [ine
3186 1782 3494 1852 releguntur
3520 1777 3585 1833 ad

1929 1879 1977 1939 B
2004 1897 2293 1938 summum.
2330 1881 2431 1937 Sic
2463 1888 2545 1935 est
2574 1876 2704 1934 illud
2723 1876 3037 1945 antiquum:

2190 1973 2342 2022 Roma
2364 1972 2451 2021 tibi
2473 1969 2635 2020 subito
2658 1968 2868 2019 motibus
2890 1967 2983 2017 ibit
3008 1977 3160 2016 amor.

2009 2059 2074 2112 Et
2100 2057 2228 2112 illud
2258 2072 2292 2121 ε,

2192 2146 2305 2197 Sole
2322 2146 2528 2196 medere
2554 2144 2702 2207 pede,
2730 2142 2824 2193 ede
2850 2141 3037 2204 perede
3062 2139 3233 2189 melos.

2008 2255 2116 2311 Nec
2138 2270 2245 2309 non
2276 2257 2539 2307 habentur
2560 2264 2656 2319 pro
2677 2247 3095 2311 recurrentibus,
3123 2243 3212 2313 qui
3242 2241 3440 2312 pedum
3472 2240 3588 2311 lege

2010 2357 2242 2416 servata,
2272 2354 2329 2401 et
2357 2347 2401 2400 si
2446 2359 2551 2398 non
2580 2356 2677 2412 per
2726 2338 2963 2410 singulos
3013 2336 3222 2406 apices,
3254 2348 3348 2403 per
3373 2331 3584 2401 singula

2012 2450 2190 2496 tamen
2236 2436 2396 2493 verba
2444 2434 2770 2506 replicantur
2807 2447 2823 2486 :
2864 2439 2923 2482 ut
2968 2437 3052 2483 est
3105 2440 3268 2481 unum
3320 2422 3587 2478 distichon

2014 2545 2190 2588 meum
2220 2528 2419 2599 (qualia
2470 2539 2593 2580 reor
2636 2521 2882 2593 equidem
2925 2520 3029 2589 legi
3075 2517 3239 2572 multa
3270 2512 3589 2579 multorunt)

2017 2628 2158 2698 quod
2200 2627 2267 2681 de
2296 2624 2467 2680 rivulo
2492 2621 2613 2686 lusi,
2648 2620 2737 2690 qui
2786 2604 3065 2686 repe'ntino
3109 2611 3465 2684 procellarum
3494 2622 3593 2678 pa-

2016 2731 2132 2777 stus
2162 2718 2375 2787 illapsu,
2424 2712 2803 2784 publicumque
2829 2720 3078 2779 aggerem
3107 2702 3427 2772 confragoso
3460 2700 3596 2755 dilu-

2016 2815 2105 2869 vio
2160 2821 2574 2879 supergressus,
2627 2803 2837 2859 subdita
2892 2802 3034 2856 culta
3081 2798 3180 2855 via:
3226 2795 3594 2859 inundaverat,

2018 2903 2182 2975 279
2210 2914 2511 2970 quanquam
2542 2894 2880 2964 depositurus
2904 2893 3144 2946 insanam
3172 2903 3297 2945 mox
3320 2885 3593 2942 abundan-

2025 2997 2176 3059 tiam,
2207 2993 2403 3062 quippc
2432 3004 2591 3058 quam
2621 2984 2816 3055 pluviis
2837 2975 3219 3052 appendicibus
3241 2979 3597 3042 intumescen-

2022 3097 2159 3149 tem,
2187 3084 2261 3138 nil
2291 3095 2518 3151 superna
2554 3093 2703 3131 venae
2746 3073 2995 3146 perennis
3039 3072 3276 3143 pondera
3323 3070 3592 3125 inﬂarent.

2023 3183 2185 3252 Igitur
2214 3179 2332 3233 istic
2383 3177 2529 3246 (nam
2560 3172 2731 3227 viator
2770 3165 3125 3235 adveneram)
3155 3165 3283 3227 dum
3332 3162 3496 3232 magis
3529 3161 3600 3215 ri-

1947 3255 1995 3320 C
2026 3289 2147 3346 pam
2178 3286 2336 3343 quam
2360 3268 2554 3323 vadum
2603 3279 2810 3336 quaero,
2838 3262 2929 3317 tali
2954 3262 3164 3331 iocatus
3198 3258 3599 3327 epigrammate,

2030 3345 2127 3436 per
2178 3361 2462 3418 turbulenti
2500 3368 2644 3427 terga
2696 3353 2951 3410 torrentis
2999 3350 3084 3406 his
3139 3350 3331 3404 saltem
3381 3345 3604 3416 pedibus

2033 3458 2249 3517 incessi.

2128 3547 2370 3609 Prmcipiti
2388 3543 2529 3593 modo
2552 3540 2679 3606 quod
2711 3539 2927 3609 decurrit
2944 3536 3137 3609 tramite
3164 3533 3357 3609 (lumen,

2190 3595 2434 3669 Tempore
2460 3595 2794 3662 consumptum
2814 3602 2910 3661 jam
2928 3601 3022 3648 cito
3042 3595 3258 3647 deﬁciet.

2039 3696 2151 3749 Hoc
2173 3692 2218 3745 si
2247 3702 2517 3752 recurras,
2550 3685 2626 3740 ita
2658 3683 2885 3752 legitur:

2132 3782 2339 3833 Deficiet
2361 3783 2457 3828 cito
2474 3778 2570 3838 jam
2588 3778 2926 3838 consumptum
2943 3776 3166 3838 tempore
3198 3770 3398 3838 llumen,

2193 3843 2408 3893 Tramite
2431 3831 2647 3889 decurrit
2668 3831 2802 3897 quod
2817 3831 2961 3882 modo
2979 3832 3228 3892 praecipiti.

2113 3950 2251 4003 Ecce
2277 3946 2442 3999 babes
2471 3954 2680 4008 versus,
2709 3951 2933 4007 quorum
2963 3934 3266 4005 syllabatim
3307 3932 3503 3986 mirere
3528 3945 3610 3997 ta-

2043 4040 2261 4095 tionem.
2301 4035 2569 4114 Cazterum
2599 4042 2848 4100 pompam
2880 4039 3039 4108 quam
3084 4038 3188 4078 non
3235 4022 3455 4087 habent,
3506 4036 3612 4077 non

2042 4129 2326 4184 docebunt.
2376 4098 2717 4178 Suflicienter
2746 4098 3011 4172 indicasse
3050 4129 3136 4169 me
3177 4114 3438 4180 suspicor,
3472 4112 3613 4181 quod

2045 4222 2097 4275 tit
2123 4216 2504 4287 requirendum
2530 4210 2878 4269 existimasti.
2913 4208 3098 4263 Simile
3127 4204 3376 4275 quiddam
3408 4204 3537 4258 lacis
3562 4210 3615 4258 et

2045 4313 2157 4381 ipse
2188 4311 2231 4365 si
2261 4306 2535 4379 proposita
2562 4303 2836 4366 restituas,
2860 4315 3010 4368 atque
3041 4299 3277 4362 diverso,
3307 4310 3426 4364 qua:
3464 4308 3616 4362 repe~

2045 4403 2195 4472 teris_
2221 4399 2493 4469 expedias.
2527 4395 2766 4461 Namque
2811 4392 3013 4447 eminet
3055 4388 3151 4443 tibi
3181 4386 3431 4442 thematis
3478 4383 3619 4438 cele-

2048 4492 2267 4549 berrimi
2310 4490 2490 4545 votiva
2520 4484 2831 4550 redhibitio,
2862 4483 2979 4537 laus
3023 4479 3272 4536 videlicet
3300 4474 3619 4548 peroranda,

436 4699 459 4723 υ
489 4681 823 4738 Adolescenti
859 4679 1199 4735 scholastico.
1231 4676 1364 4731 Huic
1406 4691 1499 4743 per
1532 4676 1734 4729 litteras
1774 4674 1935 4729 inter-
1963 4674 2015 4734 D
2040 4686 2095 4726 tn
2124 4677 2517 4739 pentametrum
2549 4664 2774 4743 alterum
2803 4680 2816 4715 :

365 4756 568 4823 roganti
599 4752 688 4823 qui
717 4752 962 4823 dicantur
992 4763 1180 4803 versus
1214 4754 1571 4811 recurrentes,
1597 4746 1703 4798 duo
1736 4760 1922 4823 eorum

365 4815 564 4896 genera
593 4815 861 4896 proponit.
886 4819 1016 4896 Nam
1043 4829 1133 4896 aut
1159 4827 1436 4896 recurrunt
1470 4830 1565 4896 per
1586 4815 1819 4896 singulas
1843 4816 1932 4868 lit-

366 4884 530 4959 luet-as,
563 4884 715 4960 cujus
735 4892 1051 4961 generisgest
1082 4887 1275 4961 Leonis
1304 4885 1570 4961 Sapientis
1598 4886 1759 4961 quasi
1780 4884 1933 4938 disti-

368 4952 558 5029 chum,
612 4952 704 5017 lib.
737 4952 794 5016 ἧι
845 4960 1184 5029 Anthologia:
1241 4952 1684 5025 epigrammatum
1722 4952 1936 5009 Graeco-

368 5051 510 5099 rum,
549 5034 700 5104 ιοι
732 5032 835 5086 hoc
865 5030 1025 5084 modo
1059 5047 1073 5082 :

442 5129 587 5200 Σόφος
617 5126 770 5200 ξγῳγε
795 5123 891 5200 ἤδη
920 5121 985 5200 ᾢν
1014 5119 1136 5182 ἄνω,
1170 5124 1317 5200 χαρᾷ
1346 5112 1591 5200 filiaiam,
1620 5115 1745 5187 γελῶ
1771 5117 1834 5168 τὰ

443 5185 604 5261 κόιίτω,
631 5185 804 5264 Χέγῶν,
830 5189 888 5249 ἂν
981 5185 1227 5267 ταραχῶἶδ
1252 5185 1380 5254 dum,
1402 5185 1497 5245 ἤδη
1522 5185 1675 5257 ἕγωᾲε
1703 5187 1871 5255 σοφός.

372 5290 486 5345 Hoc
506 5292 647 5341 enim
692 5284 735 5338 si
779 5292 1045 5339 retroaczo
1082 5296 1237 5336 cursu
1281 5296 1308 5332 a
1351 5279 1453 5332 fine
1503 5277 1790 5344 relegatur,
1838 5292 1942 5331 non

372 5360 532 5417 motis
558 5354 1049 5423 locoJittcriszidem
1082 5352 1235 5407 redit.
1268 5354 1493 5423 Au_t_pcr
1512 5348 1715 5423 singula
1741 5354 1941 5423 tantum

373 5428 538 5483 verba
565 5444 577 5479 :
602 5417 743 5496 quod
770 5417 937 5494 genus
967 5424 1249 5496 Diomedes
1271 5430 1324 5475 et
1350 5420 1672 5496 Victorinus,
1695 5417 1780 5484 qui
1805 5417 1941 5496 prio:

375 5502 452 5553 ris
480 5487 691 5567 generis
732 5487 834 5550 non
866 5493 1242 5567 meminerunt,
1270 5493 1571 5567 reciprocos
1596 5496 1806 5567 vocant.
1828 5487 1941 5567 Sed

376 5557 571 5624 horum
604 5580 791 5621 rursus
848 5566 965 5619 dua:
994 5574 1115 5617 sunt
1153 5557 1535 5617 sneciesINam
1584 5559 1839 5628 reciproci
1864 5557 1945 5628 (ut

375 5641 443 5692 ad
475 5638 752 5707 epistolam
779 5635 867 5701 ll,
895 5635 986 5707 lib.
1013 5632 1410 5694 vm.observari
1431 5629 1714 5707 emptum),
1736 5638 1831 5707 aut
1855 5643 1949 5697 per

376 5700 620 5777 singulos
665 5700 859 5777 versus
893 5706 1139 5777 redeunt,
1183 5714 1291 5756 tum
1337 5704 1550 5771 generis
1598 5700 1870 5771 ejusdem,
1896 5708 1952 5752 ut

379 5775 817 5847 hic—pentameter
841 5775 1236 5844 Porphyrianus
1261 5789 1273 5824 :

505 5869 731 5921 Ausonia:
756 5868 920 5927 decus,
949 5865 1101 5943 ct'lux
1140 5865 1214 5927 pia
1238 5861 1556 5924 Romulidum,

2158 4758 2461 4809 Romulidum
2486 4734 2692 4817 piadux,
2729 4760 2781 4802 et
2804 4752 2956 4801 decus
2973 4750 3222 4799 Ausoniae.

2035 4846 2167 4899 Tum
2191 4840 2406 4903 diversi,
2438 4847 2494 4891 ut
2526 4837 2611 4891 hic
2637 4835 2886 4890 heroicus
2915 4832 3195 4903 Porphyrii
3221 4830 3463 4900 ejusdem
3494 4847 3509 4885 :

2162 4958 2317 5006 Omne
2338 4966 2501 5016 genus
2516 4952 2660 5003 metri
2681 4952 2769 5003 tibi
2789 4961 3029 5015 pangens,
3053 4950 3239 5012 optime
3264 4947 3437 5009 Basse,

2046 5042 2098 5094 in
2121 5038 2453 5102 Sotadicum,

2177 5155 2324 5203 Basse
2348 5153 2531 5215 Optime
2558 5161 2777 5213 pangens
2798 5149 2885 5198 tibi
2903 5148 3050 5198 metri
3070 5158 3228 5209 genus
3249 5158 3414 5197 omne.

2053 5261 2159 5313 Aut
2189 5272 2279 5325 per
2313 5264 2483 5310 totum
2515 5254 2723 5325 elegum
2761 5251 3073 5325 :_quale__t‘.st
3111 5217 3627 5325 distichumSidonii

2051 5332 2118 5385 de
2132 5319 2475 5453 Xirtr‘enlte,’et
2495 5319 2908 5380 hoc'Nicode'mi
2958 5321 3288 5379 Heracleotze
3322 5320 3510 5376 eodem
3528 5319 3624 5376 lib.

2052 5415 2099 5454 vn
2181 5415 2210 5452 n
2258 5414 2309 5453 ιο
2333 5412 2508 5465 ogia::
3623 5414 3627 5418 ν

2156 5512 2407 5571 Πηνελόπη
2430 5551 2443 5575 ,
2471 5507 2586 5581 τόδε
2622 5531 2704 5564 σοι
2732 5514 2887 5581 φᾶρος
2904 5509 2998 5581 .καί
3029 5506 3248 5581 χλαῖναν.
3266 5500 3546 5559 ὀδυσσεύς

2262 5530 2407 5569 nam:
2430 5551 2443 5575 ,
2471 5530 2586 5566 τοοε
2622 5531 2704 5564 σοι
2732 5530 2797 5581 φα
2834 5530 2887 5568 ος
2916 5530 2998 5560 και
3029 5530 3241 5577 χΑαιναν
3285 5530 3302 5557 ι

2262 5581 2511 5654 "uarius,
2543 5579 2753 5649 δολιχήν
2777 5530 3019 5645 ἐξανύσας
3051 5574 3302 5650 ἀτραπόν.

2053 5673 2207 5741 Quod
2240 5674 2313 5727 ita
2333 5672 2563 5726 recurrit
2588 5688 2600 5722 :

2211 5784 2445 5852 Δτραπὸν
2474 5783 2721 5844 ἐξανύσας
2753 5778 2990 5852 δολιχήγέ
3021 5771 3536 5852 ἧνεγκεγβοόυσσεύς

2272 5843 2481 5907 Χλαῑναν
2506 5843 2583 5907 imi
2615 5857 2769 5920 φᾶρος
2797 5843 3016 5902 σθῖήτόδε
3036 5884 3052 5912 ,
3081 5843 3351 5904 navalem.

2664 6008 2754 6026 4/“V
