4072 6348
345 336 447 393 641

346 451 627 520 Principis,
659 456 752 504 aut
781 464 955 505 rerum
986 450 1174 506 credas
1199 451 1462 506 elementa
1490 452 1716 507 moveri.

344 545 427 599 Nil
458 554 641 598 natura
672 554 833 597 novat
865 561 875 597 :
908 545 985 598 sol
1018 545 1102 598 hic
1128 560 1339 614 quoque
1372 547 1515 599 venit
1542 546 1609 600 ab
1638 554 1777 600 ortu.

347 639 444 693 Hic
468 646 569 704 est,
598 654 631 690 o
663 652 934 706 proceres,
965 646 990 673 ι
1022 640 1169 706 petiit
1198 654 1354 706 quem
1384 637 1607 691 Romula
1640 640 1830 704 virtus,

344 731 407 785 Et
438 746 598 800 quem
622 741 799 786 vester
823 744 974 785 amor
1004 747 1016 781 :
1046 732 1130 785 cui
1162 744 1220 784 se
1247 745 1347 784 ceu
1375 730 1512 785 victa
1542 731 1815 800 procellis,

342 824 517 893 Atque
545 837 738 878 carens
767 831 975 878 rectore
1001 824 1151 887 ratis,
1180 822 1476 893 respublica
1507 823 1725 879 fractam

341 916 540 981 Intulit,
569 923 626 969 ut
647 915 808 984 digno
836 914 1025 969 melius
1052 913 1312 970 ﬂectenda
1342 916 1617 982 magistro,

337 1007 416 1062 Ne
440 998 803 1076 tempesmtes,
832 1005 859 1044 ι’
891 1022 957 1061 ne
986 1016 1059 1073 te,
1089 1008 1278 1077 pirata,
1312 1007 1543 1064 timeret.

338 1100 416 1154 Te
448 1115 605 1169 prece
632 1099 863 1154 ruricola
888 1100 1136 1170 expetiit,
1166 1109 1217 1155 te
1250 1100 1451 1156 l‘mdere
1469 1102 1689 1171 junctus

335 1191 599 1256 Assensu,
631 1200 681 1244 te
707 1202 881 1246 casm
915 1191 1075 1257 tubis,
1109 1202 1161 1246 te
1190 1194 1338 1246 curia
1369 1193 1580 1261 plausu.

336 1278 414 1333 Te
446 1280 658 1351 punctis
686 1281 951 1350 scripsere
983 1281 1169 1347 tribus,
1200 1284 1510 1353 collegaque
1540 1285 1686 1339 misit

334 1373 413 1427 Te
442 1374 615 1438 nobis,
643 1389 973 1445 regnumque
1005 1376 1128 1440 tibi;
1170 1376 1419 1448 sntl‘ragia
1452 1387 1528 1432 tot
1556 1389 1703 1444 sunt,

334 1464 544 1529 Quanta
583 1464 708 1533 legit
742 1464 1009 1520 mundus:
1036 1464 1227 1531 fateor,
1262 1468 1643 1538 trepidavimus
1671 1485 1879 1535 omnes,

333 1555 413 1609 Ne
439 1555 601 1611 vellet
629 1554 830 1625 collega
860 1556 982 1624 pius
1007 1558 1316 1624 permittere
1346 1567 1469 1614 voto

334 1646 553 1703 Publica
585 1655 707 1701 vota
739 1656 861 1714 tuo;
906 1648 1088 1703 credet
1115 1659 1335 1705 ventura
1368 1665 1625 1721 propago,

333 1738 394 1792 In
424 1752 525 1792 nos
553 1744 610 1791 ut
637 1738 861 1808 possint,
895 1739 1161 1810 princeps,
1193 1741 1270 1795 sic
1296 1752 1483 1797 cuncta
1512 1744 1692 1811 licere,

336 1834 415 1889 De
447 1843 499 1889 te
530 1849 635 1888 non
669 1842 838 1888 totum
871 1834 1019 1890 licuit
1051 1835 1163 1889 tibi.
1210 1836 1369 1891 Facta
1403 1839 1639 1908 priorum

332 1924 656 1994 Exsuperas,
687 1928 922 1996 Auguste
943 1924 1084 1992 Leo;
1131 1943 1252 1983 nam
1283 1945 1442 2001 regna
1472 1943 1741 2003 superstat

331 2019 433 2083 Qui
467 2031 691 2095 regnare
710 2016 889 2087 jubet;
924 2018 1113 2074 melius
1146 2020 1442 2090 respublica
1470 2031 1646 2079 vestra

332 2108 488 2163 Nunc
524 2109 627 2163 erit
654 2123 757 2165 una
790 2111 977 2178 magis,
1011 2126 1128 2180 quas
1154 2111 1232 2166 sic
1260 2120 1344 2168 est
1371 2112 1508 2169 facta
1538 2114 1787 2173 duorum.

402 2200 564 2255 Salve
592 2209 921 2269 sceptrorum
952 2202 1232 2269 columen,
1265 2204 1449 2273 regina
1479 2205 1733 2274 Orientis,

335 2302 357 2329 ε
387 2291 546 2346 Urbis
569 2291 734 2346 Roma
764 2293 858 2357 tui,
886 2307 1063 2346 rerum
1095 2292 1223 2346 mihi
1246 2293 1485 2364 principe
1513 2296 1695 2363 misso,

332 2382 448 2437 iam
482 2399 586 2435 non
617 2379 641 2419 ἀ
666 2382 781 2437 Εοο
807 2383 978 2436 solum
1011 2383 1309 2437 veneranda
1336 2384 1518 2454 quiriti

334 2472 547 2545 Imperii
576 2474 764 2539 sedes;
797 2473 890 2529 sed
920 2472 1039 2543 plus
1068 2475 1322 2543 pretiosa,
1353 2478 1494 2547 quod
1527 2487 1705 2535 exstas

405 2697 428 2721 τι
450 2684 747 2758 Legationis
762 2699 862 2753 qua
883 2683 1127 2750 Romani,
1147 2695 1361 2743 mortuo
1375 2687 1597 2751 Severo,
1615 2687 1910 2758 principem

333 2775 356 2831 a
378 2758 555 2812 Leone
577 2757 933 2831 postularunt,
953 2758 1192 2831 meminit
1212 2759 1466 2828 Evagrius
1489 2760 1584 2814 lib.
1604 2776 1665 2825 ll,
1686 2757 1803 2831 cap.
1826 2762 1911 2817 iii:

333 2830 415 2904 'Er.
462 2829 740 2904 πρεσϐείας
794 2824 848 2881 δέ
904 2835 1002 2881 τῶν
1050 2824 1915 2904 surrepit»!"Pmlsatiqu‘Avbéptoc

334 2900 575 2966 βασιλέὺς
615 2906 704 2955 τῆς
742 2903 994 2970 Ῥῳμαέων
1041 2900 1375 2970 ἑκπῴπεται.
1433 2900 1915 2969 Τιιεοριιδηθε’τῆς

334 2970 615 3042 συγκλήτου
640 2968 938 3042 πρεσβείαν,
967 2968 1184 3042 senatus
1211 2973 1527 3039 legationem
1556 2968 1728 3042 vocat.
1761 2974 1916 3027 Dela-

333 3038 444 3093 tnm
487 3038 689 3093 autem'
714 3055 742 3090 a
783 3038 961 3093 Leone
991 3038 1279 3107 imperium
1316 3041 1603 3096 Anthemio
1650 3052 1914 3098 testantur

331 3125 540 3174 otnnes,
575 3119 628 3163 ct
662 3108 770 3163 Leo
810 3109 922 3176 ipse
960 3109 1011 3162 in
1055 3101 1265 3164 novella
1296 3110 1373 3164 De
1403 3112 1544 3165 bonis
1579 3115 1873 3168 vacaulibus
1897 3128 1917 3170 :
1940 3101 1988 3164 C

334 3184 422 3233 ubi
465 3189 519 3234 et
569 3180 933 3253 filium_105
973 3195 1127 3253 suum
1176 3197 1239 3235 ea
1270 3194 1452 3253 causa,
1494 3183 1635 3251 quod
1667 3200 1913 3253 purpura:

335 3262 522 3304 auctor
568 3250 640 3303 illi
685 3250 1176 3314 Iuissctfnomittat
1221 3250 1586 3307 Anthemium.
1645 3250 1781 3309 [line
1823 3255 1913 3309 illa

338 3325 614 3393 utriusque
662 3320 911 3393 principis
958 3321 1266 3393 concordia,
1311 3338 1468 3392 quam
1518 3332 1629 3377 toto
1668 3337 1914 3393 poemate

337 3392 638 3464 pradicat:
670 3390 925 3464 cujusque
968 3392 1125 3444 index
1170 3390 1364 3464 aureus
1412 3390 1681 3462 nummus,
1724 3395 1775 3448 in
1807 3412 1913 3464 quo

334 3464 443 3516 Leo
487 3472 541 3516 ct
587 3461 902 3533 Anthemius
948 3462 1213 3516 consertis
1258 3462 1398 3518 inter
1441 3479 1500 3519 se
1550 3461 1933 3533 manibus,'ct‘

335 3534 488 3588 Pacis
518 3547 712 3585 numen
748 3532 1058 3601 ascriptum.

402 3603 431 3640 ι)
462 3603 534 3677 De
563 3602 856 3677 Genserico
887 3602 1247 3677 Vandalorum
1288 3618 1435 3674 rege,
1472 3619 1631 3674 quem
1661 3607 1909 3677 piratam,

332 3674 664 3745 praedonem,
696 3673 955 3727 latronem
986 3673 1255 3742 appellare
1283 3673 1441 3730 solet.

406 3756 427 3783 ε
458 3745 840 3797 Constantinus
864 3758 984 3798 cum
1016 3745 1199 3797 urbem
1226 3760 1255 3797 a
1281 3760 1340 3800 se
1364 3745 1630 3801 conditam
1662 3749 1911 3805 omnibus

331 3816 664 3873 ornamentis
704 3815 887 3885 notua:
934 3822 1220 3883 aaquasset,
1271 3820 1412 3885 quod
1461 3816 1719 3884 reliquum
1770 3832 1908 3884 erat,

332 3889 437 3939 lata
490 3888 604 3954 lege
653 3884 865 3952 adjecit,
917 3884 1511 3955 utConstantinopolis
1560 3903 1693 3942 nova
1741 3888 1909 3944 Roma

330 3957 623 4022 diceretur,
654 3964 729 4027 ut
772 3963 952 4027 narrat
989 3954 1235 4011 Socrates
1283 3954 1432 4011 lib.’t
1480 3957 1636 4022 llist.,
1674 3973 1792 4027 cap.
1821 3961 1907 4014 12.

327 4029 551 4081 Certant
579 4026 772 4097 exinde
808 4026 1095 4097 scriptores
1138 4028 1189 4080 in
1237 4027 1515 4097 utriusque
1542 4026 1907 4084 Romm’com-

274 4124 279 4127 ν
329 4100 625 4167 paratione.
655 4096 940 4163 Gregorius
972 4096 1332 4152 Nazianzenus
1361 4096 1679 4153 incarmine
1702 4100 1768 4155 de
1790 4101 1910 4157 Vita

328 4185 449 4233 sua,
505 4168 638 4221 adeo
688 4167 918 4236 :cquales
971 4169 1113 4233 l'acit,
1165 4180 1221 4221 ut
1267 4169 1370 4222 situ
1422 4177 1626 4223 tantum
1675 4184 1738 4224 ac
1794 4174 1909 4226 loco

328 4240 638 4307 discrepare
666 4238 826 4291 dicat.
860 4236 1099 4292 Julianus
1130 4254 1256 4292 vero
1284 4238 1553 4309 Augustus
1584 4241 1634 4293 in
1662 4244 1909 4298 encomio

328 4308 629 4363 Constantii
684 4323 873 4361 novam
922 4309 1086 4363 veteri
1138 4310 1295 4379 longe
1344 4315 1633 4379 postponit.
1686 4312 1905 4379 Πόλιντε,

329 4382 533 4451 inquit,
574 4382 831 4451 ἐπώνυμον
855 4382 1006 4451 αὺτρῦ
1042 4378 1354 4438 κατέστησεν
1380 4384 1429 4434 ἐν
1455 4378 1569 4435 οὐδέ
1598 4382 1727 4442 ὅλοις
1769 4383 1909 4439 ἔτεσι

329 4447 479 4514 δέκία,
526 4447 754 4523 τοᾳούτῴ
801 4457 899 4523 τῶν
943 4447 1100 4523 ᾅλλων
1146 4451 1633 4523 ἁξπασὼνᾼμείζονα,
1676 4451 1778 4523 ὅσῳ
1826 4465 1909 4517 τῆς

332 4518 902 4609 ,Ρὼμηςιξὶξαττὸῦεθαι
954 4518 1115 4585 δοκεῖ,
1164 4521 1221 4582 ἧς
1261 4526 1318 4609 τὲ
1373 4518 1606 4609 diu???»
1660 4518 1910 4609 τςτᾶχοαι

334 4590 511 4668 μιαρῷ
534 4591 741 4660 ’βέλτιον
786 4590 953 4663 ἔμοιγε
984 4596 1208 4668 parias-retr
1233 4634 1247 4658 ,
1287 4593 1316 4653 ἦ
1355 4601 1454 4648 τῶν
1495 4590 1654 4649 ἄλλων
1694 4590 1908 4651 ἁπάᾶῶν

333 4665 537 4735 pnigea“
584 4668 669 4717 καὶ
714 4667 919 4735 πρώτην
957 4665 1265 4731 νομίζεσθαι.

404 4730 431 4769 ά
478 4734 601 4787 llaec
650 4730 800 4787 vetus
849 4745 901 4785 et
947 4730 1072 4786 vera
1126 4734 1303 4796 lectio,
1354 4749 1451 4788 nec
1503 4735 1662 4789 aliam
1711 4739 1925 4803 patitur.

330 4811 657 4876 sensuqaut
684 4812 947 4876 structura
975 4804 1252 4876 orationis.
1284 4803 1415 4876 Nam
1441 4806 1485 4859 si
1511 4806 1711 4871 Quirini
1740 4808 1904 4876 legas,

332 4875 471 4946 quod
517 4874 630 4946 viro
668 4876 824 4946 docto
856 4874 1074 4941 placuit,
1120 4874 1387 4946 sententia
1431 4874 1811 4946 corrumpitur,
1854 4887 1910 4932 et

331 4948 387 4999 τὸ
417 4944 911 5020 Εοοᾼάσυνάριςητον
940 4952 1140 5020 manet.
1174 4944 1313 5020 E_oos
1342 4959 1469 5020 ergo
1490 4944 1734 5020 Quirites
1756 4958 1908 5020 vocat

331 5030 477 5070 cives
516 5012 1151 5083 Constantinopolitanos.
1197 5012 1451 5082 Sequitur
1478 5016 1659 5085 .cnim,
1692 5016 1736 5071 si
1761 5017 1907 5072 Con—

406 5170 422 5199 ¹
454 5168 543 5223 Sic
590 5167 891 5238 legendum,
942 5183 1048 5222 non
1089 5166 1390 5234 Chalcidici,
1432 5166 1518 5223 hic
1562 5178 1747 5224 monet
1791 5170 1907 5225 Sir-

332 5240 583 5293 mondus.
658 5241 728 5292 At
791 5238 1102 5293 lleribertus
1150 5238 1482 5308 Rosweydus
1550 5240 1601 5294 in
1652 5241 1792 5295 notis
1837 5240 1905 5295 ad

331 5314 390 5365 S.
419 5309 720 5369 Paulinum,
773 5324 889 5377 pag.
924 5309 1046 5363 860.
1106 5329 1123 5361 ι
1178 5310 1488 5378 Receptam,
1535 5309 1726 5379 inquit,
1775 5314 1907 5366 scri-

332 5383 567 5447 ptionem
600 5390 818 5433 tuentur
847 5393 1033 5449 omnes
1060 5379 1349 5448 scriptores
1378 5382 1598 5449 antiqui,
1631 5391 1685 5436 et
1709 5381 1908 5437 diserte

330 5451 635 5519 Stephanus
664 5452 716 5503 in
744 5447 1047 5525 κᾳρχηδὼν.
1080 5447 1186 5504 Nec
1215 5464 1431 5505 movere
1457 5447 1905 5525 multum;debent

332 5532 542 5575 vetusta
592 5522 954 5590 exemplaria,
1015 5537 1134 5575 tum
1194 5531 1603 5591 certoconstet
1651 5522 1906 5591 pleraque

331 5591 550 5646 nomina
574 5607 690 5660 qua:
716 5591 747 5641 Ii
771 5591 1076 5657 adjunctum
1105 5590 1317 5653 habent,
1342 5590 1699 5647 diversimodc
1719 5593 1902 5658 scribi,

330 5675 384 5717 et
413 5661 446 5713 h
476 5676 618 5729 sirpe
650 5661 941 5730 transponi.
975 5660 1064 5714 Sic
1098 5661 1335 5715 invenias
1371 5662 1531 5715 etiam
1568 5664 1621 5718 in
1653 5664 1905 5718 vetustis-

330 5733 484 5787 simis
547 5735 940 5800 exemplaribus
986 5730 1240 5798 Chartago
1296 5746 1391 5798 pro
1434 5732 1725 5800 Carthago;
1783 5737 1905 5788 item

332 5752 484 5787 sums
547 5752 940 5800 exemplaribus
986 5752 1240 5798 buuntth
1296 5752 1391 5798 ι)ΐο
1434 5752 1619 5785 Larum
1658 5752 1725 5797 ο;
1783 5752 1904 5788 Item

332 5801 540 5871 Phylen
583 5818 677 5871 pro
711 5801 948 5870 Python;
981 5801 1056 5854 sic
1075 5810 1126 5853 et
1158 5800 1428 5855 Cherintns
1480 5819 1573 5858 nro
1604 5752 1904 5869 (sierint/ms;

1816 336 2144 392 CARMINA.

1950 438 2241 517 Almperii
2283 452 2531 519 geniti-ix.
2583 455 2896 524 lthodopcm
2925 469 3043 524 quae
3076 463 3251 525 portat
3278 466 3333 513 et
3358 458 3614 532 llemum,

1936 4487 1988 4548 Ι)

2340 271 2395 281 ‹‹ν

3510 353 3617 407 842

2034 543 2196 613 290
2222 542 2486 598 Thracum
2520 556 2659 599 terra
2690 558 2776 600 tua
2810 560 2913 611 est,
2949 536 3171 603 heroum
3203 550 3395 608 fertilis
3424 569 3539 610 ora.

2034 626 2244 705 Excipit
2272 626 2541 691 hic'natos
2570 639 2790 707 glacies,
2825 654 2879 694 et
2917 642 3104 696 matris
3142 644 3210 697 ab
3237 646 3360 701 alvo

2029 727 2193 781 Artus
2225 726 2487 782 infantum
2520 730 2710 783 molles
2738 731 2830 783 nix
2863 730 3026 787 civica
3058 732 3233 787 durat.
3372 798 3373 801 η

2030 817 2255 873 Pectore
2285 820 2371 873 vix
2399 819 2563 874 alitur
2591 822 2891 891 quisquam,
2922 823 3016 879 sed
3048 825 3116 879 ab
3145 826 3309 881 ubere
3340 836 3565 897 tractus,

2030 909 2153 964 Plus
2183 916 2329 978 potat
2356 926 2449 979 per
2479 912 2667 968 vulnus
2698 929 2895 983 equum
2930 932 2942 967 :
2974 917 3052 972 sic
3078 916 3215 973 lacte
3247 919 3463 986 relicto,

2026 999 2287 1057 Virtutem
2317 1017 2446 1071 gens
2473 1012 2581 1058 tota
2612 1004 2769 1070 bibit;
2814 1021 3035 1063 crevere
3060 1024 3367 1081 parumper,
3459 1025 3465 1042 ί

2027 1091 2146 1146 Mox
2176 1108 2404 1164 pugnam
2438 1095 2628 1150 ludunt
2648 1096 2873 1165 jacnlis;
2913 1097 3010 1153 bos
3038 1103 3273 1170 suggerit
3302 1102 3410 1159 illis

2024 1183 2212 1240 Nutrix
2244 1186 2393 1256 plaga
2421 1188 2599 1257 iocos;
2632 1191 2778 1258 pueri
2812 1192 3088 1246 venatibus
3113 1193 3248 1262 apti,

2026 1274 2212 1330 Lustra
2245 1276 2372 1333 l'eris
2401 1289 2660 1344 Vacuant;
2702 1290 2853 1349 rapto
2878 1281 3043 1335 ditata
3072 1282 3324 1351 juventus

2022 1364 2149 1419 Jura
2191 1369 2320 1421 colit
2348 1368 2541 1439 gladii;
2587 1381 3118 1441 consummatamque
3156 1381 3426 1431 senectam

2022 1455 2137 1512 Non
2171 1459 2316 1514 ferro
2354 1461 2507 1517 ﬁnire
2540 1464 2702 1531 pudet
2733 1480 2746 1515 :
2781 1465 2870 1517 tali
2901 1465 3095 1519 ordine
3123 1466 3246 1521 vita:

2021 1552 2178 1607 Cives
2207 1554 2390 1609 Martis
2416 1564 2600 1624 agunt.
2644 1557 2712 1610 At
2744 1566 2796 1610 tu
2823 1556 3134 1612 circumﬂua
3167 1567 3331 1627 ponto

1934 1674 1937 1679 ‹
2026 1644 2251 1715 Europa:
2280 1655 2441 1716 atque
2472 1649 2613 1702 Asia:
2632 1688 2647 1714 ,
2679 1650 3022 1704 commissam
3060 1651 3236 1721 carpis
3266 1651 3513 1722 utrinque

2022 1735 2390 1806 Temperiem;
2440 1754 2562 1793 nam
2594 1740 2859 1795 Bistonios
2887 1741 3166 1812 Aquilonis
3205 1741 3383 1798 hiatus

1944 1822 2273 1890 B'Proxima
2305 1838 2329 1867 ε
2362 1832 2377 1861 ¹
2408 1828 2681 1886 Cachidici
2709 1833 2907 1888 sensim
2937 1834 3061 1888 tuba
3094 1843 3359 1905 temperat
3377 1835 3528 1891 Euri.

2022 1919 2232 1975 Interea
2273 1930 2323 1975 te
2352 1922 2486 1976 Susa
2521 1929 2780 1988 tremunt,
2808 1939 2871 1980 ac
2900 1925 3136 1995 supplice
3162 1927 3307 1982 cultu

2021 2010 2211 2065 Flectit
2239 2012 2613 2068 Achzemenius
2642 2014 2879 2068 lunatum
2909 2014 3072 2071 Persa
3102 2016 3311 2071 tiaram.

2021 2103 2178 2159 Indus
2208 2104 2478 2160 odorifero
2503 2107 2705 2162 crinem
2735 2107 3065 2165 madefactus
3091 2124 3324 2175 amomo,

2025 2194 2083 2248 ln
2111 2204 2195 2248 tua
2232 2194 2376 2250 lucra
2407 2196 2534 2252 l'eris
2562 2207 2801 2253 exarmat
2824 2210 3005 2268 guttur
3030 2200 3281 2267 alumnis,

2020 2286 2089 2341 Ut
2115 2286 2345 2355 pandum
2374 2287 2640 2356 dependat
2669 2290 2804 2344 ebur
2832 2305 2845 2341 :
2876 2292 2956 2345 sic
2988 2301 3171 2346 trunca
3215 2298 3453 2361 reportat

2018 2378 2342 2448 Bosphoreis
2380 2379 2603 2449 elephas
2644 2381 2898 2450 inglorius
2924 2397 3016 2437 ora
3049 2383 3279 2438 tributis.

2018 2467 2252 2539 Porrigis
2286 2472 2552 2541 ingentem
2581 2471 2832 2543 spatiosis
2862 2474 3131 2529 moenibus
3169 2476 3379 2542 urbem,

2021 2694 2395 2817 stantipopolis
2445 2713 2580 2752 nova
2636 2709 2719 2755 est
2766 2699 2962 2765 Roma,
3016 2712 3069 2754 ut
3122 2698 3309 2753 incolre
3365 2698 3591 2765 Quirites

2063 2779 2179 2817 tcan
2208 2783 2285 2817 Ul‘.

2063 2773 2285 2820 icantur.

2094 2845 2116 2910 ξ’
2150 2837 2425 2910 byaantiis
2458 2837 2627 2893 Eurus
2666 2840 2829 2910 Spirat
2874 2856 2905 2895 e
2944 2842 3187 2910 proxima
3238 2840 3590 2897 Calchedone.

2017 2906 2383 2979 Qalchidicum
2411 2924 2540 2978 ergo
2567 2906 2711 2965 dixit.
2732 2928 2825 2979 pro
2848 2906 3230 2977 Calchedonio,
3263 2924 3319 2967 ut
3344 2913 3590 2968 Paulinus

2019 2976 2189 3031 Natali
2222 2993 2273 3031 xl
2301 2994 2314 3029 :

2141 3069 2204 3137 Et
2226 3082 2325 3132 quo
2343 3070 2626 3137 Calchidicis
2647 3072 2911 3136 Euphemia
2932 3078 3112 3137 martyr
3136 3076 3185 3123 in
3210 3087 3311 3123 oris

2143 3130 2316 3193 Signat
2341 3133 2564 3194 virgineo
2580 3130 2821 3183 sacratum
2845 3130 3081 3197 sanguine
3100 3135 3252 3186 littus.

2019 3258 2516 3331 Namcalchcdone
2553 3273 2761 3326 passam
2800 3274 2919 3315 esse
2956 3262 3012 3315 S.
3041 3261 3383 3331 Euphemiam
3430 3277 3587 3315 nemo

2019 3329 2310 3400 nescitaSic
2326 3334 2364 3383 A
2375 3330 2664 3398 pollonium
2685 3332 2920 3385 Stoicum
2944 3329 3336 3400 philosophum,
3357 3332 3513 3385 Marci
3538 3341 3588 3388 el

2017 3399 2165 3453 Lucii
2194 3397 2461 3454 Caesaruin
2494 3402 2826 3469 magistrum,
2860 3397 3381 3456 alii‘Calche'donium
3410 3404 3588 3468 appel-

2016 3470 2242 3541 lant,7ut
2267 3470 2600 3541 Capitolinus
2631 3472 2683 3524 in
2716 3471 2910 3537 Marco,
2947 3481 3002 3527 et
3038 3472 3325 3541 Eutropius
3356 3474 3446 3526 lib.
3478 3488 3589 3535 vni.

2014 3540 2522 3612 aliiWCalchidicum,
2556 3550 2613 3595 ut
2643 3541 2852 3597 Eusebii
2886 3540 3588 3612 interpretesHieronymus

2016 3614 2068 3666 in
2096 3611 2379 3674 Chronico,
2409 3621 2464 3666 et
2489 3612 2843 3666 Cassiodorus
2872 3613 2925 3665 in
2951 3611 3144 3667 Fastis.
3175 3615 3237 3666 Et
3264 3611 3588 3680 Capitalinus

2015 3682 2157 3736 idem
2200 3688 2250 3733 in
2282 3682 2550 3735 Antonino
2581 3682 2675 3735 Pio
2705 3682 3044 3750 Apollonium
3070 3682 3323 3737 Calchide
3363 3683 3587 3738 accitum

2013 3754 2107 3813 ait,
2137 3751 2278 3821 quod
2307 3753 2393 3804 alii
2422 3752 2657 3805 dicerent
2690 3753 3044 3806 Calchelonc.
3081 3753 3237 3805 Aliud
3267 3763 3349 3805 est
3375 3754 3589 3807 Calchi-

2014 3824 2162 3878 (licus
2202 3839 2233 3876 a
2273 3821 2525 3875 Calchide
2548 3822 2795 3884 Euboea);
2842 3822 2983 3875 aliud
3028 3821 3366 3876 Calchidicus
3412 3838 3440 3874 a
3474 3824 3588 3876 Cal-

2013 3894 2169 3947 chide
2194 3906 2288 3946 seu
2311 3890 2649 3946 Calchedone
2679 3892 2957 3961 Bithyniae.
2991 3892 3158 3957 Quam
3188 3892 3401 3961 quidem
3429 3892 3586 3945 Chal-

2013 3962 2273 4018 cedonem
2302 3960 2461 4015 hodie
2493 3962 2731 4015 scribunt
2760 3977 2968 4024 omnes,
3001 3972 3055 4016 et
3080 3961 3251 4015 Grazci
3277 3960 3581 4024 Χαλκηδόνα,

2013 4048 2118 4103 quo
2161 4036 2318 4086 etiam
2362 4031 2520 4103 modo
2560 4032 2894 4103 scribendam
2939 4034 3146 4085 censuit
3184 4030 3487 4098 Stephanus
3535 4033 3586 4085 in

2013 4100 2145 4179 voce
2168 4102 2487 4179 Kapzndéw.
2505 4103 2609 4157 Sed
2631 4104 2718 4171 qui
2732 4100 2948 4179 antiqua
2974 4111 3314 4179 monumenta
3338 4110 3585 4179 tractant,

2012 4175 2172 4228 aliam
2223 4169 2573 4227 iii'cmnibus
2639 4169 2956 4241 scripturam
3009 4173 3318 4226 observant.
3391 4169 3588 4235 Quarta

2012 4244 2243 4313 denique
2292 4244 2404 4309 ipsa
2451 4244 2687 4314 synodus
2736 4243 3064 4298 meumenica
3116 4243 3166 4314 in
3201 4241 3588 4314 _vett_tsti_ssimis

2012 4310 2407 4383 exemplaribus
2434 4310 2537 4369 non
2564 4312 3038 4379 Chalcedonensis,
3070 4312 3162 4366 sed
3188 4310 3587 4383 Calchedonen-

2012 4387 2086 4441 sis
2126 4379 2480 4453 nuncupatur.
2515 4386 2577 4439 Et
2609 4386 2750 4453 quod
2797 4384 2955 4438 [idem
2984 4383 3247 4451 prmcipue
3278 4379 3422 4447 facit,
3455 4395 3588 4453 nun-

2013 4471 2169 4527 qnam
2211 4451 2365 4510 aliter
2402 4451 2870 4527 veteres'nnmmi.
2920 4453 3159 4527 Vidimus
3185 4466 3316 4527 sane
3345 4451 3588 4527 complu-

2016 4520 2133 4591 res,
2168 4527 2323 4597 106
2353 4536 2462 4579 tum
2494 4526 2843 4589 Caesarianos,
2889 4532 2997 4578 tum
3036 4523 3362 4597 antiquiores
3408 4520 3541 4576 alios
3575 4538 3586 4573 :

2014 4593 2262 4671 atque—iii
2286 4593 2603 4671 “bisonum,
2640 4597 2692 4671 i_n
2736 4612 2841 4671 quo
2885 4603 3048 4671 parte
3070 4593 3291 4671 adversa
3321 4601 3479 4671 caput
3506 4602 3588 4646 est

2018 4662 2301 4743 Apollinis,
2328 4666 2481 4734 cujus
2510 4662 2765 4743 templum
2802 4667 2852 4743 in
2881 4662 2942 4719 ea
2971 4665 3103 4718 urbe
3134 4662 3301 4743 luisse
3328 4662 3478 4716 testis
3507 4673 3587 4743 est

2018 4743 2070 4792 in
2099 4739 2487 4813 Pseudomante
2514 4738 2798 4801 anienus,
2837 4738 2888 4789 in
2916 4750 3105 4813 aversa
3147 4735 3315 4813 tripus
3351 4747 3475 4813 cum
3511 4735 3587 4813 in~

2017 4809 2800 4883 scriptionegttA/gtaaoxtmv,
2848 4821 2967 4883 qua:
3014 4807 3124 4873 ipsa
3168 4804 3483 4883 eadem_est
3534 4804 3586 4856 in

2018 4874 2267 4932 omnibus
2295 4877 2975 4952 aliis.Ealchedonensium
3007 4890 3137 4952 vero
3166 4874 3383 4942 plurimi
3412 4874 3586 4952 visui-if

2022 4957 2124 5015 tur,
2157 4963 2382 5016 quorum
2412 4949 2498 5002 alii
2532 4947 2845 5001 Mercurium
2878 4946 3074 4999 habent
3119 4946 3459 5012 impressum,
3500 4946 3587 4994 alii

2020 5019 2233 5089 Lyram,
2273 5018 2359 5072 alii
2386 5021 2715 5095 imprecetur,
2746 5017 2832 5070 alii
2863 5016 2986 5071 alia.

2014 5172 2196 5227 itidem
2219 5170 2433 5225 Cheruci
2456 5185 2550 5239 pro
2569 5169 2803 5224 Cet-uchi.
2831 5171 2869 5222 A
2898 5168 3127 5222 nummis
3148 5181 3362 5237 quoque
3386 5167 3591 5223 nullum

2013 5254 2218 5297 certum
2259 5250 2626 5310 argumentum
2670 5240 2756 5294 hic
2796 5242 2933 5293 sumi
2985 5248 3177 5306 potest,
3209 5253 3330 5292 cum
3359 5248 3415 5293 et
3444 5240 3497 5293 in
3529 5241 3590 5293 iis

2014 5314 2274 5367 variatum
2327 5313 2415 5365 sit.
2470 5311 2523 5366 In
2567 5311 2842 5364 Thesauro
2885 5312 2962 5363 rei
3009 5310 3321 5378 antiquaria:
3370 5311 3589 5363 lluberti

2019 5383 2248 5447 Goltzii,
2312 5381 2366 5434 in
2433 5397 2650 5435 nummo
2716 5380 2926 5453 Sabina?
2987 5379 3366 5447 Tranquillinze
3427 5380 3589 5453 babes

2017 5459 2471 5527 numquam
2514 5453 2578 5527 in
2636 5453 2741 5527 alio
2792 5450 3009 5504 nummo
3056 5460 3481 5527 XAAKEAQNQN;
3538 5450 3588 5527 in

2014 5538 2231 5598 nummo
2270 5523 2779 5598 Anniaa__Faustina2
2808 5530 3240 5598 ‘KAAKITAQNQN.
3290 5520 3344 5598 l_n
3384 5519 3586 5598 Grzecia

2013 5593 2252 5661 ejusdem
2321 5592 2509 5647 Goltzii
2575 5593 3110 5666 exstatin‘duobus
3178 5590 3586 5666 nomismatibus

2013 5660 2433 5719 ΧΛΛΚΕΔΩΝΩΝ.
2477 5682 2493 5714 ι
2573 5664 2701 5717 Vide
2750 5662 3000 5716 Ilarduini
3050 5660 3304 5713 Nummos
3355 5660 3584 5724 antiquo:

2016 5750 2136 5803 pag.
2168 5736 2291 5789 235.
2325 5764 2389 5774 -—
2422 5734 2647 5788 Βλυκιυδ
2697 5732 2966 5789 Sirtnond.
3020 5731 3212 5792 editor,
3264 5727 3472 5797 prmfat.
3522 5730 3582 5785 ad

2018 5817 2145 5859 tom.
2181 5806 2217 5867 Ι,
2255 5814 2279 5873 g
2312 5805 2391 5858 11.
