4072 6348
532 241 551 263 \
728 238 731 241 λ
1620 244 1661 261 “.-

574 295 673 353 647

534 432 537 435 -
571 406 738 460 Fabro
765 389 1091 470 progenitus,
1114 407 1294 470 spreto
1315 400 1400 455 cui
1439 409 1586 469 patre
1618 400 1784 470 polita

570 496 801 565 Etequiis
829 495 944 563 plus
977 495 1148 563 lingua
1181 493 1312 559 fuit;
1347 493 1429 547 vel
1454 493 1711 564 quidquid
1740 492 1792 547 in
1816 507 1989 546 aevum

568 588 774 641 Mittunt
802 585 1062 654 Euganeis
1101 585 1347 638 Patavina
1374 586 1643 638 volumina
1676 583 1879 638 chartis
1910 599 1927 637 :

566 682 673 741 Qua
700 674 917 743 Crispus
937 674 1200 729 brevitate
1232 675 1423 743 placet,
1453 689 1559 742 quo
1589 672 1823 742 pondere
1850 672 2045 739 Varro,

576 772 679 835 Qun
704 769 859 837 genio
886 766 1121 831 Plautus,
1149 783 1254 837 quo
1278 767 1499 821 fulmine
1528 766 1912 833 Quintilianus,

568 868 672 928 Qua
706 875 896 931 pompa
927 860 1161 924 Tacitus,
1190 874 1460 929 nunquam
1479 860 1594 913 sine
1625 859 1781 914 laude
1807 858 2131 928 loquendus.

635 953 726 1006 llis
758 951 900 1005 hunc
923 949 1205 1003 forinatum
1237 951 1447 1015 studiis,
1472 950 1734 1005 natalibus
1758 962 1967 1013 ortum;

564 1044 803 1097 Moribus
830 1042 1110 1105 imbutum,
1144 1050 1168 1078 α
1209 1041 1478 1110 princeps,
1509 1042 1594 1095 cui
1644 1042 1872 1095 mundus
1898 1042 1967 1096 ab
1992 1041 2134 1096 Euro

563 1136 638 1187 Ad
668 1134 955 1202 Zephirum
1002 1142 1125 1186 tunc
1154 1142 1366 1201 sceptra
1410 1132 1593 1199 dabat,
1627 1133 1713 1187 cui
1744 1134 1941 1189 nubilis
1965 1143 2130 1204 atque

568 1227 732 1281 Unica
762 1238 1059 1294 purpureos
1083 1223 1312 1278 debebat
1341 1232 1464 1277 nata
1498 1232 1741 1292 nepotes,
1804 1238 1807 1243 '

564 1317 738 1387 Elegit
765 1330 1055 1387 generum;
1085 1315 1179 1368 sed
1212 1328 1315 1368 non
1339 1323 1397 1367 ut
1424 1314 1608 1368 deside
1632 1315 1760 1368 luxu

567 1412 798 1464 Fortuna
832 1406 1004 1462 soceri
1030 1413 1333 1470 contentus,
1366 1415 1420 1459 et
1444 1405 1551 1459 otia
1585 1412 1809 1474 captans

565 1504 644 1559 Nil
668 1505 769 1558 sibi
795 1503 1019 1558 deberet
1049 1518 1061 1556 :
1086 1501 1113 1540 ι’
1141 1500 1355 1555 comitis
1389 1499 1484 1553 sed
1508 1500 1626 1567 jure
1656 1507 1873 1569 recepto

567 1594 789 1648 Danubii
820 1594 984 1673 ripas,
1012 1601 1066 1646 et
1097 1600 1321 1645 tractum
1350 1590 1533 1645 lintitis
1556 1589 1718 1659 ampli

564 1687 784 1753 Circuit,
819 1686 1080 1749 hortatur,
1113 1684 1367 1754 disponit,
1397 1684 1635 1749 discutit,
1667 1692 1860 1738 armat.

562 1782 650 1837 Sic
675 1781 773 1836 sub
795 1788 945 1850 patre
968 1778 1090 1833 Pius
1111 1778 1416 1831 moderatus
1438 1785 1611 1831 castra
1644 1774 1899 1844 parentis,

564 1874 649 1929 Sic
671 1872 875 1926 Marcus
904 1871 1112 1924 vivente
1136 1868 1247 1931 Pio,
1281 1875 1402 1937 post
1420 1867 1536 1935 jura
1572 1866 1770 1929 daturi,

563 1960 1038 2020 lunumerabilibus
1067 1958 1363 2028 legionibus
1396 1957 1749 2027 imperabant.

496 2040 502 2046 ’
563 2056 695 2111 llinc
718 2054 900 2109 reduci
929 2053 1085 2107 datur
1111 2052 1285 2106 omnis
1307 2050 1500 2115 honor,
1525 2060 1578 2103 et
1596 2060 1617 2087 ο
1638 2047 1851 2116 utrique
1880 2046 2131 2117 magister

563 2148 777 2214 Militia,
802 2144 1093 2214 consulque
1121 2143 1280 2198 micat
1311 2158 1324 2196 :
1372 2141 1653 2211 conjuncta
1688 2149 1923 2209 potestas

562 2238 796 2303 Patricii,
820 2238 1086 2304 celerique
1109 2233 1275 2304 gradu
1307 2235 1506 2302 privata
1538 2234 1775 2287 cucurrit

563 2331 800 2387 Culmina
831 2326 1245 2395 conscenditque
1278 2340 1467 2381 senum
1502 2340 1631 2391 puer
1651 2326 1766 2394 ipse
1794 2326 2055 2395 curulem,

562 2422 711 2480 Sedit
736 2432 789 2477 et
816 2422 1042 2477 emerito
1062 2418 1273 2486 juvenis
1304 2427 1588 2471 veteranus
1612 2418 1663 2470 in
1686 2434 1839 2472 auro.

564 2515 587 2553 ἀ
618 2517 842 2583 Jamque
869 2526 1061 2581 parens
1081 2510 1267 2573 divos;
1301 2508 1396 2563 sed
1426 2510 1574 2562 vobis
1602 2509 1744 2562 nulla
1777 2510 1970 2578 cupido

634 2634 659 2661 ει
690 2621 983 2676 Marcianus
1030 2618 1315 2685 Angustus.
1358 2617 1403 2670 ls
1452 2617 1599 2671 enim
1627 2618 1786 2671 tiliam
1837 2619 2122 2675 Anthemio

564 2690 935 2761 desponderat.
972 2687 1229 2765 Evagrius
1277 2686 1370 2741 lib.
1414 2703 1467 2752 ιι,
1604 2690 1877 2765 Μαρκιᾳνὸς
1951 2694 2125 2765 πρῴην

566 2757 927 2834 βεϐὰσιλευκώς
964 2764 1069 2834 τήν.
1091 2759 1617 2834 οὶζείανηκατεγγᾷησε
1664 2757 1849 2812 naida.
1873 2759 1970 2834 _!ta
1992 2757 2125 2834 'iére

565 2826 767 2897 omnes,
802 2847 920 2885 cum
950 2829 1019 2882 de
1043 2826 1313 2897 Anthemii
1358 2826 1627 2881 creatione
1657 2838 1839 2897 agunt,
1873 2829 2121 2884 Marciani

564 2896 816 2973 generum
847 2900 1048 2973 dicunt.
1078 2896 1326 2973 Sidonius
1374 2896 1722 2973 Euphemiam
1769 2901 1898 2951 intra
1945 2911 2120 2973 vocat,

564 2966 786 3043 Eamque
814 2970 1021 3025 unicam
1072 2966 1204 3043 patri
1248 2968 1410 3020 tiliam
1457 2966 1619 3023 fuisse
1656 2970 1829 3035 docet,
1863 2971 2001 3039 quod
2033 2970 2123 3025 alii

564 3037 854 3117 scriptores
882 3055 986 3117 non
1010 3037 1258 3117 produnt.
1340 3108 1351 3117 .
1384 3108 1393 3117 .
1535 3110 1543 3117 _
1622 3107 1631 3117 .

632 3108 1056 3167 b’Anthemium
1097 3108 1171 3161 ait
1216 3108 1479 3161 comitiva:
1535 3108 1829 3176 insignibus
1873 3120 2121 3166 ornatum

564 3184 747 3247 fuisse,
769 3198 889 3235 cum
918 3179 983 3233 ad
1012 3178 1259 3232 tuendum
1292 3178 1513 3232 Danubii
1558 3179 1776 3233 limitem
1802 3180 1993 3234 missus
2019 3192 2119 3236 est.

564 3254 711 3318 Quod
762 3251 973 3320 quidem
1020 3262 1130 3320 non
1180 3256 1261 3300 est
1318 3248 1717 3320 intelligendum
1765 3252 1832 3303 de
1879 3252 2129 3307 comitiva

565 3317 817 3383 Orientis,
851 3321 935 3374 cui
963 3317 1090 3370 nihil
1117 3328 1198 3370 est
1218 3331 1337 3369 cum
1366 3319 1586 3371 Danubii
1616 3327 1785 3372 tractu
1825 3334 2128 3376 commune.

568 3392 670 3447 Sed
694 3390 861 3457 qualis
885 3398 1001 3442 erat
1026 3386 1385 3457 comitumrei
1416 3386 1681 3454 militaris,
1706 3391 1792 3455 qui
1816 3404 1935 3442 cum
1974 3390 2131 3457 primi

567 3456 770 3516 ordinis
798 3458 1044 3511 «omitiva
1071 3456 1391 3529 militaribus
1420 3458 1596 3529 copiis,
1615 3459 1809 3523 praeﬁci
1835 3475 1861 3511 a
1892 3456 2130 3529 principe

566 3531 843 3593 snit-bant,
903 3538 955 3580 et
1009 3526 1409 3597 provinciarum,
1458 3527 1684 3581 ducibus
1758 3526 2126 3597 mquabantur.

566 3598 895 3655 Theodosius
917 3597 1097 3666 junior
1134 3594 1255 3666 cod.
1290 3595 1355 3648 de
1377 3596 1671 3650 Comitibus
1708 3600 1783 3652 rei
1824 3594 2079 3655 militaris
2111 3619 2124 3655 ε

568 3670 694 3735 Eos,
727 3664 931 3736 inquit,
946 3668 1031 3740 qui
1060 3664 1152 3719 sub
1168 3667 1443 3740 comitium
1453 3668 1605 3740 primi
1646 3669 1840 3721 ordinis
1874 3671 2130 3740 dignitate

569 3734 889 3811 peculiariter
914 3734 983 3811 ait
1006 3734 1277 3811 quamlibet
1303 3737 1613 3811 provinciam
1638 3742 1711 3792 vel
1741 3734 2021 3806 provincias
2041 3742 2129 3794 de-

568 3807 845 3880 fendendas
877 3808 1035 3880 milite
1064 3807 1251 3880 credito
1280 3809 1577 3860 auctoritate
1601 3812 1759 3861 nostri
1787 3812 2010 3864 numinis
2042 3812 2130 3866 de-

566 3877 840 3950 stinantur,
884 3878 1041 3948 109
1068 3877 1276 3950 ducibus
1320 3883 1665 3950 atla'qumnus.
1714 3880 1839 3933 Erat
1890 3881 1933 3934 is
1975 3885 2126 3950 quasi

566 3950 760 4017 gradus
780 3948 845 4003 ad
866 3946 1090 4019 militum
1115 3946 1499 4019 magisterium,
1530 3947 1595 4000 ad
1615 3964 1770 4019 quam
1797 3946 2128 4019 postea'pro-

564 4022 911 4075 vehebantur.
960 4018 1317 4093 Marcellinus
1343 4017 1435 4070 lib.
1469 4033 1590 4093 X_XVI
1621 4035 1633 4071 :
1665 4017 1900 4093 Equitius
1928 4017 2128 4093 Illyri-

567 4094 715 4145 ciano
744 4090 1055 4157 praponitur
1079 4088 1339 4153 exercitui,
1386 4090 1608 4140 nondum
1638 4091 1894 4157 magister,
1926 4088 2129 4147 sed'co-

566 4178 701 4225 mes;
730 4171 783 4213 et
809 4168 925 4227 post
950 4159 1051 4211 alia
1086 4175 1098 4208 :
1141 4157 1522 4227 Valentinianus
1566 4158 1769 4225 Equitio
1818 4171 1967 4214 aucto
2014 4180 2125 4217 nta-

565 4230 756 4301 gisterii
790 4225 1041 4301 dignitate
1086 4228 1324 4301 repedare
1345 4225 1761 4301 _ad_]llyricum
1814 4231 2114 4288 destinabat.

566 4294 918 4369 Quomodoet
936 4294 1325 4369 Constantium,
1345 4294 1692 4369 Ιιᾳιιίῐιιςῖιιιη,
1724 4301 1956 4365 Aetium,
1984 4304 2127 4369 prius

558 4364 811 4430 comites,
834 4365 1023 4418 deinde
1047 4369 1328 4429 magistros
1356 4364 1517 4419 fuisse
1549 4366 1804 4433 legimus;
1839 4378 1893 4421 et
1922 4364 2127 4426 Anthe-

567 4440 704 4490 mius
727 4445 907 4488 noster
936 4444 1053 4500 post
1083 4435 1216 4485 hanc
1245 4434 1616 4500 expeditionen
1649 4438 1902 4492 continuo
1930 4442 2129 4497 utrius-

567 4523 670 4575 que
708 4505 909 4557 militim
939 4503 1188 4575 magister
1218 4512 1428 4554 ert-atus
1458 4512 1559 4575 est.

638 4573 1219 4656 c.~ApxaizE);.di.CIUIn,
1254 4588 1347 4639 pro
1385 4572 1678 4655 utriusque.
1704 4576 1831 4656 Nam
1870 4580 2123 4656 vetustis-
2155 4594 2207 4656 ι)

565 4645 707 4708 simi,
734 4643 865 4697 iesm
897 4643 1187 4705 Prisciano,
1219 4658 1432 4695 omnetn
1460 4645 1745 4711 genitivum
1780 4650 1829 4700 in
1864 4649 1941 4700 ius
1981 4649 2120 4705 desi-

567 4724 779 4769 nentem
808 4715 825 4765 i
854 4724 1011 4767 etiam
1047 4713 1217 4765 littera
1251 4714 1627 4769 terminabant.
1662 4716 1909 4772 Cmcilitts
1955 4724 2123 4775 comi-

562 4801 659 4839 cus
681 4801 695 4837 :
722 4782 869 4838 Nulli
913 4783 1000 4834 alti
1040 4783 1131 4846 rei,
1158 4784 1256 4835 nisi
1282 4784 1518 4836 amicitiis
1564 4804 1734 4839 eorum
1761 4804 1937 4840 causa.
1960 4790 2123 4845 ‘Afra.

566 4856 686 4927 nius
713 4856 762 4908 in
788 4857 1070 4919 Suscepta:
1093 4857 1233 4927 Adeo
1252 4867 1303 4906 ιιι
1328 4858 1554 4927 tesatias
1567 4870 1762 4927 caperet
1788 4859 2120 4925 toti/'amiliw.

566 4926 780 4980 Poterat
800 4935 854 4978 et
882 4934 1106 4991 utrmque
1133 4924 1259 4997 d_t_ci,
1287 4925 1493 4992 antiqua
1527 4924 1682 4980 etiam
1716 4924 2121 4997 consuetudine,

563 5011 721 5067 quam
766 5002 977 5067 secutus
1028 5002 1110 5046 est
1157 4992 1472 5067 Fortunatus
1516 4998 1580 5049 ad
1634 4998 2026 5067 Bodl-gisilnm:
2062 4992 2125 5058 de

566 5066 784 5117 bonitate
809 5074 894 5117 tua
923 5065 985 5115 lis
1004 5072 1075 5116 est
1100 5064 1317 5130 regionis
1348 5072 1587 5132 utrmque.

634 5133 660 5169 ά
693 5135 779 5209 Sic
808 5135 1003 5209 optima
1059 5133 1412 5209 esemplaria:_
1442 5135 1549 5188 Nec
1592 5136 1938 5209 dubitandum
1991 5140 2117 5209 quin

564 5206 635 5257 ita
667 5205 921 5275 scriptum
954 5203 1071 5256 sita
1104 5203 1343 5275 Sidonio.
1373 5203 1499 5257 Nam
1531 5208 1735 5275 vulgata
1768 5210 1951 5272 editio,
1982 5203 2119 5275 paris

562 5276 725 5336 divos,
756 5273 976 5327 ridicula
1015 5284 1098 5327 est
1118 5274 1322 5345 ctnttlli
1348 5290 1441 5327 rei.
1478 5273 1640 5330 Divos
1684 5293 1875 5345 part-ns
1901 5273 2119 5334 Marcia-

566 5358 665 5398 nus
704 5355 821 5411 posr
864 5352 1087 5396 mortem
1133 5343 1342 5407 dicitur,
1377 5356 1429 5396 ut
1474 5346 1623 5400 di\os
1664 5343 1856 5413 tutius,
1887 5360 1933 5403 et
1969 5353 2119 5408 divos

564 5418 887 5485 Augustinus
916 5414 1239 5485 iunummis,
1271 5424 1324 5467 et
1348 5414 1496 5467 divos
1530 5417 1787 5485 Trajanus
1815 5424 1863 5472 in
1896 5420 1995 5474 hoc
2023 5436 2119 5475 an-

556 5482 724 5556 tiquae
753 5483 1117 5556 inscriptionis
1153 5482 1470 5556 fragmento,
1504 5482 1644 5552 quod
1695 5491 1875 5556 paucis
1929 5492 2122 5548 abhinc

564 5550 718 5611 annis
742 5550 951 5610 erutum
978 5563 1061 5607 est
1104 5550 1157 5605 in
1186 5567 1313 5621 agro
1343 5550 1629 5608 lticinensi.

1053 5643 1247 5699 DIVOS
1276 5645 1654 5714 TllAJANUS,

1139 5714 1499 5771 AUGUSTUS

1824 288 2067 348 smonn
2105 289 2550 349 APOLLINARIS
2774 292 2877 321 ἠπ
3394 306 3431 354 ,κ
3512 328 3530 366 γ,

2090 430 2100 453 ι
2161 409 2215 469 Α
2246 405 2461 474 Imperii
2488 421 2502 459 :
2536 407 2742 475 longam
2768 406 3067 480 diademata
3096 422 3251 479 passa
3272 404 3591 477 ἷσιὲᾑιιῐδεῖπισ

3717 297 3809 355 668

2245 494 2515 565 Insignem
2545 496 2723 567 legere
2750 500 2939 565 virum,
2968 514 3129 570 quem
3158 500 3351 557 deinde
3382 503 3651 572 legentem

2239 588 2505 657 Spernere
2544 603 2650 643 non
2677 603 2893 663 posses;
2930 590 3032 646 soli
3060 590 3154 645 tibi
3185 592 3412 647 contulit
3438 594 3531 647 uni

2238 677 2353 732 Hoc
2382 678 2592 733 fortuna
2619 679 2803 749 decus,
2826 696 3132 751 quanquam
3163 691 3213 737 te
3244 692 3487 751 posceret
3518 682 3681 747 ordo,

2239 771 2400 841 296
2417 770 2487 826 Ut
2512 772 2680 828 lectus
2698 773 2942 843 princeps
2964 790 3136 844 mage,
3153 790 3313 845 quam
3336 776 3552 831 videare
3574 776 3800 832 relictus.

2239 864 2365 919 POSl
2394 879 2636 920 socerum
2670 868 2964 935 Augustum
2999 883 3223 937 regnas;
3252 867 3347 922 sed
3388 882 3493 922 non
3527 868 3624 922 tibi
3669 871 3801 925 venit

2239 955 2481 1023 Purpura
2513 971 2608 1026 per
2642 956 2927 1026 thalamos,
2959 965 3014 1011 et
3041 956 3273 1027 ceitjunx
3296 957 3442 1026 regia
3468 973 3639 1027 regno

2240 1046 2378 1101 Laus
2410 1050 2587 1116 potius
2616 1063 2776 1117 quam
2796 1062 2955 1103 causa
2983 1048 3108 1114 fuit;
3136 1063 3258 1103 nam
3282 1048 3420 1117 juris
3448 1047 3679 1104 habenis

2238 1142 2350 1196 Non
2380 1156 2636 1211 generum
2664 1142 2791 1210 legit
2826 1142 3147 1210 respublica,
3179 1141 3273 1195 sed
3299 1155 3649 1211 generosum.

2240 1232 2439 1297 Fallor,
2464 1233 2542 1286 bis
2568 1234 2780 1302 gemino
2808 1232 2908 1288 nisi
2933 1234 3153 1288 cardine
3182 1248 3295 1288 rem
3322 1232 3516 1303 probat
3538 1235 3708 1289 orbis.

2239 1323 2419 1377 Ambit
2446 1332 2497 1377 te
2523 1322 2832 1394 Zephyrus,
2855 1332 3119 1379 rectorem
3141 1323 3381 1379 destinat
3401 1323 3605 1391 Eurus,

2237 1414 2317 1467 Ad
2350 1415 2571 1469 Boream
2603 1430 2827 1484 pugnas,
2860 1426 2915 1471 et
2934 1416 3239 1471 formidaris
3264 1416 3330 1471 ad
3357 1417 3641 1472 Austrum.

2312 1510 2450 1561 Ante
2482 1516 2658 1561 tamen
2685 1521 2843 1577 quam
2877 1516 2928 1562 te
2957 1508 3164 1563 socium
3200 1506 3408 1578 collega
3434 1516 3679 1575 crearet,

2238 1596 2627 1652 Perstrinxisse
2654 1596 2803 1663 libet,
2833 1611 2965 1666 quos
2987 1596 3161 1666 Illyris
3190 1612 3282 1653 ora
3309 1598 3613 1667 triumphos

2234 1687 2462 1750 Viderit,
2484 1688 2716 1742 excisam
2746 1703 2864 1755 quas
2888 1703 2947 1744 se
2978 1698 3002 1726 ε
3034 1688 3327 1745 Valameris
3353 1689 3425 1745 ab
3453 1688 3625 1746 armis

2161 1788 2210 1849 Β
2235 1777 2401 1834 Forte
2424 1777 2577 1833 ducis
2601 1778 2771 1833 nostri
2802 1779 2928 1834 vitio
2951 1779 3163 1836 deserta
3185 1782 3456 1850 gemebat.

2238 1870 2392 1925 llaud
2416 1870 2593 1935 aliter,
2621 1884 2793 1925 caesus
2820 1871 3089 1941 quondam
3113 1887 3234 1928 cum
3262 1873 3445 1942 Caepio
3474 1872 3640 1929 robur

2240 1962 2456 2019 Dedidit
2476 1964 2795 2031 Ausonium,
2826 1964 2996 2020 subita
3019 1976 3246 2035 cogente
3280 1968 3453 2022 ruina.

2244 2056 2492 2111 Electura
2514 2055 2707 2111 ducem
2747 2066 2867 2126 post
2893 2066 3104 2127 guttura
3131 2058 3296 2114 tracta
3324 2058 3631 2130 Jugurtha,

2243 2149 2420 2204 Ulttun
2444 2149 2757 2218 Arpinatem
2779 2149 3066 2219 Calpurnia
3109 2150 3308 2207 hedera
3337 2154 3496 2208 lixam

2237 2239 2497 2308 Opposuit
2526 2239 2713 2294 rabido
2752 2240 3052 2309 respublica
3083 2242 3266 2296 territa
3292 2243 3533 2299 Cimbro.

2240 2332 2335 2386 tlie
2362 2331 2591 2401 primum
2615 2342 2673 2388 ιιι
2700 2341 2907 2387 vestras
2934 2333 3141 2403 aquilas
3167 2336 3435 2405 provincia
3468 2338 3629 2401 vidit,

2238 2422 2447 2478 Desiit‘
2479 2423 2700 2479 hostiles
2731 2424 3015 2481 confestim
3059 2425 3285 2482 horrere
3313 2427 3600 2484 dracones.

2238 2513 2388 2569 Ilicet
2413 2512 2633 2569 edomiti
2664 2513 2827 2581 bello,
2853 2515 3141 2585 prredaque
3167 2526 3435 2584 carentes,

2692 2623 3044 2683 CONCESSA
3067 2624 3329 2683 TUSCILI

2610 2692 2941 2751 NOMINATI
2974 2696 3415 2753 HEREDITATE

2687 2763 2959 2822 REIPUB.
2996 2767 3331 2823 RICINENSI

2624 2833 2946 2892 BALNEUM
2975 2837 3061 2890 ET
3094 2838 3381 2895 PLATIAS

2232 2971 2320 3027 Sic
2359 2970 2491 3026 infra
2521 2972 2588 3028 de
2615 2971 2882 3031 Marciano
2909 2978 3119 3042 eodem,

2602 3066 2698 3116 trio
2720 3067 2891 3117 vestiri
2914 3070 3103 3118 murice
3126 3075 3287 3121 natam

2417 3124 2637 3178 Gaudeat
2655 3127 2971 3191 Euphemiam
2996 3132 3130 3181 sidus
3152 3133 3308 3183 divale
3330 3133 3565 3195 parentis.

2233 3207 2373 3286 iam,
2412 3212 2605 3286 inquit,
2630 3211 2888 3286 defuncto
2913 3215 3037 3286 sine
3069 3217 3305 3271 mascula
3334 3218 3485 3286 prole
3512 3218 3790 3283 Marciano.

2240 3280 2518 3352 imperium
2551 3280 2644 3334 tibi
2689 3282 2758 3336 ob
2804 3284 3087 3352 conjugem
3115 3288 3231 3352 ejus
3281 3280 3442 3342 filiam
3492 3280 3791 3345 debebatur.

2236 3347 2427 3429 §cd.tu
2458 3351 2710 3417 regnandi
2745 3347 3235 3429 ιιιίιιῂιίἐριιμίἀῖιε,
3268 3359 3499 3414 Leonem
3530 3359 3625 3413 tibi
3670 3377 3792 3429 pra!-

2242 3418 2371 3499 lerri
2397 3435 2585 3499 passus
2618 3436 2699 3486 es,
2729 3438 2834 3499 quo
2881 3425 2994 3499 ipse
3034 3418 3231 3494 postea
3270 3443 3374 3482 non
3427 3418 3683 3499 generis;
3710 3431 3793 3485 scd

2243 3491 2451 3564 virtutis
2493 3496 2859 3561 praerogativa,
2896 3491 2947 3547 in
2979 3491 3124 3564 regni
3178 3491 3485 3553 societatein
3533 3491 3793 3555 vocarere.

2244 3558 2510 3614 llactenus
2554 3558 2691 3636 ergo
2726 3574 2871 3636 gesta
2905 3558 3193 3633 supertite
3231 3567 3514 3623 Marciano.
3543 3572 3675 3636 Quae
3722 3586 3797 3624 se-

2233 3639 2488 3711 quuntur,
2636 3630 2829 3711 Leonis
2874 3630 3113 3711 tein—pora
3163 3639 3453 3711 pertinent,
3498 3630 3587 3694 ut'
3610 3641 3795 3711 duplex

2234 3698 2430 3752 bellum
2458 3699 2751 3766 Anthemii,
2784 3698 3069 3759 Gothicunt
3092 3716 3143 3761 et
3168 3698 3489 3762 ilunnicum.

2305 3776 2329 3804 θ
2363 3769 2488 3849 Belli
2520 3768 2761 3849 Cothici_
2756 3784 2939 3849 auctor
2965 3775 3063 3849 fuit
3083 3776 3330 3849 Valamcr
3357 3781 3794 3849 Ostrogothortnn

2231 3852 2347 3903 rex,
2380 3839 2424 3893 is
2452 3841 2541 3907 qui
2571 3854 2692 3893 cum
2720 3841 3075 3898 Theodcmire
3104 3855 3157 3900 et
3197 3846 3508 3902 Vindemire
3523 3839 3795 3905 "fratribus

2230 3910 2449 3985 Attilam
2465 3910 2621 3985 bello
2642 3911 2845 3985 Gallico
2872 3926 3104 3977 secutus.
3134 3928 3251 3985 post
3281 3918 3397 3985 ejus
3422 3920 3695 3973 interitum
3716 3935 3792 3975 se-

2231 3979 2326 4033 des
2368 3982 2417 4033 in
2463 3982 2735 4035 l’annonia
2780 4000 2902 4037 cum
2928 3979 3467 4042 annuis'muneribus
3515 3989 3740 4043 obtinuit
3770 4005 3797 4043 a

2230 4048 2531 4126 .'_tlarcian9_._
2560 4054 2691 4126 Quae
2730 4067 2849 4106 cum
2898 4054 3092 4109 lentius
3131 4056 3325 4111 deinde
3363 4067 3743 4126 praestarentur
3769 4076 3795 4112 ιι

2232 4118 2433 4186 Leone,
2476 4120 2741 4190 Illyricum
2778 4138 2910 4190 pene
2937 4136 3104 4179 letum
3129 4169 3142 4189 ,
3172 4136 3230 4181 ut
3255 4118 3553 4182 Jorriandes
3583 4130 3636 4183 in
3664 4128 3796 4183 Geti-

2234 4191 2319 4266 cis
2345 4204 2543 4266 narrat,
2596 4194 2896 4259 populando
2937 4198 3181 4250 vastavit.
3231 4196 3353 4251 Ideo
3392 4200 3729 4266 populatores
3770 4204 3797 4253 a

2230 4257 2450 4334 Sidonio
2472 4257 2749 4334 vocantur,
2780 4266 2935 4334 110
2957 4268 3291 4333 repressiqtte
3315 4257 3585 4323 Anthemii
3608 4270 3797 4323 viribus

2228 4330 2495 4403 dicuntur.
2528 4328 2952 4403 Coactusfamen
2986 4328 3275 4403 imperator
3302 4350 3555 4392 consueta
3584 4356 3793 4393 munera

2232 4399 2598 4477 largiri,.pacis
2623 4399 3168 4477 obsideTheodemiri
3184 4407 3308 4477 lilio
3328 4407 3692 4477 Theoderico,
3715 4410 3796 4476 qui

2230 4467 2607 4542 ltaligpostea
2630 4485 2720 4542 rex
2751 4469 2867 4535 fuit,
2894 4488 2923 4527 a
2947 4473 3133 4531 Gothis
3164 4476 3314 4541 dato,
3354 4478 3453 4532 Sub
3482 4467 3796 4542 attnum','ut

2231 4552 2315 4616 es
2346 4538 2660 4616 Theoderici
2710 4549 2865 4596 actate
2918 4559 3074 4613 quam
3121 4538 3419 4603 Jornandes
3468 4558 3641 4616 notat,
3679 4538 3796 4605 con.

2224 4606 2372 4676 jicio,
2404 4608 2530 4661 462.

2259 4746 2270 4757 ο
2303 4672 2927 4757 fﬁNouﬂuoddracones
2957 4684 3103 4757 inter
3122 4687 3358 4740 ltomana
3381 4689 3528 4755 signa
3556 4703 3662 4744 non
3696 4689 3796 4744 lue-

2229 4746 2368 4830 rint,
2402 4746 2495 4830 sed
2526 4748 2665 4830 quod
2692 4764 2877 4830 eorum
2927 4756 3209 4830 proprium
3228 4772 3302 4830 ac
3331 4746 3580 4827 princeps
3607 4761 3775 4830 aquila

2226 4816 2385 4899 l‘latn,
2410 4828 2467 4899 ut
2498 4816 2988 4899 primuntsigttum,
3030 4816 3251 4894 'Vegetio
3272 4816 3492 4899 iiiéttalo
3521 4816 3679 4894 ieste',
3724 4838 3796 4883 lo-

2231 4888 2333 4965 tius
2357 4887 2584 4965 legionis
2611 4887 2917 4965 aquilafsie
2947 4887 3208 4965 dracones
3236 4898 3572 4965 singularum
3615 4887 3796 4953 cohor-

2228 4958 2382 5037 tium.
2408 4961 2584 5037 Atque
2613 4972 2668 5014 ut
2698 4962 2749 5013 in
2781 4967 2970 5037 castris
3000 4964 3266 5032 aquilifer,
3298 4958 3389 5036 (ᾖιί
3420 4968 3650 5033 aquilam
3685 4985 3797 5037 por-

2229 5028 2394 5103 tabat,
2413 5031 2498 5103 _sic
2526 5032 2852 5103 draconarii,
2886 5036 2975 5103 qui
3004 5028 3286 5089 dracones.
3317 5028 3653 5093 'Themistius
3682 5028 3797 5092 ora-

2230 5100 2372 5182 tione
2524 5102 2594 5153 Οὐ
2634 5100 3098 5182 χρυσᾳῦςῖὰετᾷς,
3155 5106 3280 5182 ouidi
3305 5106 3577 5182 δράκογτςς
3616 5109 3797 5182 λιιι-τῶι

2228 5168 2564 5290 ἰξφῗσμσέτωη
2596 5168 2989 5228 θῑῬιιιιΙειιιίιις
3016 5168 3092 5230 de
3112 5168 3365 5231 militibu's
3392 5179 3483 5247 qui
3520 5178 3795 5234 Christiani

2248 5253 2297 5290 te
2337 5255 2402 5290 an
2456 5254 2469 5290 :

2248 5248 2428 5291 tebttnt
2456 5254 2469 5291 :

2357 5308 2559 5377 gis-saris
2577 5310 2755 5377 vexilla
2778 5312 3015 5377 linquunt,
3046 5313 3237 5375 eligunt
3262 5317 3454 5377 signum
3478 5319 3651 5376 crucis,

2350 5367 2546 5440 Ilrogue
2572 5374 2785 5440 ventosis
2804 5367 3063 5440 draconum
3085 5367 3192 5440 quae
3214 5367 3459 5440 gestibant
3486 5367 3661 5440 palliis,

2351 5428 2612 5480 Proterunt
2637 5435 2823 5492 insigne
2846 5434 3028 5494 lignum
3048 5428 3176 5498 quod
3195 5428 3452 5487 draconem
3477 5428 3701 5489 subdidit.

2230 5509 2480 5563 Sidonius
2503 5511 2616 5580 ipse
2648 5515 2697 5567 in
2730 5520 3047 5585 panegyrico
3073 5520 3344 5588 Majoriani
3378 5538 3390 5551 ·

2357 5634 2451 5667 επ..
2476 5601 2571 5667 jam
2597 5604 2780 5653 textilis
2800 5608 2971 5667 anguis

2350 5659 2588 5713 Discurrit
2622 5678 2707 5726 per
2732 5659 2985 5729 utratiique
3014 5671 3188 5733 aciem,

2234 5730 2521 5787 Romanam
2547 5735 2985 5801 eti/aridulicam.
