4072 6348
318 339 434 398 649

318 453 451 512 Mox
472 449 573 522 ipsi
598 455 687 503 tua
718 448 899 519 praeda
919 447 1135 520 jacent:
1165 447 1259 504 sed
1285 445 1584 503 omittimus
1610 446 1744 504 istos

320 546 401 604 Ut
427 541 771 616 pepulatores
805 558 818 595 :
852 550 879 580 ι
909 540 1037 597 belli
1064 541 1235 611 magis
1266 550 1384 596 acta
1415 542 1659 597 revolvo.

322 636 484 706 Quod
513 634 712 691 bellum
743 647 852 689 non
901 647 1062 703 parva
1103 646 1315 701 manus,
1347 648 1446 689 nec
1492 648 1714 690 carcere
1745 632 1915 689 fracto

322 730 411 788 Ad
441 728 803 800 gradiaturam
827 735 881 781 tu
907 726 1162 796 Spartace
1207 728 1387 784 vincte
1420 727 1621 797 parasti
1653 746 1669 783 ξ

325 822 438 879 Sed
475 821 743 893 Scythica:
763 834 894 889 vaga
936 820 1085 875 turba
1119 820 1308 892 plagze,
1340 822 1568 877 feritatis
1614 822 1918 889 abundans,

327 915 480 982 Dira,
504 928 694 986 rapax,
722 914 1032 979 vehemens,
1068 916 1198 985 ipsis
1221 932 1433 986 quoque
1460 916 1712 985 gentibus
1736 916 1846 972 illic

327 1007 567 1064 Barbara
595 1006 911 1072 barbaricis,
940 1006 1092 1075 cujus
1124 1007 1230 1061 dux
1263 1008 1551 1089 Hormidac
1580 1002 1741 1078 atque

326 1097 477 1154 Civis
506 1106 642 1165 erat,
669 1098 818 1167 queis
844 1096 951 1152 tale
982 1099 1156 1154 solum
1181 1107 1279 1164 est,
1316 1098 1586 1169 murique,
1621 1114 1916 1170 genusque.

402 1188 431 1229 δ
453 1189 622 1246 Albus
651 1189 1013 1260 Hyperboreis
1034 1190 1231 1245 Tanais
1254 1206 1357 1262 qua
1382 1192 1607 1247 vallibus
1633 1199 1811 1259 actus,

328 1280 555 1353 Biphtea
576 1280 642 1337 de
671 1291 826 1337 caute
852 1282 1016 1349 cadit,
1043 1281 1191 1353 jacet
1220 1298 1325 1340 axe
1357 1285 1457 1339 sub
1479 1301 1617 1341 ursa:

331 1377 494 1449 297
521 1375 664 1431 Gens
689 1373 883 1430 animis
926 1375 1293 1448 membrisque
1324 1379 1503 1433 minax
1530 1396 1542 1432 :
1573 1378 1647 1433 ita
1685 1378 1921 1436 vultibus

1593 1472 1744 1543 [ipsis

331 1560 599 1617 Infantum
628 1576 757 1616 suus
785 1561 978 1617 horror
1004 1564 1168 1630 inest;
1193 1566 1469 1636 consurgit
1493 1565 1545 1622 in
1568 1576 1775 1622 arctum

333 1653 511 1709 Massa
532 1655 760 1708 rotunda
789 1663 986 1725 caput;
1018 1658 1246 1726 geminis
1272 1658 1373 1713 sub
1402 1658 1577 1715 fronte
1604 1662 1850 1717 cavernis

344 1745 503 1803 Visus
531 1745 682 1800 adest
710 1746 882 1801 oculis
910 1747 1260 1815 absentibus;
1286 1759 1403 1805 acta
1430 1753 1640 1807 cerebri

333 1838 395 1897 In
424 1854 691 1895 cameram
724 1841 812 1895 vix
843 1839 909 1895 ad
940 1840 1159 1912 refugos
1187 1844 1273 1897 lux
1305 1846 1757 1917 pervenitbrbes,

334 1930 457 1988 Non
484 1940 657 1986 tamen
689 1939 745 1986 et
774 1932 985 1988 clausos
1011 1952 1022 1986 :
1054 1950 1177 1989 nam
1208 1937 1413 1994 fornice
1444 1956 1550 1997 non
1590 1944 1850 2011 spatioso,

336 2024 527 2095 Magna
556 2024 738 2080 vident
763 2026 955 2096 spatia,
980 2037 1034 2082 et
1059 2028 1280 2098 majoris
1306 2030 1524 2088 luminis
1548 2047 1700 2090 usum

336 2115 627 2187 Perspicua
659 2117 712 2172 in
744 2118 918 2188 puteis
940 2132 1290 2190 compensant
1320 2135 1515 2193 puncta
1548 2126 1847 2197 profundis.

333 2208 474 2267 Tum
505 2226 571 2266 ne
591 2226 688 2281 per
716 2213 882 2268 malas
907 2224 1187 2271 excrescat
1211 2216 1384 2271 ﬁstula
1416 2217 1637 2288 duplex,

338 2302 600 2359 Obtundit
620 2312 833 2360 teneras
862 2306 1191 2362 circumdata
1231 2310 1393 2364 fascia
1422 2325 1602 2379 nares,

338 2394 416 2451 Ut
452 2396 618 2466 galeis
644 2396 862 2452 cedant.
887 2397 978 2453 Sic
1012 2407 1231 2469 propter
1260 2401 1443 2471 praelia
1472 2410 1626 2458 natos

339 2489 615 2546 Maternus
639 2490 906 2546 deformat
936 2507 1107 2562 amor,
1133 2494 1253 2564 quia
1286 2504 1438 2552 tensa
1458 2512 1716 2567 genarum

339 2583 461 2640 Non
483 2583 773 2655 interjecto
794 2584 851 2640 fit
875 2584 1035 2641 latior
1063 2602 1188 2642 area
1217 2602 1371 2645 naso.

340 2674 552 2732 Czetera
596 2691 722 2748 pars
753 2686 834 2733 est
875 2678 1098 2749 pulchra
1131 2681 1290 2748 viris;
1328 2691 1471 2739 stant
1502 2692 1722 2755 pectora
1750 2696 1922 2757 vasta,

344 2768 585 2839 Insignes
605 2768 836 2837 humeri,
868 2772 1144 2827 succincta
1187 2774 1451 2831 subilibus
1471 2776 1640 2833 alvus.

343 2859 539 2917 Forma
567 2862 783 2934 quidem
822 2864 987 2934 peditl
1020 2866 1324 2934 mediaest,
1351 2884 1575 2938 procera
1604 2872 1699 2928 sed
1729 2882 1924 2943 exstat,

345 2954 406 3012 Si
426 2970 617 3012 cernas
644 2955 872 3027 equites,
897 2958 975 3013 sic
1002 2958 1145 3029 longi
1166 2973 1310 3030 saepe
1336 2970 1607 3035 putantur,

345 3048 403 3105 Si
435 3048 676 3106 sedeant.
708 3050 805 3105 Vix
834 3060 1009 3107 matre
1044 3067 1238 3110 carens
1271 3062 1328 3110 ut
1356 3057 1598 3113 constitit
1628 3058 1825 3125 infans,

282 3173 290 3180 -
347 3141 469 3200 Mox
497 3144 700 3215 praebet
723 3145 942 3201 dorsum
971 3148 1221 3218 sonipes;
1255 3162 1484 3219 cognata
1514 3167 1672 3209 reare

349 3235 590 3292 Membra
616 3238 745 3293 viris
764 3280 777 3304 ,
805 3240 878 3295 ita
903 3254 1118 3310 semper
1142 3255 1279 3311 equo
1306 3256 1402 3298 ceu
1426 3242 1566 3299 ﬁxus
1588 3244 1828 3302 adhaeret

291 3362 311 3377 ο
352 3330 573 3385 Hector.
600 3342 623 3369 ε
652 3331 1007 3402 Cornipedum
1036 3343 1186 3404 tergo
1213 3349 1345 3404 gens
1369 3336 1539 3393 altera
1577 3337 1772 3409 fertur,

351 3422 480 3479 Haec
504 3422 731 3491 habitat;
761 3433 956 3481 teretes
984 3440 1162 3494 arcus,
1194 3437 1250 3482 et
1278 3427 1481 3498 spicula
1511 3429 1694 3498 cordi;

348 3513 640 3573 Terribiles
675 3525 944 3589 certaeque
972 3532 1184 3589 manus,
1212 3518 1518 3593 jaculisque
1553 3523 1791 3581 ferenda)

427 3734 456 3765 ιι
494 3725 722 3783 Hunnici
770 3725 921 3792 belli,
963 3724 1104 3795 quod
1153 3721 1441 3779 Anthemio
1491 3725 1628 3782 duce
1677 3725 1937 3783 adversus

352 3793 729 3854 Hormidaccm
759 3798 824 3851 ad
856 3793 1134 3852 Serdicam
1173 3795 1226 3849 in
1262 3796 1417 3850 Dacia
1446 3805 1658 3866 gestum
1690 3807 1790 3865 est,
1826 3814 1939 3853 me-

324 3869 526 3925 -moria
554 3868 730 3925 omnis
756 3869 895 3938 apud
922 3868 1055 3922 alios
1094 3874 1340 3938 auctores
1380 3868 1605 3923 interiit.
1658 3868 1939 3922 Falluntur

352 3940 498 3996 enim
527 3940 618 4011 qui
646 3954 766 3994 cum
787 3937 982 3994 Carolo
994 3937 1214 4011 Sigonio
1232 3937 1429 4011 bellum
1456 3939 1558 3993 hoc
1584 3954 1705 3995 esse
1726 3950 1932 4009 putant,

355 4012 411 4067 in
470 4009 575 4082 quo
622 4010 948 4082 Arnegislus
990 4009 1264 4082 magistcr_
1308 4009 1534 4063 militum
1596 4026 1718 4082 cum
1776 4011 1935 4065 Attila

353 4079 597 4153 pugnans
620 4081 675 4153 in
702 4081 861 4135 Dacia
891 4080 1122 4151 Ripense
1152 4079 1362 4153 occisus
1394 4092 1493 4145 est,
1518 4090 1574 4133 ut
1596 4080 1940 4153 Marcellinus

355 4149 547 4208 Comes
570 4162 623 4208 et
650 4152 947 4207 Jornandes
962 4149 1215 4206 narrant.
1244 4149 1374 4215 Quis
1400 4166 1505 4205 non
1532 4152 1678 4205 videt
1699 4151 1767 4205 de
1798 4152 1941 4206 bello

355 4224 447 4279 hic
478 4225 561 4294 agi
598 4223 653 4278 in
682 4239 789 4293 quo
826 4222 933 4277 dux
970 4222 1204 4294 hostium
1249 4220 1558 4285 Hormidac,
1591 4237 1696 4294 non
1738 4222 1935 4294 Attila;

355 4292 612 4365 magister
653 4292 884 4349 militum
916 4292 1253 4365 Anthemius,
1288 4306 1392 4365 non
1434 4293 1939 4365 AirnegislnsiDis-

358 4362 583 4435 crepant
627 4366 787 4421 etiam
825 4362 1263 4435 tempora.iNam
1292 4364 1604 4435 Arnegislus
1635 4363 1942 4435 Theodosio

360 4433 577 4492 vivente
598 4436 848 4492 occubuit
869 4478 883 4502 ,
913 4434 1154 4505 Callepio
1194 4443 1250 4488 et
1278 4433 1559 4489 Ardabure
1592 4434 1942 4500 consulibus;

358 4509 681 4565 Anthemius
705 4521 833 4563 vero
854 4508 1056 4575 Leone,
1090 4514 1147 4560 ut
1176 4505 1377 4561 dictum
1409 4518 1512 4575 cst,
1548 4514 1806 4577 regnante
1834 4506 1950 4560 haec

361 4592 548 4651 gessn.

436 4649 466 4688 δ
523 4649 890 4720 Comparanda
953 4649 1071 4705 haec
1130 4651 1442 4706 Hunnorum
1495 4648 1950 4719 prosopographia

364 4736 490 4777 cum
520 4720 725 4812 iis'qua:
747 4721 826 4812 del
844 4720 1442 4812 illitislgenti‘s‘origine,
1455 4720 1659 4812 forma,
1684 4720 1950 4812 moribus-
1978 4751 2033 4812 Β

363 4808 472 4864 que
503 4792 746 4846 scribunt
780 4792 1122 4864 Marcellinus
1150 4792 1245 4864 lib.
1282 4807 1411 4864 xxx,
1455 4791 1704 4864 Zosimtts
1748 4792 1948 4864 III)._IV,

362 4862 416 4920 et
448 4864 686 4918 omnium
720 4863 1121 4919 accuratissime
1158 4862 1458 4917 Jornandes
1494 4877 1563 4915 ex
1595 4862 1782 4917 Prisco
1828 4862 1953 4915 rhe-

363 4944 501 5004 tore,
550 4933 840 4989 Theodosii
884 4935 950 4989 ad
998 4933 1217 4987 Attilam
1261 4932 1457 5003 legato.
1501 4932 1762 5003 Pleraque
1810 4933 1950 4989 enim

363 5016 489 5061 sunt
518 5005 723 5060 Sidonii
762 5005 940 5060 verbis
980 5004 1274 5059 simillima.

439 5088 461 5116 ε
498 5076 735 5131 Pessime
761 5084 913 5130 antea
946 5076 1167 5144 vulgati.
1204 5073 1308 5132 Sed
1338 5073 1405 5130 de
1427 5072 1586 5143 hujus
1627 5075 1734 5130 loci
1771 5089 1956 5130 emcn-

364 5148 583 5203 datione
612 5146 718 5216 jam
748 5147 927 5201 monui
959 5147 1024 5201 ad
1052 5148 1380 5218 epigramma
1409 5144 1479 5218 94
1510 5146 1769 5218 Ennodii.
1792 5147 1945 5218 Alite,

369 5220 569 5288 inquit,
601 5228 788 5286 gentes
824 5218 974 5285 equis
1009 5216 1235 5273 subinde
1264 5216 1583 5288 ulisolent,
1616 5217 1731 5288 hcce
1759 5216 1950 5288 inillis

366 5286 591 5345 habitat.
625 5288 774 5343 Adeo
798 5290 938 5343 enim
975 5289 1025 5343 in
1052 5290 1204 5360 equis
1231 5287 1451 5360 assidui,
1476 5294 1629 5343 erant
1658 5286 1861 5353 Hunni,
1895 5296 1953 5342 ιιι

365 5360 576 5432 pedites
606 5374 878 5432 nunquam
916 5359 1285 5416 cernerentur.
1335 5359 1580 5432 Zpsimus
1617 5373 1783 5432 supra
1799 5376 1817 5432 _:
1843 5362 1953 5412 Ἐπὶ

364 5428 467 5502 iin
487 5433 658 5485 ἵππων
680 5436 758 5485 καὶ
781 5429 1096 5502 διαιτώμενοι
1116 5437 1197 5487 καὶ
1211 5430 1553 5502 καθεύδονῄτες.
1579 5428 1949 5502 Marcellinus:

367 5501 531 5574 Equis
558 5518 715 5571 prape
741 5502 880 5574 a/ﬁxi
905 5499 1192 5573 funguntur
1234 5500 1533 5556 muneribus
1566 5502 1856 5574 consuetis.
1887 5499 1953 5553 In

364 5572 697 5646 ipsiscquivis
739 5574 791 5625 in
834 5572 928 5625 hac
956 5576 1160 5627 natione
1197 5589 1392 5642 pernox
1428 5582 1475 5646 et
1518 5572 1725 5646 perdius
1764 5572 1955 5646 emicet

366 5643 560 5711 vendit,
586 5645 853 5713 cibumque
882 5646 1033 5697 sumit
1066 5652 1110 5697 et
1140 5656 1356 5712 potum:
1388 5654 1433 5698 et
1463 5643 1741 5698 inclinatus
1776 5644 1955 5696 cervici

370 5725 602 5787 angusta:
624 5715 833 5779 iumenti
861 5718 911 5767 in
939 5716 1099 5769 altum
1122 5732 1356 5784 soporem
1379 5716 1445 5769 ad
1482 5732 1635 5786 usque
1662 5715 1956 5769 varietatem

370 5786 660 5856 c/funditur
689 5787 1023 5840 somniorum.

442 5854 471 5898 ἀ
490 5856 624 5915 Belli
656 5870 835 5911 aream
869 5858 923 5912 in
947 5858 1102 5913 Dacia
1130 5857 1297 5916 fuisse
1321 5858 1558 5917 ostendit
1578 5861 1735 5933 ιιι
1754 5856 1820 5915 ad
1836 5856 1971 5915 Ser-

654 5950 931 6016 PA'mOL.
971 5949 1199 6015 LVIII.

1812 332 2139 393 GARMINA.

1943 451 1999 510 Α
2024 450 2211 506 Mortis
2244 450 2345 507 ﬁxa
2368 452 2520 521 ﬁdes,
2548 463 2731 511 etnon
2776 464 3036 525 peccante
3062 456 3163 513 sub
3194 456 3324 525 ictu,

3514 345 3619 406 650

2026 543 2261 600 Edoctus
2284 558 2509 614 peccare
2533 545 2704 602 furor.
2740 547 2886 603 Gens
2913 548 3015 603 ista
3045 557 3270 618 repente

2026 637 2353 707 Erumpens,
2383 637 2722 709 solidumque
2771 639 2906 696 rotis
2954 651 3258 699 transvecta
3288 657 3385 713 per
3412 643 3609 702 Istrum

2029 730 2288 798 Venerat,
2322 738 2377 786 et
2402 739 2579 786 sectas
2608 731 2870 788 inciderat
2900 732 3074 789 orbita
3100 733 3368 806 lymphas.

2032 824 2182 879 Hanc
2214 836 2268 879 tu
2295 824 2532 880 directus
2561 825 2588 863 ά
2619 839 2713 895 per
2737 825 2929 883 Dacica
2968 843 3093 884 rura
3120 839 3399 899 vagantem

2024 918 2329 989 Contrahis,
2360 919 2951 991 aggrederis,superas,
2978 921 3230 990 includis;
3263 933 3319 980 et
3340 932 3397 980 ut
3424 933 3478 979 te
3554 912 3557 916 ’

2027 1014 2228 1069 Metato
2255 1014 2428 1084 spatio
2456 1022 2755 1069 castrorum
2786 1013 3005 1070 Serdica
3033 1015 3185 1083 vidit,

2025 1108 2191 1179 298
2218 1107 2509 1162 Obsidione
2540 1107 2765 1176 premis;
2812 1123 2931 1177 qua:
2958 1096 3013 1163 te
3043 1110 3122 1164 sic
3161 1118 3401 1179 tempore
3437 1111 3610 1169 multo

2024 1198 2082 1254 In
2115 1198 2253 1254 vallo
2285 1200 2516 1269 positum
2543 1200 2769 1267 stupuit,
2802 1200 2941 1269 quod
2966 1200 3122 1256 miles
3142 1201 3197 1255 in
3223 1217 3382 1273 agros

2017 1288 2133 1345 Nec
2155 1290 2331 1357 licitis,
2367 1306 2466 1347 nec
2492 1291 2699 1345 furtivis
2727 1292 3040 1348 excursibus
3068 1294 3195 1349 ibat.

2025 1381 2123 1437 Cui
2150 1382 2362 1438 deesset
2388 1398 2507 1438 cum
2535 1397 2679 1452 saepe
2708 1384 2894 1450 Ceres,
2921 1398 3240 1455 semperque
3265 1385 3479 1457 Lyaeus,

2026 1472 2313 1544 Disciplina
2347 1483 2527 1530 tamen
2553 1490 2660 1532 non
2682 1474 2883 1538 defuit;
2916 1475 3042 1531 inde
3075 1477 3373 1548 propinquo

2025 1567 2192 1622 Hoste
2217 1567 2386 1636 magis
2410 1568 2639 1623 timuere
2659 1567 2886 1635 ducem;
2917 1556 2995 1625 sic
3020 1568 3253 1639 denique
3279 1569 3480 1627 factum
3506 1578 3612 1639 est,

2031 1661 2097 1715 Ut
2130 1670 2152 1697 ο
2185 1660 2363 1715 socius
2389 1668 2497 1714 tum
2529 1660 2667 1716 forte
2690 1669 2834 1729 tuus,
2865 1677 2989 1717 mox
3016 1663 3276 1733 proditor,
3303 1664 3407 1719 illis

2026 1749 2246 1806 Frustra
2277 1760 2423 1820 terga
2445 1751 2619 1820 daret,
2651 1753 2954 1808 commissae
2987 1764 3227 1824 tempore
3257 1769 3447 1826 pugnte
3480 1773 3495 1811 :

1951 1841 2001 1901 B
2030 1844 2129 1911 Qui
2155 1846 2266 1916 jam
2297 1860 2418 1901 cum
2442 1846 2675 1918 fugeret,
2696 1848 2834 1904 ﬂexo
2865 1848 3003 1919 pede
3028 1864 3229 1906 cornua
3254 1849 3484 1917 nudans,

2029 1938 2108 1992 Tn
2137 1940 2317 1996 stabas
2344 1940 2460 1996 acie
2487 1941 2656 2009 solus,
2690 1952 2741 1996 te
2768 1937 2958 2012 sparsa
2996 1941 3173 2015 fugaci

2028 2032 2267 2101 Expetiit
2300 2031 2526 2089 ductore
2547 2049 2759 2102 manus,
2792 2043 2844 2088 te
2871 2036 3041 2091 Marte
3068 2038 3303 2106 pedestri

2030 2123 2322 2179 Sudantem
2356 2124 2632 2195 repetebat
2673 2140 2877 2197 eques;
2908 2134 2992 2181 tua
3018 2128 3167 2197 signa
3192 2117 3407 2185 secutus

2029 2214 2146 2271 Non
2173 2230 2233 2270 se
2259 2216 2534 2272 desertum
2557 2216 2726 2273 sensit
2750 2218 3047 2273 certamine
3069 2219 3245 2273 miles.

2102 2312 2307 2379 Inune,
2330 2322 2384 2368 et
2411 2313 2607 2369 veteris
2636 2313 2817 2383 profer
2847 2317 3110 2383 praeconia
3139 2314 3281 2368 Tulli

2032 2403 2188 2461 Aitas
2215 2421 2347 2461 cana
2382 2415 2613 2475 patrum,
2646 2406 2790 2477 quod
2819 2406 3044 2476 pulchro
3066 2396 3614 2467 hortantine‘mendax

2032 2498 2279 2553 Occuluit
2303 2497 2473 2569 refugi
2496 2498 2739 2554 nutantia
2760 2498 2964 2554 foedera
2990 2499 3158 2555 Metti.
3566 2529 3574 2538 -
3624 2550 3625 2559 χ

2033 2588 2119 2643 Nil
2148 2588 2325 2644 simile
2354 2598 2458 2657 εει,
2493 2588 2711 2659 fallique
2740 2597 2889 2645 tuum
2916 2590 3010 2644 tibi
3040 2604 3146 2645 non
3178 2590 3354 2660 placet
3386 2590 3613 2648 hostem.

2034 2681 2187 2737 Tunc
2215 2682 2343 2737 vicit
2375 2682 2546 2747 miles,
2581 2681 2708 2736 dum
2734 2697 2794 2737 se
2818 2690 2968 2751 putat
2987 2695 3108 2741 esse
3124 2682 3416 2751 juvandum
3440 2702 3450 2735 :

2036 2774 2136 2829 Hic
2160 2774 2310 2840 vicit,
2341 2782 2623 2843 postquam
2651 2787 2711 2829 se
2739 2773 3004 2843 comperit
3032 2788 3152 2829 esse
3177 2775 3445 2830 relictum.

2038 2870 2154 2925 Dux
2183 2866 2339 2938 fugit,
2371 2866 2710 2937 insequeris:
2744 2875 2968 2921 renovat
2995 2868 3309 2932 certamina,
3340 2866 3549 2931 vincis;

2037 2962 2336 3030 Clauditur,
2368 2966 2673 3031 expugnas;
2705 2959 2955 3027 elabitur,
2988 2959 3207 3025 obruis;
3234 2968 3394 3029 atque

2037 3054 2347 3111 Sarmaticrc
2375 3052 2493 3122 paci
2516 3050 2746 3121 pretium
2775 3066 2870 3105 sua
2898 3051 3087 3106 funera
3114 3052 3288 3121 ponis.

2040 3130 2287 3215 Paretur,
2312 3146 2515 3215 jussum
2545 3143 2706 3198 subiit
2732 3142 2839 3212 jam
2882 3142 3154 3211 transfuga
3182 3142 3408 3209 lethum,

1961 3232 2008 3296 C
2040 3239 2215 3310 Atque
2239 3236 2528 3309 peregrino
2556 3233 2749 3290 cecidit
2777 3244 2864 3288 tua
2885 3233 3102 3287 victima
3142 3232 3304 3287 ferro.

2045 3333 2185 3389 Ecce
2215 3331 2432 3397 iterum,
2456 3327 2501 3383 si
2532 3328 2667 3382 forte
2692 3326 2888 3396 placet,
2922 3324 3148 3394 conflige
3170 3332 3413 3380 vetustas
3441 3341 3456 3354 °

2044 3426 2306 3484 Hannibal
2328 3425 2415 3480 ille
2442 3424 2593 3479 ferox
2623 3421 2689 3477 ad
2716 3434 2929 3491 poenam
2957 3418 3095 3474 forte
3127 3420 3352 3488 petitus,

2043 3523 2111 3578 Et
2131 3520 2177 3581 si
2202 3535 2310 3577 non
2342 3516 2529 3574 habuit
2555 3517 2642 3588 jus
2662 3516 2810 3581 vitm,
2852 3513 2958 3568 fine
2984 3525 3240 3581 supremo

2047 3724 2222 3781 dicam
2251 3722 2463 3787 urbem,
2495 3734 2652 3790 quam
2683 3733 2711 3772 a
2742 3716 2987 3790 barbaris
3008 3726 3325 3790 occupatam
3349 3716 3633 3790 obsidione

2047 3798 2215 3853 cinxit
2249 3787 2587 3849 Anthemius.
2631 3788 2909 3844 Serdicam
2940 3787 3203 3843 Eusebius
3246 3789 3298 3842 in
3343 3788 3627 3854 Chronico,

2046 3865 2349 3931 Itineraria,
2390 3871 2444 3918 et
2476 3860 2664 3933 synodi
2699 3858 2927 3933 [Siccenze
2966 3859 3433 3933 subscriptiones_,_
3459 3860 3631 3933 Dacica

2047 3939 2234 3993 urbem
2274 3927 2397 3989 cum
2439 3927 2661 3987 Sidonio
2708 3929 2958 3983 faciunt:
2995 3927 3248 3982 Socrates
3292 3938 3344 3983 et
3390 3927 3631 3983 Hermias

2049 4006 2357 4069 Soznmeni,
2390 4004 2479 4058 ubi
2508 4002 2575 4057 de
2597 4000 2804 4071 synodo
2833 3998 3138 4071 Serdicensi
3173 4007 3375 4068 agunt,
3414 3999 3631 4071 lllyrici.

2049 4079 2371 4135 Ptolemmus
2401 4070 2665 4137 Thraciai,
2706 4086 2811 4139 quo
2839 4070 2999 4123 etiam
3033 4078 3241 4137 spectat
3281 4078 3334 4139 et
3369 4079 3517 4137 vetus
3550 4070 3637 4121 in-

2049 4150 2293 4218 scriptio,
2325 4148 2378 4201 in
2416 4162 2517 4218 qua
2564 4138 2824 4218 Diogenes
2856 4140 3009 4193 miles
3039 4141 3245 4193 natione
3276 4138 3470 4218 Threx,
3515 4139 3638 4218 civi-

2049 4209 2447 4275 tate-Serdica.-
2482 4216 2612 4282 Quit:
2653 4212 2869 4283 quidem
2918 4225 3039 4264 vera
3079 4222 3203 4283 sunt
3250 4210 3427 4283 omnia
3456 4250 3471 4274 ,
3511 4209 3636 4279 quia

2050 4292 2209 4346 Dacia
2242 4289 2416 4358 magni
2450 4281 2646 4355 Illyrici
2670 4281 2799 4358 pars
2830 4282 2967 4358 t'uit,_
2982 4281 3378 4358 ut.dicetur_ad
3408 4295 3638 4358 panegy.

2051 4365 2218 4419 ricum
2262 4351 2541 4431 Mavjorian'i
2578 4375 2591 4409 :
2645 4357 2786 4409 unde
2816 4352 3243 4431 _et_Serdicam_
3267 4351 3639 4431 Theodoretus

2051 4424 2361 4510 μητρόπολιξ
2397 4436 2559 4510 vocat
2601 4428 2856 4510 ἑᾳκίαςβν
2882 4424 3385 4510 ⁵1).)ιυρξρῖς.μ1)ίιοίἑξξ
3428 4438 3641 4510 rursum

2050 4494 2303 4560 attributa
2338 4502 2435 4575 fcit
2474 4515 2569 4575 ora
2601 4498 2864 4575 Thracim,
2901 4494 3282 4575 qua'Serdica_
3304 4494 3430 4575 olim
3471 4495 3643 4575 conti-

2050 4582 2298 4632 nebatur.
2366 4572 2571 4637 Duplex
2607 4571 2747 4624 enim
2786 4569 2881 4622 fuit
2935 4565 3090 4622 Dacia
3134 4565 3426 4635 provincia.
3471 4564 3638 4619 Vetus
3684 4614 3695 4627 ,

2052 4648 2289 4714 Trajani,
2317 4654 2464 4699 trans
2494 4642 2722 4714 Istrum;
2755 4640 2926 4692 altera
2948 4638 3240 4714 Aureliani,
3274 4651 3433 4714 quam
3458 4639 3643 4714 priore

2063 4706 2573 4773 omissa'revocatis
2609 4712 2687 4765 cis
2720 4714 2910 4765 Istrum
2950 4707 3231 4773 militibus,
3272 4708 3325 4760 in
3366 4706 3643 4775 utriusque

2062 4791 2261 4845 Mmsize
2292 4798 2343 4841 et
2374 4784 2618 4839 Thraciae
2643 4782 2835 4834 finibus
2864 4778 3142 4833 constituit
3172 4797 3183 4830 :
3218 4794 3337 4847 quzc
3359 4779 3467 4832 sola
3494 4778 3648 4832 dein“

2061 4876 2188 4930 ceps
2209 4857 2475 4930 appellata
2498 4860 2583 4930 est
2602 4852 2784 4930 Dacia.
2815 4850 2921 4930 Sed
2954 4850 3283 4930 hancnporro
3307 4850 3357 4902 in
3398 4848 3531 4903 duas
3562 4848 3637 4902 di.

2064 4920 2334 4985 visam'éx
2364 4924 2574 4994 imperii
2603 4922 2995 4994 Notitiailiquet
3021 4939 3032 4972 :
3064 4920 3372 4994 Hipensem,
3403 4935 3639 4994 quau-ie.

2062 5000 2346 5073 przcsidem
2380 4990 2692 5073 regebatur;
2726 5003 2780 5046 et
2809 4993 3287 5073 lllediterraneam,‘
3389 5004 3493 5073 qna
3522 4990 3641 5073 Ser-

2066 5060 2339 5143 dica,quae
2367 5060 2465 5139 per
2492 5066 2853 5121 consularem.
2882 5062 3133 5118 Paulinus
3153 5062 3218 5117 de
3239 5061 3388 5118 obitu
3415 5060 3617 5117 Niceta:
3636 5086 3647 5115 ,ν

2246 5205 2306 5254 fit
2327 5203 2463 5253 Getae
2490 5204 2706 5259 currunt,
2735 5207 2785 5248 et
2802 5202 3018 5259 uterque
3041 5199 3219 5258 Dacus,

2251 5268 2341 5324 Qui
2358 5264 2471 5313 colit
2495 5269 2643 5312 terrae
2669 5261 2850 5324 medio,
2875 5260 2956 5310 vel
2980 5259 3062 5310 ille

2246 5300 3013 5386 iiiulto‘liovempeflea’tus

2437 5385 2610 5437 Accola
2636 5387 2775 5448 ripae.

2142 5507 2165 5535 ο
2207 5496 2284 5551 De
2317 5493 2590 5563 transfuga
2629 5491 2777 5546 socio
2804 5489 3095 5563 Anthemii,
3129 5488 3220 5561 qui
3248 5489 3315 5563 ad
3347 5488 3567 5563 Hunnos
3597 5485 3650 5541 in

2062 5570 2180 5641 ipsa
2204 5583 2377 5637 pugna
2401 5561 2619 5641 defecit,
2654 5564 2707 5617 in
2754 5571 2893 5641 tan_t_a
2944 5561 3087 5641 i_lli_us
3116 5561 3300 5641 .mtatis
3326 5562 3652 5641 scriptorum

2068 5628 2336 5709 paucitate
2368 5637 2497 5691 nihil
2529 5628 2806 5709 habemus.
2837 5633 2915 5691 Ex
2945 5632 3171 5709 Sidonio.
3187 5637 3397 5709 constat
3424 5628 3492 5682 ab
3525 5630 3652 5709 ipsis

2067 5699 2309 5767 barbaris
2342 5724 2405 5763 ex
2442 5706 2586 5772 pacis
2622 5706 2825 5762 foedere
2865 5718 3061 5759 caesum
3100 5699 3466 5772 fuisse._ldeo
3510 5701 3655 5755 enim

2073 5797 2195 5836 cum
2223 5769 2519 5835 Hannibale
2550 5776 2783 5853 confert,
2821 5777 2910 5842 qui
2940 5773 3193 5853 Romanis
3236 5786 3263 5823 a
3302 5769 3655 5853 Prusiaregc

2072 5852 2349 5914 dedendos
2380 5859 2517 5921 erat,
2543 5848 2647 5905 nisi
2677 5860 2884 5905 veneno
2913 5844 3229 5917 supplicium
3257 5844 3656 5902 antevertiut.

3338 5934 3425 6008 Ἃ
