4072 6348
553 339 650 396 651

555 457 712 511 Certe
743 455 925 511 habuit
946 451 1165 516 mortis;
1195 463 1350 520 quem
1380 461 1556 504 caecus
1580 459 1764 502 carcer
1787 456 1844 501 et
1871 461 2057 512 uncus,

557 549 626 603 Et
652 563 806 619 quem
831 545 1110 616 spectabat
1145 541 1411 597 fracturus
1441 549 1657 611 guttura
1687 538 1868 606 lictor,

554 644 744 698 Ilausit
776 640 1032 709 Bebrycio
1061 635 1396 692 con~tantior
1421 633 1633 704 hospite
1658 633 1827 688 virus.

556 735 717 804 299
738 732 866 786 Nam
891 740 941 786 te
966 731 1056 800 qui
1080 729 1228 798 fugit,
1259 726 1506 782 mandata
1539 737 1711 782 morte
1733 732 2062 795 peremptus,

552 825 666 878 Non
691 832 796 877 tam
824 823 1044 878 victoris
1074 821 1230 892 periit
1259 837 1416 890 quam
1442 819 1640 890 judicis
1661 834 1777 874 ore.

629 926 654 954 ιι
695 916 844 970 Nune
872 915 1024 980 ades,
1063 929 1096 967 ο
1125 912 1301 978 Paean,
1337 913 1487 972 lauro
1527 912 1614 968 cui
1635 912 1870 982 gryphas
1895 912 2137 967 obuncos

554 1011 718 1064 Docta
753 1008 931 1076 lupata
964 1007 1149 1076 ligant,
1183 1005 1394 1076 quoties
1421 1019 1514 1073 per
1543 1003 1767 1058 frondea
1794 1003 1909 1058 lora

551 1101 751 1155 Flectis
777 1100 1084 1169 penniferos
1115 1098 1325 1153 hederis
1356 1097 1684 1152 bicoloribus
1707 1107 1887 1151 armos
1912 1113 1926 1162 ;

553 1194 670 1248 Iluc
699 1204 953 1248 converte
981 1192 1208 1261 chelyn;
1246 1207 1348 1245 non
1394 1201 1475 1244 est
1514 1190 1674 1244 modo
1708 1189 1888 1244 dicere
1929 1199 2137 1257 tempus

552 1286 796 1354 Pythona
826 1286 1168 1347 exstinctum,
1198 1299 1296 1337 nec
1327 1283 1404 1336 bis
1432 1293 1650 1351 septena
1681 1295 1874 1335 sonare

552 1377 788 1433 Vulnera
819 1377 1177 1441 Tantalidum,
1208 1391 1434 1446 quorum
1472 1376 1563 1430 tibi
1596 1373 1780 1428 funera
1811 1383 1996 1428 servat

551 1470 770 1532 Can'us,
807 1479 862 1523 et
892 1481 1093 1524 mterno
1122 1469 1303 1523 vivunt
1340 1471 1389 1521 in
1418 1469 1659 1522 carmine
1696 1478 1920 1522 mortes.

553 1564 661 1616 Vos
690 1579 925 1632 quoque,
957 1563 1274 1627 Castalides,
1305 1563 1488 1632 paucis
1517 1578 1622 1630 quo
1653 1562 1873 1617 numine
1911 1561 2067 1616 nobis

552 1659 774 1714 Venerit
806 1660 1143 1724 Anthemius,
1169 1659 1310 1728 genii
1335 1660 1367 1712 .i
1395 1674 1516 1713 cum
1552 1657 1756 1713 findere
1784 1658 1955 1728 regni,

551 1750 774 1806 Pandite
807 1771 817 1803 :
853 1766 955 1821 pax
992 1767 1168 1806 terum
1202 1751 1365 1815 misit,
1391 1752 1479 1819 qui
1511 1751 1650 1805 bella
1671 1751 1957 1820 gubernet.

617 1846 862 1901 Auxerat
888 1845 1158 1914 Augustus
1186 1842 1214 1882 δ
1247 1855 1451 1900 naturae
1483 1843 1600 1912 lege
1631 1843 1862 1899 Severus

550 1935 806 1991 Divorunt
837 1952 1145 2002 numerum;
1188 1951 1344 2004 quem
1374 1952 1496 1991 mox
1527 1935 1778 1990 Oenotria
1806 1951 1987 1990 casum

552 2031 698 2086 Vidit
727 2042 785 2087 ut
814 2032 957 2085 aerei
983 2030 1051 2084 de
1082 2030 1302 2100 rupibus
1331 2030 1622 2098 Apennini,

551 2121 732 2192 Pergit
755 2123 972 2177 cmrulei
1006 2123 1202 2177 vitreas
1233 2122 1297 2176 ad
1326 2123 1562 2177 Tibridis
1593 2122 1755 2186 mdes,

548 2210 667 2269 Non
697 2215 848 2284 galea
870 2215 1123 2269 conclusa
1149 2230 1332 2284 genas,
1368 2230 1469 2270 nec
1498 2216 1676 2270 sutilis
1699 2216 1776 2270 illi

548 2303 790 2358 Circulus
819 2305 1064 2374 impactis
1087 2305 1306 2360 loricam
1338 2307 1506 2360 texuit
1527 2306 1720 2376 hamis,

548 2398 657 2454 Sed
688 2383 882 2453 nudata
913 2409 1109 2467 caput;
1137 2415 1234 2468 pro
1262 2400 1415 2454 crine
1443 2401 1723 2454 racemifer
1745 2401 1856 2453 exit

547 2487 782 2542 Plurima
811 2504 904 2557 per
932 2489 1164 2544 frontem
1196 2491 1568 2558 constringens
1588 2490 1779 2558 oppida
1808 2491 2025 2558 lalmcs,

547 2575 758 2647 Perque
779 2577 1032 2633 humeros
1063 2589 1294 2644 teretes,
1330 2581 1614 2634 rutilantes
1661 2596 1863 2650 perque
1905 2583 2134 2639 lacertos

547 2669 784 2724 Pendula
812 2672 1143 2739 gemmiferae
1164 2671 1487 2726 mordebant
1517 2686 1747 2741 suppara
1780 2673 1958 2727 bullae.

548 2760 776 2831 Segnior
806 2762 1202 2832 ineeditgenio,
1235 2765 1645 2832 venerandaque
1679 2765 1918 2819 membra

549 2851 867 2912 Viticomam
899 2855 1138 2910 retinens
1164 2854 1338 2911 baculi
1372 2857 1486 2911 vice
1508 2857 1671 2912 fleetit
1691 2859 1756 2912 ad
1793 2857 2022 2913 ulmum:

499 2985 502 2988 .
546 2943 655 3000 Sed
688 2955 863 3002 tamen
889 2945 1106 3001 ubertas
1133 2948 1414 3016 sequitur;
1445 2963 1765 3019 quacunque
1789 2950 2131 3020 propinquat,

545 3033 766 3093 lncessu
799 3036 1050 3093 fecundat
1078 3038 1200 3105 iter,
1230 3039 1592 3110 comitataque
1618 3054 1863 3104 gressum
1888 3115 1890 3119 ν

545 3128 690 3187 Laeta
722 3147 816 3201 per
844 3130 1135 3201 impressas
1156 3141 1305 3188 rorat
1331 3133 1599 3189 vindemia
1629 3134 1859 3202 plantas.

1825 326 2065 386 SIDONII
2106 324 2438 383 APOLLINA
2451 323 2558 381 RIS
2613 361 2616 364 ~

2162 448 2215 506 Λ

2172 1834 2220 1894 Β

2318 443 2462 500 Ilicet
2493 442 2785 514 ingreditur
2813 442 3056 499 'I‘iberini
3084 441 3308 514 gurgitis
3335 451 3577 500 antrum.

2242 535 2498 591 Currebat
2529 535 2723 591 fluvius
2749 537 3016 603 residens,
3051 546 3107 592 et
3136 537 3418 592 arundinis
3453 539 3582 594 alta:

2218 626 2511 682 Concolor
2536 626 2590 681 in
2619 626 2776 681 viridi
2803 626 3045 682 fluitabat
3071 628 3204 683 silva
3228 629 3446 698 capillo.

2241 719 2535 791 300.0at
2563 720 2798 774 sonitum
2831 729 3014 775 mento
3037 720 3178 776 unda
3200 721 3421 788 cadens,
3456 723 3592 780 licet
3626 723 3816 798 hispida

3601 815 3750 888 [setis

2241 908 2546 979 Suppositis
2575 908 2803 962 multum
2829 906 3045 962 sedaret
3075 906 3236 961 barba
3275 907 3568 978 fragorem.

2243 1001 2468 1057 Pectore
2498 1000 2742 1074 ructabat
2764 1000 2970 1063 latices,
3005 1000 3261 1070 lapsuque
3286 1001 3470 1068 citato,

2244 1093 2497 1150 Sulcabal
2519 1092 2784 1147 madidam
2808 1092 2916 1161 jam
2952 1101 3164 1147 torrens
3194 1095 3376 1148 alveus
3407 1093 3614 1160 alvum,

2242 1186 2496 1241 Terretur
2523 1187 2769 1238 veniente
2801 1184 2921 1252 dea,
2949 1184 3305 1253 manibusque
3338 1187 3587 1240 remissis

2243 1279 2442 1335 Remus
2473 1289 2525 1333 ct
2553 1294 2684 1332 urna
2709 1279 2903 1332 (adunt
2933 1297 2943 1330 :
2976 1279 3144 1332 venia:
3178 1288 3285 1332 tum
3322 1280 3485 1334 verba
3521 1282 3724 1350 paranti

2242 1369 2334 1424 Illa
2365 1369 2508 1438 prior
2543 1388 2556 1421 :
2583 1368 2752 1422 Venio
2785 1367 3049 1425 viduatam
3084 1369 3311 1437 praesule
3337 1380 3526 1424 nostro

2244 1462 2345 1515 Per
2377 1470 2426 1517 te
2453 1461 2495 1513 si
2522 1462 2728 1529 placeat
2759 1460 3010 1531 lacrymis
3040 1460 3315 1516 inflectere
3342 1461 3593 1531 Rootam,

2245 1553 2470 1622 Expetat
2497 1567 2704 1606 aurorae
2731 1561 2928 1621 partes,
2965 1550 3211 1620 fastuque
3242 1562 3448 1608 remoto

2243 1644 2354 1699 Hoc
2381 1661 2542 1700 unum
2571 1653 2804 1714 praestet,
2837 1644 2946 1713 jam
2977 1645 3098 1714 plus
3127 1644 3380 1715 dignetur
3422 1649 3619 1702 amari.

2248 1738 2452 1794 lnstrue
2482 1754 2613 1808 quas
2644 1748 2851 1809 quaerat
2874 1738 3036 1805 vires,
3069 1739 3290 1810 orbique
3310 1740 3511 1810 jacenti

2247 1834 2362 1900 Quo
2392 1835 2576 1903 posca
2599 1833 2686 1887 die
2717 1832 2846 1888 orbe
2868 1842 3034 1902 caput
3063 1850 3077 1888 :
3105 1850 3482 1904 quemcunque
3512 1837 3714 1891 creavit

2249 1941 2268 1964 ε
2308 1932 2421 1982 Axe
2451 1943 2570 1983 meo
2595 1939 2797 1994 natum,
2824 1929 3108 1983 confeSIim
3135 1929 3292 1999 fregit
3315 1931 3366 1984 in
3400 1929 3511 1995 illo,

2244 2019 2457 2088 Imperii
2491 2019 2703 2074 fortuna
2737 2027 2884 2074 rotas
2910 2037 2921 2071 :
2950 2016 2977 2058 ἀ
3007 2020 3131 2074 hinc
3154 2020 3427 2075 Vandalus
3454 2021 3629 2077 hostis

2244 2109 2430 2178 Urget,
2451 2118 2507 2165 et
2533 2110 2585 2164 in
2615 2121 2857 2166 nostrum
2884 2125 3168 2167 numerosa
3191 2112 3364 2166 classe
3401 2113 3694 2182 quotannis

2211 2236 2220 2248 ι.
2243 2203 2431 2257 Militat
2460 2201 2722 2257 excidium
2745 2219 2760 2268 ;
2783 2218 3149 2274 conversoque
3170 2203 3354 2258 ordine
3381 2203 3472 2258 fati
3546 2247 3556 2258 .

2242 2295 2471 2351 Torrida
2501 2295 2803 2352 Caucaseos
2828 2296 2990 2352 infert
3019 2297 3149 2352 mihi
3180 2298 3345 2369 Byrsa
3370 2298 3602 2354 furores.

2243 2389 2510 2444 Praeterea
2546 2400 2569 2428 ο
2600 2390 2829 2444 invictus
2855 2389 3111 2461 Ricimer,
3135 2407 3292 2461 quem
3321 2392 3535 2462 publica
3566 2393 3674 2446 fata

2242 2477 2573 2548 Respiciunt,
2611 2482 2829 2550 proprio
2855 2482 3004 2541 solus
3026 2482 3114 2536 vix
3141 2483 3306 2537 Marte
3335 2483 3548 2552 repellit

2241 2572 2474 2627 Piratant
2509 2588 2603 2642 per
2625 2589 2749 2627 rura
2783 2588 2997 2650 vagum,
3027 2575 3116 2644 qui
3148 2574 3327 2644 praelia
3359 2575 3556 2640 vitans,

2241 2664 2509 2720 Victorem
2541 2664 2796 2735 fugitivus
2824 2667 2969 2735 agit:
3004 2667 3124 2735 quis
3153 2665 3374 2721 sufferat
3401 2668 3611 2722 hostem

2241 2758 2341 2824 Qui
2373 2773 2560 2828 pacem
2594 2774 2930 2828 pugnamque
2956 2761 3147 2830 negat?
3171 2777 3291 2815 nam
3327 2761 3531 2816 foedera
3561 2763 3705 2817 nulla

2242 2849 2378 2910 Cum
2402 2851 2670 2908 Ricimere
2690 2853 2822 2920 jacit
2849 2869 2862 2906 :
2889 2868 3046 2921 quem
3074 2859 3170 2907 cur
3193 2853 3352 2910 nimis
3371 2854 3561 2922 oderit,
3597 2852 3735 2908 audi.

2241 2947 2513 3002 Incertum
2543 2955 2729 3014 crepat
2758 2945 2849 2999 ille
2874 2957 3107 3015 patrem,
3131 2961 3251 3001 eum
3277 2961 3429 3002 serva
3461 2948 3532 3001 sit
3562 2947 3640 3002 illi

2243 3040 2400 3096 Certa
2432 3055 2666 3110 parens:
2695 3054 2837 3094 nunc
2858 3049 2916 3094 ut
2942 3041 3082 3110 regis
3109 3041 3180 3094 sit
3221 3040 3385 3106 Illius,
3426 3040 3584 3096 effert

2244 3133 2427 3187 Matris
2446 3131 2768 3190 adulterium
2794 3147 2810 3197 ;
2837 3142 2946 3186 tum
2979 3132 3105 3188 livet
3124 3133 3263 3202 quod
3297 3133 3619 3190 Ricimerem

619 3337 644 3364 ιι
685 3328 815 3380 Pars
864 3327 1032 3380 altera
1081 3327 1405 3394 panegyrici,
1463 3341 1583 3396 quat
1626 3325 1836 3395 imperii
1894 3326 2128 3395 auspicia
2157 3325 2210 3388 C‘
2239 3323 2795 3396 provinciasassiduis
2825 3323 3221 3378 incursionibus
3253 3324 3489 3394 pepulari
3511 3338 3616 3379 non
3640 3321 3814 3380 desiit“

547 3399 805 3462 continet,
833 3412 990 3464 quam
1021 3395 1229 3466 poetico
1252 3396 1410 3464 genio
1434 3406 1741 3466 pertractat.
1769 3395 1943 3466 Fingit
1959 3397 2122 3460 enim,

547 3477 756 3521 mortuo
788 3469 1026 3537 Severo,
1079 3465 1303 3532 Italiam,
1349 3481 1468 3520 cum
1511 3466 1751 3537 principe
1796 3465 2023 3532 careret,
2059 3467 2125 3521 ad

546 3537 755 3592 Tiberis
780 3535 950 3590 fontes
972 3537 1204 3600 venisse,
1243 3551 1305 3589 ac
1347 3535 1568 3606 rogasse
1589 3537 1663 3590 uti
1687 3537 1871 3591 Romae
1906 3552 2125 3606 persua-

546 3607 688 3673 deat,
718 3617 774 3661 ut
798 3609 863 3660 ad
892 3607 1153 3660 Auroram
1178 3617 1382 3676 pergat,
1414 3607 1816 3677 principemque
1845 3608 1912 3662 ab
1942 3623 2002 3662 ea
2036 3624 2127 3676 pe-

543 3685 655 3745 tat;
685 3679 946 3733 Auroram
969 3693 1096 3748 vero
1126 3677 1468 3736 Anthemium
1495 3678 1680 3732 Romae
1717 3678 1963 3748 precibus
1990 3693 2122 3734 con-

543 3749 796 3820 cessisse.
817 3749 996 3817 Itaque
1026 3747 1214 3820 horum
1239 3747 1476 3820 omnium
1509 3747 1768 3819 personas
1793 3759 1846 3805 et
1869 3764 2124 3820 congres-

543 3832 636 3890 sus
657 3818 867 3890 poetico
889 3833 1040 3874 more
1069 3817 1342 3874 describit.
1512 3817 1525 3819 '
1567 3870 1580 3879 ,

613 3887 855 3946 δἰἰὺίιιε
885 3890 1239 3962 Severusfsic
1263 3890 1409 3962 enim,
1428 3897 1623 3945 vocant
1651 3901 1863 3949 veteres
1892 3892 2121 3962 nummi)

541 3962 908 4034 postgczedem
948 3960 1263 4034 Majoriani,
1302 3961 1583 4034 Ricimeris
1632 3977 1794 4034 opera
1838 3960 2121 4034 imperium

541 4032 713 4086 tenuit
751 4048 813 4087 ex
861 4049 910 4086 Α.
957 4049 1010 4086 ι).
1055 4047 1144 4086 xui
1189 4032 1397 4092 calend.
1453 4032 1706 4090 Deceml).
1750 4034 1882 4097 46f;
1917 4032 2122 4088 deinde

541 4113 733 4227 guarto
763 4114 884 4174 p05t
914 4117 1057 4158 anno
1084 4102 1354 4173 ejusdem,
1393 4110 1451 4157 ut
1478 4104 1618 4158 fama
1655 4113 1793 4167 erat,
1837 4103 2120 4160 Ricimeris
2198 4155 2205 4158 ,ι

579 4173 668 4227 olo
686 4175 978 4227 exstinctus
991 4183 1072 4226 est
1087 4189 1210 4227 xvm
1225 4174 1435 4227 calend.
1453 4173 1729 4227 Septemb.
1744 4176 2114 4227 Cassiodorus:

579 4173 668 4228 olo
686 4175 978 4228 exstinctus
991 4183 1072 4226 est
1087 4189 1210 4228 xvm
1225 4174 1435 4228 calend.
1453 4173 1729 4241 Septemb.
1744 4176 2114 4230 Cassiodorus:

539 4240 897 4298 Herminerico
925 4253 968 4294 et
999 4242 1245 4296 Basilisco
1272 4260 1401 4297 coss.
1427 4240 1541 4297 His,
1561 4247 1874 4309 consulibus,
1912 4256 1965 4298 ut
1991 4247 2121 4298 dici-

541 4321 646 4377 tur,
682 4311 944 4365 Ricimeris
976 4313 1158 4382 fraude
1191 4313 1408 4368 Severus
1440 4314 1618 4369 Romw
1645 4316 1696 4367 in
1720 4315 1912 4382 palatio
1934 4331 2119 4370 veneno

580 4393 830 4451 ercniptus
854 4389 944 4434 est.
982 4381 1082 4434 Alii
1134 4397 1227 4435 sua
1271 4393 1445 4437 morte
1489 4381 1727 4440 functum
1777 4385 2014 4451 tradunt,
2064 4397 2120 4439 ut

587 4450 740 4522 a_olus_
765 4451 1022 4522 diaconus
1055 4451 1142 4503 lib.
1172 4467 1243 4506 vi.
1277 4452 1428 4518 Quod
1454 4453 1700 4507 Sidenius
1728 4469 1938 4522 quoque
1962 4450 2121 4509 intel-

541 4515 630 4595 ligi
659 4520 846 4595 voluit,
875 4534 995 4595 cum
1023 4532 1224 4595 naturae
1247 4515 1362 4595 lege
1382 4531 1646 4595 mortuum
1678 4515 1790 4595 ait:
1834 4515 1947 4580 sive
1979 4528 2116 4595 quod

442 4607 444 4610 ν
541 4586 613 4643 ita
645 4591 1034 4664 crederet,sive
1061 4601 1115 4645 ut
1142 4586 1465 4664 Ricimerem
1481 4592 1745 4664 Anthemii
1767 4586 2022 4664 generum
2052 4598 2118 4653 ab

541 4674 605 4714 ea
638 4670 760 4714 nota
798 4661 1106 4717 vindicaret.
1148 4663 1434 4718 Incidimus
1467 4665 1527 4717 in‘
1552 4661 2089 4721 brevcm'indiculum

542 4728 828 4807 Justiniani
866 4733 1210 4807 temporibus
1268 4737 1555 4807 scriptum,
1618 4737 1667 4788 in
1711 4752 1816 4806 quo
1865 4707 2128 4807 principes
2157 4707 2210 4766 Β

541 4816 731 4857 omnes
758 4803 825 4880 a_b
849 4803 1088 4880 Augusto
1120 4813 1246 4880 quot
1281 4806 1432 4880 annis
1464 4803 1756 4880 regnarunt,
1807 4803 1892 4864 ubi
1932 4819 1985 4863 ct
2025 4803 2129 4880 quo

539 4887 738 4998 genere
779 4873 904 4926 lethi
955 4873 1228 4942 perierint,
1281 4876 1462 4944 paucis
1491 4873 1809 4940 explicatur.
1859 4883 2011 4953 112
2041 4873 2130 4939 'De

582 4955 934 4998 everoantem
958 4944 1032 4998 sic
1060 4943 1217 4998 habet
1245 4965 1259 4998 :
1290 4945 1507 4998 Severus
1540 4947 1716 4998 Roma:
1740 4951 2000 4998 imneravil
2034 4969 2128 4998 tm-

582 4944 1032 5022 everoautemsic
1060 4943 1217 5022 habet
1245 4965 1259 5002 :
1283 4943 1507 5022 Severus
1539 4947 1716 5003 Roma:
1740 4943 2011 5022 ἱηιρὲἷᾱῑῧ
2034 4969 2128 5006 αη-

542 5015 622 5066 nis
637 5013 871 5085 Libique
885 5014 1115 5085 religiose
1140 5019 1302 5071 vivens
1325 5020 1555 5074 decessit.

619 5083 884 5163 sDuplex
913 5083 1234 5163 caitstoeur
1260 5089 1554 5163 principem
1589 5091 1655 5147 ab
1707 5091 1925 5148 Oriente
1980 5097 2124 5160 posci

543 5153 700 5234 velit:
740 5157 853 5234 lina
904 5159 1045 5226 quod
1091 5158 1236 5212 brevi
1263 5153 1446 5234 ’atqte'
1490 5161 1821 5234 inauspicato
1848 5153 2012 5234 regno
2043 5169 2121 5222 usi

541 5227 653 5304 sint
689 5227 949 5304 indigenae
972 5243 1187 5304 omnes,
1223 5230 1312 5298 qui
1349 5227 1712 5304 superioribus
1737 5234 1892 5290 annis
1910 5227 2121 5304 "regna—

542 5303 699 5369 rant,
748 5297 1034 5369 Maximus,
1066 5297 1314 5369 Avitus,
1367 5300 1692 5369 Maiorianus
1748 5315 1802 5360 et
1858 5297 2114 5362 Severus.

540 5363 740 5446 altera,
775 5366 916 5434 quod
966 5368 1217 5446 Ricimer,
1258 5363 1346 5438 qui
1387 5363 1504 5446 post
1539 5374 1724 5446 Severi
1768 5377 1969 5431 obitum
2021 5395 2115 5446 per

541 5439 906 5516 interregnum
955 5439 1337 5516 rempublicam
1381 5445 1777 5516 moderabatur,
1824 5439 2114 5504 Genserico

541 5503 690 5580 solus
716 5503 986 5580 resistere
1037 5503 1140 5562 non
1182 5513 1368 5579 possit.
1411 5513 1584 5580 Quare
1626 5503 2000 5574 maturandum
2057 5503 2112 5576 ut

541 5573 690 5663 i‘l'line
715 5577 1001 5663 imperator
1024 5573 1374 5663 renuntietur,
1393 5573 1481 5654 qui
1496 5584 1585 5640 diu
1608 5597 1661 5642 et
1685 5587 1909 5644 feliciter
1932 5573 2117 5663 regnet

539 5642 912 5717 Vandalosque
932 5659 1201 5705 coerceat.

609 5715 641 5753 ά
677 5715 1005 5803 ῦθιιεὲτὶοιιε.
1025 5735 1089 5775 ex
1119 5737 1188 5846 q€

611 5798 818 5845 cessum
846 5805 1115 5846 praecipue

539 5793 818 5845 excessum
841 5791 1115 5861 praecipue
1137 5791 1525 5867 Valentiniani,
1573 5791 1848 5872 utriusque
1899 5791 2112 5873 imperii

1193 5722 1626 5803 o_Carthagi_nem
1664 5731 1839 5803 cepit,
1871 5732 1966 5788 sed
1995 5744 2114 5803 post
2166 5734 2168 5737 ’

2237 3403 2380 3448 tanta
2408 3395 2488 3448 sui
2522 3393 2735 3462 fiducia,
2764 3403 2823 3450 ut
2845 3396 3208 3464 interrogante
3231 3393 3516 3465 aliquando
3540 3396 3797 3462 naucloro,

2234 3479 2403 3533 ecquo
2444 3466 2558 3536 vela
2610 3465 3002 3536 dariijuberet,
3049 3467 3390 3536 respondisse
3439 3465 3663 3536 feratur,
3706 3467 3804 3535 Quo

2233 3535 2819 3608 Deusimpulcrit.__ftlx
2851 3553 2956 3603 quo
3001 3537 3266 3608 nimirum
3304 3544 3468 3605 patet,
3517 3552 3611 3591 cur
3653 3538 3805 3608 pirata

2229 3623 2384 3676 ragus
2425 3605 2645 3660 Sidonio
2689 3605 2917 3676 dicatur,
2962 3619 3013 3670 et
3062 3606 3220 3661 hostis
3250 3609 3540 3676 repentinus
3569 3605 3805 3663 Theodo-

2228 3675 2345 3734 riCo
2372 3679 2480 3744 regi
2509 3677 2647 3744 apud
2692 3675 3006 3732 Senatorum
3037 3693 3052 3730 ι
3088 3675 3380 3745 Varini-{4,
3424 3687 3478 3734 et
3524 3680 3804 3745 repentinus

2227 3751 2339 3822 ejus
2368 3747 2676 3822 incursusft
2715 3747 2925 3822 fortuitu
2954 3749 3293 3822 deprw‘datio,
3345 3751 3538 3804 cunctis
3563 3747 3806 3822 littoribus

2254 3816 2578 3883 ‘ormidanda,
2607 3816 2843 3872 Novellce
2875 3819 3253 3888 Valentiniani,
3295 3835 3412 3888 qua:
3443 3828 3524 3874 est
3567 3819 3639 3874 20
3679 3821 3805 3875 inter

2277 3890 2650 3945 heodosianas.
2683 3891 2816 3954 Quia
2853 3890 3010 3956 igitur
3042 3901 3236 3956 praeter
3277 3906 3480 3945 morem
3517 3900 3623 3951 est.
3664 3900 3720 3946 ut
3747 3889 3806 3945 ab

2227 3958 2413 4032 Africa
2436 3960 2640 4032 irruant
2662 3960 2898 4030 Scythae,
2926 3961 3138 4032 hocest
3158 3960 3460 4032 Vandaliet
3486 3962 3664 4032 Alani,
3683 3974 3805 4032 quos

2227 4031 2353 4087 alibi
2377 4029 2764 4100 Caucasigenas
2795 4041 2966 4093 VUCiIl,
2996 4030 3120 4085 hinc
3151 4031 3399 4102 estquod
3432 4034 3528 4099 ait,

2720 4167 3065 4227 Conversoque
3099 4168 3273 4216 ordine
3301 4166 3379 4215 fati

2379 4229 2583 4278 Torrida
2610 4228 2880 4278 Caucaseos
2902 4227 3047 4278 infert
3076 4229 3190 4277 mihi
3214 4230 3359 4294 Byrsa
3385 4228 3598 4279 furores.

2227 4352 2289 4406 Et
2316 4353 2552 4406 carmine
2573 4350 2644 4403 25
2666 4351 2851 4405 eadem
2877 4351 3155 4415 antithesi,
3186 4350 3537 4410 Gensericum
3570 4350 3713 4406 dixit

2830 4484 3072 4534 Africana:

2531 4545 2740 4593 Telluris
2764 4545 3064 4594 'l‘anaiti.-um
3084 4546 3344 4597 rebellem.

2308 4681 2329 4709 ε
2371 4673 2526 4741 Quod
2558 4673 2874 4746 Ricimerem
2900 4675 3080 4734 laudat
3109 4677 3383 4745 Sidonius,
3407 4679 3678 4736 Anthemii
3720 4679 3801 4746 qui

2236 4758 2491 4819 generum
2537 4745 2681 4800 illum
2733 4747 2995 4805 asciverat
3047 4750 3233 4818 gratim
3284 4750 3652 4819 imputandum
3707 4745 3800 4808 est.

2240 4814 2447 4885 Alioqui
2481 4831 2663 4886 parum
2694 4832 2868 4873 causae
2899 4814 3078 4876 habuit
3104 4834 3200 4874 cur
3227 4814 3498 4878 hominem
3529 4831 3748 4888 amaret,
3775 4836 3802 4875 a

2242 4901 2349 4960 a_uo
2391 4890 2601 4960 Avitum
2645 4904 2892 4946 Socerum
2942 4905 3174 4960 purpura
3215 4902 3432 4946 exutum
3474 4895 3801 4951 meminerat.

2238 4955 2376 5030 Erat
2402 4957 2447 5012 is
2475 4960 2724 5026 patricius
2755 4969 2808 5014 et
2846 4955 3099 5030 magister
3135 4961 3361 5017 militum
3393 4981 3405 5015 :
3453 4964 3553 5029 vir,
3602 4973 3660 5019 ut
3691 4959 3802 5020 Jor-

2238 5029 2444 5103 nandes
2469 5030 2678 5103 scribit.
2702 5029 2955 5103 egregius
2981 5040 3035 5086 et
3067 5032 3117 5086 in
3161 5048 3219 5086 re
3265 5031 3453 5090 bellica
3493 5043 3602 5090 tum
3647 5032 3802 5103 prope

2235 5099 2536 5186 singularis,
2566 5102 2660 5186 sed
2695 5099 2788 5174 qui
2830 5099 2991 5186 nimia
3042 5103 3274 5186 potentia
3316 5103 3542 5186 barbaro
3589 5099 3797 5186 ingenio

2231 5170 2432 5246 abusus
2451 5182 2554 5246 est.
2587 5170 2726 5228 Nam
2753 5187 2866 5246 non
2889 5170 3060 5246 solum
3083 5173 3302 5246 Avitum
3335 5173 3562 5244 imperio
3587 5170 3800 5246 deiecit,

2228 5241 2326 5298 sed
2364 5242 2712 5312 Majorianum
2757 5244 2970 5308 occidit,
3024 5253 3077 5299 et
3123 5241 3496 5308 Severum,'si
3541 5241 3670 5302 vera
3711 5244 3801 5301 fuit

2228 5312 2388 5386 fama,
2437 5314 2575 5386 clam
2620 5314 2851 5386 sustulit.
2876 5314 3246 5386 ‘Anthemium
3303 5330 3516 5386 quoque
3559 5330 3800 5375 socerum

2225 5382 2397 5456 ipsum
2439 5384 2839 5456 belloadortus,
2874 5383 3038 5456 Roma
3076 5395 3254 5456 capta.
3291 5382 3500 5444 necavit
3529 5405 3540 5440 :
3572 5387 3800 5444 nondum

2223 5455 2430 5510 scilicet
2461 5471 2486 5506 τι
2517 5455 2814 5522 principum
2840 5455 3094 5524 sanguine
3116 5455 3429 5524 d’estiturus,
3457 5457 3560 5514 nisi
3582 5459 3802 5524 quadra-

2225 5524 2426 5592 gesimo
2457 5527 2569 5591 ipse
2591 5533 2711 5592 post
2727 5525 2895 5580 soceri
2927 5541 3111 5581 necem
3131 5527 3217 5582 die
3247 5527 3565 5586 interiisset.
3588 5529 3797 5586 Mixtnnt

2221 5593 2297 5670 i_lli
2325 5611 2492 5670 genus
2513 5594 2651 5670 ,__s_ed
2681 5596 2902 5670 regium
2925 5596 3174 5668 utrinque
3195 5638 3210 5665 ,
3238 5609 3388 5670 patre
3410 5599 3612 5662 Suevo,
3639 5613 3802 5670 matre

2221 5665 2416 5730 Gotha,
2455 5666 2800 5741 Vulli'.e_regis
2833 5665 2974 5741 lilia,
3008 5665 3180 5741 eoque
3217 5665 3446 5725 nobilior
3473 5684 3636 5741 quam
3671 5668 3801 5722 Gutt-

2219 5741 2447 5800 sericos,
2497 5737 2586 5812 qui
2639 5736 3001 5806 Gundegisclo
3045 5736 3267 5808 quidem
3313 5754 3463 5812 rege,
3492 5736 3614 5798 sed
3640 5747 3806 5798 matre

2221 5822 2374 5866 serva
2399 5809 2611 5879 spurius
2633 5814 2788 5866 natus
2809 5814 2916 5864 est.
