4072 6348
286 265 406 326 655

289 385 355 441 In
385 398 606 453 regnum
635 382 739 437 duo
770 396 929 450 regna
952 389 1143 434 vocant
1168 395 1180 431 :
1216 392 1333 431 nam
1370 386 1519 445 patre
1548 376 1776 439 Suevus,

292 480 341 535 A
371 476 631 549 genitrice
657 474 887 539 Getlies;
918 472 1077 527 simul
1106 480 1159 525 et
1192 469 1548 523 reminiscitur
1580 468 1736 533 illud,

289 571 451 642 Quod
478 568 828 626 Tartessiacis
862 577 887 602 ιι
917 579 1050 617 avus
1082 562 1243 632 hujus
1258 560 1425 616 Vallia
1449 560 1605 615 terris

294 662 618 719 Vandalicas
643 668 865 723 turmas,
890 666 944 711 et
968 655 1137 724 juncti
1161 654 1342 709 Martis
1372 654 1573 708 Alanos

292 754 457 825 301
487 750 704 813 Stravit,
738 758 791 803 et
817 746 1092 803 occiduam
1120 756 1302 801 texere
1332 744 1592 798 cadavera
1623 743 1848 812 Calpen.

292 846 434 912 Quid
458 852 671 900 veteres
699 855 917 895 narrare
948 838 1121 908 fugas,
1149 838 1277 908 quid
1310 839 1501 893 damna
1536 838 1813 907 priorum?

292 936 322 976 δ
353 936 687 1007 Agrigentini
718 934 907 988 recolit
929 930 1207 1000 dispendia
1239 932 1435 999 campi.

295 1032 431 1088 Inde
456 1030 600 1093 furit,
636 1028 779 1099 quod
806 1042 863 1081 se
894 1024 1076 1081 docuit
1099 1024 1230 1081 satis
1256 1025 1357 1077 iste
1390 1030 1638 1092 nepotem

293 1125 448 1181 Illius
478 1138 599 1180 esse
629 1122 749 1187 viri,
782 1135 888 1190 quo
916 1117 1300 1178 viso.Vandale
1331 1132 1546 1187 semper

295 1218 471 1287 Terga
503 1216 702 1270 dabas:
738 1229 859 1268 nam
885 1226 995 1266 non
1015 1211 1177 1266 Siculi
1212 1210 1471 1264 illustrior
1499 1211 1641 1263 arvis

293 1306 381 1363 Tu
405 1305 652 1363 Marcelle
675 1304 841 1369 redis,
867 1317 961 1371 per
989 1316 1148 1371 quem
1175 1300 1370 1357 tellure
1398 1301 1639 1369 marique

296 1394 494 1454 Nestra
516 1399 831 1468 Syracusios
854 1403 1167 1465 presserunt
1195 1410 1341 1449 arma
1365 1378 1601 1463 penates
1626 1411 1638 1446 :

296 1494 411 1551 Nec
437 1503 493 1547 tu
518 1503 541 1531 ε
570 1492 654 1549 cui
687 1482 905 1547 currum
936 1488 1399 1558 Curtisnperare,
1434 1487 1639 1542 Metelle
1660 1530 1673 1554 ,

299 1588 558 1656 Conligit,
590 1594 865 1639 ostentans
895 1583 1049 1637 nobis
1072 1582 1356 1651 elephanta
1381 1579 1710 1648 frequentem
1730 1619 1744 1643 ,

301 1681 444 1736 Grex
473 1679 623 1747 niger
650 1677 889 1732 albentes
920 1684 1119 1745 tegeret
1142 1690 1263 1729 cum
1289 1672 1430 1728 mole
1458 1672 1681 1741 iugales,

301 1774 701 1841 Auctoremque
732 1784 888 1825 suum
916 1768 1115 1825 celaret
1143 1782 1334 1837 pompa
1369 1766 1643 1834 triumphi.

302 1866 330 1903 ει
359 1865 588 1921 Noricus
609 1860 989 1932 Ostrogothum
1012 1859 1151 1929 quod
1181 1860 1456 1923 continet,
1494 1860 1596 1913 iste
1627 1858 1843 1914 timetur
1878 1872 1891 1912 :

305 1956 478 2012 Gallia
501 1955 643 2025 quod
676 1954 850 2009 Rheni
870 1952 1089 2011 Martem
1121 1952 1247 2020 ligat
1268 1992 1283 2017 ,
1318 1951 1419 2006 iste
1452 1952 1635 2020 pavori
1660 1959 1763 2006 est.

304 2050 461 2116 Quod
493 2062 517 2087 υ
546 2046 943 2117 consanguineo
972 2060 1059 2102 me
1090 2044 1358 2099 Vandalus
1383 2044 1552 2099 hostis
1582 2045 1752 2099 Alano

306 2142 541 2211 Diripuit
562 2141 809 2203 radente,
837 2137 948 2193 suis
978 2136 1064 2192 hic
1082 2137 1223 2191 ultus
1245 2136 1310 2190 ab
1331 2136 1517 2191 armis.

306 2231 416 2287 Sed
451 2242 626 2309 tamen
652 2242 790 2284 unus
813 2227 974 2282 homo
998 2236 1101 2289 est,
1131 2241 1232 2282 nec
1250 2234 1393 2280 tanta
1422 2226 1657 2295 pericula
1678 2225 1825 2281 solus

304 2324 544 2389 Tollere,
570 2323 665 2378 sed
687 2320 905 2377 differre
934 2328 1110 2389 potest
1145 2338 1155 2370 :
1188 2319 1350 2373 modo
1378 2318 1618 2388 principe
1645 2319 1802 2375 nobis

305 2416 408 2471 Est
436 2430 568 2485 opus
599 2423 838 2477 armato,
867 2421 1109 2468 veterum
1140 2410 1231 2481 qui
1260 2426 1413 2466 more
1442 2420 1747 2481 parentum,

304 2507 423 2564 Non
455 2506 693 2571 mandet,
720 2504 817 2560 sed
848 2503 984 2560 bella
1008 2513 1190 2574 gerat;
1222 2519 1380 2575 quem
1412 2504 1560 2573 signa
1590 2512 1895 2561 moventem

304 2600 476 2657 'l'erra
506 2601 587 2656 vel
614 2599 759 2655 unda
791 2606 1058 2662 tremant,
1092 2606 1148 2651 ut
1176 2598 1388 2653 tandem
1416 2598 1536 2666 jure
1558 2596 1796 2667 recepto,

306 2693 536 2750 Romula
565 2694 815 2749 desuetas
843 2690 1192 2747 moderentur
1213 2691 1439 2746 classica
1469 2692 1689 2747 classes.

380 2785 561 2841 Audiit
583 2786 671 2841 illa
694 2794 861 2854 pater,
897 2783 1051 2838 simul
1079 2784 1293 2847 annuit;
1325 2784 1431 2837 itur
1462 2785 1513 2838 in
1546 2786 1739 2841 Urbem

310 2876 577 2933 Continuo
602 2893 616 2941 ;
644 2876 788 2931 videt
816 2878 931 2944 ipse
960 2874 1137 2941 deam,
1160 2876 1478 2931 summissus
1508 2876 1717 2943 adorat,

310 2969 509 3025 Pectus
536 2978 587 3024 et
613 2976 852 3023 exertam
882 2967 1171 3035 tetigerunt
1196 2982 1395 3022 cornua
1427 2982 1734 3024 mammam.

310 3059 586 3115 Mandatas
620 3059 722 3115 fert
753 3057 878 3117 inde
910 3072 1116 3127 preces,
1150 3072 1283 3128 quas
1314 3058 1433 3113 diva
1463 3070 1646 3116 secuta

313 3157 558 3224 Apparat
592 3154 672 3208 ire
697 3152 834 3208 viam
867 3170 879 3203 :
908 3151 1114 3205 laxatos
1142 3160 1291 3206 torva
1318 3152 1540 3221 capillos

314 3246 567 3314 Stringit,
586 3255 650 3303 et
679 3245 893 3300 inclusa:
924 3244 1192 3300 latuerunt
1215 3245 1424 3299 casside
1452 3254 1644 3303 turres.

312 3338 487 3396 lnfula
516 3339 695 3393 laurus
724 3348 837 3392 erat
871 3355 884 3390 :
913 3337 1072 3393 bullis
1104 3336 1382 3391 hostilibus
1409 3352 1566 3406 asper

312 3432 561 3502 Applicat
590 3446 620 3485 a
652 3431 781 3484 heva
813 3438 1117 3499 surgentem
1148 3429 1355 3483 balteus
1375 3444 1579 3485 ensem.

314 3528 473 3597 302
498 3524 753 3579 Inseritur
773 3524 962 3593 clypeo
985 3521 1177 3577 victrix
1198 3537 1417 3585 manus;
1454 3522 1592 3577 illius
1621 3524 1806 3579 orbem

315 3618 639 3687 Martigena,
673 3616 816 3685 lupa,
839 3614 1037 3680 Tibris,
1066 3629 1239 3680 amor,
1267 3615 1428 3683 Mars,
1454 3614 1565 3679 Ilia,
1597 3619 1888 3684 complent.

388 3785 413 3811 ιι
446 3773 629 3828 Vallia}
659 3771 801 3841 regis
827 3769 895 3824 de
923 3768 1171 3841 Vandalis
1198 3768 1485 3841 Alanisque
1507 3770 1569 3821 ad
1595 3770 1897 3827 Tartessum

319 3856 372 3903 et
396 3846 596 3913 Calpen
644 3838 885 3896 victoria:
931 3839 1211 3913 ab__l_datio
1256 3847 1309 3913 et
1349 3838 1552 3893 Isidoro
1581 3843 1898 3913 repetendae

318 3929 463 3973 sunt.
497 3910 740 3968 Narrant
767 3913 907 3964 enim
943 3910 1163 3963 Valliam
1208 3910 1306 3962 sub
1344 3923 1538 3962 annum
1568 3910 1764 3965 Christi
1795 3913 1896 3968 418

318 3986 588 4041 Vandalus
617 3984 852 4051 Silingos
888 3983 937 4035 in
974 3981 1167 4034 Bmtica
1207 3980 1499 4044 delevisse;
1545 3983 1741 4035 Alanos
1770 3999 1895 4038 vero

318 4059 401 4114 sic
422 4056 712 4117 attrivisse,
754 4065 809 4106 ut
830 4068 948 4106 cum
980 4052 1232 4105 Vandalis
1261 4052 1347 4119 qui
1384 4053 1535 4122 113
1565 4053 1617 4105 in
1650 4052 1895 4109 Gallazcia

320 4128 629 4185 Gunderico
663 4130 771 4194 regi
816 4124 1094 4193 parebant,
1135 4137 1299 4194 unum
1351 4133 1533 4194 postea
1585 4124 1634 4177 in
1683 4140 1905 4194 regnum

323 4198 642 4255 coaluerint.
693 4192 800 4249 Nec
830 4195 1047 4249 dubium
1089 4194 1214 4262 quin
1246 4192 1312 4246 de
1350 4192 1429 4247 his
1463 4194 1616 4247 bellis
1649 4192 1899 4264 loquatur

323 4269 597 4327 Sidonius.
1358 4274 1361 4277 '

396 4340 425 4379 ιι
464 4338 648 4394 Cladis
675 4336 888 4400 Siculae,
929 4350 1027 4401 qua
1062 4334 1383 4389 Gensericus
1421 4338 1534 4404 ipse
1572 4352 1598 4389 a
1644 4336 1905 4393 Ricimere

325 4411 383 4466 in
412 4410 758 4479 Agrigentino
782 4408 958 4479 littore
988 4406 1316 4479 proﬂigatus,
1360 4406 1509 4461 illum
1544 4408 1731 4461 Vallia:
1762 4409 1904 4463 Van-

324 4476 572 4537 dalorum
603 4479 868 4545 quondam
892 4476 1112 4530 victoris
1134 4484 1379 4545 nepotem
1398 4493 1517 4533 esse
1538 4479 1729 4545 sensit,
1755 4480 1907 4534 Avito

328 4560 396 4607 ut
425 4566 547 4606 reor
579 4552 893 4619 imperante.
948 4548 1162 4619 Missum
1191 4548 1331 4601 enim
1372 4552 1439 4604 ab
1470 4550 1623 4603 Avito
1652 4553 1908 4606 adversus

1769 256 2097 313 CABMINA.

3468 262 3571 319 65’s

1906 380 1956 439 Α
1986 375 2173 431 Fibula
2204 376 2439 431 mordaci
2470 376 2681 446 refugas
2711 392 2739 431 a
2775 386 2991 446 pectore
3021 385 3197 433 vestes

1991 468 2160 521 Dente
2189 468 2358 536 capit;
2390 469 2547 521 micat
2574 468 2722 522 hasta
2750 470 2950 533 minax,
2990 483 3328 539 quercusque
3356 472 3573 539 tropreis

1990 558 2163 613 Curva
2198 560 2400 624 tremit,
2424 558 2736 627 placidoque
2763 560 2915 614 deam
2948 560 3046 615 sub
3078 560 3219 615 fasce
3250 560 3451 631 fatigat.

1994 651 2015 690 ί
2050 654 2319 721 Perpetuo
2344 662 2448 707 stat
2480 653 2654 721 planta
2685 656 2831 717 solo,
2865 656 2957 710 scd
2991 656 3148 710 fascia
3182 659 3379 724 primos

1992 743 2210 801 Sistitur
2238 746 2306 799 ad
2330 745 2544 814 digitos,
2571 747 2858 801 retinacula
2889 748 3009 802 bina
3034 749 3310 804 cothurnis

1991 836 2152 891 Mittit
2173 838 2223 890 in
2257 838 2541 891 adversum
2572 839 2752 892 vincto
2778 838 2845 892 de
2867 838 3067 895 fornice
3091 841 3290 909 pollex,

1991 929 2122 997 Qum
2148 930 2410 999 stringant
2434 928 2701 998 crepidas,
2736 940 2787 982 et
2818 932 3262 985 concurrentibus
3290 934 3434 988 ansis

1991 1021 2333 1086 Vinclorum,
2365 1023 2569 1090 pandas
2600 1030 2781 1076 texant
2811 1037 2907 1090 per
2934 1036 3091 1077 crura
3118 1033 3354 1081 catenas.

1994 1114 2136 1183 Ergo
2164 1114 2306 1168 sicut
2335 1124 2450 1167 erat
2481 1112 2733 1178 liquidam
2766 1124 3067 1169 transvecta
3090 1129 3185 1183 per
3206 1117 3448 1183 :ethram,

1992 1205 2272 1260 Nascentis
2298 1206 2448 1273 petiit
2480 1205 2687 1273 tepidos
2717 1205 3038 1276 Hyperionis
3064 1215 3231 1262 ortus.

2067 1300 2161 1353 Est
2191 1300 2339 1353 locus
2369 1300 2578 1363 oceani,
2609 1298 2913 1368 longinquis
2941 1300 3214 1368 proximus
3236 1301 3398 1370 Indis,

1993 1394 2106 1446 Axe
2130 1392 2228 1446 sub
2254 1392 2396 1458 Eoo,
2430 1391 2779 1445 Nabathmutn
2811 1400 2993 1446 tensus
3023 1396 3072 1446 in
3106 1394 3325 1461 Eurum,

1997 1482 2101 1537 Ver
2132 1484 2565 1537 ubicontinuum
2586 1492 2705 1549 est,
2738 1484 3078 1552 interpellata
3102 1500 3199 1538 nec
3223 1486 3341 1539 ullis

1993 1576 2308 1647 Frigoribus
2336 1577 2577 1645 pallescit
2607 1577 2825 1641 humus;
2858 1577 2951 1632 sed
2978 1577 3111 1632 ﬂore
3138 1580 3360 1645 perenni

1994 1670 2141 1726 Picta
2165 1673 2475 1740 peregrinos
2507 1672 2755 1740 ignorant
2774 1670 2898 1725 arva
2931 1673 3151 1741 rigores.

1920 1754 1966 1814 Β
2000 1764 2192 1818 Ινιθιδηι
2218 1780 2344 1819 rura
2372 1765 2534 1831 rosis,
2572 1766 3036 1835 indescriptosque
3062 1782 3157 1836 per
3186 1782 3342 1836 agros

1998 1856 2222 1926 Fragrat
2245 1857 2381 1910 odor
2409 1872 2425 1912 :
2453 1856 2648 1910 violam
2672 1900 2683 1921 ,
2710 1859 2960 1928 cytisum,
2988 1858 3247 1928 serpylla,
3276 1860 3569 1927 ligustrum,

1996 1952 2155 2019 Lilia,
2188 1950 2479 2018 narcissos,
2508 1953 2729 2013 casiam,
2762 1951 3043 2017 colocasia,
3077 1951 3303 2018 calthas,

1995 2044 2239 2113 Costum,
2272 2044 2655 2108 malobatrum,
2687 2045 2961 2114 myrrhas,
2992 2044 3366 2113 Opobalsama,
3402 2046 3571 2114 thura,

1997 2136 2308 2192 Parturiunt
2334 2138 2531 2206 campi,
2564 2151 2664 2191 nec
2687 2150 2791 2190 non
2820 2136 3063 2204 pulsante
3090 2145 3326 2201 senecta,

1996 2229 2132 2284 Hinc
2155 2231 2397 2285 rediviva
2430 2230 2562 2298 petit
2588 2228 2795 2283 vicinus
2823 2228 3067 2281 cinnama
3100 2227 3337 2294 phoenix.

1998 2320 2097 2376 Hic
2120 2320 2313 2376 domus
2331 2322 2556 2376 Aurora:
2578 2321 2739 2375 rutilo
2766 2326 3037 2375 crustante
3060 2319 3297 2379 metallo,

1998 2415 2289 2470 Bacearum
2317 2416 2534 2485 praefert
2556 2415 2718 2469 lteves
2744 2424 2955 2485 asprata
2985 2415 3211 2484 lapillos.

2000 2507 2264 2577 Diripiunt
2294 2508 2506 2564 diversa
2536 2508 2741 2573 oculos,
2770 2517 2822 2562 et
2843 2508 2909 2561 ab
2933 2516 3047 2562 arte
3068 2508 3339 2577 magistra,
3419 2516 3425 2520 '

1998 2600 2111 2657 Hae
2141 2603 2308 2657 vincit
2335 2602 2691 2673 quodcunque
2716 2602 2899 2667 vides;
2933 2601 3025 2656 Sed
3052 2602 3301 2657 conditur
3328 2602 3501 2656 omnis

2001 2694 2112 2749 Sub
2139 2696 2351 2749 domina
2386 2705 2651 2764 praesente
2681 2694 2863 2760 decor,
2890 2694 3159 2763 nimioque
3191 2693 3384 2748 rubore

2000 2786 2346 2840 Gemmarum
2374 2785 2551 2839 varios
2582 2786 2778 2853 perdit,
2808 2785 2927 2852 quia
2952 2784 3214 2852 possidet,
3244 2784 3411 2853 ignes.

1999 2877 2280 2933 Fundebat
2303 2892 2454 2932 coma
2483 2892 2618 2945 pexa
2654 2891 2864 2941 crocos,
2890 2878 3134 2945 flexoque
3157 2877 3355 2931 lacerto

2000 2971 2164 3041 303
2190 2970 2352 3024 Lutea
2386 2970 2673 3038 depressus
2696 2970 2939 3023 comebat
2967 2978 3203 3038 tempora
3226 2979 3434 3038 pecten.

2001 3060 2321 3115 Fundebant
2345 3062 2482 3115 oculi
2510 3062 2713 3127 radios,
2747 3062 2899 3117 color
2928 3062 3112 3131 igneus
3142 3062 3268 3126 illis,

1922 3133 1968 3197 ε
1999 3154 2114 3210 Νοη
2138 3163 2316 3209 tamen
2338 3154 2500 3209 ardor
2520 3164 2638 3208 erat
2668 3172 2679 3205 :
2711 3155 2955 3223 quamvis
2979 3155 3045 3209 de
3069 3165 3227 3211 nocte
3258 3169 3471 3210 recussa

1998 3248 2223 3317 Excepti
2252 3248 2461 3303 soleant
2488 3247 2736 3302 sudorem
2765 3247 2969 3317 tingere
3000 3262 3167 3303 rores.

1998 3340 2223 3396 Pectora
2253 3339 2335 3394 bis
2354 3339 2581 3409 cingunt
2614 3354 2787 3404 zonae,
2815 3339 3098 3407 parvisque
3126 3340 3334 3409 papillis

1999 3433 2257 3489 Invidiam
2284 3434 2407 3488 facit
2429 3432 2543 3502 ipse
2568 3434 2714 3487 sinus
2750 3449 2761 3483 :
2793 3446 2914 3501 pars
2935 3432 3131 3486 extima
3162 3433 3301 3501 pepli

2002 3527 2205 3582 Perfert
2231 3528 2483 3595 puniceas
2512 3525 2577 3579 ad
2605 3541 2761 3579 crura
2791 3527 3036 3581 rubentia
3066 3542 3244 3595 rugas.

1999 3621 2089 3676 Sic
2116 3621 2303 3692 regina
2331 3620 2483 3675 sedet
2506 3620 2672 3683 solio;
2704 3620 2904 3687 sceptri
2935 3620 3049 3673 vice
3079 3631 3105 3667 ε
3134 3621 3374 3675 dextram

2076 3775 2103 3813 ἀ
2132 3777 2486 3830 Barbarorum
2521 3785 2691 3830 terror
2719 3787 2801 3830 est
2824 3776 3075 3831 Ricimer.
3108 3778 3257 3844 Quod
3303 3778 3442 3833 enim
3486 3780 3586 3833 Us-

2004 3846 2233 3915 trogothi
2264 3860 2359 3917 per
2381 3845 2602 3917 Noricos
2623 3846 2683 3917 in
2713 3846 2948 3911 Italiam,
2977 3848 3186 3914 Franci,
3214 3849 3437 3917 alizeque
3457 3865 3585 3917 gen-

2003 3928 2084 3973 tes
2104 3914 2433 3971 Germanica:
2452 3930 2553 3989 per
2570 3914 2819 3971 Rhenum
2841 3918 2891 3970 in
2913 3918 3108 3971 Callias
3134 3914 3555 3989 nonrirrumputit
3569 3961 3583 3984 ,

2003 3989 2117 4057 ejus
2146 3996 2291 4041 metu
2322 3988 2682 4040 continentur.

2086 4069 2109 4095 ε’
2140 4059 2337 4131 Alanos
2366 4073 2525 4131 unam
2557 4058 2607 4131 in
2639 4066 2851 4126 gentem
2880 4073 2998 4131 cum
3034 4058 3287 4114 Vandalis
3319 4061 3588 4131 in,Ilispa-

2012 4129 2098 4182 nia
2130 4127 2517 4197 coaluissejam
2548 4129 2749 4181 dictum
2779 4138 2879 4183 est.
2912 4130 3088 4194 Quare
3121 4146 3219 4183 una
3267 4132 3317 4183 in
3359 4127 3589 4187 Africam

2015 4200 2366 4271 trajecerunt:
2418 4198 2557 4271 quod
2607 4210 2755 4251 notat
2788 4197 3061 4253 Possidius
3094 4201 3142 4253 in
3178 4200 3295 4255 Vita
3325 4202 3380 4256 S.
3416 4204 3592 4271 Augu-

2013 4271 2167 4335 stini;
2202 4280 2255 4323 et
2289 4270 2641 4334 Genserie‘us,
2669 4285 2732 4323 ac
2765 4270 2994 4337 posteri,
3024 4271 3385 4327 Vandalorum
3434 4273 3591 4329 simul

2014 4342 2413 4410 Alanorumque
2466 4354 2617 4409 reges
2665 4341 2916 4412 appellati
2964 4362 2975 4394 :
3036 4351 3093 4395 ut
3139 4344 3277 4412 apud
3325 4344 3592 4399 Victorem

2017 4413 2306 4474 Vitensem,
2341 4412 2391 4464 in
2431 4420 2694 4482 praacepto
2724 4411 2975 4465 Hunerici
3010 4412 3077 4465 ad
3105 4411 3385 4482 episc0pos
3413 4417 3595 4470 ortho-

2014 4483 2201 4547 doxos,
2236 4483 2385 4551 cujus
2410 4482 2523 4535 haec
2555 4489 2636 4535 est
2663 4481 2936 4551 inscriptio
2962 4500 2975 4537 :
3010 4484 3117 4537 Rex
3140 4481 3432 4538 Hunericus
3461 4485 3595 4540 Van-

2014 4554 2249 4607 dalornm
2279 4564 2324 4625 et
2354 4551 2637 4625 Alanorum
2672 4553 2915 4625 uniuersis
2948 4556 3197 4625 episcopis
3223 4555 3595 4624 homousianit;

334 4601 746 4695 vastitas...
776 4601 1014 4695 aera...
1040 4618 1359 4695 samem...
1384 4601 1911 4695 sissetsisset;
1939 4601 1989 4661 ι)
2015 4601 2252 4693 agitat.
2280 4601 3196 4695 insessas;ista":iitum:
3223 4601 3597 4695 ῑιῑέίξειῑέᾘῑιῑί

329 4694 389 4749 in
419 4692 690 4759 excerptis
718 4692 1062 4757 legationum.
1091 4690 1293 4742 Cassam
1326 4691 1483 4742 etiam
1510 4692 1794 4747 Ricimeris
1821 4709 1913 4749 co-

328 4764 481 4834 mitis
500 4762 952 4817 circumventione
982 4759 1337 4834 Vandalorum
1365 4761 1777 4834 multitudinem,
1796 4780 1914 4834 quae

329 4833 655 4901 Carthagine
678 4847 799 4886 cum
835 4833 901 4884 00
940 4828 1168 4883 navibus
1198 4829 1449 4895 solverat,
1483 4831 1622 4885 inter
1654 4834 1791 4887 Aviti
1816 4828 1915 4891 'res

331 4918 515 4975 gestas
540 4904 763 4975 adnotat
782 4902 999 4975 Idatius.

410 4985 432 5014 ε
462 4972 935 5037 Quidam,Curium
958 4984 1113 5023 curru
1137 4984 1156 5022 :
1180 4969 1319 5038 quod
1349 4972 1590 5026 eamdem
1618 4974 1775 5029 habet
1792 4988 1913 5028 sen—

332 5046 581 5100 tentiam.
616 5044 824 5097 Primus
852 5042 1165 5110 elephantos
1214 5039 1279 5093 de
1326 5042 1531 5110 Pyrrho
1581 5046 1913 5109 triumphans

332 5115 565 5170 duxerat
584 5114 774 5167 Curius
803 5112 1057 5166 Dentatus
1078 5126 1220 5183 anno
1250 5110 1313 5165 U.
1336 5110 1394 5166 C.
1422 5111 1546 5177 427,
1570 5114 1663 5167 sed
1696 5130 1911 5183 paucos,

330 5196 567 5255 quatuor
588 5188 869 5255 duntaxat,
900 5192 957 5236 ut
987 5183 1140 5255 docet
1172 5182 1478 5255 Eutropius.
1524 5188 1590 5236 At
1632 5182 1707 5238 L.’
1730 5186 1912 5238 Metel-

334 5252 425 5311 Iits
472 5258 525 5311 in
566 5254 837 5325 triumpho
866 5269 1021 5313 quem
1047 5254 1119 5325 de,
1143 5252 1295 5307 victis
1323 5253 1374 5306 in
1404 5254 1583 5325 Sicilia
1608 5256 1785 5309 Poenis
1811 5256 1917 5325 egit

332 5342 481 5382 anno
509 5327 575 5382 υ.
607 5327 671 5381 C.
702 5324 825 5389 503,
852 5334 1064 5379 centum
1092 5324 1243 5377 duxit
1269 5333 1322 5377 et
1358 5324 1542 5393 viginti
1568 5366 1580 5389 ,
1631 5325 1779 5379 Livio
1821 5324 1915 5378 au-

334 5408 517 5462 ctore,
547 5409 603 5452 ut
631 5406 714 5451 est
740 5396 793 5450 in
835 5397 1076 5462 Epitome
1108 5395 1204 5461 19,
1235 5406 1287 5448 et
1313 5398 1512 5450 Seneca
1554 5398 1619 5451 de
1655 5397 1919 5450 Brevitate

333 5469 463 5523 vita:
490 5484 609 5536 cap.
654 5468 741 5521 M.
779 5465 943 5532 Idem,
982 5468 1171 5532 inquit,
1207 5468 1445 5519 narrabat
1477 5466 1738 5521 Metellum
1781 5469 1920 5521 victis

331 5541 395 5594 in
428 5539 610 5595 Sicilia
645 5538 811 5591 Poenis
853 5538 1251 5604 triumphantem
1279 5554 1432 5589 unum
1462 5540 1687 5590 omnium
1734 5538 1912 5589 Roma-

334 5626 523 5665 norum
550 5620 664 5662 ante
692 5623 897 5661 currum
918 5608 1038 5679 iIUtgl
1058 5617 1104 5657 et
1132 5607 1201 5658 ‘20
1226 5608 1450 5679 captiuos
1483 5608 1777 5679 elephantos
1808 5610 1919 5659 du—

333 5681 498 5736 xisse.
545 5680 684 5734 Vicit
725 5694 850 5747 ergo
896 5676 1039 5730 Curii
1088 5691 1302 5728 currum
1350 5676 1615 5735 Metellus:
1653 5695 1747 5731 nec
1774 5680 1915 5731 Curii

338 5750 540 5816 modo,
570 5752 662 5806 sed
693 5751 951 5813 aliorum,
981 5755 1239 5815 quotquot
1279 5756 1461 5812 postea
1502 5749 1917 5817 triumpharunt.

2019 4695 2147 4749 dere
2168 4692 2251 4749 est
2271 4734 2287 4758 ,
2318 4705 2413 4746 cur
2453 4692 2877 4761 consanguineus
2908 4702 2960 4747 et
2990 4692 3157 4761 juncti
3189 4696 3372 4750 Martis
3400 4692 3598 4754 Alanos

2020 4781 2140 4819 cum
2166 4763 2454 4829 Vandalis,
2484 4763 2842 4831 Romamcque
2874 4762 3191 4832 direptionis
3230 4768 3405 4822 socios
3434 4769 3595 4824 dicat.

2098 4834 2116 4872 ί
2169 4833 2347 4889 Solea.
2378 4832 2568 4905 Genus
2589 4832 2639 4905 id
2681 4834 3063 4905 cothurnorum
3095 4837 3352 4891 describit
3380 4842 3516 4905 quod
3551 4842 3599 4892 in

2023 4905 2254 4988 antiquis
2303 4905 2492 4956 statuis
2522 4902 2704 4988 videre
2735 4911 2813 4957 est
2845 4921 2859 4957 :
2888 4904 2939 4958 in
2970 4921 3074 4988 quq
3094 4951 3107 4973 ,
3144 4917 3201 4959 ut
3231 4902 3600 4964 Gellii-verbis

2020 4985 2162 5041 utar,
2195 4975 2496 5045 plantarum
2525 4975 2705 5045 calces
2748 4983 2949 5027 tantum
2987 4975 3168 5031 intime
3193 4988 3462 5045 teguntur,
3497 4996 3599 5035 ca:-

2022 5054 2135 5100 tera
2182 5044 2355 5110 nuda,
2386 5055 2439 5098 et
2481 5044 2738 5099 teretibus
2772 5045 2993 5101 habenis
3033 5048 3203 5101 vincta
3245 5044 3387 5103 sunt.
3419 5050 3601 5105 Sulutn

2022 5130 2150 5199 ergo
2173 5130 2273 5199 pro
2298 5114 2441 5169 solea
2470 5116 2667 5185 posuit,
2693 5122 2753 5199 ut
2774 5114 3026 5199 Plautus,
3061 5115 3347 5183 Martialis,
3385 5120 3601 5199 aliique.

2023 5186 2308 5241 Fornicem
2336 5200 2619 5260 vero_,__pro
2644 5195 2794 5253 parte
2830 5186 3062 5260 devexa,
3091 5198 3143 5243 et
3165 5203 3299 5243 cavo
3330 5186 3603 5260 pedis—op-

2026 5260 2236 5325 posita,
2271 5272 2428 5324 quam
2469 5257 2561 5311 lib.
2607 5271 2731 5319 vui,
2770 5257 2927 5325 epist.
2968 5258 3070 5323 11,
3117 5257 3379 5314 cameram
3431 5257 3602 5324 dixit,

2028 5328 2258 5382 fasceata
2308 5328 2505 5396 pariter
2548 5328 2909 5382 calceamenta
2953 5328 3297 5396 describens,
3332 5332 3384 5385 in
3414 5333 3602 5396 quibus

2025 5399 2342 5450 vinculorum
2373 5396 2787 5470 concurrentibus
2810 5398 3027 5464 ansulis,
3059 5402 3249 5470 reﬂexa
3278 5401 3344 5453 ad
3373 5418 3485 5455 crus
3513 5418 3603 5469 per

2027 5485 2279 5521 cameram
2310 5478 2483 5521 catena
2510 5469 2693 5540 surgit.
2742 5469 2877 5522 Sunt
2925 5469 3118 5525 tamen
3142 5471 3353 5526 codices
3380 5474 3469 5540 qui
3496 5487 3603 5527 non

2029 5541 2239 5608 fornice,
2266 5540 2356 5593 sed
2388 5540 2558 5609 fomite
2589 5540 2785 5607 legant.

2103 5619 2125 5654 κ
2162 5609 2318 5680 114
2351 5613 2568 5663 Aurorae
2619 5611 2785 5683 facem
2820 5614 3021 5683 sceptri
3067 5612 3191 5683 vice
3208 5610 3432 5683 tribuit:
3464 5617 3606 5683 quod

2027 5696 2091 5734 cx
2141 5690 2319 5733 vetere
2371 5681 2753 5735 consuetudine
2801 5680 3016 5735 ductum
3050 5691 3148 5735 est.
3178 5680 3306 5733 Nam
3340 5680 3608 5743 cuni—lacu

1965 5832 1992 5838 _
2027 5751 2342 5820 pingebatur
2384 5764 2401 5804 Ζ
2440 5751 2579 5806 unde
2620 5751 3011 5825 luynaanyopo;
3054 5764 3266 5819 quoque
3312 5756 3641 5821 appellata...
