4072 6348
543 340 647 395 6ὺῦ

546 451 829 521 Lampadis
869 451 1018 503 hasta
1047 446 1217 516 replet
1249 462 1261 499 :
1292 460 1395 499 nox
1426 442 1599 501 adstat
1628 444 1869 514 praxima
1897 445 2054 511 diva},

546 548 663 602 Jam
688 545 900 613 refugos
926 554 1186 596 conversa
1219 539 1399 610 pedes,
1436 554 1496 594 ac
1520 554 1657 609 pone
1684 539 1917 594 tribunal

542 639 750 696 Premit
772 638 860 692 lux
881 649 1146 690 summum
1172 634 1257 688 vix
1291 633 1559 688 intellecta
1596 648 1874 690 cacumen.

542 733 680 789 Hinc
704 732 927 786 Romam
956 728 1157 799 liquido
1179 727 1482 783 venientem
1509 727 1719 782 tramite
1741 741 1985 793 cernens,

542 827 773 881 Exsiluit
799 838 1048 894 propere,
1084 832 1137 877 et
1164 820 1374 877 blandis
1405 820 1551 890 prior
1572 835 1694 875 orsa
1720 819 1966 890 loquelis.

614 916 775 982 Quid,
804 923 963 984 caput
987 929 1018 969 ο
1049 914 1255 979 mundi,
1286 913 1441 976 dixit,
1474 928 1589 967 mea
1620 927 1782 983 regna
1806 910 1992 966 revisis
2025 925 2037 963 :

541 1008 945 1078 Quidvejubes?
970 1006 1190 1062 Paulum
1207 1006 1294 1061 illa
1312 1006 1498 1072 silens,
1517 1015 1675 1076 atque
1691 1020 1880 1076 aspera
1899 1004 2131 1059 miscens

540 1104 780 1169 Milibus,
813 1103 927 1157 lucc
954 1102 1117 1170 coepit
1148 1120 1159 1154 :
1192 1100 1363 1155 Venio
1393 1100 1628 1168 (desiste
1650 1100 1880 1163 moveri,

540 1197 653 1253 Nec
682 1196 909 1251 multum
941 1193 1179 1263 trepida)
1208 1208 1313 1247 non
1337 1203 1392 1247 ut
1424 1192 1557 1247 mihi
1584 1207 1799 1261 pressus
1828 1196 2038 1246 Araxes

540 1287 799 1358 Imposito
827 1287 925 1341 sub
949 1293 1110 1355 ponte
1139 1287 1285 1351 fluat,
1318 1300 1417 1339 nec
1449 1293 1505 1338 ut
1534 1284 1722 1339 ordine
1746 1285 1921 1353 prisco

540 1381 758 1436 Indicus
788 1380 1023 1435 Ausonia
1059 1386 1270 1447 potetur
1299 1376 1508 1432 casside
1533 1375 1774 1446 Ganges;

539 1476 650 1531 Aut
675 1483 734 1529 ut
756 1472 979 1545 tigriferi
1002 1475 1305 1542 pharetrata
1333 1486 1430 1540 per
1454 1485 1581 1525 arva
1608 1470 1849 1539 Niphatis

500 1588 511 1600 ο
540 1567 907 1637 Depopuletur
931 1580 1099 1620 ovans
1126 1564 1385 1619 Artaxata
1413 1562 1602 1631 CaSpia
1635 1561 1842 1615 consul.

543 1671 572 1699 ει
600 1661 716 1716 Non
738 1662 860 1716 Pori
884 1659 1043 1715 modo
1068 1674 1232 1728 regna
1262 1672 1470 1728 precor,
1512 1672 1611 1710 nec
1639 1664 1699 1710 ut
1735 1655 1881 1710 hisce
1914 1653 2130 1709 lacertis

543 1754 779 1823 Frangat
806 1753 1115 1825 Hydaspeas
1144 1752 1285 1805 aries
1312 1751 1572 1818 impactus
1602 1747 1877 1816 Erythras.

542 1846 662 1900 Non
690 1847 742 1898 in
776 1846 960 1899 Bactra
991 1844 1157 1908 feror,
1188 1857 1289 1896 nec
1307 1840 1690 1895 committentia
1720 1854 1922 1907 pugnas

544 1936 794 1991 Arsacias
824 1950 927 1989 non
951 1948 1133 2003 quaero
1163 1932 1375 1999 domus,
1407 1947 1505 1985 nec
1538 1940 1738 1985 tessera
1770 1930 1960 1983 castris

542 2029 606 2083 In
631 2028 979 2095 Ctesiphonta
1004 2028 1159 2081 datur
1182 2044 1194 2079 :
1217 2034 1384 2080 totum
1404 2025 1543 2078 hunc
1566 2024 1659 2077 tibi
1677 2025 1936 2078 cessimus
1953 2037 2127 2087 axem,

541 2122 612 2177 Et
634 2136 733 2176 nec
757 2121 834 2175 sic
857 2134 1065 2175 mereor
1093 2130 1329 2173 nostram
1357 2128 1417 2171 ut
1444 2127 1625 2171 tueare
1648 2116 1953 2170 senectam?

541 2214 716 2268 Omne
738 2212 879 2282 quod
906 2212 1230 2280 Euphratem
1256 2210 1561 2278 Tigrimque
1584 2209 1882 2278 interjacet,
1905 2208 2032 2262 olim

541 2305 669 2361 Sola
702 2314 852 2360 tenes
886 2322 896 2355 :
933 2319 1018 2358 res
1048 2310 1223 2372 empta
1260 2301 1391 2356 mihi
1420 2312 1502 2356 est
1530 2302 1596 2355 de
1626 2301 1881 2370 sanguine
1904 2299 2083 2355 Crassi
2112 2316 2127 2354 :

542 2394 708 2466 30,1.
737 2395 816 2448 Ad
848 2395 1040 2449 Carras
1072 2393 1299 2463 pretium
1322 2392 1533 2461 scripsi,
1569 2406 1663 2446 nec
1687 2392 1853 2445 inulta
1877 2391 2129 2457 remansi,

540 2488 649 2545 Aut
674 2487 830 2556 periit
853 2488 927 2540 sic
955 2494 1165 2554 emptus
1197 2500 1324 2554 ager
1353 2502 1367 2541 :
1401 2485 1444 2539 si
1471 2484 1615 2549 fallo,
1649 2484 1889 2553 probasti

539 2578 571 2619 ι)
602 2579 857 2634 Ventidio
886 2587 1113 2632 mactate
1142 2578 1344 2647 Sapor;
1382 2591 1481 2631 nec
1508 2576 1704 2630 sufficit
1734 2577 1871 2631 istud
1902 2595 1913 2629 :

538 2671 827 2726 Armenias
858 2668 1198 2737 Pontumque
1229 2667 1385 2734 dedi,
1417 2684 1523 2736 quo
1551 2668 1717 2721 Marte
1744 2669 1986 2736 petitum,

542 2763 693 2818 Dicat
712 2762 861 2834 Sylla
886 2762 1009 2827 tibi;
1041 2762 1221 2815 forsan
1250 2776 1357 2815 non
1388 2760 1624 2815 creditur
1653 2762 1743 2815 uni
1776 2778 1790 2815 :

540 2854 776 2912 Consule
806 2854 1108 2909 Lucullum.
1144 2854 1317 2908 Taceo
1343 2854 1452 2923 jam
1486 2852 1747 2922 Cycladas
1773 2868 1985 2909 omnes.

468 2972 475 2977 ι
538 2949 818 3020 Acquisita
846 2964 966 3004 meo
1001 2947 1169 3003 servit
1198 2947 1290 3002 tibi
1318 2947 1473 3002 Creta
1501 2946 1735 3002 Metello.

538 3042 878 3113 Transcripsi
907 3042 1100 3099 Cilicas
1126 3060 1138 3096 :
1166 3044 1264 3096 hos
1287 3041 1504 3111 Magnus
1529 3040 1737 3096 fuderat
1764 3043 1910 3098 olim.

524 3124 729 3204 'Adjeci
760 3136 953 3206 Syrite,
986 3150 1118 3203 quos
1146 3150 1290 3188 nunc
1316 3134 1634 3201 moderaris,
1666 3133 1874 3190 Isauros
1904 3153 1918 3188 :

538 3225 654 3280 Hos
682 3240 897 3295 quoque
926 3224 1031 3297 sub
1055 3226 1253 3279 nostris
1279 3224 1486 3279 domuit
1514 3224 1771 3280 Servilius
1801 3228 1985 3282 armis.

537 3317 794 3371 Concessi
816 3304 1029 3371 Altolos
1052 3325 1287 3379 veteres,
1319 3315 1683 3384 Acheloiaque
1709 3331 1856 3383 arva,

537 3408 823 3487 Transfudi
850 3408 1139 3464 Attalicum
1171 3408 1311 3462 male
1340 3408 1555 3463 credula
1588 3418 1989 3467 testamentum.

535 3501 761 3571 Epirum
793 3504 1026 3565 retines;
1057 3510 1112 3554 tu
1142 3500 1249 3555 scis
1274 3500 1363 3569 qui
1391 3500 1581 3555 debeat
1609 3494 1753 3555 illam

533 3588 816 3662 Pyrrhus;
849 3594 902 3647 in
932 3591 1200 3662 Illyricum
1231 3600 1417 3661 specto
1444 3600 1495 3647 te
1516 3591 1727 3648 mittere
1746 3593 1865 3663 jura
1888 3636 1902 3661 ,

534 3683 615 3742 Ac
636 3684 897 3740 Macetum
926 3683 1098 3739 terras
1126 3700 1140 3738 :
1165 3693 1216 3738 et
1247 3682 1413 3738 habes
1435 3694 1510 3749 tu,
1536 3684 1719 3751 Paule,
1742 3695 1985 3756 nepotes.

538 3776 753 3847 Egypti
784 3776 1050 3832 frumenta
1082 3776 1236 3841 dedi;
1271 3775 1401 3830 mihi
1431 3775 1632 3831 vicerat
1660 3778 1784 3835 olim

537 3867 817 3926 Leucadiis
840 3868 1076 3939 Agrippa
1102 3866 1274 3924 fretis.
1299 3866 1482 3923 Judaca
1506 3877 1717 3925 tenetur

536 4042 707 4099 eoque
736 4027 921 4085 habitu
962 4029 1161 4096 passim
1188 4026 1424 4082 cernitur
1455 4027 1509 4081 in
1542 4027 1775 4097 antiquis
1808 4042 2123 4085 monumen-

536 4101 625 4157 tis.
655 4099 876 4157 Ovidius
896 4114 928 4153 ν
952 4101 1237 4155 Fastorum
1267 4117 1280 4152 :

660 4214 865 4263 Postera
888 4226 997 4262 cum
1019 4226 1210 4263 roseam
1236 4212 1389 4274 pulsis
1412 4212 1704 4274 Hyperionis
1725 4217 1867 4265 astris

720 4275 776 4325 1n
796 4274 1044 4324 matutinis
1068 4274 1285 4335 lampada
1309 4274 1449 4323 tollet
1474 4278 1629 4336 equis.

538 4380 608 4436 Et
632 4378 887 4437 Sidonius
914 4380 1027 4448 ipse
1058 4379 1297 4433 carmine
1320 4382 1353 4433 9
1381 4379 1537 4433 lndos
1569 4380 1703 4435 dixit

663 4492 863 4541 Aurorae
888 4489 995 4540 face
1024 4491 1173 4541 civica
1200 4494 1441 4552 perustos.

610 4604 637 4633 α
669 4594 758 4650 Sic
787 4594 1067 4669 legendum
1098 4594 1305 4669 censui,
1346 4608 1455 4648 non
1486 4593 1687 4669 Pharii,
1714 4604 1769 4651 ut
1798 4597 1850 4652 in
1874 4598 2121 4669 vulgatis.

539 4665 781 4740 Regnum
816 4667 939 4740 Pori
969 4665 1107 4720 ultra
1139 4665 1441 4740 Hydaspem
1483 4676 1598 4721 erat
1628 4683 1642 4721 :
1675 4668 1726 4722 in
1770 4670 1922 4738 cujus
1968 4665 2120 4740 ripa,

542 4746 599 4791 ut
617 4736 831 4791 Curtius
854 4737 946 4790 lib.
966 4752 1058 4791 Vlll
1087 4746 1289 4804 narrat,
1308 4738 1479 4791 victus
1505 4745 1609 4806 est,
1636 4736 1921 4807 prohibere
1953 4736 2125 4797 trans-

541 4808 617 4862 itu
664 4808 858 4861 frustra
912 4817 1133 4862 conatus
1183 4807 1573 4863 Alexandrum.
1620 4810 1811 4865 Verum
1860 4813 2123 4871 Ervthras

541 4878 752 4934 Jonieas
774 4922 787 4946 ,
810 4878 1113 4953 ABtrioticas,
1159 4878 1689 4953 .Etolicaqlegimus
1719 4900 1731 4934 :
1762 4874 2117 4953 llydas'paeas,

541 4956 643 5004 hoc
687 4958 769 5004 est
808 4949 1052 5015 Indicas,
1099 4964 1379 5018 nusquam.
1412 4950 1720 5020 Erythraaos
1754 4949 1896 5009 enim
1928 4949 2121 5010 Bacchi

540 5021 851 5095 triumphos
874 5020 1161 5095 Martialis,
1196 5020 1499 5095 Erytllrmas
1534 5038 1771 5095 gemmas
1800 5036 1855 5079 et
1885 5041 2123 5095 smarag-

541 5091 990 5165 dos_Claudianns
1012 5092 1183 5165 etalia
1214 5091 1334 5165 alii,
1364 5108 1467 5165 non
1498 5094 1565 5165 ab
1596 5094 1726 5149 urbe
1765 5095 1975 5165 aliqua,
2025 5091 2122 5152 sed

541 5163 608 5236 ah
641 5161 918 5236 Erythraeo
942 5164 1099 5236 mari,
1124 5162 1265 5231 quod
1297 5161 1499 5217 Indiam
1521 5164 1695 5236 alluit,
1722 5161 2117 5236 nuncuparunt.

541 5235 609 5309 At
639 5232 887 5309 Sidonius
932 5233 1326 5309 urbis__nomen
1367 5249 1484 5309 esse
1528 5232 2119 5309 existiimavit,'easque

540 5301 893 5378 llydasptcas,
927 5303 1279 5378 sagittiferas,
1312 5305 1518 5371 tepidas
1549 5307 1803 5376 Erythras
1845 5301 2118 5378 appellare

540 5374 695 5434 solet,
724 5381 829 5425 uta
860 5376 1071 5428 caeteris
1098 5375 1407 5443 distinguat.

612 5442 641 5519 ᾖ
669 5445 743 5519 ita
772 5444 1127 5519 libriomncs.
1153 5442 1311 5519 Atqui
1340 5444 1661 5519 Parthorum
1694 5449 1804 5517 regi
1835 5466 1992 5519 quem
2020 5466 2115 5506 oc-

538 5514 670 5568 cidit
702 5515 1008 5580 Ventidius,
1035 5531 1140 5569 non
1164 5515 1387 5583 Sapori,
1420 5518 1511 5570 sed
1539 5518 1738 5573 Pacoro
1759 5514 1960 5575 nomen
1994 5522 2113 5576 fuit.

539 5586 835 5659 SedSapor
866 5586 1210 5659 Sidonioidici
1244 5588 1414 5659 potuit
1442 5588 1618 5654 quivis
1645 5605 1737 5643 rex
1766 5590 2110 5659 Parthorum,

542 5667 599 5710 ut
638 5657 885 5732 Arsaces.
917 5657 1163 5732 ltahenitn
1196 5657 1249 5709 in
1282 5658 1608 5732 Panegyrico
1638 5660 1778 5732 Aviti
1826 5662 2016 5732 legitur
2064 5657 2115 5717 in

543 5729 756 5794 optimis
785 5742 912 5783 mss.
932 5726 1248 5801 ,Partltigtts
1280 5730 1413 5781 ultro
1451 5726 1667 5801 restituit
1692 5747 1802 5784 mea
1845 5726 1988 5801 signa
2018 5734 2120 5789 Sa-

545 5813 658 5872 por,
687 5812 808 5887 cum
841 5799 1134 5888 restituerit
1165 5798 1445 5858 Phraates.
1490 5800 1724 5860 Pacorus
1761 5798 1953 5861 Orodis
1982 5805 2119 5863 filius

1821 326 2064 385 SIDONII
2104 325 2559 383 APOLLINARIS

2156 445 2212 506 Α
2237 442 2351 499 Sub
2380 442 2582 497 ditione
2606 447 2713 506 tua,
2746 446 2997 508 tanquam
3023 446 3078 493 tu
3105 436 3317 494 miseris
3340 438 3468 494 illuc

2236 535 2503 605 Insignem
2531 548 2651 589 cum
2677 542 2825 603 patre
2854 531 3053 587 Titum.
3087 531 3205 587 Tibi
3229 530 3421 601 Cypria
3453 546 3675 590 merces

2238 628 2433 685 Fertur
2460 644 2472 682 :
2505 640 2777 698 pugnaces
2805 640 2905 696 ego
2928 640 3130 695 pauper
3160 624 3321 680 laudo
3346 625 3582 685 Catones
3601 668 3618 695 ,

2240 723 2509 777 Dorica'te
2540 721 2727 787 tellus,
2753 728 2807 775 et
2827 719 3055 775 Achaica
3079 718 3201 788 jura
3235 720 3578 788 tremiscunt,

2236 813 2438 869 Tendis
2468 814 2593 868 etin
2619 813 2876 867 bimarem
2900 810 3075 865 felicia
3099 825 3264 882 regna
3293 812 3610 869 Corinthum
3637 830 3653 867 :

2238 909 2335 965 Dic
2365 928 2376 961 :
2411 908 2736 979 Byzantinus
2759 908 2880 978 quis
2903 922 3018 963 rem
3051 908 3145 962 tibi
3174 907 3460 963 Mummius
3490 910 3636 979 egit?

2244 1013 2266 1041 ο
2300 1004 2405 1058 Sed
2434 1004 2477 1057 si
2507 1002 2642 1057 forte
2674 1002 2851 1070 placet
2880 1010 3089 1056 veteres
3121 1000 3302 1071 sopire
3330 1002 3610 1071 querelas,

2236 1093 2579 1149 Anthemium
2608 1093 2844 1148 concede
2865 1092 3025 1159 mihi;
3053 1092 3123 1146 sit
3146 1093 3386 1161 partibus
3414 1092 3530 1149 istis

2238 1193 2533 1255 Augustus,
2565 1186 2893 1255 longumque
2924 1184 3061 1248 Leo;
3087 1198 3205 1239 mea
3231 1184 3349 1253 jura
3379 1185 3643 1255 gubernet

2237 1279 2406 1345 Quem
2438 1279 2599 1347 petii;
2634 1277 2808 1347 patrio
2831 1276 3015 1331 vestiri
3044 1279 3248 1332 murice
3270 1286 3449 1332 natam

2239 1370 2479 1426 Gaudeat
2509 1369 2860 1441 Euphemiam
2891 1368 3039 1424 sidus
3065 1368 3239 1423 divale
3261 1368 3521 1439 parentis.

2237 1465 2424 1541 Adjice
2447 1473 2708 1535 praeterea
2738 1464 3005 1533 privatum
3029 1461 3095 1516 ad
3128 1460 3339 1531 publica
3371 1461 3563 1517 fmdus.

2236 1557 2319 1613 Sit
2346 1574 2499 1613 socer
2524 1560 2792 1627 Augustus
2823 1570 3021 1628 genero
3044 1555 3312 1611 Ricimere
3342 1555 3558 1621 beatus;

2235 1654 2395 1725 305
2426 1653 2711 1708 Nobilitate
2740 1651 2970 1707 micant:
3000 1663 3079 1708 est
3108 1652 3259 1707 vobis
3302 1651 3447 1722 regia
3476 1651 3651 1723 virgo,

2234 1746 2431 1815 Regius
2455 1748 2543 1801 ille
2575 1747 2743 1811 mihi;
2774 1746 2821 1799 si
2846 1759 3073 1801 concors
3110 1745 3302 1799 annuis
3330 1744 3495 1806 istud.

2160 1834 2210 1894 Β
2236 1839 2357 1894 Mox
2383 1838 2601 1907 Libyam
2624 1852 2844 1907 sperare
2864 1836 3049 1892 dabis:
3078 1838 3431 1905 circumSpice
3464 1835 3628 1892 undas

2234 1930 2517 2001 Antiquos,
2552 1946 2647 2000 par
2670 1930 2809 1985 nulla
2840 1930 2933 1984 tibi
2971 1931 3048 1986 sic
3077 1930 3265 2000 copula
3298 1939 3497 1999 praesto
3526 1940 3629 1985 est.

2235 2023 2479 2079 Proferat
2508 2023 2593 2076 hic
2615 2032 2854 2076 veterum
2889 2022 3152 2075 thalamos
3174 2022 3484 2077 discrimine
3512 2032 3705 2092 partes

2234 2115 2462 2182 Grazcia,
2492 2115 2543 2167 ni
2568 2114 2737 2183 pudor
2758 2122 2875 2167 est:
2909 2114 3169 2182 reparatis
3202 2114 3319 2167 Pisa
3346 2112 3624 2183 quadrigis

2235 2208 2470 2263 Suscitet
2495 2206 2856 2271 OEnomaum,
2885 2214 3023 2258 nata:
3046 2220 3203 2275 quem
3236 2205 3423 2260 fraude
3452 2205 3744 2263 cadentem

2236 2297 2402 2354 Cerea
2436 2298 2677 2352 deStituit
2704 2297 2954 2352 resolutis
2984 2296 3169 2351 axibus
3197 2296 3355 2352 obex.
3472 2358 3477 2361 τ

2237 2388 2499 2445 Procedat
2527 2386 2740 2443 Colchis
2765 2387 2911 2456 prius
2940 2388 3115 2456 agnita
3149 2388 3298 2458 virgo
3315 2388 3518 2446 'marito

2238 2481 2494 2544 Crimine,
2521 2496 2677 2549 quam
2704 2494 2874 2543 sexu;
2905 2488 3111 2548 spectet
3139 2480 3205 2534 de
3232 2494 3447 2537 carcere
3467 2481 3594 2537 circi

2226 2574 2505 2631 Pallentes
2539 2572 2788 2626 Atalanta
2823 2584 3036 2639 procos,
3066 2582 3115 2625 et
3146 2587 3300 2641 poma
3333 2572 3513 2628 decori

2236 2665 2587 2735 Hippomenis
2605 2665 2712 2734 jam
2746 2679 2850 2717 non
2872 2678 2971 2732 pro
3001 2663 3118 2717 solo
3139 2664 3354 2734 colligat
3387 2679 3535 2720 auro.

2236 2757 2487 2827 Dejanira
2521 2768 2638 2812 tuas
2666 2757 2935 2811 Acheloiis
2960 2757 3225 2828 gymnade
3262 2759 3471 2828 pinguis

2238 2854 2481 2909 lllustret
2505 2850 2692 2916 ttedas,
2724 2858 2777 2905 et
2806 2849 2873 2903 ab
2896 2849 3125 2905 Hercule
3156 2864 3374 2919 pressus
3400 2850 3592 2906 anhelo

2236 2949 2515 3003 Lassatum
2548 2945 2724 2999 foveat
2754 2942 2883 2997 rivis
2916 2941 3176 2997 ritalibus
3207 2941 3433 2995 hostem.

2238 3036 2590 3107 Quantumvis
2612 3043 2848 3105 repetam
2875 3032 3073 3089 veteris
3095 3033 3358 3087 connubia
3384 3033 3549 3101 smeli,

2239 3127 2648 3184 Transcendunt
2686 3126 2772 3180 hic
2803 3124 3016 3192 heroas,
3041 3124 3287 3180 heroidas
3318 3125 3428 3180 illa;

2165 3215 2210 3279 C
2244 3224 2351 3279 Hos
2383 3222 2667 3287 thalamos,
2714 3218 2969 3283 Ricimer,
3004 3218 3173 3271 virtus
3213 3216 3305 3271 tibi
3349 3217 3588 3287 pronuba
3628 3219 3832 3289 poscit,

2240 3320 2415 3385 Atque
2436 3314 2707 3367 Dionaeam
2734 3311 2825 3366 dat
2854 3310 3039 3364 Martia
3072 3309 3251 3363 laurea
3283 3319 3535 3379 myrtum.

2242 3410 2386 3479 Ergo
2416 3423 2541 3475 age:
2580 3405 2727 3461 trade
2766 3405 2937 3459 virum
2970 3419 3077 3457 non
3108 3402 3214 3457 otia
3249 3403 3394 3473 pigra
3425 3402 3724 3467 foventem,

2242 3501 2565 3569 Deliciisque
2593 3512 2838 3568 gravem;
2867 3496 2959 3551 sed
2990 3493 3017 3532 ιι
3049 3510 3205 3565 quem
3248 3494 3406 3551 modo
3439 3497 3690 3553 nauticus
3728 3498 3834 3559 urit

2238 3594 2442 3657 Aistus,
2467 3591 2819 3663 Abydenique
2847 3591 3018 3656 sinus,
3043 3598 3096 3643 et
3124 3589 3325 3643 Sestias
3345 3605 3439 3645 ora

2236 3683 2687 3754 Hellespontiacis
2709 3682 3138 3738 circumclamata
3167 3683 3413 3752 procellis
3438 3700 3452 3736 :

2235 3780 2378 3847 Quas
2408 3777 2576 3846 pelagi
2610 3777 2784 3829 fauces
2807 3790 2911 3829 non
2943 3774 3020 3829 sic
3048 3776 3286 3831 tenuisse
3315 3776 3399 3830 vel
3431 3776 3576 3830 illum

2235 3870 2589 3935 Crediderim,
2620 3871 2703 3925 cui
2730 3877 2914 3940 ruptus
2943 3868 3134 3937 Athos,
3167 3869 3252 3924 cui
3276 3868 3475 3939 remige
3506 3868 3664 3925 Medo

2231 4031 2326 4087 illo
2363 4031 2479 4099 ipso
2520 4030 2608 4085 die
2635 4044 2739 4099 quo
2767 4040 2889 4083 ante
2920 4043 3092 4084 annos
3125 4031 3194 4085 15
3221 4030 3475 4085 Crassum
3518 4029 3585 4083 ad
3622 4026 3836 4086 Carras

2231 4118 2329 4171 per
2361 4103 2624 4157 Surenam
2660 4101 2959 4166 occiderat,
2988 4116 3016 4154 a
3046 4100 3294 4171 Ventidio
3340 4103 3452 4170 ipse
3501 4116 3679 4156 caesus
3728 4112 3837 4156 est.

2232 4170 2412 4240 Quare
2441 4172 2781 4226 Crassianam
2814 4172 3012 4227 easdem
3044 4170 3233 4228 Pacori
3260 4176 3407 4228 unde
3437 4182 3724 4242 pensatam
3758 4175 3839 4228 ait

2232 4244 2427 4299 Florus
2461 4244 2550 4296 lib.
2584 4258 2655 4307 tv,
2687 4242 2739 4297 9.

2313 4326 2335 4352 ο
2366 4314 2471 4368 Pro
2502 4323 2600 4379 tot,
2647 4314 2851 4383 inquit,
2900 4314 3125 4369 Romani
3158 4315 3295 4383 juris
3322 4315 3640 4384 provinciis,
3690 4329 3837 4384 quas

2236 4385 2467 4455 imperio
2508 4385 3100 4454 Constantinopolitano
3140 4385 3490 4453 transcripsi,
3523 4384 3835 4455 principem

2235 4456 2367 4511 mihi
2396 4455 2739 4527 Anthemium
2770 4458 3009 4527 concede
3040 4474 3053 4511 :
3088 4457 3440 4527 Euphemiam
3471 4458 3628 4509 ﬁliani
3653 4496 3673 4527 ,
3707 4456 3836 4525 ejus

2238 4541 2459 4580 uxorem
2486 4524 2777 4592 Augustam
2805 4526 2979 4580 videat
3010 4524 3501 4581 divus'Marcianus
3548 4544 3563 4580 :
3601 4524 3753 4581 adde
3780 4537 3838 4582 et

2234 4596 2521 4650 Ricimeris
2546 4596 2756 4664 nuptias
2786 4612 2905 4651 cum
2937 4597 3042 4651 filia
3068 4597 3359 4652 Anthemii.
3393 4597 3521 4664 Qua:
3542 4600 3732 4651 omnia
3760 4615 3834 4653 ex

2150 4639 2206 4700 D
2233 4667 2351 4722 aliis
2380 4666 2585 4723 Sidonii
2621 4639 2766 4721 ‘locis
2811 4677 2933 4722 nota
2952 4713 2965 4735 ,
3014 4677 3208 4737 praeter
3237 4639 3437 4723 nomen
3464 4639 3797 4735 Euphemia;
3816 4714 3830 4735 ,

2274 4738 2375 4793 uod
2431 4738 2555 4792 huic
2599 4738 2690 4791 uni
2735 4738 2851 4793 loco
2899 4740 3175 4794 debemus.
3226 4740 3301 4793 De
3330 4740 3428 4793 hac
3469 4746 3642 4793 tamen
3683 4739 3837 4794 llub.

2284 4809 2475 4864 oltzius
2497 4809 2699 4877 antiqui
2723 4812 2921 4863 nnnnni
2950 4809 3152 4878 profert
3180 4811 3603 4878 inscriptionem,
3632 4810 3693 4862 in
3724 4826 3835 4879 qua

2237 4882 2317 4934 Fl.
2352 4881 2615 4936 Marciana
2649 4884 2884 4949 Augusta
2914 4882 3203 4946 vocitatur;
3238 4880 3379 4950 quod
3415 4882 3459 4935 si
3492 4893 3679 4935 verum
3711 4892 3834 4947 est,

2238 4952 2316 5009 ΡΙ.
2381 4951 2731 5019 Euphemiam
2787 4951 3107 5005 Marcianant
3171 4951 3493 5021 appellatam
3557 4952 3832 5019 oportuit.

2228 5022 2496 5078 Caeterum
2518 5039 2583 5077 ex
2608 5022 2894 5077 Anthemio
2917 5031 2971 5076 et
2994 5023 3286 5089 Euphetnia
3313 5024 3422 5075 nati
3446 5030 3591 5085 sunt,
3619 5032 3837 5087 praeter

2229 5095 2422 5150 incerti
2453 5093 2683 5148 nominis
2714 5093 2875 5147 filiam
2909 5109 3026 5162 quze
3050 5092 3306 5149 Ricimeri
3330 5093 3529 5162 nupsit,
3561 5102 3670 5145 tres
3704 5092 3831 5159 filii,

2228 5166 2526 5223 Marcianus
2552 5206 2565 5229 ,
2601 5165 2855 5219 Romulus
2886 5176 2938 5217 et
2968 5165 3263 5231 Proc0pius
3283 5206 3296 5227 ,
3327 5164 3392 5219 de
3420 5165 3612 5233 quibus
3650 5163 3835 5233 multa

2230 5237 2544 5291 Theodorus
2573 5236 2763 5290 Lector
2789 5238 2839 5288 in
2866 5234 3256 5302 Collectaneis,
3300 5232 3534 5288 Malchus
3566 5232 3835 5300 Sophiste

2226 5307 2279 5362 in
2304 5307 2657 5376 Byzantiaeis,
2692 5315 2746 5360 et
2775 5303 3046 5360 Candidus
3072 5307 3283 5360 lsanrus
3311 5307 3405 5359 lih.
3439 5321 3473 5358 ll
3505 5304 3785 5376 llistorim.

2297 5376 2321 5414 ἀ
2346 5372 2621 5445 Significat
2646 5372 3014 5442 Anthemium,
3045 5392 3148 5446 quo
3178 5385 3418 5445 tempore
3447 5376 3511 5430 ad
3535 5372 3834 5446 imperium

2226 5443 2430 5504 accitus
2478 5458 2582 5512 est,
2636 5443 3257 5515 llellesponticm'classi
3291 5443 3465 5518 7115
3521 5443 3834 5518 prmfuisse,

2226 5536 2383 5588 quam
2416 5520 2467 5571 in
2492 5518 2606 5585 ejus
2640 5518 2760 5571 freti
2787 5519 3044 5587 portubus
3077 5519 3275 5574 habere
3312 5515 3559 5571 solebant
3595 5515 3835 5588 impera-

2229 5586 2374 5644 tores
2402 5589 2653 5643 Orientis.
2707 5586 2869 5642 Erant
2905 5591 3044 5643 enim
3088 5599 3141 5645 et
3169 5590 3367 5643 classes
3408 5587 3529 5641 aliae
3572 5594 3688 5640 toto
3734 5586 3835 5640 illo

2229 5662 2363 5715 mari
2407 5661 2470 5713 ad
2505 5660 2677 5713 varios
2708 5675 2835 5714 usus
2874 5661 3155 5729 dispersm,
3192 5669 3249 5713 ut
3277 5656 3588 5729 Carpathia.
3632 5656 3834 5711 Seleu-

2230 5747 2381 5791 cena.
2426 5732 2808 5800 Alexandrina,
2842 5726 3067 5803 quarum
3108 5732 3309 5788 mentio
3371 5730 3424 5784 in
3470 5726 3677 5800 legibus
3717 5729 3834 5785 Aw

2230 5805 2422 5871 gustis.
