4072 6348
233 351 351 407 6.57

232 462 480 536 Tuvgida
509 461 761 518 silvosam
785 459 1073 517 currebant
1102 459 1221 515 vela
1253 473 1348 530 per
1376 459 1588 530 Alpem.

231 557 351 614 Nec
378 553 692 612 Lucullanis
716 554 760 608 si
794 553 909 608 lucc
934 553 1066 608 freta
1093 554 1263 608 cincta
1295 553 1513 618 carinis,

231 648 432 720 Segnis
455 647 520 702 ad
553 647 816 716 insignem
844 644 983 700 sedit
1007 658 1125 699 cum
1155 643 1383 714 Cyzicon
1417 643 1615 709 hostis;

231 743 342 808 Qui
367 748 594 812 cogente
622 746 781 805 tame,
801 733 1035 808 cognata
1063 737 1325 792 cadavera
1364 739 1647 806 mandens,

231 834 392 891 Vixit
421 843 596 888 morte
622 847 739 888 sua.
773 830 877 888 Sed
899 830 1023 901 quid
1060 845 1178 884 mea
1204 841 1326 886 vota
1354 832 1603 887 retardo?

235 929 406 1000 306
419 926 596 982 Trade
621 925 808 996 magis.
830 924 965 979 Tum
983 938 1149 994 pauca
1166 925 1330 980 refert
1357 925 1568 980 Titonia
1603 925 1829 996 conjux:

309 1019 448 1086 Dur,
479 1032 597 1089 age,
625 1024 809 1071 sancta
836 1029 1052 1086 parens,
1071 1030 1371 1086 quanquam
1401 1017 1530 1070 mihi
1568 1015 1833 1073 maximus

1513 1134 1518 1141 -
1612 1107 1762 1181 [usus

232 1205 427 1262 invicti
454 1204 757 1274 summique
783 1202 952 1270 ducis,
987 1203 1114 1258 dum
1143 1202 1323 1258 mitior
1343 1211 1545 1270 exstes,

232 1299 304 1354 Et
332 1313 440 1354 non
463 1297 761 1368 disiunctas
783 1296 975 1352 melius
996 1297 1339 1352 moderemur
1366 1297 1624 1355 habenas.

231 1390 368 1446 Nam
395 1389 444 1445 si
472 1377 611 1444 forte
634 1389 809 1458 placet
833 1396 1078 1443 veterum
1107 1388 1420 1445 meminisse
1454 1388 1720 1461 laborum,

233 1483 305 1538 Et
330 1483 420 1554 qui
451 1496 547 1552 pro
575 1479 744 1551 patria
767 1480 932 1536 vestri
959 1491 1220 1550 pugnaret
1249 1479 1344 1536 luli
1364 1524 1379 1549 ,

232 1577 304 1634 Ut
334 1577 412 1632 nil
443 1576 563 1647 plus
591 1574 787 1642 dicam,
817 1574 963 1643 prior
990 1573 1117 1633 hinc
1138 1590 1237 1644 ego
1272 1576 1552 1631 Memnona
1577 1575 1718 1631 misi.

311 1669 631 1724 Finierant:
660 1667 902 1737 geminas
924 1666 1100 1736 junxit
1124 1669 1409 1723 concordia
1437 1678 1646 1738 partes,

233 1763 426 1819 Electo
451 1760 661 1817 tandem
693 1761 895 1830 potitur
922 1759 1065 1828 quod
1096 1761 1335 1829 principe
1365 1760 1557 1816 Roma.

231 1864 259 1892 ι
284 1854 442 1910 Nunc
465 1853 674 1924 aliquos
697 1861 820 1907 voto
848 1851 1009 1907 simili
1031 1851 1115 1906 vel
1145 1866 1348 1918 amore,
1376 1861 1612 1908 vetustas

230 1950 308 2006 Te
335 1949 534 2019 legisse
556 1963 736 2017 crepa,
764 1960 1032 2016 nunquam
1063 1961 1169 2001 non
1194 1946 1392 2002 invidia
1423 1947 1648 2002 summis

231 2041 597 2112 Emeritisque
618 2039 769 2094 viris.
797 2038 995 2092 Brenni
1022 2048 1210 2093 contra
1239 2042 1409 2105 arma,
1433 2037 1721 2094 Camillum

231 2131 424 2190 Profer
453 2132 520 2187 ab
541 2131 729 2187 exsilio
753 2149 768 2186 :
795 2129 1219 2200 Cincinnatoque
1250 2144 1466 2185 secures
1595 2198 1599 2203 1

230 2226 472 2297 Expuiso
499 2223 724 2280 Cmsone
752 2223 912 2290 refer,
941 2222 1267 2290 ﬂentemque
1296 2231 1576 2293 parentem

229 2324 270 2377 A
295 2320 486 2377 rastris
514 2318 579 2374 ad
604 2328 776 2390 rostra
800 2332 947 2390 roga,
977 2317 1279 2389 miseroque
1313 2319 1540 2373 tumultu

231 2407 379 2468 Pelle
407 2412 553 2481 prius
575 2424 711 2479 quos
738 2409 875 2464 vicia
909 2416 1093 2479 petas;
1126 2409 1170 2463 si
1202 2410 1405 2479 ruperit
1433 2411 1596 2479 Alpes

232 2504 450 2572 Poenus,
480 2503 546 2558 ad
577 2502 806 2557 afﬂictos
829 2502 1321 2572 condemnatosque
1345 2517 1582 2559 recurre.

229 2596 510 2668 Improbus
542 2605 596 2651 ut
622 2596 814 2650 rubeat
840 2594 1102 2650 Barchiua
1135 2595 1288 2650 clade
1318 2595 1609 2664 Metaurus,

230 2687 484 2746 Multatus
511 2687 604 2741 tibi
636 2686 821 2742 consul
850 2694 1008 2757 agat:
1039 2686 1128 2752 qui
1162 2687 1325 2740 millia
1357 2687 1584 2743 fundens

230 2781 600 2848 Hasdrubalis,
634 2780 856 2835 rutilum
889 2779 990 2834 sibi
1017 2794 1137 2833 cum
1179 2779 1517 2835 fabricaverit
1541 2797 1749 2849 ensem,

229 2871 552 2930 Concretum
582 2855 735 2944 gerat
762 2873 875 2940 ipse
907 2881 1097 2942 caput;
1133 2872 1482 2943 longealtera
1511 2877 1681 2931 nostri

227 2967 410 3024 Gratia
439 2966 622 3040 judicii
649 2974 762 3020 est:
795 2965 899 3019 scit
925 2980 984 3019 sc
1009 2979 1113 3020 non
1137 2965 1294 3022 lzesus
1322 2969 1510 3021 amari.

298 3063 370 3117 At
395 3075 512 3115 mea
539 3059 650 3130 jam
684 3057 832 3114 nimii
872 3043 1424 3127 prOpellunt-carbasa
1463 3061 1638 3118 ﬂatus.

225 3155 392 3222 Siste,
421 3154 698 3217 Cammna,
725 3151 912 3208 modos
937 3160 1143 3218 tenues,
1173 3163 1491 3224 portumque
1521 3157 1721 3225 petenti

226 3247 345 3304 lam
367 3244 578 3316 placido
605 3245 786 3298 sedeat
816 3245 944 3298 mihi
968 3245 1222 3300 carminis
1261 3247 1494 3302 ant-hora
1526 3247 1711 3305 fundo.

225 3342 500 3408 Attamen,
535 3354 569 3395 ο
595 3339 856 3408 princeps,
885 3335 912 3375 ι)
935 3353 1052 3407 qua:
1083 3353 1224 3393 nunc
1257 3339 1349 3395 tibi
1372 3340 1560 3396 classis
1587 3353 1636 3397 et
1666 3359 1815 3399 arma

225 3433 572 3502 Tractentur,
593 3446 750 3504 quam
765 3445 956 3503 magna
981 3445 1155 3502 geras,
1182 3447 1338 3502 quam
1360 3441 1600 3505 tempore
1627 3451 1814 3508 parvo,

299 3607 326 3637 θ
358 3597 472 3653 Hoc
502 3597 717 3651 nomine
736 3593 1080 3651 Anthemium
1109 3597 1328 3665 opponit
1374 3606 1427 3651 et
1461 3599 1674 3662 praefert
1712 3599 1815 3653 ali-

222 3669 635 3742 quotRomanis
663 3667 893 3742 ducibus
919 3667 1174 3742 antiquis,
1207 3668 1347 3736 quod
1380 3669 1521 3742 nulla
1555 3671 1720 3742 prius,
1758 3679 1819 3726 ut

223 3738 324 3812 illi,
354 3741 516 3796 Iasus
541 3738 731 3806 injuria
772 3738 837 3793 ad
884 3739 1164 3812 imperium
1193 3749 1409 3812 evectus
1447 3741 1534 3794 sit.
1581 3741 1713 3796 Nam
1755 3742 1814 3795 L.

221 3807 576 3868 Cincinnatus
605 3812 658 3876 in
690 3824 924 3864 mmrore
945 3809 1016 3862 ob
1037 3807 1275 3863 C:esouis
1309 3810 1402 3862 lilii
1425 3812 1675 3865 exsilium
1698 3827 1819 3865 ver-

223 3885 471 3950 sabatur,
519 3882 735 3951 quando
788 3880 856 3935 ad
911 3879 1228 3934 dictaturam
1280 3881 1585 3948 bellumque
1634 3893 1820 3938 contra

222 3955 435 4025 Equos
478 3952 770 4024 gerendum
799 3959 1021 4025 vocatus
1061 3960 1161 4006 est.
1193 3952 1286 4025 _M.
1325 3951 1580 4025 Camillus
1628 3953 1820 4008 Ardeae

221 4021 509 4082 exsulabat
555 4027 688 4093 ipse,
733 4038 852 4077 cum
895 4023 1153 4077 adversus
1193 4021 1463 4076 Brennum
1510 4024 1738 4078 dictator
1784 4041 1821 4079 ιι

195 4107 440 4153 creatus
463 4104 564 4152 est.
596 4096 666 4149 Μ.
699 4094 878 4148 Livius
915 4093 1185 4149 Salinator
1212 4095 1278 4162 (is
1301 4095 1445 4148 enim
1473 4104 1554 4149 est
1583 4095 1671 4163 qui
1693 4109 1823 4149 con-

221 4170 308 4223 sul
350 4184 388 4223 ιι
420 4166 808 4223 Hasdrubalem
853 4165 1143 4220 Poenorum
1175 4165 1365 4218 ducem
1409 4165 1474 4217 ad
1524 4164 1821 4220 Metaurum

222 4240 360 4294 vicit
387 4250 442 4295 ct
486 4237 783 4306 interfecit)
805 4253 871 4290 ex
899 4236 1077 4298 priore
1113 4236 1392 4290 consulatu
1438 4251 1562 4289 reus
1609 4237 1823 4306 publico

219 4310 428 4383 judicio
466 4309 748 4383 damnatus
793 4307 1152 4383 multatusque
1200 4305 1393 4362 fuerat.
1440 4307 1568 4376 Quae
1608 4305 1820 4379 singula

221 4378 451 4449 exponit
473 4380 656 4445 Livius
691 4378 784 4433 lib.
818 4393 896 4444 lli,
922 4378 955 4432 5
973 4387 1027 4432 et
1054 4380 1145 4432 27.
1500 4407 1502 4409 ›

299 4453 329 4492 b
362 4451 635 4508 Adversus
665 4449 937 4505 Vandalus
969 4469 983 4505 :
1018 4459 1075 4505 ut
1116 4451 1318 4505 auxilio
1348 4459 1492 4507 esset
1544 4450 1819 4518 Basilisco,

219 4540 389 4594 quem
419 4523 532 4594 Leo
560 4537 681 4594 cum
703 4522 1034 4594 atnplissima
1057 4521 1231 4594 classe
1253 4523 1307 4594 in
1334 4522 1572 4578 Africam
1602 4524 1825 4579 miserat

219 4593 421 4652 contra
466 4593 836 4650 Gensericum.
888 4593 1028 4660 Quin
1063 4593 1405 4648 Anthemium
1448 4596 1550 4650 hoc
1592 4598 1823 4651 maxime

220 4665 458 4724 consilio
477 4664 848 4736 imperatorem
871 4664 1229 4736 designatum,
1255 4664 1686 4736 destinatumque
1712 4668 1822 4721 Ro-

223 4753 400 4799 mam,
424 4745 609 4791 auctor
639 4745 721 4791 est
752 4734 1046 4803 Procopius
1077 4736 1128 4789 in
1177 4735 1478 4790 Vandalicis
1515 4734 1614 4791 Iib.‘
1654 4754 1694 4802 ι,
1729 4738 1822 4792 ubi

222 4809 296 4863 de
329 4807 430 4863 hac
461 4806 698 4861 Basilisci
743 4805 1315 4876 expeditioneimulta.
1348 4807 1422 4861 De
1454 4809 1822 4863 Anthemiana:

223 4893 359 4936 vero
388 4892 640 4934 successu
669 4875 864 4932 ldatius
887 4885 1075 4930 noster
1099 4875 1182 4930 his
1208 4875 1387 4930 verbis
1411 4894 1423 4930 :
1455 4877 1728 4946 Expeditio
1753 4880 1822 4933 ad

221 4951 454 5019 Africam
478 4951 717 5004 adversus
742 4947 1006 5002 Vandalus
1030 4949 1266 5001 ordinata
1290 4950 1664 5003 metabularam
1684 4967 1818 5004 rom-

220 5022 506 5076 mutatione
536 5029 583 5074 et
610 5020 947 5089 navigationis
975 5021 1362 5088 importunitate
1392 5031 1671 5074 revocatur.

303 5103 327 5132 ε
351 5092 592 5147 Alterum
622 5091 958 5146 consulatum
981 5099 1132 5160 optat
1163 5089 1438 5155 Ricimeri,
1468 5092 1557 5159 qui
1583 5093 1818 5160 priorem

215 5167 332 5235 jam
358 5171 600 5235 gesserat
619 5177 760 5235 antro
781 5161 908 5229 4.59,
936 5162 1148 5216 tertium
1175 5161 1480 5228 Anthemio,
1507 5164 1596 5232 qui
1623 5177 1818 5218 secun--

217 5234 350 5290 dum
383 5243 511 5288 tunc
544 5234 731 5288 inibat.

293 5304 322 5342 ά
344 5304 614 5360 Solemnia
647 5303 871 5373 publica:
898 5304 1350 5373 manumissionis,
1383 5319 1500 5375 qua!
1530 5319 1559 5360 a
1584 5309 1819 5363 consuli-

215 5375 324 5433 bus
365 5376 1094 5448 magistratumiineuntibus
1142 5376 1604 5448 celebrabantur:
1658 5394 1818 5448 quam

217 5456 519 5530 propterea
539 5446 944 5530 solemnitatem
965 5449 1532 5530 consulatusappellat
1551 5446 1819 5530 Honorius

217 5517 424 5593 imp._l.
454 5519 522 5573 13
542 5517 664 5573 cod.
691 5517 981 5593 Theod._de
1010 5518 1348 5593 infirmandis
1369 5521 1432 5593 iis
1462 5535 1581 5590 qure
1611 5521 1711 5574 sub
1740 5531 1823 5593 ty-

217 5589 407 5644 rannis
435 5598 586 5661 gesta
608 5597 763 5654 sunt;
803 5598 859 5646 et
883 5589 1238 5661 Cassiodorus
1274 5592 1327 5644 in
1366 5589 1594 5646 formula
1625 5589 1821 5648 consu-

217 5661 363 5716 latus
419 5660 558 5716 inter
597 5661 700 5716 alia
751 5660 1032 5716 consulum
1081 5663 1260 5715 munia
1311 5672 1580 5726 recenset,
1627 5665 1819 5720 solvere

214 5733 444 5861 gannitus
482 5736 618 5816 jugo
649 5733 839 5815 seruili.
878 5731 946 5788 Ut
985 5731 1146 5815 igitur
1180 5732 1523 5816 Anthemium
1559 5735 1660 5790 hoc
1700 5737 1818 5791 loco

261 5802 498 5861 idomus.
528 5819 607 5860 διο
641 5803 912 5859 Jultauum
945 5800 1219 5861 Libamus.
1254 5803 1626 5860 Mamertinum
1671 5807 1815 5861 Mar-

261 5800 499 5874 idonius,
528 5800 607 5860 sic
641 5803 912 5859 lulianum
945 5800 1219 5868 Libanius,
1254 5803 1626 5860 Mamertinum
1671 5807 1815 5862 Mar-

218 5876 487 5944 cellinus,
536 5875 832 5936 Honorium
885 5883 1042 5946 atque
1103 5874 1416 5943 Eutropium
1464 5877 1812 5952 Claudianus,

1850 4913 1903 4973 D

1718 337 2046 397 CABMINA.
3011 315 3032 321 ﬂ
3098 382 3101 385 -
3211 374 3216 378 τ
3420 359 3541 418 658·

1862 458 1920 521 Α
1940 453 1996 510 Si
2025 467 2142 510 mea
2169 462 2291 511 vota
2318 455 2459 512 Deus
2489 458 2816 528 produxerit,
2849 461 3036 520 ordine
3073 477 3243 537 recto,

1945 557 1967 586 ο
1999 549 2108 604 Aut
2127 563 2329 619 genero
2361 549 2440 604 bis
2462 565 2609 620 mox,
2638 563 2727 609 aut
2760 562 2810 610 te
2839 566 2918 611 ter
2939 562 3158 616 consule
3186 563 3379 620 dicam.

1939 642 2072 698 Nam
2103 643 2264 699 modo
2291 640 2316 679 ά
2337 659 2433 699 nos
2451 646 2560 713 jam
2590 646 2722 703 festa
2740 661 2952 718 vocant,
2973 665 3025 708 et
3046 656 3110 709 ad
3128 655 3279 726 Ulpia
3300 671 3524 728 poscunt

1939 737 2097 808 307
2128 737 2202 792 Te
2230 737 2366 804 fora,
2403 738 2628 793 donabis
2659 756 2790 809 quos
2821 742 3065 802 libertate
3088 748 3344 818 Quirites,

1938 829 2177 897 Quorum
2210 829 2502 900 gaudentes
2530 843 2813 903 exceptant
2837 838 3056 892 verbera
3090 841 3263 905 malre,

1940 921 2130 991 Perge,
2156 933 2305 991 pater
2346 925 2532 992 patriar.
2561 922 2706 989 felix,
2738 936 2899 997 atque
2928 930 3109 986 omine
3136 932 3311 989 fausto

1936 1013 2187 1086 Captivos
2215 1015 2456 1071 vincture
2487 1031 2674 1083 novos,
2706 1018 2925 1076 absolve
2955 1030 3212 1080 vetustos.

2523 1131 2938 1190 CARMENIH.
3090 1180 3116 1209 ,

2262 1243 2573 1284 PANEGYRICI
2605 1240 2627 1268 ⁸
2657 1246 2834 1287 EDITIO
2860 1249 2926 1288 AD
2956 1249 3190 1291 PETRUH.

1937 1336 2076 1406 Quid
2108 1337 2310 1395 faceret
2356 1341 2506 1398 laetas
2543 1352 2776 1414 segetes,
2808 1345 2950 1415 quod
2990 1354 3202 1419 tempus
3235 1352 3521 1416 amandum

2006 1431 2290 1515 Messibus,
2319 1443 2374 1489 et
2397 1436 2672 1506 gregibus,
2707 1438 2924 1506 vitibus,
2957 1448 3120 1511 atque
3146 1443 3358 1514 apibus,

1933 1524 2016 1579 Ad
2044 1525 2348 1583 Maecenatis
2377 1529 2644 1599 quondam
2672 1539 2800 1585 sunt
2828 1531 2971 1588 edita
3004 1548 3239 1591 nomen:

2005 1617 2163 1683 Hinc,
2195 1619 2362 1686 Maro,
2393 1629 2515 1689 post
2539 1623 2707 1678 audes
2734 1638 2885 1679 arma
2910 1626 3191 1698 virumque
3218 1629 3388 1701 loqui.

1933 1710 2003 1764 At
2033 1710 2163 1765 mihi
2192 1711 2385 1768 Petrus
2407 1715 2510 1770 erit
2540 1716 2802 1774 Maecenas
2830 1721 3087 1791 temporis
3102 1684 3296 1794 .hujus,

2004 1809 2137 1865 Nam
2169 1810 2324 1866 famae
2356 1814 2574 1884 pelagus
2604 1815 2782 1872 sidere
2803 1832 2965 1874 curro
2987 1834 3108 1876 suo.

1855 1869 1906 1930 Β
1932 1902 1987 1959 Si
2019 1903 2232 1973 probat,
2265 1869 2503 1960 emittit:
2531 1909 2576 1961 si
2599 1907 2836 1977 damnat,
2859 1912 3100 1967 carmina
3129 1913 3288 1984 celat,

2001 1999 2112 2057 Nec
2139 2016 2240 2057 nos
2267 2002 2637 2060 rltonchisono
2663 2005 3007 2065 rhinocerote
3036 2017 3207 2066 nOIat.

1929 2096 1951 2150 Ι
1980 2095 2140 2166 liber,
2169 2097 2256 2152 hic
2279 2107 2529 2154 nostrum
2559 2108 2780 2168 tutatur,
2803 2102 2986 2170 crede,
3011 2104 3290 2173 pudorem.

2000 2189 2117 2247 Hoc
2141 2205 2370 2248 censore
2394 2193 2556 2248 etiam
2586 2193 2925 2264 displicuisse
2951 2198 3144 2267 placet.

2496 2309 2807 2366 'CARMEN
2845 2312 2933 2369 IV.

1966 2413 1984 2423 '
2057 2416 2333 2458 ΡΒΑΕΡΛΤΙΟ
2367 2419 2682 2458 pausarmcr
2720 2419 2860 2460 DlCTI
2896 2403 2917 2442 ί
2953 2419 3245 2463 nuonmuo
3273 2423 3391 2467 Atta.

1926 2514 2145 2587 Tityrus
2181 2524 2237 2570 ut
2257 2515 2528 2586 quondam
2559 2517 2752 2584 patulae
2776 2518 2878 2574 sub
2897 2519 3130 2590 tegmine
3159 2519 3266 2592 fagi

1997 2607 2253 2663 Volveret
2283 2607 2495 2663 inﬂatos
2522 2625 2795 2665 murmura
2827 2626 2924 2681 per
2951 2611 3212 2679 calamos,

1929 2698 2188 2755 Przestitit
2211 2699 2413 2755 afﬂicto
2436 2699 2524 2769 jus
2546 2701 2670 2756 vitm
2701 2700 2883 2758 Caesar
2907 2713 2961 2759 et
2990 2703 3127 2774 agri,

1996 2793 2108 2849 Nec
2135 2795 2284 2850 stetit
2314 2795 2379 2850 ad
2413 2802 2626 2851 tenuem
2659 2797 2855 2852 celsior
2877 2797 2956 2852 ira
2989 2812 3140 2854 reum
3169 2813 3181 2849 :

1925 2886 2031 2944 Sed
2054 2902 2145 2942 rus
2173 2901 2490 2944 concessum
2513 2889 2636 2944 dum
2673 2890 2823 2961 largo
2851 2891 2904 2945 in
2933 2891 3176 2961 principe
3213 2890 3414 2960 laudat,

1994 2981 2200 3036 leum
2232 2996 2326 3050 pro
2361 2983 2521 3037 terris
2551 2983 2749 3037 rustica
2775 2997 2924 3037 musa
2955 2983 3122 3037 dedit.
3325 3042 3329 3046 ,

1923 3074 2086 3144 308
2115 3071 2223 3127 Nec
2254 3072 2350 3127 fuit
2373 3072 2595 3133 inferius
2629 3072 2882 3130 Phoebeia
2909 3073 3051 3129 dona
3080 3073 3321 3131 referre:

1996 3163 2218 3218 Fecerat
2247 3163 2332 3217 hic
2353 3162 2652 3231 dominum,
2680 3163 2805 3219 fecit
2827 3173 2880 3218 ct
2901 3164 2990 3219 ille
3021 3164 3215 3218 deum:

1839 3249 1884 3312 C
1919 3257 1984 3313 Et
2006 3258 2121 3326 tibi,
2154 3257 2368 3320 Flacce,
2399 3258 2541 3312 acies
2566 3258 2712 3313 Bruti
2740 3258 3000 3328 Cassique
3022 3266 3226 3322 secuto,

1995 3350 2264 3407 Carminis
2292 3361 2372 3408 est
2398 3359 2607 3415 auctor,
2633 3353 2720 3422 qui
2751 3352 2848 3406 fuit
2876 3360 2930 3407 et
2956 3351 3148 3408 veniae.

1924 3442 2017 3501 Sic
2045 3443 2178 3523 mihi
2201 3443 2419 3499 diverso
2445 3458 2618 3513 nuper
2647 3445 2746 3498 sub
2775 3444 2944 3501 Marte
2965 3443 3198 3513 cadenti,

1925 3601 2299 3657 lieraclianum
2335 3603 2602 3658 iionorius
2644 3603 2761 3672 lege
2799 3603 2978 3668 citata,
3028 3602 3182 3657 initio
3210 3603 3524 3661 consulatus

1922 3687 2111 3728 servos
2143 3675 2518 3729 manumisisse
2549 3684 2829 3728 testamur.
2859 3674 3197 3729 Marcellinus
3236 3675 3330 3729 lib.
3371 3690 3477 3730 χιιι
3504 3696 3516 3729 :

1926 3743 2240 3797 Mamertino
2283 3746 2492 3797 consule
2540 3744 2768 3796 calcndis
2815 3743 3082 3798 Januariis
3126 3744 3276 3798 ludos
3322 3746 3522 3812 edente,

1924 3815 2346 3885 manumittendi;
2376 3831 2438 3868 ea:
2461 3830 2602 3866 ntere
2630 3814 2854 3885 inductis
2885 3832 2972 3883 per
2995 3814 3361 3869 admissionum
3400 3832 3522 3885 prae

1923 3885 2139 3938 mimum.
2173 3883 2502 3938 Claudianus
2533 3886 2586 3937 iu
2623 3884 2934 3952 Eutropium
2964 3885 3023 3937 1:

2419 4019 2822 4081 Libertatemque
2861 4018 3082 4081 daturus,

2053 4083 2204 4142 Quam
2229 4081 2442 4134 nondum
2465 4085 2664 4142 meruit,
2691 4079 2880 4131 scandit
2899 4079 3110 4130 sublime
3135 4079 3364 4129 tribunal.

2000 4242 2024 4270 θ
2050 4233 2278 4288 Carmen
2311 4232 2412 4288 hoc
2436 4233 2578 4289 male
2600 4233 2860 4288 hactenus
2888 4230 3162 4288 Anthemii
3196 4229 3521 4301 panegyrico

1928 4303 2340 4371 adnectebatur,
2370 4305 2518 4375 quasi
2556 4305 2621 4359 ad
2654 4305 2801 4358 illum
2848 4306 3174 4372 pertineret;
3209 4317 3330 4375 cum
3363 4302 3522 4375 perti-

1927 4385 2052 4448 neat
2080 4376 2144 4429 ad
2175 4373 2552 4448 panegyricum
2584 4376 2888 4448 Maioriani,
2920 4375 3076 4442 cujus
3113 4373 3368 4448 magistro
3410 4373 3525 4448 cpi:

1927 4443 2185 4501 stolarum
2228 4443 2387 4502 Pet'ro
2419 4448 2534 4517 ejus
2568 4447 2856 4502 editionem
2896 4455 3189 4517 nuncupat.
3233 4443 3410 4517 Quare
3442 4443 3522 4517 illi

1928 4519 2288 4586 prannittitur,
2308 4515 2687 4573 sicut‘carmen
2715 4519 2779 4572 ad
2799 4517 3043 4571 Priscum
3076 4515 3420 4586 Valerianum
3467 4515 3526 4568 in

1926 4585 2158 4659 antiquis
2188 4589 2339 4644 libris
2365 4592 2695 4659 prrponitur
2718 4586 3232 4659 panegyricoAviti,
3268 4585 3419 4654 cujus
3440 4594 3525 4639 est

1927 4657 2111 4715 editio.
2147 4657 2807 4731 PanegyricusAntheinii
2845 4657 3095 4714 editionis
3136 4657 3524 4726 epigrammate

1927 4742 2095 4794 caret,
2121 4733 2258 4785 sicut
2287 4730 2474 4785 omnes
2494 4730 2792 4784 Claudiani.

1961 4824 1963 4826 ·
2004 4803 2160 4872 116
2194 4800 2211 4838 ῐ
2249 4803 2403 4855 Avito
2439 4804 2572 4870 Aug.
2611 4809 2728 4867 post
2759 4801 2964 4870 aliquot
2997 4799 3259 4872 mensium
3289 4801 3522 4872 interre-

1927 4870 2098 4944 gnum
2119 4870 2390 4944 successit
2436 4872 2778 4940 Majorianus,
2819 4887 2961 4944 anno
2993 4870 3191 4924 Christi
3222 4870 3348 4944 4537.
3388 4871 3525 4944 Pro-

1932 4939 2078 4998 iimo
2101 4942 2298 4997 dehinc
2331 4957 2472 4996 anno
2503 4939 2840 4996 consulatum
2869 4942 2938 4996 de
2975 4957 3126 4996 more
3152 4940 3337 5010 gessit,
3372 4939 3524 5007 Alpi-

1925 5016 2130 5083 busque
2157 5029 2346 5084 aspera
2372 5014 2548 5068 hieme
2573 5028 2694 5067 cum
2727 5014 2927 5083 ingenti
2963 5009 3519 5084 exercitusuperatis,

1925 5081 2240 5154 Lugdunum
2277 5087 2446 5150 venit,
2480 5101 2636 5152 qttam
2661 5081 2846 5139 urbem
2877 5086 3035 5152 paulo
3064 5092 3189 5136 autc
3211 5081 3262 5135 in
3287 5089 3525 5154 potesta-

1929 5152 2034 5211 tem
2067 5173 2215 5210 suam
2241 5169 2540 5224 receperat.
2577 5155 2969 5211 Adventantem
3012 5154 3266 5210 Sidonius
3297 5152 3400 5224 hoc
3429 5166 3525 5220 pa-

1926 5229 2178 5299 negyrico
2209 5229 2438 5296 excepit,
2470 5243 2590 5299 cum
2626 5227 2836 5281 veniam
2868 5228 2936 5281 ab
2966 5241 3054 5293 eo,
3096 5233 3157 5279 ut
3184 5234 3270 5299 est
3291 5223 3519 5299 inprae-

1926 5293 2374 5364 fatione,hostilis
2398 5296 2798 5365 societatisjam
2832 5299 3194 5367 impetrasset.
3228 5295 3340 5349 Hoc
3361 5293 3524 5367 igitur

1925 5379 2008 5425 est.
2036 5363 2322 5424 diseritnen
2356 5369 2512 5438 huius
2539 5363 2844 5439 panegyrici
2883 5363 2938 5424 et
2980 5367 3337 5439 reliquorum,
3379 5363 3524 5439 quod

1926 5441 2014 5495 alii
2048 5441 2154 5495 duo
2183 5435 2727 5512 calendis’Jatiuarii—s'
2752 5440 2816 5494 ad
2849 5435 3174 5496 celebranda
3207 5435 3524 5512 consulatus

1926 5513 2164 5586 auspicia
2189 5511 2313 5565 dicti
2339 5513 2475 5586 :__hic
2498 5527 2624 5565 vero
2673 5511 2772 5564 alia
2821 5512 3128 5586 occasione,
3161 5516 3217 5586 et
3250 5506 3362 5586 sub
3393 5506 3520 5556 anni

1929 5577 2122 5648 tinem;
2153 5597 2272 5656 cum
2309 5581 2484 5636 adhuc
2532 5592 2728 5656 tamen
2751 5583 2940 5656 consul
2977 5592 3117 5656 esset
3163 5577 3523 5656 biajorianug;

1930 5664 1986 5708 ut
2028 5647 2274 5728 excusari
2307 5661 2538 5728 nequeat
2577 5651 2799 5728 Carolus
2839 5653 3112 5728 Sigonius,
3160 5650 3247 5728 qui
3302 5647 3522 5728 biennio

1928 5735 2053 5794 post
2082 5725 2279 5781 dictum
2309 5715 2522 5795 scripsit
2551 5724 2616 5779 ad
2653 5739 2851 5778 annum
2875 5715 3002 5779 [60.
3030 5715 3340 5778 Nam‘clare
3365 5715 3520 5776 Sido-

1925 5798 2046 5854 nius
2077 5815 2089 5851 :
2333 5866 2340 5871 ⁸

2113 5889 2399 5956 Imperium,
2423 5888 2620 5950 ait,jam
2644 5887 2809 5940 consul
2836 5887 3004 5937 habet.
