4072 6348
524 348 631 408 659

597 460 821 521 Iussisti
843 457 1049 528 placido
1071 456 1240 511 victor
1268 464 1323 507 ut
1346 466 1519 509 essem
1550 453 1749 519 animo,

531 553 739 610 Serviat
758 564 883 619 ergo
914 548 1005 602 tibi
1034 545 1228 601 servati
1258 545 1434 613 lingua
1465 553 1654 613 poetae,

604 648 774 715 Atque
805 655 936 694 mea:
966 638 1087 692 vitae
1116 638 1229 691 laus
1249 646 1337 691 tua
1370 640 1439 691 sit
1473 636 1719 706 pretium.

535 736 649 791 Non
680 748 777 804 ego
805 730 1040 785 mordaci
1071 728 1269 783 fodiam
1300 727 1460 782 modo
1481 729 1642 783 dente
1674 728 1964 793 Maronem,

606 828 713 881 Nec
738 825 907 878 civem
937 836 1172 889 carpam,
1208 828 1348 874 terra
1386 818 1620 885 Sabella,
1654 828 1823 873 tuum.

538 900 643 976 Res
672 918 845 973 minor
868 916 1081 986 ingenio
1110 914 1286 977 nobis,
1309 913 1401 967 sed
1422 912 1634 967 Caesare
1663 911 1834 979 major
1859 928 1871 964 :

613 1010 835 1063 Vincant
859 1008 1091 1076 eloquio,
1125 1004 1412 1059 dummodo
1438 1019 1535 1058 nos
1564 1003 1802 1057 domino.

1143 1143 1422 1199 CARMEN
1466 1144 1528 1197 V.

541 1276 895 1319 PANEGYBICUS
914 1274 1061 1314 ιῠιιο
1082 1272 1311 1313 VALERIO
1336 1271 1628 1311 lAJORIANO
1649 1269 1886 1311 AUGUSTO
1909 1268 2112 1311 DICTUS.

612 1376 848 1445 Concipe
870 1375 1189 1445 praeteritos,
1223 1373 1545 1441 respublica,
1579 1380 1756 1428 mente
1783 1373 2114 1442 triumphos:

545 1468 830 1539 Imperium
860 1467 967 1535 jam
997 1465 1183 1520 consul
1216 1464 1394 1527 habet,
1422 1479 1579 1534 quem
1610 1478 1841 1537 purpura
1865 1478 1971 1518 non
1999 1465 2119 1534 plus

544 1562 712 1629 Quam
744 1559 906 1613 lorica
938 1558 1133 1627 operit,
1165 1558 1315 1624 cujus
1345 1556 1641 1611 diademata
1672 1556 1901 1611 frontem

544 1653 658 1709 Non
688 1654 814 1707 luxu
838 1651 933 1706 sed
959 1650 1077 1721 lege
1104 1658 1309 1720 tegunt,
1343 1651 1650 1719 meritisque
1682 1651 1923 1705 laborum

544 1744 671 1798 Post
698 1744 927 1813 palmam
959 1742 1191 1811 palmata
1219 1742 1403 1797 venit:
1437 1742 1629 1798 decora
1661 1742 1838 1796 omnia
1864 1743 2013 1810 regni

546 1835 900 1890 Accumulant
929 1834 1121 1898 fasces,
1144 1842 1197 1889 et
1228 1843 1251 1869 ἰ
1279 1834 1527 1904 princeps
1557 1835 1776 1889 consule
1802 1835 2014 1890 crescit.

546 1928 806 1983 Personat
831 1942 958 1996 ergo
984 1936 1129 1981 tuum
1153 1928 1313 1993 cmlo,
1346 1941 1489 1995 rure,
1515 1926 1757 1994 urbibus,
1788 1926 1964 1993 undis,

549 2022 836 2077 Exsultans
856 2020 1069 2090 Europa
1096 2020 1311 2089 sephos,
1342 2021 1480 2089 quod
1509 2029 1684 2074 rector
1709 2020 1942 2084 haberis,

547 2112 730 2167 Victor
758 2111 849 2181 qui
875 2110 1091 2167 fueras:
1126 2111 1318 2176 fateor,
1351 2112 1706 2181 trepidaverat
1728 2112 1896 2178 orbis,

546 2205 682 2259 Dum
711 2220 818 2260 non
840 2204 923 2261 vis
946 2204 1139 2260 vicisse
1170 2204 1284 2271 tibi,
1319 2206 1589 2275 nimioque
1616 2207 1821 2275 pudore

546 2299 699 2367 Quod
718 2314 939 2370 regnum
968 2314 1207 2354 mereare
1231 2299 1383 2354 doles
1401 2342 1415 2365 ,
1450 2300 1689 2369 tristique
1719 2300 1929 2369 repulsa

547 2391 709 2462 309
727 2392 840 2446 Non
865 2390 1191 2445 moderanda
1222 2392 1387 2459 subis,
1407 2406 1525 2459 qua:
1547 2390 1881 2446 defendenda
1906 2391 2123 2461 putasti.

619 2480 647 2519 δ
682 2482 905 2536 Sederat
934 2492 1147 2535 exserto
1178 2481 1419 2535 bellatrix
1449 2492 1663 2550 pectore
1694 2482 1860 2536 Itoma

549 2570 835 2626 Cristatum
866 2572 1053 2623 turrita
1084 2580 1261 2638 caput,
1293 2571 1377 2623 cui
1407 2585 1544 2639 pone
1573 2572 1753 2640 capaci

550 2664 771 2718 Casside
796 2665 1073 2734 prolapsus
1102 2664 1369 2733 perfundit
1400 2674 1545 2735 terga
1575 2667 1819 2735 capillus.

553 2755 813 2809 Laetitiam
844 2770 1073 2811 censura
1104 2766 1306 2822 manet,
1341 2767 1617 2826 terrorque
1651 2759 1849 2825 pudore

550 2843 776 2910 Crescit,
812 2857 863 2899 et
892 2846 1053 2901 invita
1084 2857 1298 2915 superat
1328 2848 1527 2904 virtute
1558 2856 1825 2905 venustas.

551 2934 842 2990 OStricolor
874 2936 1013 3004 pepli
1042 2945 1234 3000 textus,
1268 2954 1424 3006 quem
1459 2938 1617 2993 fibula
1653 2949 1791 2995 torto

550 3028 769 3084 Mordax
798 3029 959 3084 dente
984 3038 1133 3084 vorat
1166 3046 1177 3082 :
1206 3040 1327 3085 tunc
1355 3032 1611 3102 quidquid
1635 3048 1864 3087 mamma
1893 3033 2129 3089 refundit

551 3121 842 3192 Tegminis,
872 3120 974 3176 hoc
1007 3124 1186 3191 patulo
1212 3125 1479 3179 concludit
1509 3142 1718 3196 gemma
1748 3143 1985 3185 recessu.

552 3214 686 3271 Hinc
718 3215 869 3270 fulcit
890 3216 1081 3269 rutilus
1101 3219 1337 3285 spatioso
1365 3219 1544 3273 circite
1570 3220 1759 3273 laevum

552 3304 725 3361 Umbo
750 3307 887 3361 latus
911 3324 923 3359 :
950 3306 1134 3360 videas
1162 3306 1248 3361 hic
1276 3322 1455 3362 crasso
1484 3308 1599 3363 fusa
1629 3312 1843 3367 metallo

552 3396 719 3453 Antra
743 3398 928 3463 Rheae,
955 3398 1224 3467 fetamque
1254 3399 1453 3468 lupam,
1485 3416 1642 3470 quam
1672 3404 1823 3460 fauce
1847 3412 2048 3461 retecta

554 3488 794 3543 Blandiri
823 3502 1034 3557 quoque
1064 3496 1239 3543 terror
1263 3496 1397 3555 erat,
1431 3507 1731 3561 quanquam
1760 3495 1849 3549 illa
1870 3510 2060 3553 vorare

624 3651 653 3682 ι
681 3641 739 3699 1η
764 3644 1087 3717 panegyrico
1110 3644 1251 3700 Aviti
1278 3663 1290 3699 :

908 3739 1125 3788 Emerita
1150 3739 1330 3788 trabeis
1352 3738 1621 3792 diademata
1644 3754 1889 3796 crescunt.

558 3846 911 3914 Imperatores
941 3844 1105 3907 enim,
1155 3857 1275 3897 cum
1316 3851 1538 3899 caeteras
1579 3847 1861 3915 dignitates
1910 3850 2043 3905 infra
2076 3866 2133 3907 se

558 3916 834 3979 ducerent,
868 3917 1178 3969 consulatus
1207 3925 1381 3970 tamen
1412 3916 1604 3970 infulas
1636 3936 1737 3971 non
1767 3922 1935 3974 solum
1965 3922 2131 3976 fortn-

557 4002 639 4058 na!
671 4001 781 4041 suze
826 4001 1137 4053 congruere,
1188 3986 1278 4040 sed
1312 3989 1509 4058 nomini
1542 4005 1752 4057 quoque
1783 3993 2042 4058 Angusto,
2079 4003 2129 4046 ut

559 4056 954 4130 valentinianus
974 4058 1023 4109 in
1043 4057 1337 4130 Novellaad
1363 4056 1666 4130 Sporatium
1696 4056 1944 4130 loquitur,
1968 4056 2131 4117 decus

557 4127 755 4182 addere
783 4127 1170 4181 existimarunt.
1220 4126 1342 4181 Ideo
1388 4126 1524 4182 hunc
1569 4126 1848 4186 solum'ex
1884 4126 2131 4189 omnibus

558 4200 916 4254 assumebant.
944 4198 1264 4251 Claudianus
1291 4196 1344 4250 in
1374 4200 1679 4267 Eutropium
1706 4204 1728 4255 1
1764 4221 1774 4253 :

1172 4330 1314 4379 Hunc
1338 4333 1510 4392 accipit
1526 4345 1674 4381 unum

678 4387 799 4455 Aula
820 4391 1156 4455 magistratum
1184 4404 1197 4436 :
1225 4394 1361 4440 vobis
1382 4387 1697 4455 patribusque
1714 4398 1924 4446 recurrit

678 4450 773 4497 Hic
794 4448 1012 4499 alternus
1039 4452 1210 4500 honos.

558 4574 810 4655 bibamus
834 4576 1021 4655 rhetor
1052 4579 1099 4655 in
1133 4578 1401 4655 Julianum
1422 4596 1436 4631 ι
1458 4581 1589 4655 Μόνη
1619 4584 1719 4655 γὰρ
1747 4580 1833 4640 ἥδε
1859 4593 2016 4652 τιμῶν
2056 4592 2137 4641 καὶ
2161 4566 2215 4627 Ῑ)

597 4647 802 4735 stadie);
822 4650 1014 4721 ἥρμοσε
1038 4646 1199 4735 τύλίῃ.
1225 4648 1468 4735 ἶΙὲιΙΙῘεὶηυε
1492 4651 1601 4735 ipse
1623 4646 1943 4735 ili'encotnio
1967 4654 2135 4711 Euse-

595 4719 659 4807 i’tB
715 4719 1012 4805 Augttslm‘:
1053 4719 1461 4807 Oiﬁrs‘idt‘ér’rnc,
1494 4720 1610 4807 03f:
1646 4721 1882 4793 βασιλεύς
1931 4730 2067 4781 ἔστιν
2108 4728 2137 4788 ἣ

559 4791 755 4915 ἓέγονεν
782 4829 798 4854 ,
844 4786 917 4869 ὃς.
943 4792 998 4842 οὐ
1035 4792 1250 4854 ζηλωτὸν
1285 4792 1504 4862 ἐνόμιζεν
1550 4786 1743 4855 ὖπάτος
1790 4786 2138 4865 ὀνομασθῆναιξ

603 4859 878 4914 laudianus
905 4859 1044 4913 idem
1078 4864 1127 4913 in
1161 4862 1465 4915 Stiliconem
1489 4864 1523 4915 2
1551 4882 1561 4915 :

603 4859 878 4914 laudianus
905 4859 1044 4913 idem
1078 4864 1127 4913 in
1161 4859 1465 4917 Stiliconem
1489 4864 1523 4915 2
1551 4882 1561 4916 :

926 4971 1207 5038 Titulnmne
1232 4972 1391 5021 levem
1423 4977 1654 5038 parvique
1675 4977 1869 5026 decoris

714 5032 983 5095 Credimus,
1013 5036 1215 5097 Augusti
1238 5049 1337 5097 quo
1360 5032 1671 5087 se'decor'are
1693 5038 1939 5091 fatentur?

630 5158 655 5196 ι)
682 5160 864 5238 Romae
892 5163 1367 5238 prosopographia,
1404 5164 1619 5238 elegans
1650 5166 1930 5238 imprimis,
1977 5170 2129 5238 117

559 5242 759 5306 etqua}
799 5232 1104 5306 Claudiana:
1136 5236 1189 5285 in
1232 5232 1509 5306 consulatu
1549 5232 1748 5306 Olybrii
1790 5248 1843 5290 et
1884 5232 2120 5304 Probﬁi,

558 5303 621 5375 ad
669 5301 821 5369 cujus
850 5303 1170 5375 exemplum!
1201 5303 1375 5358 efficta
1420 5301 1650 5370 videtur,
1685 5322 1868 5375 parum
1910 5301 2119 5363 debeat.

560 5373 722 5425 Porro
756 5374 1055 5444 panegyrici
1086 5373 1240 5441 hujus
1270 5385 1447 5442 partes
1493 5373 1771 5444 praecipitia
1816 5387 1938 5431 sunt
1982 5381 2117 5444 dum,

556 5458 776 5511 qua'um
812 5442 1030 5495 alteram
1067 5446 1175 5498 fere
1205 5453 1429 5512 occupat
1458 5442 1667 5500 Africa!
1694 5451 1863 5502 oratio
1898 5442 2120 5503 Romam

555 5514 852 5574 exorantis,
885 5521 941 5565 ιιι
972 5514 1292 5582 Majorianus
1325 5516 1581 5571 adversus
1610 5516 1954 5573 Gensericum
1985 5521 2125 5573 ultor

520 5583 1027 5655 ,veniatgalleratn
1062 5594 1214 5655 poeta
1268 5587 1381 5653 ipse
1428 5597 1616 5654 suapte
1664 5604 1725 5640 ex
1779 5605 2002 5655 persona
2048 5592 2121 5644 Io-

557 5670 745 5723 quens.
773 5653 827 5708 In
856 5653 940 5707 illa
971 5653 1246 5721 Maioriani
1268 5728 1271 5729 ν
1291 5657 1471 5729 laudes
1510 5653 1571 5711 ex
1612 5659 1674 5712 iis
1702 5653 1846 5713 tineit
1876 5676 1994 5729 qum
2026 5662 2124 5714 im-

555 5729 761 5801 perium
792 5734 1225 5801 antecesserunt;
1264 5728 1313 5779 in
1348 5728 1443 5781 hac
1469 5729 1669 5798 reliqua
1695 5728 2028 5801 persequitur
2055 5732 2120 5787 ad

555 5794 839 5851 adventum
870 5812 1032 5863 usque
1056 5796 1479 5866 Lugdunensem.

1792 340 2034 397 SIDONII
2078 336 2522 394 APOLLINARIS

2138 455 2185 512 Α
2221 450 2540 519 Martigenas
2571 456 2625 505 et
2654 448 2788 518 picta
2818 448 2994 512 timet;
3028 459 3151 516 pars
3178 444 3419 516 proxima
3444 444 3643 500 Tibrim

3681 335 3767 391 660

2217 546 2511 615 Exprimit;
2547 544 2630 599 hic
2660 544 2835 601 scabri
2870 542 3021 598 fusus
3052 545 3151 596 sub
3179 543 3389 612 pumice
3411 542 3577 613 tophi,

2217 638 2487 693 Prollabat
2511 637 2777 692 madidum
2809 651 2905 706 per
2935 643 3148 705 guttura
3174 636 3359 704 glauca
3391 650 3651 705 soporem.

2218 727 2408 785 Pectus
2438 728 2577 798 palla
2608 728 2757 797 tegit,
2790 741 2947 796 quam
2975 736 3190 780 neverat
3224 725 3315 779 Ilia
3348 726 3560 795 conjnx,

2219 822 2461 893 Liquenti
2490 835 2607 891 qua:
2633 822 2816 891 juncta
2846 831 2965 873 toro
2994 820 3101 872 vult
3134 834 3406 873 murmura
3434 819 3656 889 lymphis

2219 913 2447 978 Tollere,
2480 921 2532 965 et
2560 911 2747 965 undosi
2777 902 3021 965 somnum
3052 924 3276 965 servare
3310 910 3507 964 mariti.

2218 1005 2318 1058 Ista
2350 1003 2545 1058 micant
2568 1004 2788 1073 clypeo;
2814 1002 2989 1071 cuspis
3018 1003 3167 1056 trabe
3200 1003 3369 1072 surgit
3391 1002 3609 1070 eburna,

2222 1097 2379 1151 Ebria
2412 1097 2555 1152 cmde
2581 1100 2752 1149 virum
2781 1113 2795 1149 :
2820 1102 3036 1163 propter
3077 1094 3300 1148 Berlona
3335 1104 3591 1163 tropaeum

2221 1189 2473 1252 Exstruit,
2514 1197 2563 1242 et
2592 1201 2845 1256 quercum
2876 1184 3084 1255 captivo
3112 1186 3348 1255 pondere
3376 1195 3582 1243 curvat.

2221 1283 2503 1352 Consurgit
2532 1282 2723 1335 solium
2754 1281 2918 1346 saxis,
2948 1294 3065 1350 quas
3090 1295 3225 1334 carsa
3248 1280 3457 1335 rubenti

2221 1365 2525 1443 [Ethiopum
2556 1374 2824 1427 demente
2855 1372 3069 1438 cadunt,
3101 1372 3188 1425 ubi
3216 1372 3327 1427 sole
3359 1372 3650 1443 propinquo

2225 1469 2407 1523 Nativa
2431 1477 2645 1523 exustas
2672 1467 2871 1521 afflavit
2902 1480 3131 1536 purpura
3166 1481 3345 1534 rupcs.

2223 1562 2469 1631 Iungitur
2490 1560 2577 1615 hic
2603 1560 2817 1625 Sinnas,
2843 1558 3142 1613 Numadum
3173 1558 3305 1627 lapis
3335 1557 3546 1612 additur
3573 1558 3714 1613 isthic

2224 1656 2513 1725 Antiquum
2542 1655 2796 1709 mentitus
2830 1653 2962 1707 cbnr
2988 1672 2998 1707 :
3036 1662 3154 1723 post
3181 1662 3331 1708 caute
3361 1652 3625 1708 Laconum

2224 1748 2498 1805 Marmoris
2528 1747 2741 1803 herbosi
2772 1747 2987 1803 radians
3010 1746 3285 1801 interviret
3310 1746 3463 1802 ordo.

2147 1834 2194 1893 B
2292 1841 2432 1911 Ergo
2461 1847 2519 1894 ut
2540 1854 2599 1895 se
2626 1838 2853 1893 mediam
2880 1838 3015 1893 solio
3045 1836 3211 1904 dedit,
3244 1837 3457 1891 advolat
3484 1839 3651 1894 omnis

2223 1934 2389 1989 Terra
2419 1932 2609 1996 simul;
2637 1942 2747 1985 tum
2780 1946 3000 2001 quaeque
3029 1945 3154 1983 suos
3178 1930 3451 1999 provincia
3475 1929 3667 1983 fructus

2224 2024 2385 2095 310
2416 2021 2706 2091 Exposuit:
2730 2020 2832 2075 fert
2853 2020 3011 2074 Indus
3034 2020 3185 2085 ebur,
3203 2019 3487 2073 Chaldaeus
3509 2034 3775 2089 amomum,

2225 2116 2475 2187 Assyrius
2503 2128 2761 2185 gemmas,
2796 2113 2894 2168 Scr
2924 2112 3145 2176 vellera,
3179 2112 3331 2165 thura
3356 2112 3597 2175 Sabaeus,

2228 2211 2403 2266 Atthis
2436 2211 2563 2273 mel,
2594 2208 2815 2262 Phoenix
2845 2207 3071 2275 palmas,
3100 2204 3447 2259 Lacedaemon
3474 2206 3688 2272 olivum,

2231 2313 2253 2340 ο
2280 2302 2445 2356 Arcas
2474 2316 2661 2369 equos,
2694 2299 2886 2368 Epirus
2917 2313 3099 2367 equas,
3138 2299 3380 2365 pecuaria
3408 2297 3612 2362 Gallus,

2228 2395 2388 2448 Arma
2417 2391 2671 2463 Chalybs,
2696 2390 2955 2443 frumenta
2988 2388 3170 2459 Libys,
3202 2387 3505 2457 Campanus
3531 2387 3782 2457 Iacchum,

2233 2490 2429 2542 Aurum
2464 2485 2661 2555 Lydus,
2694 2481 2865 2538 Arabs
2886 2483 3112 2552 guttam,
3144 2480 3405 2534 Panchaia
3436 2480 3723 2549 myrrham,

2233 2582 2430 2636 Pontus
2457 2586 2721 2637 castorea,
2750 2576 2969 2628 blattam
3003 2573 3194 2642 Tyrus,
3225 2586 3329 2626 arra
3351 2569 3657 2625 Corinthus.

2232 2671 2472 2729 Sardinia
2504 2677 2801 2736 argentum,
2826 2680 2988 2719 naves
3024 2663 3269 2732 llispania
3298 2662 3489 2728 defert,

2232 2755 2551 2818 d'It‘ulminis
2583 2770 2635 2816 et
2664 2758 2925 2829 lapidem;
2950 2754 3197 2825 scopulos
3218 2754 3501 2823 jaculabile
3528 2753 3699 2823 fulgur

2232 2858 2415 2923 Fucat,
2448 2864 2501 2909 ct
2527 2867 2806 2907 accensam
2837 2852 3041 2904 silicem
3074 2848 3294 2902 fecunda
3326 2847 3540 2901 maritat

2232 2951 2313 3005 Ira
2338 2949 2493 3003 deum
2522 2964 2533 2998 :
2560 2942 2983 3015 quotiescoelum
3011 2956 3069 2995 se
3097 2948 3396 2995 commovet
3418 2938 3543 3004 illic,

2232 3043 2356 3097 Plus
2385 3042 2453 3095 ibi
2488 3049 2625 3093 terra
2656 3037 2816 3091 valet.
2854 3046 2873 3072 ο
2903 3034 3089 3092 Subito
3117 3033 3250 3088 ﬂens
3278 3032 3453 3087 Africa
3485 3030 3661 3101 nigras

2230 3131 2520 3189 Procubuit
2552 3130 2776 3183 lacerata
2807 3142 2987 3198 genas,
3021 3133 3075 3180 et
3102 3139 3300 3180 cernua
3329 3123 3559 3177 froatcm

2157 3212 2201 3273 C
2234 3226 2349 3280 Jam
2377 3222 2517 3277 male
2547 3218 2802 3275 fecundas
2830 3220 2882 3273 in
2911 3218 3111 3272 vertice
3139 3217 3293 3287 fregit
3320 3216 3528 3269 aristas.

2238 3315 2304 3369 Et
2324 3316 2401 3368 sic
2427 3328 2545 3366 orsa
2570 3312 2709 3379 1οιιυὶ
2734 3320 2815 3365 est
2849 3328 2860 3361 :
2899 3308 3063 3363 Venio
3092 3322 3213 3376 pars
3243 3305 3397 3359 tertia
3426 3304 3628 3368 mundi,

2237 3404 2421 3460 Infelix
2455 3404 2605 3457 felice
2631 3417 2735 3456 uno
2757 3442 2770 3465 ,
2802 3400 2997 3453 famula
3031 3407 3175 3453 satus
3206 3397 3331 3452 olim

2240 3498 2336 3552 Hic
2368 3497 2569 3567 praedo,
2603 3502 2656 3549 et
2683 3493 2911 3548 dominis
2937 3491 3236 3555 exstinctis,
3268 3490 3491 3545 barbara
3519 3489 3715 3546 dudum

2310 3667 2331 3695 ο
2360 3655 2594 3725 angati,
2626 3654 2826 3722 Argos;
2852 3651 2944 3707 sed
2974 3659 3212 3705 veterum
3238 3650 3490 3725 librorum
3520 3664 3806 3725 consensui

2235 3721 2514 3782 Sidonium
2545 3721 2707 3777 Arcas
2726 3725 3005 3790 scripsisse
3030 3721 3329 3790 persuadet.
3364 3721 3577 3790 Alioqui
3599 3721 3806 3776 laudan-

2236 3808 2322 3852 tur
2346 3799 2504 3852 etiam
2529 3796 2648 3865 equi
2682 3790 2938 3861 Argolici,
2976 3804 3028 3846 ut
3054 3790 3535 3865 ArcadiciaStrabo
3565 3792 3656 3865 llb‘.
3692 3807 3808 3850 Vlll:

2232 3868 2377 3924 ’Ἐστι
2421 3867 2473 3922 δὲ
2509 3862 2593 3921 καί
2641 3867 2696 3921 τὸ
2730 3867 2869 3938 γένος
2905 3873 3001 3919 τῶν
3042 3866 3213 3939 ἷππῳν
3256 3863 3519 3939 κράτ-ιρ-τον
3556 3862 3807 3939 τὸᾊρκαη

2234 3940 2395 4005 δικὸν,
2458 3941 2673 4011 καοᾲπξρ
2720 3934 2806 4011 ἑαξῄ
2833 3939 2888 3991 τὸ
2918 3935 3221 4011 Ἀργολιρεόνᾷ
3262 3934 3327 4011 Et
3352 3934 3602 4011 _l_l_omero
3647 3934 3809 4011 Apr/6;

2236 4012 2509 4065 ἱππόϐθτον
2539 4004 2753 4082 dicitur,
2786 4004 3157 4082 irrmo;"Ap'yoc
3182 4004 3444 4075 Euripidi,
3472 4013 3644 4076 aptum
3680 4004 3810 4075 éqttit

2239 4083 2398 4149 Argos
2432 4080 2665 4134 lloratio.

2303 4143 2326 4189 ἀ
2355 4150 2668 4206 Ccrauniam
2688 4162 2972 4215 gemmam.
2990 4146 3311 4203 Claudianus
3330 4146 3384 4201 in
3403 4145 3559 4202 laude
3577 4143 3805 4202 Serenaa.

2613 4325 2920 4383 l‘yreneique
2942 4324 3034 4371 sub
3052 4326 3203 4371 antris

2362 4386 2513 4448 Ignea
2533 4384 2779 4432 fulmineis
2802 4384 2974 4445 legere
3002 4386 3229 4433 ceraunia
3256 4383 3505 4445 Nymphae.

2241 4530 2454 4585 Solinus
2494 4529 2841 4597 Polyhistoris
2885 4544 3003 4596 cap.
3037 4528 3129 4587 36,
3178 4539 3231 4581 et
3272 4528 3509 4583 Isidorus
3536 4528 3807 4598 Originum

2244 4604 2329 4667 l6,
2356 4616 2460 4656 non
2499 4601 2550 4653 in
2574 4598 2805 4670 Pyrenei
2831 4600 2991 4669 jugis,
3039 4599 3128 4653 sed
3162 4601 3210 4652 in
3240 4599 3510 4653 Lusitania
3562 4600 3663 4667 legi
3713 4609 3811 4653 tra.

2244 4674 2395 4728 dunt.
2424 4672 2537 4725 Duo
2563 4674 2704 4726 enim
2749 4671 2946 4724 faciunt
2984 4684 3178 4740 genera
3208 4671 3581 4723 cerauniorum
3612 4688 3623 4723 :
3652 4685 3807 4725 unum

2242 4744 2384 4813 quod
2412 4743 2690 4797 Carmania
2716 4741 2900 4813 mittit,
2921 4740 3176 4813 crystallo
3198 4742 3389 4801 simile,
3414 4744 3553 4813 quod
3574 4742 3807 4807 splendet

2244 4812 2420 4869 tamen
2448 4816 2698 4880 cteruleo,
2728 4824 2779 4866 ct
2807 4812 2908 4867 Sub
2935 4812 3023 4864 dio
3054 4812 3283 4880 positmn
3305 4812 3646 4877 splendorem
3678 4813 3806 4880 rapit

2243 4885 2509 4951 siderum;
2541 4885 2769 4939 alterum
2812 4898 2843 4936 e
2892 4883 3152 4935 Lusitanis
3200 4883 3470 4949 Hispaniae
3524 4882 3807 4947 littoribus,

2244 4957 2327 5009 cui
2354 4958 2501 5012 color
2530 4966 2607 5009 est
2638 4969 2804 5023 prope
2842 4953 3101 5006 rubentis.
3122 4953 3333 5023 Alludlt
3361 4952 3603 5004 Ruricius
3630 4954 3721 5006 lib.
3750 4968 3805 5015 Il,

2244 5028 2399 5095 epist.
2426 5027 2807 5080 MCeraunim:
2831 5025 2895 5079 Ut
2919 5026 3096 5095 possis,
3118 5022 3304 5091 inquit,
3332 5024 3610 5095 secundum
3631 5040 3806 5076 nomen

2242 5092 2386 5150 tuum
2412 5114 2525 5150 cum
2548 5099 2637 5151 illa
2667 5098 2921 5150 beatorum
2946 5092 3092 5146 turba
3117 5108 3229 5145 vera
3250 5094 3516 5160 splendere
3545 5096 3804 5157 ceraunia,

2244 5178 2287 5221 et
2332 5170 2559 5222 rocabuli
2603 5169 2675 5220 tui
2720 5176 2897 5219 auctor
2947 5165 3178 5217 existere.
3234 5165 3437 5217 Nomen
3478 5164 3621 5225 inde,
3669 5166 3803 5230 quod

2238 5239 2359 5292 alibi
2378 5254 2533 5308 quam
2561 5239 2611 5291 in
2643 5239 2770 5292 locis
2792 5244 3033 5310 κεραυνῷ,
3056 5233 3104 5287 id
3130 5243 3211 5287 est
3233 5235 3471 5299 fulmine,
3503 5236 3673 5297 tactis,
3702 5250 3802 5289 non

2233 5310 2548 5363 inveniatur.

2306 5391 2327 5417 ε
2356 5378 2548 5433 Africa!
2573 5380 2691 5431 icon
2709 5386 2762 5429 ct
2786 5376 2971 5437 oratio,
2989 5392 3107 5445 qua:
3132 5392 3237 5431 non
3259 5392 3445 5446 parum
3463 5377 3628 5446 etiam
3651 5377 3804 5429 habet

2232 5465 2261 5503 e
2282 5449 2558 5504 Claudiani
2590 5447 2931 5500 Gildoniacis.
2960 5444 3032 5501 Ibi
3059 5444 3302 5517 queritur
3331 5447 3416 5500 illa
3440 5461 3499 5502 se
3532 5464 3556 5497 a
3580 5444 3803 5500 Gildone

2233 5534 2573 5586 oppressam;
2629 5518 2711 5570 hic
2750 5535 2774 5567 τι
2804 5516 3113 5582 Censerico,
3141 5521 3229 5588 qui
3260 5518 3509 5571 Vandalis
3542 5519 3592 5571 in
3626 5516 3799 5581 Africa

2235 5592 2523 5658 imperans,
2549 5588 2799 5649 barbara,
2828 5597 2883 5641 ut
2915 5589 3007 5655 ait,
3028 5600 3236 5656 sceptra
3262 5588 3503 5651 tenebat;
3538 5588 3800 5642 “Obiilblls

2230 5659 2641 5724 honoratisquc,
2703 5660 2842 5725 quod
2895 5658 3122 5727 Prosper
3169 5670 3223 5713 ct
3267 5660 3449 5713 Victor
3492 5660 3795 5719 observant,

2228 5729 2493 5798 prtecipue
2523 5730 2759 5782 infestus.
2808 5729 3027 5782 Romani
3070 5733 3226 5785 etiam
3262 5732 3492 5784 triennio
3525 5741 3650 5782 ante
3691 5729 3798 5781 lucc

2226 5816 2283 5855 ca
2295 5809 2431 5869 piam
2456 5801 2564 5853 suis
2583 5798 2768 5869 opibus
2794 5801 3063 5869 spoliarat.
