4072 6348
332 274 435 331 661

330 400 559 467 Sceptra
591 399 733 447 tenet
763 389 957 445 tellure
984 401 1120 451 mea,
1158 385 1471 456 penitusque
1500 379 1676 451 fugata

334 488 627 545 Nobilitate
658 482 867 541 furens.
905 478 1044 549 quod
1073 492 1176 530 non
1208 484 1311 541 est,
1344 488 1449 527 non
1482 478 1626 526 amat
1651 471 1868 540 hospes.

333 580 381 637 Ο
404 577 539 634 Latii
570 574 745 643 sopite
774 572 925 641 vigor
956 580 1041 623 tua
1073 566 1270 621 muenia
1298 564 1447 619 ridet.

336 668 550 727 lnsidiis
577 664 805 721 cessisse
828 662 939 716 suis
964 677 977 714 :
1012 674 1117 713 non
1148 656 1388 712 concutis
1418 654 1662 710 hastam?

334 763 454 818 Non
486 774 584 830 pro
610 771 697 812 me
714 754 798 810 vel
825 761 975 822 capta
1006 750 1195 807 doles?
1221 759 1305 804 tua
1340 763 1531 818 nempe
1555 756 1810 819 putantur

335 854 572 924 Surgere
597 849 705 903 fata
733 845 907 909 malis,
929 852 985 901 et
1012 843 1206 899 celsior
1236 857 1355 898 esse
1381 842 1559 896 ruina.

334 944 446 1003 Sed
474 943 688 1008 melius,
711 950 817 1010 quo
841 946 1012 993 terror
1042 936 1152 990 abit
1177 954 1187 987 :
1218 935 1324 1005 jam
1352 934 1569 988 vincere
1596 939 1764 988 restat

339 1039 401 1095 Si
430 1048 653 1108 pugnas,
686 1040 743 1088 ut
769 1032 906 1085 vieta
936 1028 1100 1084 soles.
1130 1036 1156 1064 ει
1184 1027 1459 1095 Porsenna
1485 1024 1773 1095 superbum

338 1128 692 1200 Tarquinium
717 1124 1036 1193 impingens,
1070 1120 1359 1190 complevit
1387 1119 1555 1174 milite
1584 1118 1800 1172 Thusco

340 1220 646 1281 laniculum
672 1215 975 1287 quondam;
1006 1213 1101 1269 sed
1122 1212 1247 1269 dum
1280 1225 1629 1281 perrumpere
1653 1220 1834 1281 portas

341 1313 640 1373 Obsidione
668 1317 844 1379 parat,
874 1316 1038 1363 totam
1063 1314 1113 1361 te
1141 1305 1360 1374 pertulit
1388 1318 1495 1359 uno

341 1405 567 1465 Coclitis
594 1404 649 1458 in
670 1402 887 1473 clypeo;
919 1407 1231 1471 presserunt
1256 1398 1415 1453 millia
1446 1397 1619 1452 solum

345 1498 507 1554 Multa
528 1492 728 1563 virum,
752 1491 1021 1562 pendente
1052 1491 1132 1545 via
1156 1507 1169 1555 ;
1201 1505 1300 1545 nec
1328 1498 1490 1561 ponte
1516 1491 1693 1545 soluto

345 1591 507 1661 311
535 1587 667 1643 Cum
689 1584 929 1647 caderet,
959 1581 1171 1637 cecidit.
1204 1581 1313 1636 Rex
1342 1582 1483 1635 idem
1503 1582 1733 1651 denique
1756 1586 1932 1634 morte

349 1679 673 1736 Admonitus
698 1674 888 1731 scribae
920 1672 1109 1728 didicit
1136 1673 1235 1727 sibi
1270 1673 1409 1726 bella
1440 1674 1662 1738 moveri,

348 1771 464 1827 Non
496 1770 669 1824 solum
701 1782 823 1823 cum
854 1766 991 1822 bella
1023 1766 1226 1829 forent;
1258 1779 1377 1819 mox
1412 1779 1539 1834 pace
1564 1766 1746 1833 petita,

348 1865 410 1921 In
438 1879 661 1934 regnum
693 1861 872 1925 rediit,
911 1875 1014 1914 non
1048 1870 1154 1912 tam
1186 1858 1408 1913 feriente
1439 1858 1670 1928 fugatus,

349 1958 522 2026 Quam
554 1957 811 2025 ﬂagrante
839 1956 953 2007 viro
981 1969 995 2006 :
1022 1960 1248 2007 steterat
1273 1967 1394 2005 nam
1425 1952 1586 2007 corde
1617 1953 1791 2021 gelato

353 2049 615 2113 Scaevola,
650 2058 706 2105 et
729 2048 972 2118 apposito
1002 2046 1241 2100 dextram
1271 2046 1618 2100 damnaverat
1643 2046 1773 2115 igni,

353 2142 483 2197 Plus
514 2141 635 2195 felix
670 2146 923 2209 peccante
949 2152 1133 2201 manu,
1160 2151 1281 2189 cum
1310 2136 1442 2189 forte
1471 2137 1686 2191 satelles

353 2232 608 2297 Palleret,
642 2239 925 2285 constante
952 2243 1069 2291 reo,
1102 2237 1470 2293 tormentaque
1501 2230 1639 2297 capti

356 2329 405 2380 Is
429 2327 655 2397 fugeret,
689 2324 779 2394 qui
812 2332 983 2377 tortor
1011 2330 1146 2377 erat.
1181 2323 1445 2376 Brennum
1482 2322 1743 2377 tremuisti

356 2419 483 2472 Post
513 2416 702 2471 melior
730 2434 741 2467 τ
768 2415 1120 2484 quodcunque
1155 2424 1301 2467 tuum
1334 2423 1437 2478 est,
1466 2414 1819 2485 quodcunque
1851 2429 1940 2470 vo-

1698 2506 1873 2578 [caris

356 2605 475 2659 Jam
503 2602 649 2658 solus
677 2600 934 2670 Tarpeius
960 2608 1106 2665 erat;
1139 2600 1231 2654 scd
1262 2599 1497 2669 reppulit
1521 2615 1657 2654 unus

360 2699 493 2753 Tum
512 2712 723 2767 quoque
745 2704 905 2751 totam
925 2695 1113 2762 aciem,
1135 2694 1373 2750 Senones
1391 2692 1515 2747 dum
1532 2695 1773 2763 garrulus
1787 2707 1946 2749 anser

359 2792 599 2857 Nuntiat,
637 2799 689 2845 et
715 2789 899 2860 vigilat
927 2797 1159 2843 vestrum
1188 2789 1301 2842 sine
1332 2787 1499 2841 milite
1533 2788 1716 2841 fatum.

362 2886 448 2940 Me
475 2898 683 2954 quoque
715 2883 803 2953 (da
834 2884 1068 2946 veniam,
1098 2880 1236 2950 quod
1265 2880 1462 2934 bellum
1484 2881 1745 2949 gessimus
1766 2880 1917 2950 olim)

361 2975 489 3031 Post
513 2976 761 3031 Trebiam
792 2974 1111 3045 Cannasque
1136 2975 1320 3029 domas
1348 2994 1356 3026 :
1388 2976 1621 3029 Romam
1634 2990 1733 3044 quc
1758 2982 1894 3029 tecta

366 3070 629 3125 Hannibal
655 3078 778 3123 ante
809 3083 985 3134 meus,
1019 3084 1174 3136 quam
1209 3076 1388 3121 nostra
1420 3067 1596 3136 Scipio
1628 3068 1779 3121 vidit.

363 3163 500 3230 Quid
528 3162 735 3217 merui?
760 3162 881 3215 fatis
909 3168 1072 3228 cogar
1105 3160 1200 3215 tibi
1231 3161 1364 3214 bella
1400 3174 1639 3223 movere,

364 3253 499 3308 Cum
526 3252 673 3315 volo,
694 3267 815 3305 cum
849 3251 974 3305 nolo
1002 3266 1014 3307 :
1042 3250 1280 3320 trepidus
1309 3251 1594 3304 tevterritat
1626 3250 1814 3314 hostis,

365 3347 472 3402 Sed
505 3355 646 3400 tutus
676 3344 955 3400 claudente
986 3344 1146 3410 freto,
1182 3344 1329 3398 velut
1362 3342 1604 3414 hispidus
1634 3342 1737 3397 alta

366 3436 473 3495 Sus
507 3448 672 3505 prope
694 3443 873 3502 tesqua
898 3434 1061 3503 jacet,
1092 3432 1411 3501 claususque
1436 3433 1740 3486 cacuminat
1766 3431 1899 3485 albis

368 3534 443 3587 Os
470 3531 676 3598 nigrum
704 3528 824 3583 telis
850 3526 1152 3598 gravidum,
1186 3526 1553 3581 circumlatrat
1583 3527 1769 3595 ingens

368 3626 550 3682 Turba
578 3639 791 3687 canum,
822 3622 868 3676 si
897 3622 1034 3677 forte
1064 3622 1192 3675 velit
1216 3637 1539 3677 concurrere
1569 3636 1759 3690 campo
1787 3639 1796 3673 :
1854 3688 1858 3693 Α

370 3716 465 3772 Ille
491 3731 583 3786 per
612 3714 853 3784 objectos
881 3727 1072 3785 vepres
1096 3720 1264 3766 tumet
1292 3721 1451 3782 atque
1482 3710 1745 3780 supcrbit,

374 3809 437 3865 Vi
463 3810 659 3877 tenuis,
688 3806 949 3876 fortisque
971 3806 1110 3872 loco,
1140 3805 1265 3861 dum
1301 3806 1571 3875 proximus
1599 3805 1690 3858 Eia

373 3902 608 3958 Venator
636 3902 704 3957 de
725 3900 863 3957 colle
894 3908 1086 3955 sonet:
1119 3914 1221 3953 vox
1262 3907 1387 3953 nota
1411 3898 1651 3967 magistri

374 3996 651 4052 Lassatam
680 4002 895 4063 reparat
923 3992 1126 4047 rabiem
1152 4005 1165 4043 :
1191 4000 1302 4045 tum
1333 3992 1553 4045 vulnera
1586 4004 1757 4044 crecus

376 4078 602 4144 Fastidit
625 4087 824 4142 sentire
850 4085 1015 4139 furor.
1044 4083 1178 4151 Quid
1208 4082 1389 4153 praelia
1425 4081 1643 4135 differs?

450 4238 477 4267 ι
502 4229 654 4297 Quod
686 4228 995 4294 Porsennae,
1014 4225 1248 4288 Brenno,
1266 4222 1547 4297 Hannibali
1577 4222 1845 4291 quondam
1870 4236 1961 4275 ac-

379 4302 530 4367 cidit,
563 4309 619 4354 ut
646 4314 674 4352 a
699 4298 955 4353 Romanis
986 4306 1105 4366 post
1126 4298 1388 4367 maximas
1411 4296 1589 4348 clades
1622 4304 1962 4363 terroresque

380 4365 828 4443 proﬂigareutur,
896 4365 1036 4443 idetn
1074 4384 1233 4443 nunc
1292 4365 1582 4419 Genscrico
1642 4373 1959 4419 eventurum

380 4436 628 4509 spondet,
659 4441 704 4495 si
723 4440 1044 4509 Majorianns
1074 4439 1127 4491 in
1152 4454 1273 4492 cum
1301 4452 1447 4490 arma
1470 4443 1785 4509 convertat;
1806 4436 1960 4509 quasi

384 4505 439 4567 in
470 4512 590 4566 fatis
618 4505 688 4565 Sit
715 4505 884 4575 illum,
910 4511 1050 4580 quod
1081 4512 1176 4576 ait,
1213 4518 1489 4563 venturum
1522 4507 1732 4580 excidio
1760 4505 1961 4575 Libyae,

385 4585 707 4648 tertiumque
727 4598 794 4636 ex
812 4598 871 4635 ea
898 4578 1013 4650 post
1029 4581 1308 4647 Scipiones
1324 4594 1619 4644 cognomen
1644 4578 1960 4650 relaturum.

460 4652 488 4689 ι’
519 4652 655 4707 Urbs
683 4661 765 4707 est
794 4648 1081 4706 Pannoniae
1104 4650 1167 4716 ll,
1198 4651 1250 4703 in
1274 4664 1375 4717 qua
1398 4659 1451 4701 et
1476 4650 1724 4702 Sirmium
1757 4648 1967 4717 provin-

386 4725 487 4779 cia:
528 4732 703 4792 caput.
746 4724 979 4777 Acincus
1016 4721 1239 4783 eadem,
1286 4734 1411 4792 non,
1436 4719 1682 4792 Arintlius
1724 4720 1971 4792 scribitur

385 4798 549 4850 etiam
581 4789 715 4864 apud
744 4793 1139 4864 Marcellinum,
1185 4799 1239 4843 et
1269 4791 1319 4843 in
1355 4789 1677 4864 Itinerariis».
1729 4797 1885 4864 atque
1920 4790 1969 4842 in

387 4860 625 4929 Notitia,
668 4866 720 4918 in
753 4879 853 4934 qua
896 4873 951 4917 et
988 4863 1311 4934 Acincenses
1344 4860 1538 4913 milites
1584 4862 1681 4913 sub
1724 4860 1972 4929 magistro

389 4937 625 5006 equitum
678 4932 783 5002 per
813 4934 1053 5006 Gallias.
1082 4933 1199 5006 dant
1232 4932 1331 4985 hoc
1366 4944 1577 5006 quoque
1607 4939 1813 5006 certum
1856 4940 1968 4997 est,

390 4999 586 5078 Illyrici
620 4999 1249 5078 nomenpusterioribus
1284 5001 1493 5054 saeculis
1543 4999 1777 5078 imperii,
1817 5003 1973 5078 118

394 5070 499 5132 no'n
532 5078 689 5131 unius
718 5077 787 5130 inT
803 5070 1090 5130 Hadriatici
1123 5073 1281 5127 maris
1314 5086 1405 5125 ora
1443 5070 1728 5134 provincia:
1759 5070 1970 5136 finibus,

390 5159 451 5204 ut
476 5149 625 5213 olim,
652 5148 892 5202 clausum
922 5147 1118 5212 fuisse;
1148 5144 1242 5200 sed
1270 5143 1332 5196 ad
1366 5142 1619 5207 plurimas
1642 5141 1977 5213 circumqua-

391 5234 497 5290 que
527 5211 827 5290 pr0vincias
854 5218 1174 5286 pertinuisse
1200 5234 1221 5290 γε
1253 5212 1390 5290 quod
1413 5226 1681 5290 magnum
1707 5211 1976 5290 llly_rieum

393 5282 477 5345 est
511 5282 751 5344 Ausonio
779 5282 1161 5359 epigrammate
1190 5289 1240 5341 l.
1272 5282 1426 5359 Festi
1458 5282 1575 5359 [tuti
1620 5297 1734 5337 :evo
1764 5284 1826 5335 t7
1860 5298 1980 5359 pro-

393 5360 599 5416 vincias
628 5354 1112 5428 complectebatur;
1146 5368 1265 5429 post
1294 5358 1454 5429 etiam
1491 5356 1573 5429 19,
1611 5370 1831 5429 quarum
1853 5354 1982 5429 alia:

396 5441 520 5502 post
562 5423 775 5499 imperii
806 5423 1117 5502 divisionem
1148 5423 1265 5499 quze
1304 5429 1358 5502 in
1398 5426 1593 5481 Notitia
1637 5423 1980 5502 describitur,

399 5496 503 5558 hoc
531 5509 615 5559 est
641 5496 762 5572 post
790 5501 1006 5556 Arcadii
1027 5512 1080 5556 et
1108 5496 1327 5556 Honorii
1361 5510 1621 5567 tempora,
1652 5496 1862 5567 Illyrico
1883 5496 1984 5549 Oc-

474 5612 492 5643 ¹
528 5612 774 5667 Barthius
822 5610 1036 5664 Advers.
1062 5649 1076 5674 ,
1127 5624 1244 5678 pag.
1286 5608 1445 5672 1626,
1498 5608 1574 5662 sic
1625 5604 1785 5661 scribi
1825 5602 1936 5658 vult
1971 5621 1982 5655 :

402 5683 650 5741 Germani
681 5683 795 5752 plus
836 5692 992 5735 morte
1033 5680 1280 5751 (nefas!)
1321 5696 1441 5733 nam
1490 5680 1685 5747 alioqui
1711 5678 1987 5752 absonum

405 5756 550 5813 dictu
583 5749 733 5823 esse,
768 5756 880 5823 plus
915 5749 1057 5824 nefas
1088 5752 1252 5821 facere
1287 5766 1380 5820 pro
1418 5754 1581 5821 majus
1619 5749 1781 5803 scelus
1814 5763 1990 5817 perpe-

1793 254 2117 310 CAHMINA.

1948 379 2000 438 Α

2026 375 2161 444 Quid
2195 390 2339 430 mare
2364 376 2637 444 formidas,
2664 390 2759 445 pro
2782 375 2935 444 cujus
2964 388 3106 442 saepe
3139 374 3425 445 triumphis

2027 468 2094 524 Et
2122 470 2315 524 cretum
2345 484 2581 538 pugnare
2604 465 2771 523 solet?
2802 468 2939 536 Quid
2969 466 3112 538 quod
3147 467 3240 521 tibi
3270 468 3520 537 princeps

2027 563 2116 616 Est
2144 576 2282 616 nunc
2304 560 2550 626 eximius,
2581 576 2739 631 quem
2766 561 2988 631 praescia
3008 560 3204 615 saecula
3225 560 3462 614 clamant

2026 656 2186 728 312
2206 654 2498 711 Venturum
2527 654 2735 708 excidio
2765 654 2964 725 Libyas,
2998 652 3087 722 qui
3116 652 3306 707 tertius
3334 665 3404 707 ex
3430 664 3517 707 me

2028 753 2270 821 Accipiet
2298 751 2529 806 nomen?
2555 749 2754 804 debent
2775 750 2874 803 hoc
2901 748 3003 802 fata
3031 748 3223 813 labori,

2028 846 2337 915 Majoriane,
2366 853 2455 898 tuo
2486 856 2680 911 :quem
2710 854 2806 895 cur
2831 840 3193 895 conscendere
3220 839 3473 905 classem,

2028 940 2105 994 Ac
2132 948 2314 1007 portus
2344 937 2543 990 intrare
2572 948 2738 999 mens,
2772 932 3062 1000 urbemque
3094 930 3291 995 subire,

2030 1036 2085 1089 Si
2106 1035 2316 1102 jnbeas,
2347 1032 2578 1097 cupiam,
2612 1027 2797 1097 paucis
2828 1042 2890 1080 ex
2925 1024 3111 1080 ordine
3139 1024 3308 1079 fabor.

2100 1126 2290 1182 Fertur
2316 1124 2607 1180 Pannoniae
2635 1137 2735 1191 qua
2762 1120 2790 1157 ι)
2817 1121 3000 1174 Martia
3028 1120 3191 1189 pollet
3219 1118 3473 1184 Acincus,

2034 1220 2303 1290 Illyricum
2333 1217 2537 1271 rexisse
2566 1214 2736 1269 solum
2758 1226 2877 1267 cum
2913 1213 3165 1267 tractibus
3190 1210 3307 1265 lstri

2034 1312 2200 1378 Hujus
2233 1324 2394 1374 avus;
2429 1323 2549 1363 nam
2582 1306 2917 1361 Theudosius
2946 1308 3053 1374 quo
3084 1314 3324 1373 tempore
3353 1303 3513 1359 Sirml

2034 1406 2326 1475 Augustum
2356 1403 2585 1472 sumpsit
2610 1414 2836 1467 nomen,
2870 1414 2965 1468 per
2991 1409 3271 1467 utramque
3299 1398 3599 1468 magistrun

1971 1513 1977 1518 ·
2036 1496 2297 1560 Militiam,
2334 1494 2398 1548 ad
2427 1502 2605 1563 partes
2636 1492 2783 1561 regni
2816 1500 3068 1545 venturus
3097 1504 3221 1545 eoas
3241 1530 3256 1555 ,

2038 1587 2387 1656 Majorianum
2415 1585 2619 1639 habuit.
2654 1582 2815 1638 Latiis
2838 1592 2962 1636 sunt
2990 1580 3203 1657 condita
3231 1578 3381 1635 fastis

2038 1679 2195 1734 Facta
2218 1678 2369 1733 ducis
2393 1693 2406 1731 :
2430 1676 2640 1746 qu0ties
2667 1675 2933 1746 Scythicis
2960 1674 3100 1729 illata
3130 1672 3336 1727 colonis

1962 1764 2007 1825 Β
2034 1771 2264 1826 Classica
2298 1778 2606 1839 presserunt
2635 1769 2919 1839 Hypanim,
2954 1766 3292 1833 Peucemque
3325 1766 3434 1825 ri:

2039 1864 2217 1919 Monte
2246 1863 2487 1917 salutatis
2520 1859 2685 1915 irrisit
2720 1860 2823 1913 lixa
2858 1858 3093 1928 pruinis?

2041 1956 2191 2011 Hunc
2222 1969 2465 2010 socerum
2499 1961 2648 2023 pater
2675 1952 2831 2022 hujus
2862 1952 3049 2016 habet,
3080 1950 3165 2005 vir
3194 1950 3403 2017 clarus,
3435 1959 3486 2004 et
3517 1964 3614 2004 uno

2040 2051 2289 2107 Culmine
2320 2050 2525 2103 militia:
2555 2063 2765 2116 semper
2794 2055 3095 2111 contentus,
3128 2054 3185 2098 ut
3216 2059 3378 2098 unum

2040 2146 2265 2201 Casibus
2294 2145 2345 2197 in
2376 2143 2553 2197 dubiis
2577 2141 2790 2210 junctus
2819 2147 3135 2209 sequeretur
3155 2138 3407 2192 amicum.

2041 2238 2158 2293 Non
2186 2236 2354 2291 semel
2384 2235 2574 2289 oblatis
2604 2232 2825 2287 tentavit
2856 2229 3082 2284 fascibus
3114 2228 3263 2282 illum

2044 2328 2199 2383 Aetio
2224 2341 2414 2396 rapere
2439 2325 2558 2378 aula
2589 2338 2714 2386 suo;
2749 2322 2839 2377 sed
2873 2319 3105 2389 perstitit
3132 2318 3223 2373 ille

2046 2419 2211 2488 lilajur
2233 2417 2507 2473 honoratis
2538 2432 2549 2467 :
2583 2414 2745 2483 carpit
2770 2411 3055 2482 pretiosior
3084 2424 3233 2474 esse,

2045 2512 2137 2568 Sic
2164 2510 2336 2581 pretio
2359 2524 2464 2564 non
2488 2516 2640 2576 capta
2672 2505 2838 2569 fides;
2864 2514 2979 2559 erat
3008 2504 3096 2558 ille
3123 2501 3262 2572 quod
3288 2501 3413 2555 olim

2046 2606 2295 2672 Qtnestor
2322 2601 2654 2665 consulibus,
2686 2597 2943 2653 tractabat
2976 2595 3181 2665 publica
3206 2595 3326 2664 jure

2049 2698 2179 2752 IEra
2210 2711 2329 2763 suo,
2364 2704 2673 2762 tantumque
2703 2691 2916 2747 modum
2945 2689 3215 2754 servabat,
3244 2696 3298 2742 ut
3320 2686 3470 2741 illum

2050 2788 2299 2843 Narraret
2326 2801 2512 2842 rumor
2532 2786 2641 2853 jam
2672 2783 2833 2837 rebus
2864 2796 3085 2851 parcere
3110 2779 3241 2834 nati.

2048 2881 2301 2937 Senserat
2325 2880 2425 2931 boc
2449 2878 2539 2931 sed
2565 2876 2699 2929 forte
2729 2885 2747 2911 ο
2782 2874 2932 2928 ducis
2960 2874 3069 2941 jam
3099 2871 3254 2927 livida
3284 2870 3511 2937 conjux;

2050 2974 2245 3043 Angeri
2274 2973 2467 3026 famam
2500 2969 2671 3039 pueri,
2698 2967 3001 3037 suffusaque
3027 2966 3140 3034 bili,

2053 3066 2283 3122 Coxerat
2312 3065 2577 3121 internum
2602 3076 2699 3131 per
2724 3060 2952 3114 barbara
2977 3058 3137 3114 corda
3171 3070 3454 3112 venenum.

1976 3150 2024 3216 C
2054 3158 2195 3214 Ilicet
2231 3155 2473 3224 explorat
2494 3154 2715 3218 coelum,
2750 3159 3023 3220 totamque
3048 3149 3242 3204 volutis

2059 3247 2329 3304 Percurrit
2360 3244 2638 3301 mathesim
2673 3241 2939 3305 numeris,
2972 3242 3263 3309 interrogat
3293 3236 3529 3299 umbras,

2056 3342 2304 3397 Fulmina
2334 3341 2579 3403 rimatur,
2614 3334 2775 3390 fibras
2803 3332 2965 3398 videt,
3000 3332 3235 3400 undique
3262 3328 3497 3399 gaudens

2056 3435 2216 3507 313
2247 3433 2523 3489 Secretum
2561 3429 2805 3499 rapuisse
2836 3427 2946 3483 Deo
2978 3445 2989 3479 :
3022 3426 3099 3479 sic
3126 3432 3275 3478 torva
3306 3422 3589 3492 Pelasgum

2056 3526 2268 3583 Colchis
2301 3526 2353 3579 in
2381 3524 2602 3594 aplustri
2634 3528 2855 3576 steterat
2878 3518 3177 3587 trepidante
3202 3508 3431 3569 marito:

2062 3621 2348 3692 Absyrtum
2380 3631 2630 3687 sparsura
2660 3614 2818 3684 patri,
2853 3613 2869 3644 ¹
2903 3611 3213 3679 facturaque
3241 3608 3367 3662 cassi

2062 3712 2315 3771 Germani
2344 3711 2462 3781 plus
2495 3716 2666 3763 morte
2694 3706 2866 3770 nefas,
2891 3704 3016 3757 dum
3049 3704 3231 3755 funere
3263 3707 3481 3768 pugnat,

2067 3810 2135 3862 Et
2161 3808 2377 3862 fratrem
2409 3804 2511 3859 sibi
2540 3802 2644 3858 tela
2679 3801 2803 3854 facit
2835 3815 2850 3852 :
2878 3796 2959 3851 vel
2990 3810 3110 3850 cum
3134 3793 3310 3849 obruit
3342 3794 3517 3861 ignem

2066 3900 2387 3959 Taurorum,
2416 3896 2535 3965 plus
2561 3895 2679 3964 ipsa
2701 3891 2905 3955 calens,
2942 3887 3175 3955 texitque
3204 3880 3523 3938 trementem

2070 3993 2282 4063 Frigida
2312 3990 2523 4043 flamma
2553 3987 2743 4045 virum,
2772 3996 2930 4054 quem
2959 3978 3281 4034 defendente
3309 3987 3518 4029 veneno

2069 4085 2211 4139 inter
2242 4084 2528 4151 ﬂagrantes
2557 4075 2840 4148 perhibent
2868 4073 3053 4128 alsisse
3077 4070 3355 4140 iuvencos.

2069 4221 2320 4276 cidcntali
2363 4216 2633 4271 attributae
2678 4221 2834 4278 sunt,
2888 4217 2949 4263 ut
2996 4208 3281 4271 Noricum,
3328 4202 3650 4278 Pannoniae,

2074 4273 2327 4347 Balinatia
2363 4308 2374 4343 :
2414 4289 2531 4342 alim
2560 4273 2847 4354 Orientalii.
2878 4289 2936 4335 ut
2966 4273 3650 4354 bicesia_superior,_pacia,

2072 4343 2378 4418 Macedonia
2398 4402 2412 4425 ,
2461 4358 2649 4422 Epirus
2688 4364 2740 4409 et
2770 4352 2921 4418 aliae,
2946 4365 3121 4425 _quas_
3152 4348 3204 4401 in
3236 4343 3422 4425 eadem
3452 4343 3653 4425 lfltititia

2071 4414 2411 4488 insistat:
2445 4414 2559 4484 Non
2602 4424 2738 4480 male
2769 4414 2917 4491 ergo'
2940 4414 3215 4491 Sidonius
3239 4416 3561 4491 Pannoniam
3603 4414 3657 4491 in

1996 4528 2046 4585 ι)
2310 4484 2489 4585 locat.
2523 4499 2625 4583 Sed
2660 4484 2936 4585 Maioriani
2981 4488 3489 4585 magistrikmilitugr
3510 4484 3659 4565 pote!-

2077 4555 2601 4642 stasuefvtravlllyrici
2642 4555 2801 4642 etiam
2840 4564 2972 4642 fines
3000 4559 3401 4642 porrigebatur.
3428 4555 3660 4642 Hypanis

2076 4625 2492 4703 cteitim‘fluvius
2520 4639 2774 4710 Scythim,
2803 4643 2858 4689 et
2884 4625 3054 4710 Peuce
3081 4625 3265 4710 insula.
3284 4627 3403 4681 lstri
3436 4625 3586 4680 oStiis
3608 4625 3662 4678 in

2080 4719 2263 4772 blmsia
2291 4716 2543 4768 inferiore
2563 4702 2833 4777 adjacens,
2862 4704 2927 4777 ad
2954 4702 3195 4777 Thraciae
3216 4702 3517 4777 d_i_mceseos
3542 4712 3664 4777 pro-

2081 4766 2740 4854 vinci—awspcrtinengiton
2774 4766 3212 4854 ad_l_llyri_cia_nas_.
3243 4769 3485 4854 l_\’ondum
3510 4766 3665 4854 vide-

2082 4838 2479 4921 lice—twma'gistri
2514 4838 2739 4904 militum
2756 4864 2798 4921 Aa
2827 4838 3133 4921 Theodosio
3162 4843 3327 4921 divisa
3362 4838 3532 4921 fuerat
3562 4851 3667 4921 po-

2083 4908 2293 4983 testath
2336 4908 2430 4993 qui
2480 4917 2966 4993 primustzosimo
3011 4922 3186 4993 teste,
3228 4911 3321 4993 lib:
3350 4924 3402 4963 tv
3433 4908 3667 4993 bancj'ta

2081 4975 2439 5058 ἱιῖἐὶἰτῖχίιῗὺὶ
2469 4975 2960 5059 εἶίῑέίέίῑειίιιθτῑρο,
3006 4975 3223 5040 ειίυεῑη
3255 4979 3479 5059 Thracia
3528 4975 3670 5030 mili-

2083 5051 2472 5137 tummagister
2509 5071 2679 5125 esset,
2722 5051 2839 5114 cuin
2886 5051 3022 5112 unus
3069 5062 3224 5110 antea
3256 5051 3503 5107 omnibus
3538 5062 3670 5117 prae-

2083 5148 2242 5196 esset.

2161 5188 2359 5264 ἷλειὶἰ
2390 5218 2542 5261 uxor.
2571 5202 2679 5257 Nec
2707 5210 2906 5255 temere
2932 5196 3180 5260 conficta,
3213 5208 3331 5264 quas
3358 5192 3424 5247 de
3450 5188 3592 5264 illius
3621 5188 3673 5240 in

2090 5262 2442 5349 Majorianum
2468 5276 2735 5349 juvenem
2773 5271 2900 5349 _odi_o
2947 5262 3245 5349 dicuntur,
3263 5264 3411 5335 quasi
3428 5340 3440 5349 Δ
3460 5262 3674 5349 timeret

2090 5328 2249 5408 B'e‘is'
2267 5328 2538 5416 Maenio
2557 5343 2677 5416 tilio
2709 5340 3064 5416 principatum
3077 5328 3531 5416 _conSeq'ueretu.r.
3546 5328 3675 5416 “Re-

2091 5402 2227 5479 i'éri'
2246 5402 2389 5477 enim
2419 5402 2721 5489 Gaudentio
2748 5412 2854 5465 tilio
2888 5402 3182 5480 imperium
3214 5402 3433 5478 parabat
3462 5402 3670 5454 Aetius.

2098 5610 2252 5746 ἔίιῖῗ.
2285 5632 2350 5643 ——
2378 5602 2605 5657 BAUNIUS
2634 5594 2906 5657 Sirmond.
2936 5593 3132 5655 editor,
3161 5586 3360 5659 praefat.
3390 5582 3452 5637 ad
3478 5588 3610 5636 tom.
3634 5560 3685 5648 l,
