4072 6348
440 267 446 274 ’
462 272 568 335 865

1733 264 1978 322 SIDONII
2015 265 2470 326 APOLLINARIS

3626 272 3718 336 661

463 389 602 454 Ergo
630 387 795 442 animi
825 387 1022 443 dudum
1051 361 1362 453 impatiens,
1389 387 1670 450 postquam
1703 381 1873 437 audiit
1902 381 1987 438 isti
2072 385 2126 447 Α
2151 383 2332 439 Donec
2363 383 2430 437 ad
2454 383 2751 439 anfractum
2782 388 2938 440 metae
2964 383 3074 453 iam
3099 385 3318 455 jamque
3339 385 3564 445 relictus

464 483 749 553 Imperium
781 492 835 536 et
862 481 1076 548 longum
1100 476 1282 542 statui,
1315 475 1510 529 laniata
1537 473 1766 530 lacertos

463 573 766 642 Ingreditur
803 586 904 640 qua
935 578 1100 623 strata
1128 567 1249 632 viri,
1285 580 1576 635 vocemque
1605 569 1868 620 furentem

463 665 558 717 llis
590 663 749 731 rupit.
783 660 979 719 Secure
1002 658 1148 726 iaces
1179 656 1343 712 oblite
1375 666 1612 723 tuorum,

462 757 505 811 0
535 757 700 824 piger,
734 762 786 807 et
818 750 1014 814 mundo
1045 751 1292 819 princeps
1321 751 1434 820 (sic
1459 749 1654 807 saecula
1680 749 1939 818 poscunt)

462 847 783 916 Maiorianus
809 843 940 907 erit;
973 843 1210 898 clamant
1241 845 1340 897 hoc
1365 841 1542 898 sidera
1574 842 1762 912 signis,

463 939 575 993 Hoc
606 937 848 991 homines
874 936 1013 989 votis
1043 952 1055 987 :
1089 935 1170 988 isti
1200 934 1324 1003 quid
1350 934 1528 989 sidera
1559 947 1762 1000 quaero,

459 1031 650 1087 Fatum
678 1028 818 1083 aliud
850 1028 935 1083 cui
964 1028 1086 1082 fecit
1110 1027 1294 1081 amor?
1325 1027 1399 1080 nil
1429 1025 1617 1081 fortius
1648 1026 1760 1080 illo.

461 1122 529 1175 Et
559 1136 693 1188 puer
724 1127 805 1173 est
831 1118 1053 1187 cupidus
1083 1132 1375 1187 nunquam,
1407 1117 1502 1172 sed
1535 1131 1723 1186 parcus
1757 1116 2006 1172 habendi.

463 1215 672 1283 Pauper
697 1213 872 1267 adhuc
899 1211 1007 1281 iam
1042 1212 1237 1281 spargit
1267 1225 1418 1280 epes,
1452 1210 1686 1280 ingentia
1715 1211 1906 1267 suadet

460 1307 720 1373 Consilia,
755 1314 808 1360 et
838 1305 1108 1372 sequitur;
1147 1311 1315 1358 totum
1341 1303 1481 1371 quod
1509 1303 1728 1373 cogitat,
1755 1303 1918 1358 altum
1941 1310 2039 1358 est.

460 1397 631 1468 Urget
657 1395 798 1467 quod
828 1403 1007 1465 sperat
1034 1410 1046 1446 :
1081 1393 1262 1448 ludum
1289 1393 1335 1448 si
1363 1393 1499 1448 forte
1521 1402 1759 1448 retexam
1780 1435 1794 1458 ,

464 1488 829 1557 Consumpsit,
859 1484 1115 1555 quidquid
1142 1484 1332 1554 iaculis
1361 1483 1555 1539 fecisse
1587 1485 1813 1552 putaris,

460 1581 621 1637 Istius
648 1595 750 1634 una
778 1579 891 1633 dies
920 1595 932 1629 :
963 1577 1129 1632 tribus
1153 1576 1294 1631 hunc
1325 1585 1591 1632 tremuere
1618 1577 1826 1646 sagittis

463 1681 492 1710 α
523 1671 749 1741 Anguis,
778 1684 988 1733 cervus,
1021 1683 1178 1738 aper;
1212 1666 1240 1706 δ
1269 1683 1375 1722 non
1402 1668 1481 1724 sic
1509 1669 1725 1723 libravit
1754 1670 1808 1724 in
1839 1669 2048 1727 hostem

464 1766 700 1836 Spicula,
730 1764 818 1833 qui
851 1773 976 1817 nato
1002 1763 1266 1832 serpentis
1291 1777 1515 1832 corpore
1542 1766 1739 1830 cincto,

461 1856 590 1911 Plus
623 1855 817 1922 timuit,
845 1855 972 1909 dum
997 1855 1280 1920 succurrit,
1309 1855 1436 1908 dum
1455 1855 1684 1924 iactibus
1712 1855 1899 1911 iisdem

464 1947 741 2004 lnteritum
769 1946 1038 2016 vitamque
1066 1946 1237 2013 daret,
1269 1945 1616 2014 stabilemque
1646 1955 1850 2001 teneret

463 2038 637 2094 Corde
668 2047 928 2093 tremente
951 2052 1190 2102 manum,
1226 2046 1494 2107 totamque
1525 2038 1693 2092 exiret
1720 2038 1770 2092 in
1801 2046 1969 2093 artem

461 2131 569 2200 Spe
595 2131 844 2200 prepiore
864 2136 1058 2196 metus,
1093 2129 1227 2184 dans
1255 2129 1395 2183 inter
1424 2130 1661 2184 membra
1691 2129 1917 2185 duorum

463 2222 632 2278 Unius
659 2229 882 2276 mortem
913 2238 924 2272 :
959 2220 1118 2275 libeat
1140 2220 1432 2276 decernere
1459 2231 1643 2287 crestu,

465 2313 638 2370 Cessit
662 2313 801 2384 Eryx
828 2313 1064 2380 Siculus,
1097 2313 1260 2368 simili
1289 2329 1388 2368 nec
1414 2313 1591 2368 floruit
1612 2324 1727 2372 arte

463 2405 629 2478 314
652 2406 863 2476 Sparta,
888 2405 1216 2475 Therapnaea
1246 2406 1480 2477 pugilem
1501 2421 1622 2462 cum
1645 2410 1908 2479 gymnade
1932 2410 2042 2480 pin-

1785 2500 1971 2572 [gnem

468 2601 492 2630 ο
523 2592 731 2647 Stratus
761 2591 1035 2661 Bebryciis
1066 2591 1296 2662 Amycus
1322 2592 1560 2659 suspexit
1587 2593 1788 2648 arenis.

466 2683 565 2751 Qui
592 2683 742 2753 vigor
771 2683 824 2737 in
856 2683 1116 2752 pedibus?
1148 2681 1342 2738 frustra
1367 2685 1468 2739 sibi
1492 2694 1647 2739 natus
1677 2685 1900 2756 Ophelte

465 2775 731 2832 Sicaniam
765 2775 945 2832 tribuit
975 2777 1230 2846 palmam,
1263 2778 1580 2847 plantasque
1608 2782 1866 2850 superbas

465 2867 617 2923 Haud
645 2869 714 2922 ita
743 2883 834 2936 per
857 2867 1052 2922 siccam
1081 2868 1320 2924 Nemeen
1350 2869 1378 2905 τι
1401 2871 1534 2926 citus
1555 2872 1745 2927 extulit
1774 2872 1968 2942 Arcas,

466 2959 630 3032 Cujus
654 2961 709 3014 in
739 2960 916 3015 [Etolo
943 2969 965 2997 ε
989 2960 1298 3016 volitantem
1327 2963 1547 3031 pulvere
1579 2974 1801 3020 matrem

465 3055 686 3110 Horruit
714 3054 1100 3126 llippomenes,
1135 3056 1304 3111 multo
1334 3058 1421 3126 qui
1452 3060 1653 3129 cespite
1679 3060 1827 3115 circi.

467 3145 787 3214 Contempla
817 3147 1124 3209 praemissus
1153 3158 1292 3214 erat,
1325 3163 1443 3202 cum
1474 3153 1706 3205 carceris
1733 3162 1886 3206 antro

466 3236 700 3291 Emicuit
728 3239 913 3305 pernix
945 3239 1139 3307 populo
1169 3239 1465 3308 trepidante
1488 3241 1690 3311 virago,

467 3326 554 3380 Nil
583 3335 694 3381 toto
722 3335 923 3382 tactura
954 3329 1142 3397 gradu,
1169 3345 1291 3384 eum
1320 3329 1546 3398 pallidus
1575 3333 1664 3387 ille

466 3416 783 3488 Respiceret
807 3419 1038 3474 medium
1068 3429 1187 3488 post
1213 3436 1271 3476 se
1299 3422 1611 3479 decrescere
1636 3439 1902 3496 campum,

468 3509 538 3566 Et
565 3509 751 3578 longas
779 3509 844 3564 ad
870 3511 1018 3580 signa
1051 3511 1161 3566 vias
1187 3553 1201 3578 ,
1231 3513 1463 3583 flatuque
1488 3517 1786 3586 propinquo

469 3601 692 3659 Pressus
723 3602 774 3657 in
803 3602 982 3657 hostili
1006 3602 1117 3673 jam
1147 3615 1386 3660 curreret
1409 3607 1596 3662 anxius
1628 3609 1812 3665 umbra
1833 3651 1848 3675 ,

543 3766 562 3785 ⁸
605 3763 733 3818 Ilaec
773 3765 964 3818 iterum
1009 3771 1394 3818 commemorat
1440 3765 1677 3820 carmine
1720 3766 1805 3830 15,
1842 3777 2045 3824 exstat-

471 3851 575 3906 que
601 3835 669 3890 dc
696 3835 894 3908 eadem
928 3851 997 3908 re
1030 3843 1180 3908 vetus
1223 3835 1504 3908 distichum
1556 3836 1645 3890 lib.
1690 3855 1744 3891 iv
1780 3840 2046 3908 epigram-

471 3915 705 4032 ngluutn,
757 3906 896 3976 quod
944 3905 1185 3962 Pithoeus
1235 3905 1440 3961 Sidonii
1489 3907 1656 3976 ipsius
1701 3905 1829 3964 esse
1865 3905 2049 3981 conje-

471 3993 498 4032 c
593 3993 621 4032 a
679 3995 692 4030 :
1623 4025 1628 4030 .

471 3986 646 4034 etabat
679 3995 692 4030 :

590 4069 792 4128 Cervus,
815 4082 950 4130 aper.
979 4069 1198 4127 coluber,
1216 4082 1312 4118 non
1332 4082 1500 4132 cursu,
1517 4068 1667 4120 dente
1688 4083 1878 4121 veneno

654 4131 877 4181 Vitarnnt
900 4136 1044 4190 lctus,
1069 4132 1350 4192 Maioriane,
1377 4131 1504 4181 tuos.

537 4264 566 4303 1)
598 4265 763 4318 Alcon
794 4263 878 4316 hic
907 4261 1177 4316 Cretensis
1205 4278 1218 4313 :
1251 4261 1317 4313 de
1343 4277 1448 4329 quo
1471 4269 1522 4314 et
1553 4261 1780 4317 Phalere
1813 4263 1919 4316 ﬁlio
1941 4263 2048 4316 Ma.

471 4335 629 4391 nilius
655 4351 686 4387 v
717 4333 1145 4397 Astronomicon,
1183 4341 1235 4384 et
1260 4331 1500 4385 Valerius
1529 4331 1748 4386 Flaccus
1777 4334 2052 4400 Argonau-

471 4406 678 4528 ticon}.
713 4402 1026 4526 Neciminus
1054 4401 1323 4469 eleganter
1353 4400 1570 4455 Graecus
1605 4411 1757 4469 poeta
1791 4404 2049 4457 Antholo-

471 4489 570 4528 [NB
619 4491 631 4526 ι
677 4512 689 4526 ,
718 4487 790 4528 vr.
894 4511 908 4525 .

469 4489 570 4546 gite
598 4488 689 4528 tiu.
718 4488 790 4536 vr,
821 4488 908 4526 ιι.

578 4561 737 4639 lucida
761 4567 930 4639 πατὴρ
960 4559 1148 4639 ’ᾍλῖιων
1178 4563 1302 4635 ὁ).οῷ
1332 4563 1643 4639 ςφιγχθέντα
1669 4561 1905 4634 δράκοντι

682 4631 950 4708 “Officers,
980 4631 1115 4706 δειλῇ
1144 4631 1285 4708 τόξοῇ
1327 4631 1521 4708 ἔκαμψε
1559 4636 1694 4708 χερί.

700 4652 950 4759 Augaeus,
980 4652 1115 4706 οειλῃ
1144 4652 1285 4697 τοςον
1327 4652 1521 4704 emitque
1559 4653 1694 4708 χερι.

579 4705 738 4781 Θηρὸς
760 4704 806 4781 μ’
825 4706 909 4757 οὐκ
947 4706 1226 4781 ᾀφάμᾳρτίε,
1256 4701 1344 4781 διὰ
1372 4703 1625 4781 στόματι-ος
1655 4705 1751 4778 γὰρ
1783 4704 1806 4756 ὁ
1832 4705 1949 4765 στὸς

688 4776 837 4850 Ἦςξεν
865 4775 1056 4850 τυῖθσῦ⁸
1081 4775 1222 4845 (me.
1249 4775 1429 4850 ὕπερβε
1462 4775 1696 4850 βρέφρνξ.

574 4845 899 4915 Παυσάμενος
929 4844 1172 4921 Bagoam),
1206 4844 1631 4921 παροῖδρύῖτῇδε
1662 4848 1912 4919 φαρέτραν

682 4926 818 4987 Σῆμα
847 4919 929 4970 καὶ
955 4917 1198 4986 εὐτυχίης
1224 4917 1333 4975 θῆὶεε
1363 4917 1444 4970 πεάί
1474 4917 1776 4988 εὐάτοχίης.

544 5060 568 5088 ο
594 5049 876 5104 Contraria
901 5064 1062 5105 sensu
1089 5049 1306 5116 vulgati,
1340 5056 1556 5104 stratum
1586 5049 1851 5118 Amycum.
1878 5052 2045 5118 Amyu

474 5134 570 5174 cus
598 5121 739 5174 enim
772 5121 815 5174 is
844 5131 927 5174 est
961 5121 1048 5189 qui
1080 5120 1270 5188 pugilis
1301 5119 1647 5187 Therapnaei,
1679 5135 1772 5174 seu
1800 5120 2045 5174 Lacedae-

470 5191 639 5243 monii
673 5190 899 5245 Pollucis
925 5194 1062 5246 vires
1089 5190 1360 5258 snspexit,
1394 5205 1515 5259 cum
1558 5190 1623 5244 ab
1652 5206 1716 5246 eo
1750 5200 2043 5259 prostratus

470 5270 632 5322 esset,
660 5264 746 5327 qui
782 5271 1006 5315 caeteros
1036 5257 1246 5315 vincere
1272 5257 1497 5315 Solebat.

539 5329 566 5366 ά
588 5329 1005 5399 Parthenopaeus
1027 5333 1311 5392 Atalantm.
1337 5331 1403 5385 de
1427 5345 1524 5398 qua
1543 5347 1686 5392 mox.
1707 5331 1843 5386 ﬁlius
1861 5347 1926 5386 ex
1945 5331 2040 5385 Mi-

468 5400 701 5456 lanione.
737 5402 936 5454 Arcada
983 5401 1409 5472 ParthenOpwum
1439 5411 1590 5456 vocat
1629 5403 1784 5457 etiam
1815 5402 2042 5470 Statius,

470 5486 736 5541 cursuque
757 5473 816 5526 in
842 5473 1041 5541 Nemea
1071 5474 1200 5527 silva
1224 5473 1478 5527 victorem
1506 5473 1793 5527 facit'libro
1823 5489 1872 5527 vi
1898 5475 2042 5529 The-

469 5538 684 5614 baidos;
725 5552 779 5598 et
811 5544 968 5614 119
1004 5538 1359 5613 Apollodorus
1404 5543 1498 5596 lib.
1537 5559 1593 5597 Ill
1636 5544 1761 5597 belli
1807 5544 2045 5600 Thebani

469 5613 630 5691 duces
669 5613 1021 5691 enllmcrtitts‘,
1062 5615 1778 5691 Ilapﬁevprraio;inanimatam;
1822 5617 2040 5691 ’ᾼρκάςε

471 5681 872 5755 Parthenopaeus
896 5681 1195 5740 Μὶιαηὶοήἱδ
1224 5687 1383 5754 ﬁlius,
1416 5684 1592 5739 Arcas.
1621 5687 1691 5740 lle
1717 5701 1820 5754 quo
1848 5681 2040 5742 iterum

470 5763 589 5823 post
616 5755 748 5826 alia,
783 5760 1005 5829 ἐγέννησε
1034 5757 1085 5814 δὲ
1117 5760 1169 5813 ἐκ
1197 5757 1527 5817 Μείλκνίωνος
1557 5756 1823 5815 ’Λταλὰντη
1855 5760 2039 5828 Παρθε-
2093 5766 2102 5772 ”

2147 473 2364 530 Concita
2396 485 2476 530 ter
2498 489 2684 544 sparso
2713 475 2869 546 fregit
2898 476 3123 547 vestigia
3155 491 3352 554 pomo.

2147 567 2246 634 Qui
2274 565 2418 620 videt
2447 565 2588 620 hunc
2614 566 2878 636 equitem,
2914 566 3164 622 Ledaeum
3198 568 3405 637 Spernit
3432 569 3712 643 alumnum,

2149 659 2226 712 Ac
2250 657 2498 726 juvenem
2525 655 2849 712 Stheneboea
2884 665 3031 712 tuum
3053 697 3067 724 ,
3097 659 3180 713 cui
3212 665 3360 729 terga
3388 668 3625 718 vetustas

2149 748 2371 804 Pennati
2403 748 2625 817 largitur
2647 749 2791 818 equi,
2820 749 3143 820 Lyciamque
3169 749 3489 806 Chimaeram

2147 843 2318 910 Quem
2347 857 2630 912 superasse
2660 844 2857 907 refert,
2882 843 3078 898 vulnus
3105 859 3225 900 cum
3251 846 3471 902 sustulit
3496 863 3650 904 unum

2147 933 2280 988 Tres
2302 935 2507 988 animas
2540 950 2555 991 :
2584 933 2746 988 vitam
2781 942 2889 988 tum
2918 936 2964 990 si
2997 935 3092 989 tibi
3122 937 3221 991 fata
3253 937 3550 1009 dedissent,

2148 1023 2435 1091 Maioriane
2461 1024 2630 1094 ferox,
2663 1025 2928 1080 vetuisses
2953 1023 3172 1081 Castora
3203 1028 3410 1095 frenos,

2146 1113 2414 1169 Pollucem
2446 1125 2660 1180 caestus,
2690 1116 2946 1172 Alconem
2973 1117 3177 1186 spicula
3207 1133 3388 1191 nosse,

2149 1206 2621 1273 Belleroishontteis
2653 1208 3002 1264 insultaturus
3031 1210 3244 1280 opimis.

2145 1297 2202 1352 Si
2227 1299 2472 1369 clypeum
2507 1301 2699 1384 capiat,
2733 1301 2896 1356 vincit
2929 1302 3219 1360 Telamone
3247 1314 3484 1362 creatum
3505 1347 3520 1372 ,

2148 1388 2247 1454 Qui
2275 1405 2478 1459 puppes
2505 1389 2646 1446 inter
2669 1391 2880 1459 Graias,
2913 1395 3374 1460 contraﬂectoris
3405 1400 3606 1469 ignem,

2150 1480 2321 1548 Ipsam
2350 1483 2511 1536 etiam
2537 1482 2685 1538 inﬁdi
2713 1484 2939 1540 classem
2969 1485 3207 1542 defendit
3235 1489 3441 1560 Ulyxis.

2151 1570 2347 1626 Missile
2377 1572 2420 1627 si
2452 1581 2649 1642 quanto
2676 1574 2944 1642 iaculetur
2971 1577 3208 1646 pondere
3233 1581 3451 1648 quzcris,

2150 1661 2377 1730 Segnius
2404 1663 2618 1719 inserta:
2648 1665 2923 1735 trepidans
2952 1683 3050 1737 pro
3078 1667 3224 1724 fasce
3253 1668 3495 1727 Camilla;

2073 1754 2121 1814 B
2151 1752 2395 1809 Excussit
2425 1755 2586 1810 telum
2617 1756 2872 1824 Metabus,
2905 1774 3005 1815 nec
3030 1761 3242 1817 turbine
3266 1769 3416 1818 tanto

2147 1845 2382 1902 Stridula
2413 1847 2605 1903 Pelidae
2632 1863 2726 1918 per
2753 1850 2969 1906 Troilon
2995 1851 3124 1908 exiit
3150 1868 3352 1909 ornus:

2147 1941 2306 2012 315
2333 1941 2441 1996 Nec
2467 1943 2543 1998 sic
2574 1945 2794 1999 heroum
2825 1946 3124 2002 tardantem
3157 1948 3310 2004 busta
3335 1947 3619 2008 Creontem

2152 2033 2362 2088 Atticus
2390 2033 2608 2104 IEgides
2632 2038 2773 2106 rupit
2803 2038 3172 2096 Marathonide
3199 2056 3400 2116 quercu
3428 2061 3444 2098 :

2153 2125 2262 2181 Nec
2292 2126 2370 2181 sic
2399 2126 2655 2182 intortum
2685 2129 2893 2184 violatae
2921 2130 3222 2186 thbados
3248 2133 3411 2188 ultrix

2148 2218 2203 2272 ln
2233 2217 2444 2274 Danaos
2477 2219 2672 2275 fulmen
2700 2221 2850 2290 jecit,
2885 2237 3003 2276 cum
3028 2222 3240 2287 ,Graecia
3271 2225 3449 2295 Troia:

2149 2309 2370 2366 Noctem
2393 2312 2598 2379 habuit,
2620 2313 2954 2382 similemque
2976 2313 3165 2379 facem,
3188 2317 3425 2388 fixusque
3448 2318 3712 2389 Capherei,

2147 2402 2407 2459 Cautibus
2437 2404 2579 2460 inter
2603 2419 2766 2474 aquas
2797 2406 3065 2461 flammam
3095 2395 3339 2462 ructabat
3366 2409 3568 2466 Oileus.

2217 2497 2382 2554 Parva
2399 2498 2618 2567 loquor:
2643 2498 2767 2568 quid
2803 2501 2944 2569 quod
2985 2501 3194 2571 quoties
3217 2501 3312 2555 tibi
3351 2502 3492 2558 bella
3538 2519 3713 2576 gerun‘

3531 2595 3654 2669 [ειν.

2147 2680 2448 2751 Discipulus
2473 2697 2580 2738 non
2620 2683 2775 2740 miles
2800 2683 2986 2740 adest?
3017 2695 3072 2741 et
3101 2685 3250 2756 fingit
3281 2687 3587 2757 alumnum,

2145 2779 2394 2834 AEmulus
2424 2789 2646 2836 econtra
2671 2783 2916 2849 spectat?
2943 2782 3083 2852 quod
3111 2783 3304 2838 viceris
3333 2784 3465 2850 odit,

2147 2871 2211 2925 Et
2234 2885 2368 2940 quos
2392 2869 2561 2925 vincis
2585 2880 2727 2926 amat
2768 2888 2782 2928 :
2814 2881 2954 2927 totus
2980 2873 3230 2928 dormitat
3259 2875 3324 2929 ad
3349 2875 3511 2931 istum

2152 2965 2373 3035 Magnus
2403 2964 2726 3029 Alexander,
2759 2965 2925 3036 patris
2951 2982 3107 3036 quem
3137 2967 3307 3037 gloria
3340 2969 3512 3023 torsit.

2155 3059 2292 3127 Quid
2322 3059 2511 3114 faciam
2542 3059 2764 3113 infelix?
2798 3068 2918 3114 nato
2943 3075 3063 3129 quae
3094 3075 3253 3130 regna
3283 3062 3522 3130 parabo,

2074 3145 2118 3206 C
2155 3153 2381 3208 Exclusa
2408 3153 2633 3224 sceptris
2658 3153 2876 3220 Geticis,
2908 3155 3206 3224 respublica
3231 3157 3272 3209 si
3297 3171 3381 3210 me

2151 3248 2421 3313 Praeterit,
2455 3258 2508 3302 et
2543 3245 2562 3285 ί
2598 3263 2792 3317 parvus
2820 3263 2982 3318 super
3011 3249 3111 3304 hoc
3143 3247 3473 3305 Gaudentius
3507 3247 3661 3319 huius

2150 3338 2396 3394 Calcatur
2426 3340 2582 3396 fatis?
2607 3341 2765 3394 istum
2792 3340 2902 3408 iam
2932 3338 3098 3395 Gallia
3126 3340 3327 3407 laudat,

2153 3431 2412 3501 Quodque
2436 3447 2531 3501 per
2553 3432 2820 3501 Europam
2847 3440 2930 3487 est
2953 3449 2967 3485 :
2993 3431 3179 3502 rigidis
3200 3431 3342 3488 hunc
3366 3431 3533 3488 abluit
3556 3429 3719 3499 undis,

2154 3523 2408 3590 Rhenus,
2441 3526 2596 3589 Arar,
2628 3523 2945 3591 Rhodanus,
2977 3524 3142 3591 Mosa,
3173 3523 3430 3587 Matrona,
3463 3524 3724 3595 Sequana,

3368 3615 3427 3686 [ε
3460 3615 3652 3682 Ledus,

2154 3781 2363 3848 voxafou
2383 3814 2395 3834 ,
2434 3771 2487 3848 ᾃς
2515 3775 2803 3848 ἐπὶ-Θήϐας
2840 3773 3458 3848 ἓστρατεύσατοᾼζβᾳηυὶι
3487 3790 3551 3828 ea:
3585 3774 3726 3848 Mifa<

2156 3845 2305 3896 uione
2333 3845 2574 3898 Atalanta
2607 3843 3036 3914 Part/icnepii'um
3059 3886 3074 3911 ,
3103 3849 3189 3915 qui
3220 3843 3504 3898 Thebanam
3529 3845 3729 3916 (xpedi-

2156 3915 2342 3967 fioncm
2365 3924 2561 3968 secutus
2585 3924 2679 3968 cst.

2231 3995 2254 4022 ε
2287 3986 2609 4040 Atalantam.
2631 3987 2798 4040 Antea
2825 3985 3044 4039 Martem
3068 3986 3357 4053 legebatur,
3383 3986 3528 4039 nullo
3551 4000 3729 4040 sensu.

2161 4055 2340 4125 Itaque
2365 4067 2508 4111 certa
2546 4065 2627 4110 est
2654 4066 2706 4111 et
2737 4058 3035 4110 necessaria
3056 4097 3070 4118 ,
3107 4057 3229 4111 licet
3258 4055 3416 4110 unius
3447 4065 3648 4110 tantum
3678 4065 3730 4111 et

2157 4127 2405 4192 alterius,
2449 4141 2546 4181 nec
2586 4131 2908 4194 optimorum
2949 4127 3213 4192 codicum,
3251 4127 3572 4180 emendatio.
3616 4126 3731 4182 Filii

2157 4198 2436 4321 pecasione
2466 4208 2687 4252 matrem
2715 4207 3116 4263 commemorat,
3152 4209 3206 4251 ut
3237 4209 3290 4251 et
3315 4197 3517 4253 Statius
3544 4197 3729 4254 eodem

2179 4283 2273 4321 oco
2300 4288 2313 4321 :

2179 4283 2273 4322 OCO
2300 4288 2313 4321 ζ

2281 4360 2402 4409 Nota
2427 4373 2603 4421 parens
2626 4373 2769 4410 cursu
2800 4375 2810 4410 :
2839 4361 3200 4422 quisiflzenalize
3221 4357 3459 4409 Alalantm

2280 4421 2479 4485 l_\'esciat
2505 4425 2759 4483 egregium
2780 4421 3026 4482 decus,et
3051 4425 3256 4485 vestigia
3278 4426 3463 4471 cunctis

2280 4483 2645 4544 Indeprcbensa
2677 4485 2865 4545 procis?

2238 4628 2256 4666 τ
2293 4629 2545 4684 Filiorum
2573 4629 2732 4694 Aetii,
2766 4646 2990 4700 quorum
3020 4631 3232 4697 quidem
3263 4630 3516 4685 memoria
3541 4639 3733 4700 exstat,

2162 4701 2296 4754 alter
2320 4700 2387 4754 de
2416 4701 2502 4753 avi
2541 4703 2764 4755 materni
2796 4703 3010 4756 nomine
3039 4701 3273 4771 Carpilio
3304 4702 3603 4769 appellatus
3632 4710 3734 4756 est.

2157 4771 2295 4824 Aetii
2328 4786 2558 4838 namque
2590 4787 2722 4825 uxor
2751 4773 2939 4827 'mcerti
2969 4774 3232 4841 nominis,
3276 4772 3381 4826 ﬁlia
3425 4772 3522 4826 fuit
3550 4773 3734 4840 Carpi-

2154 4842 2292 4895 lonis
2337 4858 2398 4894 ex
2432 4843 2625 4896 comite
2665 4843 3116 4908 domesticorum,
3161 4853 3218 4897 ut
3247 4853 3431 4897 auctor
3472 4851 3553 4895 est
3599 4842 3734 4909 apud

2154 4911 2464 4981 Gregorium
2515 4913 2712 4966 Turon.
2766 4913 3092 4981 Frigeridus.
3155 4913 3404 4970 Sidonius
3451 4912 3731 4968 Gothicam

2155 4983 2229 5036 illi
2267 4985 2502 5051 rcgiique
2539 4986 2809 5052 sanguinis
2836 4986 3054 5052 stirpem
3084 4984 3247 5038 fuisse
3273 4983 3571 5052 significat;
3600 4983 3732 5036 aliu-

2156 5054 2243 5120 qui
2271 5057 2542 5108 exclusam
2587 5070 2643 5109 se
2674 5069 2703 5106 a
2732 5055 2956 5122 sceptris
2999 5055 3198 5108 Geticis
3247 5069 3354 5108 non
3397 5062 3732 5123 quereretur.

2147 5123 2298 5178 Alter
2327 5125 2654 5179 Gaudentius
2676 5167 2690 5187 ,
2721 5125 2788 5179 de
2816 5142 2921 5193 quo
2960 5125 3045 5178 hie
3073 5141 3282 5189 sermo,
3323 5140 3424 5178 avo
3468 5124 3594 5177 item
3642 5123 3733 5178 sed

2149 5204 2372 5262 paterno
2402 5195 2751 5263 cognominis.
2786 5197 2939 5250 Aetio
2979 5195 3120 5249 enim
3163 5204 3313 5265 pater
3355 5195 3453 5248 fuit
3482 5193 3731 5249 Gauden-

2150 5269 2286 5324 tius.
2331 5281 2509 5320 comes
2542 5275 2596 5320 et
2634 5266 2884 5334 magister
2921 5267 3194 5334 equitum.
3225 5281 3382 5335 quem
3417 5266 3646 5334 Prosper
3677 5266 3730 5319 in

2149 5335 2335 5389 Galliis
2363 5352 2392 5390 a
2421 5337 2675 5390 militibus
2701 5337 2933 5390 occisum
2965 5345 3133 5391 notat.
3179 5336 3436 5391 llunnicae
3459 5336 3732 5402 legationis

2159 5421 2257 5475 qua
2296 5407 2506 5461 functus
2535 5417 2617 5461 est
2653 5407 2883 5475 Carpilio
2925 5405 3102 5474 ﬁlius,
3137 5408 3288 5463 testis
3316 5417 3398 5462 est
3428 5407 3642 5461 Priscus
3681 5407 3730 5460 in

2151 5480 2415 5544 excerptis
2467 5477 2818 5546 legationum,
2851 5485 2906 5530 et
2948 5475 3172 5533 Senator
3201 5494 3218 5532 I
3247 5478 3485 5544 Variar.,
3513 5478 3567 5530 ὅ.
3599 5477 3734 5530 (ἰευη

2149 5547 2384 5619 dentium
2423 5562 2552 5619 vero
2591 5549 2730 5601 hunc
2762 5547 2907 5619 Urbe
2937 5558 3089 5619 capta
3132 5550 3184 5604 in
3214 5548 3450 5619 Africam
3481 5562 3600 5602 cum
3632 5547 3734 5600 Va-

2146 5618 2427 5743 :ﬁntiniani
2490 5618 2697 5673 filiabus
2759 5618 3044 5675 abductum
3105 5636 3138 5675 a
3195 5618 3486 5676 Genserico
3551 5626 3733 5674 narrat

2207 5698 2361 5743 altus.

2207 5689 2361 5743 atius.

2215 5771 2240 5808 ε
2272 5759 2328 5821 In
2353 5761 2453 5817 hoc
2483 5761 2709 5820 elencbo
2733 5761 3016 5823 ﬂuviorum
3048 5763 3231 5825 Galliae
3254 5802 3270 5832 ,
3294 5778 3428 5836 quos
3459 5759 3732 5833 Maioriani
