4072 6348
402 346 508 404 669

401 463 444 518 0
473 461 666 517 devota
691 457 861 513 mihi:
883 454 1078 512 vindex
1104 455 1196 510 tibi
1221 453 1438 510 nomine
1466 453 1652 509 divum

402 553 730 622 Majorianus
758 551 889 616 erit;
921 550 1015 605 sed
1043 549 1228 618 paucis
1248 561 1416 618 pauca
1445 556 1709 604 retexam.

402 657 427 685 ι
453 648 534 702 Ex
563 661 669 716 quo
691 640 1028 700 Theudosius
1056 642 1360 697 communia
1389 643 1508 711 jura
1536 643 1718 713 fugato

401 739 654 795 Reddidit
676 736 912 793 suetorls
932 735 1102 802 fratri,
1134 735 1218 789 cui
1245 743 1458 804 guttura
1481 735 1642 804 fregit

400 834 528 889 Post
555 832 610 887 in
639 844 697 885 se
721 828 976 886 vertenda
999 842 1210 894 manus,
1245 842 1361 882 mea
1394 826 1566 883 Gallia
1596 841 1777 883 rerum

400 927 682 996 lgnoratur
707 922 882 978 adhuc
909 920 1161 986 dominis,
1189 921 1481 992 ignaraque
1513 921 1700 976 servit.

401 1017 484 1074 Ex
506 1018 602 1072 illo
630 1015 854 1072 multum
877 1014 1057 1085 periit,
1087 1014 1209 1083 quia
1235 1013 1476 1083 principe
1503 1013 1711 1080 clauso,

400 1106 668 1178 Quidquid
688 1114 805 1163 erat
830 1105 1010 1160 miseni
1043 1104 1269 1159 diversis
1299 1105 1538 1174 partibus
1562 1104 1732 1170 orbis,

401 1200 612 1256 Vastari
639 1200 877 1256 solemne
897 1199 998 1252 fuit
1028 1215 1041 1253 :
1072 1212 1192 1267 quae
1217 1198 1320 1252 vita
1346 1198 1624 1268 placeret;

398 1295 535 1350 Cum
556 1302 732 1350 rector
759 1290 1119 1346 moderandus
1147 1291 1295 1345 erat?
1321 1299 1627 1358 contempta
1661 1298 1737 1346 tot
1776 1303 1945 1346 annos

397 1385 661 1441 Nobilitas
685 1383 854 1455 jacuit
879 1400 892 1435 :
918 1383 1147 1453 pretium
1177 1382 1479 1452 respublica
1503 1383 1643 1436 forti

399 1477 626 1533 Rettulit
650 1474 928 1531 invidiam.
959 1474 1216 1544 Princeps
1241 1475 1352 1528 haec
1373 1475 1551 1528 omnia
1586 1483 1768 1530 noster

397 1565 653 1640 Corrigit,
685 1576 846 1638 atque
873 1576 1046 1634 tuum,
1078 1569 1220 1623 vires
1245 1583 1311 1623 ex
1335 1568 1582 1638 gentibus
1610 1567 1837 1635 addens,

398 1663 482 1718 Ad
511 1662 708 1718 bellum
728 1673 823 1732 per
845 1661 986 1715 bella
1013 1661 1188 1726 venit;
1218 1675 1339 1714 nam
1364 1660 1634 1714 maximus
1661 1660 1769 1715 isse
1797 1675 1906 1727 est,

398 1756 514 1812 Non
539 1767 800 1827 pugnasse
828 1754 978 1809 labor
1005 1772 1020 1808 :
1046 1754 1267 1809 terimus
1289 1769 1383 1808 cur
1409 1764 1514 1809 tem
1524 1769 1648 1822 pora
1682 1756 1888 1812 verbis?

397 1849 674 1916 Pervenit,
708 1855 765 1902 et
783 1846 968 1902 vincit.
998 1846 1112 1901 Tali
1141 1859 1392 1902 sermone
1421 1859 1691 1916 peractum

396 1940 694 1998 Concilium
724 1951 826 2005 est,
849 1939 1134 2010 verbisque
1161 1940 1276 1996 deae
1310 1941 1599 1996 famulante
1629 1943 1867 2012 metallo,

397 2036 574 2090 Aurea
597 2030 896 2089 concordes
924 2039 1200 2087 traxerunt
1233 2033 1320 2087 fila
1349 2048 1583 2088 sorores.

466 2128 576 2184 Hos
604 2141 713 2198 me,
744 2140 879 2197 quos
907 2126 1100 2191 cecini,
1130 2126 1313 2180 Romae
1343 2126 1628 2197 Libyaeque
1657 2128 1869 2183 labores

396 2219 551 2293 321
581 2218 716 2274 Vota
745 2217 1020 2273 hominum
1051 2217 1281 2273 docuere
1321 2217 1501 2288 loqui;
1540 2217 1566 2255 δ
1611 2220 1720 2289 jam
1768 2230 1977 2290 tempus

1696 2309 1782 2382 [ad
1813 2312 1904 2367 illa

397 2407 557 2463 Ferre
582 2405 799 2477 pedem,
822 2417 944 2475 quae
985 2403 1142 2458 fanda
1173 2403 1303 2458 mihi
1334 2405 1419 2458 vel
1447 2403 1693 2472 Apolline
1723 2414 1872 2460 muto

399 2501 500 2554 Pro
532 2497 703 2553 Musis
730 2497 868 2552 Mars
889 2505 1070 2550 vester
1093 2496 1217 2550 erit.
1243 2494 1644 2551 Conscenderat
1666 2497 1848 2568 Alpes,

394 2591 918 2661 Raetorumquejugo
945 2604 1042 2658 per
1071 2590 1223 2658 longa
1255 2589 1468 2644 silentia
1495 2587 1707 2654 ductus,

395 2686 637 2742 Romano
663 2685 870 2739 exierat
895 2682 1148 2753 populato
1177 2692 1296 2736 trux
1322 2681 1672 2746 Alamannus,

394 2790 414 2817 ε
449 2777 658 2846 Perque
681 2774 811 2830 Cani
834 2774 1102 2844 quondam
1130 2773 1302 2828 dictos
1323 2773 1391 2827 de
1418 2774 1902 2843 nominecampos,

393 2872 448 2923 ln
476 2868 711 2940 prmdam
737 2875 951 2923 centum
982 2866 1168 2920 novies
1198 2866 1470 2919 dimiserat
1500 2866 1680 2920 hostes
1705 2883 1718 2919 :

395 2960 618 3031 Jamque
643 2958 896 3028 magister
920 2971 1062 3021 cras,
1090 2956 1383 3010 Burconem
1411 2954 1598 3023 dirigis
1625 2956 1736 3020 illo,

394 3053 595 3124 Exigua
623 3051 915 3106 comitante
941 3063 1133 3110 manu;
1165 3047 1259 3101 sed
1290 3047 1488 3101 sufficit
1511 3048 1672 3114 istud,

393 3143 528 3202 Cum
558 3157 797 3215 pugnare
815 3141 1000 3210 jubes;
1035 3149 1181 3195 certa
1211 3149 1292 3194 est
1317 3140 1538 3193 victoria
1564 3139 1764 3195 nostris

1950 2681 1974 2699 δ

1879 335 2202 392 CARMINA.

2012 459 2068 520 Α
2092 453 2169 510 Te
2193 455 2477 513 mandasse
2500 458 2675 526 acies;
2702 461 2913 532 peragit
2943 459 3152 517 fortuna
3183 461 3534 534 triumphum,

3572 344 3707 406 6⁸10·

2089 549 2208 605 Non
2231 551 2450 621 populo,
2482 553 2578 608 sed
2605 568 2791 611 amore
2823 565 2946 619 tuo;
2982 558 3108 611 nolo
3135 559 3347 626 agmina
3375 571 3568 628 campo

2087 647 2241 716 Quod
2266 649 2432 704 mittis
2456 664 2689 720 paucos;
2719 650 2846 707 felix
2882 663 2932 707 te
2962 653 3181 722 reSpicit
3204 653 3303 708 lste

2088 743 2325 798 Eventus
2345 743 2470 798 belli
2496 759 2508 796 :
2538 753 2802 799 certatum
2836 755 2919 801 cst
2940 746 3062 816 jure
3092 747 3354 816 magistri,

2088 837 2308 906 Augusti
2331 835 2458 890 fato.
2493 834 2520 872 ἀ
2555 835 2734 904 Nuper
2766 846 2882 906 jost
2913 837 3084 892 hostis
3113 847 3300 908 aperto

2088 928 2312 984 Errabat
2335 930 2511 984 lentus
2537 928 2757 998 pelago;
2791 930 2949 983 simul
2978 929 3168 984 ordine
3197 928 3354 984 vobis

2083 1021 2231 1076 Ordo
2259 1022 2436 1076 omnis
2465 1036 2689 1092 regnum
2718 1021 2962 1086 dederat,
2991 1022 3158 1091 plebs,
3192 1022 3362 1087 curia,
3395 1019 3573 1089 miles,

2087 1113 2154 1170 Et
2179 1116 2382 1183 collega
2416 1115 2599 1170 simul.
2631 1115 2960 1185 Campanam
2993 1115 3245 1170 flantibus
3274 1113 3471 1169 austris

2084 1209 2394 1280 Ingrediens
2426 1208 2645 1275 terram,
2678 1224 2921 1264 securum
2958 1209 3128 1262 milite
3161 1208 3341 1262 Mauro

2084 1303 2385 1371 Agricolam
2417 1301 2752 1372 aggreditur;
2791 1300 2999 1370 pinguis
3022 1314 3119 1370 per
3147 1308 3379 1354 transtra
3409 1298 3632 1355 sedebat

2087 1393 2377 1460 Vandalus,
2401 1395 2690 1465 opperiens
2712 1392 2972 1463 praedam,
3005 1407 3161 1462 quam
3183 1392 3418 1461 jusserat
3449 1391 3573 1446 illuc

2082 1486 2308 1555 Captivo
2337 1489 2582 1555 capiente
2617 1486 2783 1552 trahi;
2808 1486 2902 1542 sed
2935 1494 3112 1541 vestra
3141 1496 3362 1555 repente

2084 1577 2227 1633 lnler
2259 1589 2544 1648 utrumque
2567 1578 2774 1634 hostem
2799 1578 3061 1633 de‘derant
3088 1591 3210 1632 sese
3232 1577 3440 1646 agmina
3467 1578 3664 1647 planis,

2082 1671 2212 1738 Quae
2242 1671 2459 1739 pelagus
2491 1670 2788 1739 collemque
2818 1679 3026 1735 secant,
3063 1678 3383 1739 portumque
3409 1669 3632 1724 reducto

2085 1749 2334 1816 Efficiunt
2357 1763 2494 1816 flexu
2519 1762 2684 1816 ﬂuvii.
2719 1761 3009 1817 Perterrita
3034 1760 3288 1830 primum,

2011 1849 2056 1909 Β
2084 1856 2290 1910 Montes
2321 1853 2472 1908 turba
2500 1856 2651 1925 petit,
2680 1854 2916 1909 trabibus
2938 1869 3054 1923 quae
3087 1853 3266 1907 clausa
3293 1850 3497 1907 relictis

2081 1947 2285 2002 Praeda:
2311 1947 2486 2016 praeda
2521 1947 2636 2008 fuit.
2666 1956 2775 2000 tum
2801 1948 3042 2001 concitus
3071 1947 3284 2016 agmine
3308 1955 3450 2010 toto.

2081 2041 2133 2094 In
2166 2055 2393 2109 pugnam
2423 2041 2588 2108 pirata
2612 2040 2720 2095 coit
2745 2057 2758 2092 :
2785 2055 2907 2108 pars
2932 2039 3089 2093 lintre
3111 2052 3294 2094 cavata

2079 2133 2196 2189 iam
2224 2133 2425 2188 dociles
2455 2131 2676 2202 exponit
2710 2147 2896 2202 equos,
2931 2147 3056 2200 pars
3087 2131 3262 2186 ferrea
3298 2139 3441 2186 tcitta

2078 2224 2342 2280 Concolor
2365 2224 2620 2289 induitur,
2652 2232 2852 2278 teretes
2885 2239 3007 2293 pars
3032 2224 3263 2292 explicat
3293 2237 3468 2286 art-us,

2079 2318 2240 2390 322
2271 2318 2594 2387 Spiculaque
2622 2316 2854 2371 infusum
2887 2316 3032 2372 ferro
3055 2317 3227 2370 latura
3255 2330 3544 2380 venenum,

2079 2411 2207 2477 Quae
2239 2411 2431 2466 feriant
2454 2411 2536 2464 bis
2559 2411 2718 2464 missa
2751 2410 2957 2475 semel;
2995 2419 3018 2446 ε
3040 2408 3150 2478 jam
3183 2408 3380 2465 textilis
3406 2407 3592 2475 anguis

2083 2502 2340 2556 Discurrit
2363 2517 2458 2572 per
2487 2511 2770 2572 utramque
2797 2502 2990 2566 aciem,
3017 2501 3101 2555 cui
3133 2509 3313 2571 guttur
3333 2499 3539 2554 adactis

2080 2593 2361 2669 Turgescit
2387 2595 2666 2665 zephjris;
2703 2595 2882 2663 patulo
2913 2595 3168 2649 mentitur
3198 2592 3347 2647 hiatu

2081 2683 2274 2740 lratatn
2308 2685 2509 2754 pictura
2544 2685 2760 2749 fantem,
2793 2699 3075 2755 pannoque
3104 2682 3340 2737 furorem

2079 2777 2220 2832 Aura
2253 2779 2398 2844 facit,
2431 2779 2643 2848 quoties
2674 2785 2949 2833 crassatur
2971 2777 3158 2832 vertile
3189 2785 3396 2846 tergum

2079 2869 2338 2936 Flatibus,
2363 2880 2417 2925 et
2447 2871 2668 2924 nimium
2691 2870 2801 2938 jam
2831 2885 2935 2922 non
2960 2870 3101 2938 capit
3129 2868 3278 2922 alvus
3305 2867 3486 2921 inane.

2081 2967 2150 3019 At
2180 2965 2303 3018 tuba
2338 2965 2602 3018 terrisono
2628 2962 2853 3031 strepuit
2878 2976 3040 3031 grave
3069 2976 3230 3014 rauca
3261 2959 3493 3029 fragore,

2080 3058 2381 3127 Responsat
2407 3057 2610 3110 clamor
2641 3055 2808 3124 lituis,
2834 3056 3104 3124 virtusque
3135 3063 3354 3124 repente

2082 3149 2290 3219 Ignavis
2311 3147 2393 3203 vel
2425 3162 2584 3217 parva
2614 3146 2743 3202 furit
2769 3163 2784 3212 ;
2816 3146 2957 3202 cadit
2980 3145 3212 3215 undique
3243 3143 3464 3208 ferrum,

397 3279 920 3352 lcntinianijunioris
947 3295 1045 3353 per
1067 3278 1329 3353 annos“)
1357 3278 1651 3353 legitTninm
1679 3280 1977 3353 principem
2009 3286 2063 3351 C-
2087 3286 2305 3341 emersit
2339 3299 2406 3340 ex
2448 3286 2651 3349 privata
2691 3284 2919 3350 fortuna,
2954 3283 3296 3351 exsequitur;
3343 3297 3404 3336 ac
3434 3283 3661 3353 primum

397 3356 601 3412 nullum
633 3348 833 3407 viderat
862 3369 873 3403 :
908 3349 995 3404 tibi
1029 3352 1186 3403 tacite
1218 3348 1458 3415 Honorii,
1484 3358 1537 3402 et
1565 3350 1703 3403 Plac.
1740 3348 1978 3410 Valenti-

395 3425 543 3482 niani
572 3424 872 3480 socordiam
903 3422 1197 3484 insimulat,
1230 3421 1318 3488 qui
1348 3421 1613 3474 Ravennae
1647 3420 1758 3478 fere
1789 3427 1979 3480 moeni—

394 3499 495 3554 bus
526 3495 733 3555 inclusi,
782 3494 1021 3547 barbaris
1063 3492 1361 3560 provincias
1408 3492 1768 3548 lacerantibus
1799 3497 1977 3553 omnia

398 3565 908 3639 pessumdederunt,
943 3577 1062 3639 cum
1109 3561 1245 3616 alter
1286 3561 1355 3615 ob
1397 3562 1680 3627 inertiam,
1736 3567 1870 3620 alter
1911 3567 1980 3622 ob

397 3633 608 3695 aetatem
643 3633 1070 3690 moderatoribus
1097 3643 1336 3702 egerent.

471 3717 498 3746 λ
540 3707 614 3762 lta
639 3708 905 3776 superius.
928 3715 981 3758 et
1008 3704 1340 3776 Claudianus
1357 3705 1578 3771 passim,
1607 3706 1760 3760 metri
1784 3721 1974 3773 causa;

397 3789 550 3836 vetus
575 3775 850 3848 inscriptio
888 3775 1346 3843 Constantinopoli
1391 3790 1550 3844 supra
1591 3777 1818 3832 Auream
1852 3793 1978 3848 por-

403 3860 555 3908 tam:

518 3919 633 3971 Haec
647 3919 751 3969 loca
773 3917 1081 3967 Theudosius
1101 3915 1299 3964 decorat
1325 3922 1432 3977 post
1457 3914 1551 3964 fata
1571 3919 1777 3979 tyranni.

520 3985 684 4033 Aurea
711 3979 850 4030 smcla
876 3981 1003 4042 gerit
1024 3980 1106 4041 qui
1134 3986 1320 4039 portam
1344 3980 1581 4028 construit
1608 3991 1740 4027 auro.

405 4070 559 4140 122
591 4064 882 4119 Theodosii
921 4072 1241 4140 auctor‘est
1276 4061 1581 4140 Gratianus,
1609 4078 1638 4140 a
1679 4077 1784 4140 quo
1815 4065 1983 4140 impef

402 4131 559 4193 Finiti—
576 4146 851 4204 acceperat
888 4151 901 4186 :
935 4135 1169 4186 auctoris
1218 4132 1382 4186 frater
1427 4131 1850 4196 Valelllltlinlllh,
1896 4131 1981 4188 eui

398 4210 573 4278 gulam
622 4208 708 4274 qui
738 4206 892 4272 fregit
919 4205 1265 4278 Arbogastes,
1299 4204 1438 4278 idem
1471 4205 1571 4256 sibi
1618 4212 1820 4269 postea,
1857 4220 1977 4278 cum

398 4274 636 4350 Eugenio
667 4286 890 4350 tyranno
911 4276 1080 4328 victus
1103 4290 1130 4327 a
1153 4274 1479 4337 Theodosio,
1514 4287 1739 4350 mortem
1771 4277 1976 4350 consci-

397 4345 508 4417 vit:
548 4345 776 4416 septimo
809 4351 918 4400 lere
961 4355 1082 4414 post
1125 4360 1262 4399 anno
1309 4362 1491 4417 quam
1520 4345 1919 4400 Valentinianus
1949 4360 1978 4399 a

397 4415 634 4475 Maximo
682 4417 889 4486 fugatus
931 4417 1154 4484 imperio
1196 4431 1285 4483 per
1311 4415 1670 4468 Theodosium
1705 4418 1980 4472 restitutus

399 4490 596 4547 fuerat.
645 4489 903 4543 Auctores
951 4502 1078 4555 ergo
1125 4486 1273 4545 dicti.
1327 4487 1415 4553 qui
1470 4487 1554 4540 vel
1605 4488 1839 4555 generis,
1897 4489 1979 4542 vel

401 4577 562 4630 oputn
579 4570 636 4616 et
664 4559 885 4630 honoris
912 4568 1169 4630 parentes
1195 4558 1314 4611 aliis
1343 4559 1581 4630 fuissent.
1609 4558 1704 4630 Sic
1723 4558 1977 4611 Hadriani

403 4627 671 4686 auctorem
693 4629 980 4694 Trajanum
1002 4628 1229 4697 appellat
1254 4629 1587 4694 Spartianue,
1606 4627 1799 4682 .loliani
1833 4631 1974 4682 (Ion—

401 4703 654 4760 stantium
679 4703 906 4755 Senatus
933 4699 1071 4766 apud
1103 4697 1465 4750 Marcellinum
1490 4698 1583 4751 lib.
1613 4715 1699 4751 xxi
1724 4715 1816 4765 per
1842 4714 1974 4768 quos

399 4773 466 4828 ad
498 4771 778 4843 imperium
809 4772 978 4824 evecti
1011 4771 1235 4821 fuerant.
1272 4768 1525 4843 Sidonius
1549 4770 1666 4843 ipse
1699 4770 1978 4843 Apollina.

399 4859 512 4900 rem
541 4839 694 4898 avum
726 4855 998 4895 auctorem
1030 4852 1182 4892 suum
1216 4847 1368 4891 vocat
1400 4839 1448 4889 in
1477 4840 1699 4901 epistola
1724 4854 1839 4907 qua:
1861 4841 1977 4906 ejus

398 4916 727 4984 epitaphium
755 4911 1067 4984 rcouti_net_._
1093 4907 1658 4984 l’anegyristcs_vetus
1709 4912 1779 4984 it_i_
1800 4911 1974 4984 Gene.

399 4976 594 5040 tliliaéo
630 4981 953 5042 Maximiani.
1000 4976 1301 5042 Itidemque,
1346 4976 1684 5042 Maximiane,
1733 4978 1977 5034 Hercules

397 5065 514 5110 tuus
544 5069 742 5117 auctor,
777 5067 891 5104 cum
920 5052 1050 5104 inter
1079 5049 1306 5102 homines
1333 5057 1487 5112 esset,
1529 5056 1688 5100 terras
1731 5066 1902 5103 omnes
1931 5061 1977 5104 et

397 5139 624 5181 monstra
652 5125 870 5195 pacavit.
898 5122 988 5195 _lta_
1009 5119 1149 5175 enim
1173 5120 1272 5195 legi
1301 5119 1791 5195 debet_._Auctoret_n.
1810 5120 1976 5175 Mavi-

399 5199 558 5252 miani
586 5188 866 5251 Herculem
893 5191 1037 5257 facit,
1055 5200 1111 5245 ut
1131 5193 1285 5260 paulo
1306 5199 1429 5244 ante
1446 5189 1753 5260 Diocletiani
1769 5188 1976 5253 Jovem,

397 5270 540 5337 quod
572 5267 640 5322 ab
665 5267 771 5320 illis
803 5265 902 5319 orti
931 5261 1101 5337 videri
1128 5259 1806 5337 voluerint._§ymma_e_hus
1829 5260 1981 5337 deni-

395 5330 500 5408 que
533 5339 625 5394 lib.
663 5353 714 5404 x,
742 5337 901 5404 epist.
942 5334 1014 5388 22
1041 5341 1093 5389 et
1122 5334 1228 5408 57‘,
1273 5347 1393 5388 cum
1425 5330 1712 5408 Theodosii
1742 5332 1981 5408 eju_s_dem

397 5401 671 5464 auctorem
699 5401 1108 5470 commemorat,
1156 5404 1272 5473 ejus
1300 5412 1502 5472 patrem
1534 5401 1779 5469 intelligit
1807 5402 1983 5457 Theo.

397 5481 608 5535 dosium
645 5479 917 5548 comitem,
953 5491 1135 5548 quem
1165 5475 1468 5548 Africanum
1517 5481 1568 5527 et
1616 5473 1978 5548 Britannicum

397 5551 591 5608 ducem
627 5543 992 5613 norninat,’ob_
1015 5546 1233 5601 bellicas
1263 5547 1440 5601 lauros
1483 5559 1614 5615 quas
1648 5543 1712 5598 ab
1754 5553 1977 5613 utraque

396 5633 557 5694 gente
579 5623 856 5679 retulerat.
886 5617 1084 5673 Verum
1108 5617 1191 5671 hic
1212 5618 1424 5688 generis
1446 5626 1630 5672 auctor
1653 5615 1988 5683 Theodosio,

400 5695 1370 5836 1⁸11383ὲὲἕὲὲὲΠηιῖῗὲηᾷρδηοειτξρίε
1391 5760 1567 5836 inqua
1600 5757 1737 5812 redit
1763 5758 1830 5813 ad
1859 5771 1978 5826 par-

2088 3357 2355 3426 duplieem
2399 3356 2513 3424 ejus
2553 3357 2829 3410 victoriam
2858 3371 2872 3408 :
2899 3370 3057 3409 unam
3101 3355 3168 3409 de
3204 3354 3537 3426 Alamannis,
3562 3353 3664 3426 qui

2087 3425 2183 3496 per
2210 3429 2370 3497 Alpes
2396 3427 2590 3480 Raetias
2609 3427 2812 3497 delapsi
2835 3436 3135 3497 nongentos
3158 3442 3188 3480 e
3208 3427 3318 3480 suis
3340 3425 3406 3478 ad
3432 3425 3665 3497 praedam

2089 3495 2440 3553 immiserant.
2479 3499 2582 3551 llos
2611 3496 2930 3566 Majorianus
2961 3496 3196 3550 nondum
3230 3498 3537 3565 imperator,
3569 3495 3666 3566 sed

2079 3569 2190 3638 jam
2217 3568 2472 3638 magister
2504 3565 2756 3632 militum,
2787 3568 2990 3621 directo
3021 3569 3084 3638 in,
3104 3582 3196 3621 eos
3223 3567 3460 3638 Burcone
3485 3565 3664 3638 profli-

2086 3637 2249 3709 gavit.
2275 3637 2380 3694 Res
2403 3641 2579 3705 itaque
2599 3647 2807 3702 peracta
2827 3652 3011 3692 mense
3037 3637 3222 3709 Martio
3245 3637 3370 3690 anni
3391 3637 3514 3691 457.
3534 3637 3664 3690 Nam

2086 3708 2149 3764 ex
2180 3713 2366 3766 incerti
2392 3713 2629 3764 chronici
2660 3719 2879 3763 auctore
2897 3717 3059 3777 patet,
3079 3708 3430 3762 Constantino
3453 3715 3507 3762 et
3531 3709 3666 3760 Rufo

2085 3795 2250 3843 coss.,
2298 3781 2468 3849 pridie
2508 3779 2761 3834 calendas
2810 3779 3040 3849 Martias
3077 3779 3388 3849 magistrum
3437 3778 3664 3849 militum

2085 3847 2508 3916 factum‘fnisse,
2555 3863 2842 3918 purpuram
2883 3847 3076 3901 deinde
3121 3848 3356 3900 colendis
3393 3847 3664 3916 Aprilibus

2086 3922 2404 3989 suscepisse.

2164 4002 2186 4030 ο
2228 3987 2410 4059 Campi
2453 3989 2639 4045 Canini
2673 3989 2724 4042 in
2753 4003 2813 4042 ea
2843 3988 3025 4059 Raetiae
3065 4002 3156 4042 ora
3187 3988 3401 4042 fuerunt
3428 4003 3555 4059 quas,
3577 3987 3665 4042 Li-

2084 4063 2250 4130 goria:
2281 4057 2612 4116 eontcrmina
2645 4069 2746 4113 est.
2780 4059 2950 4114 Situm
2979 4058 3135 4113 docet
3166 4059 3288 4112 item
3325 4057 3665 4112 Marcellinus

2085 4133 2180 4187 lib.
2205 4150 2268 4186 xv
2302 4134 2417 4185 :Ad
2461 4147 2610 4201 quem
2653 4130 2965 4201 procinctam
3004 4132 3278 4201 imperator
3318 4144 3567 4201 egressus,
3614 4130 3666 4182 in

2089 4202 2278 4258 thias
2303 4198 2607 4272 camposque
2636 4198 2765 4254 uenit
2790 4199 3028 4254 Caninos.
3059 4200 3124 4254 Et
3151 4198 3675 4272 neatnbigiqueat,

2088 4274 2285 4328 indicio
2313 4283 2393 4326 est
2419 4269 2624 4335 Bili'tio,
2659 4279 2810 4326 vetus
2839 4281 3071 4324 castrum
3103 4273 3154 4324 in
3189 4271 3270 4324 his
3300 4269 3501 4339 campis
3529 4271 3666 4338 posi-

2093 4355 2226 4409 tum,
2262 4345 2524 4414 hodieque
2571 4359 2674 4414 non
2705 4342 3013 4396 obscurum.
3045 4342 3333 4411 Gregorius
3373 4339 3419 4394 Χ
3454 4341 3665 4414 llislor.

2087 4431 2141 4468 ιιι
2174 4434 2185 4470 :
2245 4417 2340 4468 Olo
2385 4411 2489 4469 dua:
2525 4415 2590 4468 ad
2615 4413 2910 4466 Bilitionem
2940 4420 3166 4466 castrum
3205 4414 3256 4465 in
3301 4412 3490 4480 campis
3513 4411 3666 4464 situm

2086 4486 2296 4542 Caninis
2335 4487 2621 4554 importune
2657 4483 2935 4553 accedens,
2964 4485 3145 4556 jaculo
3182 4481 3440 4538 sauciatus
3487 4483 3675 4536 cecidit;

2086 4573 2130 4610 et
2159 4568 2386 4610 mortuus
2416 4569 2508 4609 ε.ςι.

2160 4625 2184 4664 ἀ
2225 4629 2405 4682 Altera
2439 4627 2715 4696 Major-iani
2751 4626 2924 4696 palma
2954 4625 3020 4680 de
3048 4623 3302 4696 vandalis
3339 4624 3662 4696 Maurisque,

2015 4672 2061 4732 ί)
2087 4672 2240 4764 quos.
2270 4672 2344 4752 ei;
2365 4672 2542 4752 Afi-ica
2582 4699 2634 4752 in
2680 4672 3025 4764 Ca'mpaniam
3049 4695 3316 4750 'advectos
3346 4672 3668 4765 Majoria'nus

2081 4769 2190 4838 jam
2235 4770 2543 4835 imperator,
2591 4785 2694 4821 non
2728 4768 2898 4820 solum
2921 4766 3109 4838 prmda
3137 4781 3312 4838 quam
3343 4768 3669 4838 collegerant

2086 4836 2356 4906 Spoliavit,
2371 4839 2464 4892 sed
2485 4839 2632 4907 gravi
2655 4839 2863 4891 attritos
2888 4836 3037 4891 clade
3059 4837 3110 4892 in
3131 4836 3304 4906 fngant
3327 4837 3452 4905 egit.
3471 4838 3669 4906 Pugna:

2087 4908 2261 4964 locum
2293 4910 2362 4963 ita
2392 4909 2655 4979 designat,
2700 4917 2753 4960 ut
2785 4908 3062 4975 perspicue
3105 4907 3413 4979 Sinuessani
3467 4915 3667 4979 tractus

2089 4981 2333 5048 planities
2361 4976 2581 5033 indicari
2610 4979 2872 5042 videatur,
2895 4994 3012 5044 quas
3034 4994 3062 5031 a
3097 4979 3246 5048 Lyris
3271 4978 3424 5032 ostiis
3450 4976 3515 5030 ad
3546 4977 3664 5031 Vul-

2088 5047 2297 5103 turnum
2317 5061 2582 5120 porrecta,
2607 5050 2729 5104 hinc
2746 5050 2898 5110 mari,
2925 5048 3068 5102 illinc
3090 5047 3293 5120 .‘llassici
3321 5047 3519 5120 montis
3537 5049 3665 5118 jugo

2087 5118 2369 5176 clauditur.
2412 5121 2564 5192 123
2597 5121 2803 5173 Mauros
2852 5135 3000 5188 ergo,
3029 5120 3164 5192 quia,
3192 5135 3222 5172 a
3255 5118 3504 5172 Vaudalis
3541 5122 3668 5192 sith-

2089 5193 2191 5245 acti
2224 5189 2719 5259 [ιιρι-θιιῐῖὲριίκυε
2745 5198 2918 5255 vocat,
2951 5202 3001 5244 et
3026 5190 3259 5258 praedam
3282 5205 3399 5255 qua:
3428 5205 3524 5259 per
3550 5189 3667 5243 illos

2087 5263 2361 5331 agebatur,
2393 5263 2603 5327 captivo
2632 5262 2875 5329 capiente
2906 5263 3019 5330 capi
3042 5270 3230 5329 argute
3255 5259 3489 5331 dixit,ac
3511 5261 3668 5331 paulo

2090 5329 2230 5398 post,
2265 5333 2460 5402 prmda:
2491 5333 2721 5401 praedam
2753 5333 2935 5395 fuisse,
2970 5347 3090 5386 cum
3123 5330 3293 5386 Mauri
3325 5346 3352 5385 a
3391 5329 3664 5402 Majoriani

2086 5399 2458 5472 copiisd'ugali
2492 5399 2553 5457 et
2594 5402 2802 5456 navium
2844 5403 2988 5456 aditu
3031 5404 3258 5467 exclusi,
3305 5417 3332 5456 a
3358 5399 3665 5468 'Campanis

2087 5475 2217 5541 ipsis
2247 5490 2382 5541 quos
2411 5483 2663 5541 ceperant
2685 5476 2822 5542 capti
2850 5483 2993 5528 sunt.

2162 5553 2183 5580 ε’
2225 5544 2512 5614 Gregorius
2561 5541 2925 5598 Nazianzenus
2976 5556 3110 5599 orat.
3171 5546 3192 5598 l
3245 5546 3298 5597 in
3346 5541 3661 5614 Julianum:

2083 5613 2275 5671 οΟειόιτε
2301 5612 2897 5690 abvpagmra‘dp«nov-tow
2921 5618 3151 5690 φοϐεροῖς
3170 5612 3668 5690 χάσμασινέμπνιό-

2080 5707 2203 5757 μενκ
2251 5689 2328 5741 ἐπ’
2376 5686 2537 5759 ἄκρων
2591 5681 2819 5772 δόράτων
2870 5681 3392 5762 αἰὲ,›ρούμὲνοἰξ,’καὶ
3445 5681 3525 5772 die}
3569 5691 3667 5737 τῶν

2085 5759 2237 5812 ὀλκῶν
2267 5760 2563 5833 ριπιζὸμενα
2586 5754 2774 5830 φολίσιν
2798 5754 3036 5830 ﬁer/315:5;
3061 5754 3434 5833 ᾇαταστίκςῳν,
3464 5754 3668 5814 ἣδιστόν

403 5846 483 5894 tes
517 5853 641 5893 suas
670 5824 846 5905 poeta,
881 5845 934 5891 et
961 5824 1163 5902 reliqua
1180 5824 1462 5901 lliajoriani
1483 5824 1662 5901 gesta,
1699 5824 1976 5902 postquam

2084 5853 2134 5886 τε
2165 5824 2286 5905 ὁμο-ὖ
2314 5836 2396 5888 καὶ
2423 5824 2618 5906 aptet-61a
2647 5833 2806 5901 Οὲαμα
2831 5824 3144 5906 spessime:
3172 5836 3280 5887 ταῖς
3303 5824 3476 5899 ὄψεσι.

2013 5914 2073 5932 ..κ
