4072 6348
391 334 486 394 67-!

394 457 421 487 ι
452 447 788 507 Hinc-tamen
817 449 868 504 in
891 447 1126 519 jugulos.
1159 445 1309 501 Hunc
1341 451 1480 501 torta
1505 443 1718 501 falarica
1743 443 1891 514 jactu

393 541 657 607 Praeterit,
689 543 752 598 ad
787 553 1012 597 mortem
1044 541 1131 594 vix
1167 547 1441 595 cessatura
1473 539 1762 594 secundam
1794 557 1808 594 :

395 635 546 691 llunc
572 636 714 691 conti
747 643 886 691 rotat
915 636 1074 699 ictus,
1107 647 1245 704 equo
1273 633 1379 688 ruit
1408 632 1581 688 aclidc
1611 631 1789 688 fossus

392 729 504 795 Ille,
534 745 769 800 veruque
792 729 960 793 alius;
987 727 1131 798 jacet
1157 727 1244 782 hic
1273 726 1434 782 simul
1463 727 1590 783 alite
1617 727 1742 792 telo,

391 821 682 877 Absentem
710 834 898 888 passus
919 819 1197 885 dextram;
1231 833 1352 888 pars
1385 817 1584 889 poplite
1614 825 1763 874 secto

391 912 575 967 Mortis
601 911 667 966 ad
698 911 951 968 invidiam
975 913 1143 978 vivit;
1177 920 1491 983 partemque
1520 911 1730 968 cerebri

393 1003 490 1060 llic
519 1005 686 1075 galea:
712 1020 831 1060 cum
862 1015 1012 1076 parte
1043 1007 1204 1076 rapit,
1237 1006 1470 1076 fortique
1495 1008 1696 1062 lacerto

390 1095 608 1153 Dissicit
639 1099 855 1169 ancipiti
882 1099 1184 1155 miserabile
1213 1100 1444 1170 sinciput
1465 1115 1617 1156 ense.

389 1187 460 1244 Ut
491 1191 722 1260 primum
751 1191 921 1247 versis
946 1192 1039 1248 dat
1061 1201 1270 1264 tergum
1292 1192 1561 1248 Vandalus
1590 1191 1774 1261 armis,

388 1281 638 1338 Succedit
659 1284 834 1340 caedes
867 1300 1058 1356 pugna:
1085 1286 1398 1342 discrimine
1426 1287 1590 1342 nullo.

386 1374 709 1430 Sternuntur
737 1377 932 1444 passim
958 1377 1183 1446 campis,
1215 1386 1268 1432 et
1294 1376 1450 1433 fortia
1481 1393 1708 1450 qumque

388 1465 534 1523 Fecit
562 1469 706 1523 iners
736 1470 1034 1538 trepidante
1063 1470 1219 1540 fuga;
1254 1485 1399 1525 mare
1430 1470 1659 1539 pallidus
1685 1471 1872 1545 intrat,

387 1559 454 1615 Et
482 1575 646 1616 naves
674 1563 961 1631 pertransit
987 1577 1173 1632 eques,
1209 1563 1456 1632 turpique
1482 1571 1669 1618 natatu

386 1652 464 1708 De
491 1652 678 1725 pelago
704 1654 769 1708 ad
801 1655 1048 1725 cymbam
1080 1656 1256 1710 rediit.
1291 1656 1381 1711 Sic
1414 1656 1566 1710 tertia
1592 1655 1785 1728 Pyrrhi

387 1748 666 1814 Quondam
694 1765 866 1820 pugna
892 1750 1010 1816 fuit,
1050 1750 1204 1805 cmsis
1232 1765 1352 1805 cum
1383 1750 1617 1806 millibus
1645 1751 1795 1806 illum

385 1840 644 1895 Dentatus
673 1851 970 1908 premeret;
1001 1841 1194 1896 lacerae
1220 1842 1308 1896 vix
1337 1842 1592 1912 fragmina
1624 1839 1813 1897 classis

386 1931 571 1986 Traxit
603 1933 653 1987 in
687 1933 928 2002 Epirum,
960 1935 1050 2004 qui
1077 1933 1323 1990 Chaonas
1351 1947 1510 2005 atque
1532 1937 1835 2003 Molossos,?

387 2023 487 2091 Qui
513 2024 802 2091 Thracum,
839 2027 1206 2096 Macetumque
1236 2043 1427 2082 manus
1465 2044 1559 2098 per
1587 2029 1767 2084 littora
1791 2038 1973 2085 nostra

385 2115 688 2186 Sparserat,
721 2128 773 2172 et
794 2118 946 2187 cujus
973 2119 1115 2173 vires
1138 2118 1392 2174 OEnotr-ia
1423 2120 1646 2189 pallens,

385 2207 629 2278 Ipsaque,
663 2225 782 2278 qua:
811 2209 982 2278 petiit,
1018 2209 1374 2278 trepidaverat
1402 2222 1561 2266 uncta
1594 2213 1880 2269 Tarentus.

385 2299 544 2371 323
571 2300 821 2355 llostibus
845 2301 1364 2372 expulsis,campum
1398 2304 1484 2371 qui
1513 2302 1777 2361 maximus
1801 2313 1974 2362 exstat

384 2390 501 2447 lam
523 2395 751 2447 lustrare
781 2401 932 2448 vacat
964 2410 975 2446 :
1005 2393 1188 2448 videas
1217 2393 1304 2448 hic
1327 2404 1504 2464 strage
1525 2395 1624 2451 sub
1654 2397 1762 2462 illa,

386 2481 745 2552 'Jtrorumque
768 2485 1009 2548 animos;
1040 2485 1218 2539 nullus
1244 2499 1352 2538 non
1377 2497 1593 2555 pectore
1623 2502 1813 2555 caesus,

386 2577 633 2646 Quisquis
662 2585 843 2632 vester
864 2586 1013 2640 erat;
1044 2578 1220 2632 nullus
1252 2594 1357 2633 non
1392 2589 1538 2647 terga
1569 2579 1793 2651 foratus,

384 2667 597 2723 Illorum
631 2669 903 2738 quisquis;
936 2671 1169 2725 clamant
1197 2671 1297 2726 hoc
1322 2673 1542 2727 vulnera
1575 2675 1730 2742 primi

381 2757 407 2797 δ
435 2759 751 2814 Przedonum
787 2769 896 2815 tum
920 2761 1058 2816 forte
1085 2762 1253 2830 ducis,
1289 2763 1375 2818 cui
1406 2766 1720 2836 regisavari

382 2852 639 2909 Narratur
668 2857 914 2924 nupsisse
940 2871 1114 2927 soror,
1150 2859 1240 2926 qui
1272 2858 1488 2926 pulvere
1511 2874 1654 2915 exeo

384 2945 628 3012 Clausus,
660 2958 714 3003 et
735 2950 898 3004 elisus
930 2950 1069 3021 pilis,
1105 2953 1331 3022 vestigia
1362 2955 1531 3022 turpis

385 3038 563 3096 Gestat
592 3042 766 3098 adhuc
797 3044 1053 3112 probrosa
1087 3044 1256 3114 fugte;
1287 3045 1365 3100 sic
1392 3049 1602 3116 agmina
1635 3058 1810 3105 vestra

381 3132 508 3191 Cum
540 3135 726 3203 spoliis
754 3150 1001 3204 campum
1034 3137 1287 3203 retinent,
1315 3145 1369 3192 et
1401 3139 1570 3194 Marte
1604 3140 1898 3214 fruunturJ

449 3237 473 3266 ε
505 3227 710 3283 Interea
739 3227 934 3307 duplici
967 3230 1102 3283 texis
1131 3230 1259 3284 dum
1290 3231 1464 3286 littore
1493 3235 1719 3290 classem

376 3319 591 3375 interno
618 3335 920 3390 superoque
945 3322 1098 3386 mari,
1126 3322 1270 3376 cadit
1299 3325 1473 3378 omnis
1506 3325 1559 3379 in
1589 3342 1772 3396 aequor

380 3414 520 3472 Silva
551 3415 665 3480 tibi,
701 3415 1034 3486 nimiumque
1060 3416 1150 3470 diu
1180 3433 1276 3486 per
1302 3425 1589 3489 utrumque
1621 3423 1825 3478 recisus

379 3508 657 3578 Apennine
686 3508 845 3574 latus,
881 3509 1160 3579 navalique
1188 3511 1382 3567 arbore
1409 3512 1580 3581 dives,

380 3598 491 3656 Non
523 3599 700 3654 minus
732 3599 786 3654 in
818 3600 1036 3670 pelagus
1068 3616 1370 3669 nemorum,
1404 3619 1560 3674 quam
1601 3606 1768 3663 mittis
1797 3624 1964 3678 aqua-

1801 3702 1938 3773 [rnm
1949 3745 1961 3767 ,

385 3783 546 3841 Callia
575 3786 844 3841 continuis
875 3801 1174 3858 quanquam
1205 3789 1274 3843 sit
1305 3789 1439 3845 lassa
1474 3791 1707 3857 tributis,

381 3877 489 3933 lloc
519 3893 682 3934 censu
712 3879 970 3949 placuisse
996 3879 1162 3951 cupit,
1192 3896 1291 3936 nec
1317 3882 1552 3952 pondera
1579 3885 1760 3952 sentit,

446 4071 473 4100 ⁸
512 4062 557 4120 Α
583 4074 732 4132 parte
763 4066 1058 4136 Majoriani.
1091 4067 1371 4136 Utrinqne,
1404 4067 1499 4130 ait,
1542 4067 1644 4122 tela
1688 4066 1966 4136 jaciebano

380 4142 499 4208 tur,‘
517 4135 609 4189 sed
636 4151 752 4204 qua:
780 4135 851 4190 ab
872 4137 969 4192 hac
994 4135 1396 4208 parte.jngulos
1421 4135 1698 4203 petebant,
1716 4148 1770 4191 et
1797 4138 1966 4192 letha-

379 4204 459 4276 les
489 4204 624 4260 ictus
652 4204 1119 4275 infligebantpnon
1153 4204 1275 4260 item
1307 4223 1423 4276 quze
1453 4223 1483 4260 τι
1516 4208 1787 4261 Vandalis.

448 4275 800 4347 PSersaonis,
833 4286 890 4330 nt
915 4279 1141 4346 conjecit
1168 4275 1388 4338 Savaro,
1413 4295 1475 4332 ex
1505 4277 1720 4332 Victore
1742 4278 1970 4347 Vitensi,

380 4346 464 4418 qui
495 4363 617 4418 eum
646 4345 919 4418 Genserici
954 4345 1092 4415 regis
1115 4359 1398 4415 cngmtniii
1433 4360 1605 4402 vocat.

451 4427 474 4487 9
518 4416 592 4469 De
612 4417 838 4470 classico
863 4421 912 4468 in
940 4419 1170 4470 Africam
1203 4419 1475 4483 Major-iani
1503 4429 1780 4486 apparatu,
1806 4435 1960 4487 quem

379 4486 628 4542 Sidonius
661 4488 735 4539 sic
767 4487 995 4550 extollit,
1042 4499 1098 4541 ut
1123 4503 1241 4541 cuin
1277 4491 1710 4557 Agamemnonis.
1744 4486 1955 4554 Xerxis,

382 4557 596 4628 Antonii
629 4559 1008 4621 etCleopatrm
1054 4560 1326 4611 navalibus
1369 4560 1536 4628 copiis
1566 4560 1811 4615 conferre
1855 4578 1962 4616 non

384 4627 606 4704 dubitet,
641 4628 881 4681 scribunt
924 4628 1235 4704 Procopius,
1271 4627 1466 4704 lilatius
1496 4640 1547 4704 et
1575 4630 1958 4704 Cassiodorus.

383 4696 674 4766 Procopius
699 4714 827 4752 sane
858 4696 1147 4754 maximum
1176 4701 1470 4754 exercitum
1513 4701 1677 4756 fuisse
1711 4713 1956 4757 testatur.

383 4771 451 4841 At
481 4769 610 4821 tanti
646 4779 868 4823 conatus
899 4773 1080 4824 irrittts
1126 4771 1221 4824 fuit
1249 4781 1502 4836 eventus;
1537 4775 1655 4840 quia
1700 4789 1792 4841 per
1839 4791 1960 4841 pro-

384 4839 581 4912 ditores
607 4842 919 4912 commoniti
951 4842 1190 4904 Vandali,
1219 4858 1380 4896 naves
1411 4845 1462 4896 in
1493 4839 1750 4910 portubus
1771 4839 1959 4912 lliép-i-

384 4910 504 4981 μίαν,
539 4910 846 4981 priuSquam
880 4912 1170 4977 solverent,
1198 4912 1550 4981 diripuerunt.
1579 4915 1649 4967 ita
1678 4910 1961 4969 frustratus

383 4979 506 5053 belli
531 4979 801 5037 Vandalici
836 4999 928 5052 spe
979 4979 1318 5053 Majoriauns.
1362 4986 1469 5039 Nec
1515 4995 1691 5040 tamen
1740 4990 1959 5041 omnino

383 5052 711 5108 frustratus:
745 5055 864 5124 quia
917 5052 1258 5125 Censet-iens,
1295 5065 1352 5108 ut
1393 5067 1577 5109 auctor
1619 5066 1700 5110 est
1742 5058 1956 5124 ldatins,

383 5137 564 5194 pacein
590 5125 655 5176 ab
677 5141 740 5180 eo
771 5136 950 5194 postea
980 5127 1126 5193 petiit
1156 5135 1208 5178 et
1234 5127 1584 5194 impetravit.-

451 5189 476 5227 ά
512 5193 754 5265 Romano
773 5189 828 5250 et
857 5189 1126 5250 Africano.
1158 5189 1413 5265 Sperabat
1447 5199 1677 5252 futurum
1707 5200 1959 5255 Sidonius

381 5273 436 5315 ut
460 5263 555 5341 qui
570 5265 746 5341 exitus
771 5270 1170 5341 postActiacam
1199 5263 1425 5341 pugnam
1446 5269 1744 5337 Cleopatra:
1767 5287 1956 5341 regno-

381 5349 481 5403 que
509 5334 626 5408 ejus
654 5335 847 5404 fuerat,
880 5338 1020 5392 idem
1045 5354 1185 5393 nunc
1201 5334 1359 5394 esset
1384 5334 1696 5406 Genscr'ico,
1725 5334 1954 5408 hoc'est,

381 5414 437 5458 ut
466 5420 530 5480 eo
561 5406 701 5480 victo
727 5422 992 5480 cursuque,
1022 5409 1196 5465 Africa
1241 5410 1291 5463 in
1334 5411 1609 5480 Majoriani
1644 5406 1959 5480 potestatem

383 5476 604 5552 veniret.
637 5479 777 5534 lnter
805 5479 991 5534 eadem
1023 5481 1167 5552 enim
1214 5476 1429 5552 regnaf
1453 5476 1708 5537 Romanis
1753 5483 1960 5538 scilicet

381 5547 628 5616 Afrisque
654 5559 974 5624 certamen:
1009 5566 1102 5620 par
1124 5547 1406 5624 Censerici
1442 5553 1600 5608 luxus
1628 5563 1681 5609 et
1727 5555 1958 5624 Cleopa—

381 5623 836 5695 trzeknec‘minor
860 5620 1136 5695 Major-iani
1163 5624 1330 5678 virtus
1359 5639 1518 5693 quam
1549 5626 1791 5695 Augusti.

451 5697 475 5724 °
501 5690 651 5766 Quod
666 5707 840 5766 supra
866 5690 1094 5750 obscure
1124 5699 1318 5766 posuit,
1349 5690 1475 5750 vires
1505 5712 1565 5749 ea:
1586 5690 1815 5766 gc'ntibns
1859 5697 1956 5748 ad-

380 5758 522 5837 dens,
550 5762 680 5837 quid
711 5758 780 5837 sit
808 5765 1040 5835 explicat
1067 5758 1413 5822 barbararum
1443 5758 1678 5837 gentium
1709 5782 1826 5836 qua)
1855 5767 1956 5822 sub

379 5827 656 5899 Majoriani
680 5834 844 5905 signis
879 5827 1038 5896 erant
1064 5839 1418 5900 enumeratio.
1443 5827 1527 5895 Vln
1573 5838 1655 5897 his
1685 5827 1958 5898 Bastarnae

1643 329 1891 389 SIDONII
1930 329 2384 389 APOLLINARIS

2006 448 2060 506 Α
2087 443 2217 511 Quae
2249 443 2503 514 prodesse
2533 443 2765 514 probat:
2798 456 2904 500 non
2937 442 3102 500 tantis
3124 429 3299 517 major
3317 445 3536 508 Atrides

1990 4532 2041 4591 D

3566 337 3683 398 672

2085 542 2431 614 Carpathium
2461 543 2594 597 texit
2616 542 2839 611 ratibus,
2875 557 2996 605 cum
3028 542 3254 599 Doricus
3280 542 3453 602 hostis

2086 634 2286 704 Sigacas
2315 640 2568 703 rapturus
2595 647 2748 702 apes,
2780 631 3022 688 Rhoeteia
3055 633 3246 690 clausit

2084 728 2342 800 Pergama
2368 743 2384 793 ;
2416 742 2515 782 nec
2545 735 2701 782 tanta:
2733 725 2925 782 Seston
2951 725 3237 796 juncturus
3261 727 3453 799 Abydo

2083 820 2292 878 Xerxes
2319 819 2510 876 classis
2539 827 2675 884 erat,
2711 817 2942 874 tumidas
2963 832 3087 874 cum
3115 827 3385 876 sterneret
3407 822 3603 892 undas,

2083 913 2153 968 Et
2181 919 2403 982 pontum
2435 909 2535 966 sub
2560 918 2725 980 ponte
2740 909 2928 976 .daret,
2962 925 3083 965 cum
3117 919 3304 986 stagna
3334 915 3568 984 superbo

2082 1002 2278 1073 Irrupit
2303 1010 2561 1058 temerata
2586 999 2776 1072 gradu,
2799 1009 3108 1077 turmaeque
3125 1000 3443 1074 frequentes

2081 1094 2517 1166 Hellespontiaco
2543 1094 2909 1164 persultavere
2935 1093 3221 1164 profundo.

2080 1188 2191 1245 Nec
2215 1189 2295 1245 sic
2319 1187 2586 1244 Leucadio
2612 1187 2798 1244 classis
2827 1187 3112 1244 Mareotica
3140 1197 3298 1260 portu

2081 1280 2324 1336 Actiacas
2349 1278 2626 1335 abscondit
2651 1293 2839 1350 aquas,
2867 1280 2920 1334 in
2951 1279 3089 1335 bella
3118 1279 3299 1336 mariti

2084 1374 2219 1429 Dum
2249 1373 2391 1428 venit
2420 1387 2450 1427 a
2481 1373 2675 1428 Phario
2701 1373 2894 1428 dotalis
2923 1373 3076 1428 turba
3102 1370 3322 1446 Canopo
3353 1391 3370 1436 :

2080 1465 2213 1523 Cum
2244 1467 2417 1537 patrio
2445 1466 2725 1536 Cleopatra
2753 1467 2902 1522 ferox
2929 1467 3260 1524 circumdata
3289 1469 3472 1538 sistro,

2079 1559 2246 1615 Milite
2270 1559 2354 1615 vel
2381 1560 2533 1629 piceo
2563 1559 2731 1615 fulvas
2760 1569 2982 1615 onerata
3008 1561 3243 1629 carinas,

2079 1648 2243 1723 324
2269 1650 2462 1706 Dorida
2493 1650 2740 1705 diffusam
2772 1661 3043 1720 premeret
3069 1651 3401 1712 Ptolemeide
3419 1669 3570 1727 gaza.

2082 1745 2194 1800 lloc
2224 1755 2279 1799 tu
2310 1761 2419 1801 non
2445 1745 2591 1800 cultu
2620 1758 2844 1821 pugnas,
2875 1745 2969 1801 sed
2999 1761 3152 1803 more
3181 1747 3440 1817 priorum,

2005 1829 2053 1888 B
2083 1837 2201 1892 Dite
2232 1839 2400 1907 magis
2427 1835 2592 1902 ferro,
2622 1837 2816 1891 merito
2845 1836 2930 1892 cui
2958 1837 3204 1908 subjacet
3229 1852 3418 1896 aurum

2079 1931 2268 1987 Divitis
2294 1931 2466 2001 ignavi
2494 1949 2506 1984 :
2541 1930 2671 1986 tales
2700 1945 2767 1986 ne
2796 1946 2994 2000 sperne
3019 1931 3272 1999 rebelles,

2078 2023 2144 2078 Et
2172 2025 2218 2080 si
2249 2040 2354 2079 non
2385 2023 2549 2089 acies,
2581 2024 2838 2079 decorant
2869 2032 3046 2080 tamen
3077 2025 3176 2080 ista
3201 2024 3521 2096 triumphos.

2077 2115 2185 2172 Nec
2212 2131 2298 2172 mc
2329 2115 2572 2186 Lagteam
2597 2116 2821 2184 stirpem
2848 2129 3178 2172 memorasse
3204 2116 3404 2189 pigebit

2077 2209 2258 2265 Hostis
2277 2209 2343 2264 ad
2366 2209 2667 2279 exemplum
2693 2209 2855 2266 vestri
2881 2227 2894 2264 :
2921 2225 3149 2281 namque
3168 2224 3400 2283 auguror
3420 2210 3450 2250 ει
3472 2212 3642 2272 isdem

2075 2303 2274 2373 Regnis
2301 2304 2566 2359 fortunam
2598 2303 2847 2373 similem,
2880 2317 3000 2358 cum
3029 2303 3184 2360 luxus
3214 2306 3268 2361 in
3294 2305 3384 2362 illa

2075 2397 2234 2453 Parte
2256 2397 2328 2453 sit
2356 2396 2598 2467 aequalis,
2630 2411 2728 2451 nec
2754 2396 2906 2467 pejor
2931 2395 3111 2452 Caesar
3140 2395 3194 2452 in
3226 2399 3348 2454 ista.

2081 2498 2103 2535 ρ
2135 2488 2283 2544 ilicet
2317 2486 2642 2558 aggrederis,
2677 2487 2819 2557 quod
2847 2487 3023 2543 nullus
3055 2498 3297 2560 tempore
3327 2499 3514 2548 nostro

2076 2583 2346 2651 Augustus
2371 2580 2546 2651 potuit
2576 2598 2588 2632 :
2623 2579 2851 2650 rigidum
2875 2580 3238 2651 septemplicis
3268 2581 3390 2638 Istri
3474 2602 3481 2609 ι

2077 2675 2278 2742 Agmen
2307 2673 2358 2734 in
2386 2688 2532 2727 arma
2577 2673 2750 2742 rapis;
2779 2687 2902 2728 nam
2932 2671 3190 2744 quidquid
3238 2673 3521 2744 languidus
3548 2675 3661 2733 axis

2076 2766 2304 2822 Cardine
2343 2765 2588 2821 Sithonio
2614 2765 2716 2821 sub
2746 2764 3010 2821 Parrhase
3037 2766 3265 2836 parturit
3294 2782 3440 2837 ursa,

2078 2860 2188 2915 lloc
2215 2869 2382 2915 totum
2412 2870 2498 2914 tua
2520 2855 2670 2929 signa
2692 2870 2848 2930 pavet
2874 2878 2886 2913 :
2917 2860 3194 2930 Bastarna,
3221 2860 3448 2928 Suevus,

2078 2952 2404 3018 Pannonius,
2437 2952 2663 3019 Neurus,
2695 2951 2934 3018 Chunus,
2969 2950 3122 3023 Geta,
3157 2939 3350 3020 Dacus,
3383 2953 3607 3024 Alanus,

2076 3045 2440 3111 Bellonothus,
2471 3045 2672 3115 Rugus,
2705 3044 3035 3114 Burgundio,
3067 3045 3258 3112 Vesus,
3291 3046 3478 3113 Alites,

2076 3138 2293 3203 Bisalta,
2319 3136 2698 3207 Ostrogothus,
2730 3137 3037 3206 Procustes,
3083 3137 3354 3204 Sarmata,
3389 3136 3658 3208 Moschus,

1994 3203 2041 3267 ο
2076 3230 2206 3286 Post
2234 3232 2443 3302 aquilas
2476 3247 2677 3286 venere
2705 3241 2855 3297 tuas;
2889 3232 2980 3288 tibi
3011 3232 3206 3288 militat
3231 3231 3406 3288 omnis

2076 3325 2364 3392 Caucasus,
2396 3334 2449 3380 et
2473 3325 2740 3397 Scythicae
2769 3334 2923 3394 putor
2955 3325 3265 3382 Tanaiticus
3293 3325 3469 3382 undae.

2074 3420 2210 3488 Quid
2243 3420 2401 3476 faciat
2423 3421 2632 3476 fortuna
2655 3421 2790 3476 viri?
2817 3435 3159 3493 quascunque
3189 3424 3443 3487 minatur,

2075 3512 2181 3567 Has
2213 3513 2426 3567 tremuit
2452 3513 2561 3582 jam
2588 3513 2755 3567 Roma
2779 3528 2968 3567 manus
2994 3527 3008 3564 :
3038 3512 3198 3568 modo
3218 3513 3457 3584 principe
3484 3513 3580 3570 sub
3604 3518 3658 3571 te

2072 3605 2149 3661 Ne
2179 3614 2397 3671 metuat,
2437 3619 2599 3673 prope
2631 3613 2791 3673 parva
2817 3612 2986 3674 putat,
3021 3603 3122 3659 nisi
3143 3605 3344 3660 serviat
3369 3603 3465 3670 illi,

2073 3697 2225 3764 Quod
2257 3695 2431 3750 timuit
2453 3703 2708 3765 regnante
2737 3696 2863 3751 alio.
2894 3695 3010 3752 Jam
3032 3707 3207 3750 castra
3238 3696 3510 3763 movebas,

2073 3790 2139 3845 Et
2169 3797 2217 3844 te
2247 3788 2473 3844 diversis
2502 3789 2768 3858 stipabant
2797 3788 2961 3842 millia
2984 3788 3150 3858 signis
3181 3807 3192 3840 :

2073 3883 2092 3924 ί
2124 3885 2451 3957 Obsequium
2490 3899 2623 3954 gens
2650 3899 2754 3940 una
2783 3891 2959 3954 negat,
2993 3899 3111 3954 qua:
3139 3899 3310 3955 nuper
3337 3884 3404 3940 ab
3435 3885 3567 3940 lstro

2074 4081 2234 4136 supra
2262 4067 2473 4122 Daciam
2503 4065 2658 4121 sedes
2693 4063 3018 4136 habuerunt,
3049 4079 3153 4136 non
3187 4064 3372 4136 procul
3417 4081 3444 4119 a
3478 4063 3654 4122 Roxo-

2073 4138 2227 4203 lanis,
2255 4139 2445 4207 quibus
2475 4139 2525 4191 in
2563 4136 2842 4192 Tiburtina
2876 4135 3072 4207 Albani
3108 4135 3464 4207 inscriptione
3490 4152 3656 4206 copu-

2072 4209 2248 4263 lantur
2274 4205 2290 4261 ξ
2321 4210 2458 4278 apud
2487 4207 2846 4275 Capitolinum
2875 4206 3001 4278 item
3030 4206 3080 4258 in
3106 4205 3302 4259 Marco.
3338 4206 3539 4261 llornnt
3563 4205 3654 4262 co-

2072 4280 2271 4333 loniam
2303 4290 2518 4334 centum
2552 4278 2771 4332 millium
2799 4278 2850 4330 iu
2879 4277 3159 4330 Thraciam
3191 4278 3239 4329 in
3273 4278 3512 4331 Romano
3536 4279 3654 4333 solo

2074 4352 2383 4404 translatam
2413 4366 2441 4404 a
2470 4350 2642 4403 Probo
2676 4356 2979 4402 memorant
3009 4346 3289 4415 Vopiscus,
3321 4357 3374 4401 ct
3403 4347 3651 4407 Zosimns

2071 4421 2160 4475 lib.
2191 4437 2229 4476 ι.
2254 4423 2424 4490 Supra
2449 4421 2544 4472 bos
2576 4419 2757 4493 Neuri,
2786 4418 3130 4493 [Eurysthenis
3157 4418 3303 4493 fonte
3326 4428 3379 4493 et
3409 4417 3647 4493 fabulosa

2068 4492 2119 4546 in
2152 4493 2303 4560 inpos
2333 4488 2749 4559 metamorphosi
2781 4490 3006 4544 nobiles.
3036 4488 3302 4545 Licentius
3330 4489 3383 4542 in
3411 4489 3649 4546 carmine

2066 4563 2132 4616 ad
2163 4565 2516 4630 Augustinum
2548 4579 2560 4614 :

2188 4655 2404 4706 Solstitio
2429 4654 2635 4714 Neurus,
2657 4654 2824 4702 bruma
2849 4653 3124 4705 sectaberis
3147 4651 3337 4702 lstrum.

2064 4770 2219 4825 Alitze
2255 4770 2524 4834 videntur,
2553 4783 2686 4836 quos
2714 4768 2914 4821 Plinius
2944 4768 3131 4822 Alutas
3163 4767 3458 4840 inilllyrico
3482 4769 3650 4824 uomi~

2064 4854 2176 4896 nat.
2228 4841 2538 4894 Bellonotus
2581 4841 2740 4894 etiam
2789 4841 2837 4892 in
2885 4841 3077 4893 castris
3117 4839 3295 4892 Attila:
3325 4849 3572 4894 numerat
3597 4840 3648 4893 in

2066 4913 2385 4982 panegyrico
2432 4911 2595 4965 Aviti.
2641 4911 2853 4982 Valerio
2902 4911 3094 4966 Flacco
3140 4910 3403 4982 Ballonoti
3448 4911 3541 4965 lib.
3575 4926 3648 4982 vi,

2064 4985 2199 5050 apud
2231 4981 2386 5048 quem
2419 4991 2472 5035 et
2515 4982 2720 5035 Bisalta:
2747 4981 2982 5051 Scythia:
3039 4981 3216 5048 populi
3263 4996 3423 5048 supra
3456 4981 3651 5037 Henio-

2051 5057 2213 5108 .chos.
2251 5054 2527 5108 Procnstcs
2554 5053 2712 5106 Attici
2745 5053 2968 5105 latronis
3001 5066 3194 5106 nomen
3226 5052 3325 5106 fuit
3345 5065 3439 5105 seu
3473 5054 3649 5120 potius

2063 5141 2381 5194 cognomen,
2429 5124 2586 5195 124.
2621 5137 2658 5195 νο
2700 5137 2757 5176 re
2804 5123 3042 5184 ductum.
3078 5132 3134 5176 ut
3167 5123 3651 5195 narratgliiodorus

2064 5193 2158 5249 lib.
2189 5213 2218 5248 ν
2264 5193 2882 5263 ιὶρτιιιῆἏὴιὶῳιτπυιη.
2935 5195 3189 5248 Sidonius
3234 5193 3410 5264 gentis
3453 5209 3651 5250 nomen

2063 5268 2207 5321 facit.

2138 5337 2156 5376 ί
2202 5339 2536 5402 Hunnorum,
2565 5337 2776 5404 opinor,
2806 5349 2938 5407 quos
2967 5335 3165 5401 triplici
3195 5343 3322 5407 nota
3366 5335 3652 5407 designat:

2061 5410 2200 5478 quod
2232 5410 2298 5464 ab
2328 5411 2463 5464 Istro
2490 5393 2732 5476 profecti,
2758 5393 2898 5475 qu'od
2923 5407 2974 5460 in
3005 5393 3210 5461 Italiam
3233 5393 3650 5478 redeantfquod

2061 5481 2292 5536 dominis
2322 5495 2413 5549 per
2435 5479 2575 5549 bella
2603 5485 2861 5549 careant:
2894 5494 3013 5547 qua:
3051 5478 3231 5534 omnia
3280 5478 3486 5534 Hunnis
3517 5493 3651 5549 con.

2060 5553 2280 5606 veniunt
2310 5547 2334 5603 ε’
2356 5551 2443 5619 qui
2472 5547 2524 5602 in
2550 5548 2749 5602 Italiam
2778 5550 2961 5617 paucis
2990 5558 3115 5604 ante
3157 5549 3312 5604 annis
3339 5563 3458 5604 cum
3488 5548 3649 5606 Attila

2061 5629 2336 5687 venerant,
2370 5629 2422 5674 et
2467 5628 2589 5690 post
2633 5619 2815 5675 Attilae
2856 5630 3106 5687 mortem,
3137 5629 3193 5674 ut
3240 5620 3544 5676 Jornandes
3594 5619 3650 5677 in

2059 5693 2258 5748 Geticis
2289 5691 2475 5754 refert,
2525 5698 2640 5745 orta
2690 5691 2831 5746 inter
2860 5693 3039 5747 Attilae
3092 5691 3230 5747 filios
3275 5691 3648 5759 contentione,

2060 5765 2185 5820 dum
2218 5765 2480 5834 imperare
2506 5762 2727 5834 cupiunt
2750 5778 2960 5831 omnes,
3004 5762 3164 5818 simul
3191 5762 3507 5834 imperium
3528 5777 3648 5832 per-

2061 5836 2266 5905 didere,
2315 5833 2563 5905 pulsique
2591 5849 2622 5892 a
2664 5833 2884 5906 Gepidis
2914 5850 2946 5894 e
2975 5833 3450 5907 Pannonia,juxta
3496 5833 3648 5893 littus
