4072 6348
373 314 483 371 67⁵5

374 427 604 485 Rettulit
634 413 952 481 indomitum
985 423 1143 479 solito
1174 422 1520 479 truculentior
1550 435 1764 491 agmen,

374 521 528 591 Quod
558 518 792 575 dominis
818 534 914 589 per
938 518 1075 575 bella
1107 527 1274 584 caret,
1310 517 1611 587 populoque
1640 515 1871 586 superbo

376 615 588 673 Tuldila
612 614 921 684 plectendas
944 613 1000 668 in
1031 612 1215 683 prtelia
1240 612 1477 682 suggerit
1505 613 1630 668 iras.

380 710 478 766 llic
506 719 560 763 tu
588 708 679 763 vix
710 707 875 762 armis
903 707 1113 777 positis,
1144 706 1336 763 iterum
1370 722 1516 763 arma
1546 717 1835 764 retractas.

380 799 685 857 Bistonides
711 797 875 854 veluti
906 798 1163 853 Ciconum
1194 813 1313 853 cum
1347 799 1484 854 forte
1508 799 1723 870 pruinas

380 892 542 963 325
573 889 789 961 Ogygiis
818 889 1090 968 complent
1114 890 1338 960 thyasis,
1362 905 1459 946 seu
1483 891 1783 948 Strimonos
1806 890 1969 956 arvis,

384 986 489 1037 Seu
521 998 578 1037 sc
610 996 704 1051 per
730 966 1173 1051 Rbodopenfseu
1197 998 1298 1052 qua
1329 983 1607 1038 nimbosus
1641 984 1691 1037 in
1721 998 1904 1052 aequor

384 1077 565 1130 Volvit
596 1074 959 1144 llyperboreis
991 1076 1041 1129 iu
1072 1075 1317 1130 cautibus
1344 1074 1575 1131 lsmarus
1606 1076 1841 1131 lIebrum
1870 1092 1883 1129 :

384 1168 485 1223 Dat
517 1183 708 1223 somno
737 1183 867 1238 vaga
897 1168 1075 1233 turba,
1106 1168 1266 1222 simul
1297 1168 1488 1222 lassata
1518 1169 1801 1238 quiescunt

386 1260 571 1331 Orgia,
604 1268 657 1315 et
684 1260 748 1315 ad
783 1260 1005 1315 biforem
1038 1260 1226 1315 reboat
1255 1275 1353 1315 nec
1381 1261 1504 1314 tibia
1538 1261 1743 1315 flatum.

388 1353 491 1408 Vix
522 1353 736 1423 requies
770 1371 781 1407 :
811 1352 923 1421 jam
952 1361 1111 1422 ponte
1138 1352 1323 1422 ligant,
1349 1352 1709 1407 rotat-enthea
1736 1350 1976 1422 thyrsum

326 1474 329 1477 λ
388 1446 654 1513 Bassaris,
684 1455 738 1501 et
764 1446 985 1503 maculis
1014 1446 1305 1518 Erythraeae
1331 1446 1584 1502 nebridos
1607 1447 1853 1514 horrens,

390 1540 603 1596 Excitat
632 1540 887 1611 Odrysios
914 1541 979 1595 ad
1010 1540 1244 1597 marcida
1273 1549 1519 1612 tympana
1543 1550 1761 1611 mystas.

392 1632 473 1688 Tu
506 1642 684 1688 tamen
713 1632 853 1687 hanc
880 1632 1061 1687 diﬂ‘crs
1089 1648 1325 1705 poenam,
1359 1632 1453 1688 sed
1492 1632 1766 1702 sanguinis
1794 1638 1978 1687 auctor

392 1724 629 1795 Majoris,
662 1725 786 1780 dum
818 1726 1016 1795 parcis,
1046 1741 1201 1781 eras:
1234 1740 1340 1780 non
1368 1725 1584 1795 pertulit
1615 1725 1751 1779 ultra

1862 308 2189 365 CAllMlNA.

1994 425 2049 485 Α
2074 424 2177 478 Aut
2207 438 2322 493 rex,
2348 431 2438 480 aut
2466 425 2715 496 populus,
2745 406 3124 486 castrisvmodo
3149 431 3381 500 clausus,
3407 440 3585 507 aprica

3546 325 3652 385 674

2077 516 2171 572 Vel
2201 517 2301 572 sub
2329 519 2465 587 pelle
2486 518 2630 589 jacet
2662 539 2674 577 :
2707 536 2805 577 nos
2835 523 2958 578 anni
2989 524 3244 582 vertimus
3271 542 3444 584 usum.

2072 609 2223 678 Quod
2247 609 2401 679 jubet
2428 611 2533 680 hic,
2562 614 2647 669 lex
2678 615 2840 672 rebus
2870 618 2999 684 erit;
3028 633 3134 675 non
3170 619 3400 678 ﬂectitur
3423 640 3657 698 unquam

2072 701 2100 742 ι)
2127 704 2396 773 Acceptis,
2430 705 2790 779 damnumque
2820 719 2990 781 putat,
3024 712 3069 767 si
3097 716 3352 785 temporis
3377 719 3485 774 iras

2073 794 2170 851 Vel
2200 812 2295 867 per
2325 797 2515 853 damna
2543 800 2722 867 timet;
2751 818 2852 872 qua
2896 804 3068 859 dicam
3099 816 3257 877 gente
3288 818 3551 879 creatum,

2072 890 2240 956 Quem
2268 890 2464 962 Scytha
2493 908 2599 946 non
2628 894 2837 962 patior?
2867 897 3017 965 cujus
3045 897 3126 954 lac
3151 900 3356 971 tigridis
3385 902 3562 960 infans

2074 982 2302 1037 Hircana
2334 984 2433 1039 sub
2458 1000 2593 1055 rupe
2618 984 2795 1041 bibit?
2825 1003 2943 1057 qua:
2970 991 3190 1046 sustulit
3215 993 3374 1049 istum

2075 1077 2190 1133 Axe
2218 1094 2339 1133 meo
2368 1081 2583 1149 gravior
2609 1081 2803 1136 tellus?
2836 1098 2902 1137 en
2930 1086 3127 1141 vertice
3156 1103 3367 1145 summo

2077 1169 2331 1239 Algentes
2360 1172 2499 1241 cogit
2532 1181 2756 1239 turmas,
2791 1190 2854 1229 ac
2882 1174 3078 1245 frigora
3108 1178 3267 1247 ridet,

2078 1262 2212 1318 Dum
2241 1265 2389 1320 solus
2416 1264 2533 1334 plus
2559 1274 2736 1322 mente
2760 1268 2932 1333 calet;
2965 1283 3084 1325 cum
3111 1272 3334 1329 classica
3364 1276 3503 1347 regis

2076 1358 2259 1415 Arctoi
2288 1374 2563 1430 sequerer,
2595 1362 2821 1418 Romani
2851 1363 3109 1433 principis
3138 1380 3308 1433 arma,

2078 1450 2488 1524 Ctesareumque
2519 1456 2683 1510 larem
2713 1456 2837 1511 luxu
2868 1466 3083 1526 torpere
3111 1460 3337 1527 perenni

2079 1546 2369 1600 Audieram
2398 1565 2410 1599 :
2443 1546 2688 1602 dominos
2717 1548 2787 1602 nil
2818 1549 3035 1618 prodest
3064 1550 3169 1605 isse
3201 1552 3428 1621 priores,

2082 1637 2140 1694 Si
2167 1654 2258 1692 rex
2286 1637 2373 1694 hic
2400 1654 2613 1709 quoque
2641 1641 2791 1695 fortis
2819 1652 2952 1699 erat.
2988 1643 3186 1712 lllajora
3217 1654 3492 1714 parantem

2083 1729 2293 1799 Dicere,
2326 1733 2391 1786 de
2415 1734 2633 1801 secpulo
2660 1734 2841 1789 verbis
2870 1735 3119 1790 accendis
3144 1738 3362 1791 amaris.

394 1817 508 1874 Hoc
537 1832 634 1887 pro
662 1828 713 1873 te
744 1819 863 1888 plus
905 1826 1057 1873 cauta
1084 1834 1294 1883 manus,
1328 1826 1674 1887 vestrumque
1717 1816 1973 1887 pudorem
2006 1800 2053 1860 Β
2151 1822 2400 1891 Quisquis
2426 1800 2768 1893 es,oppositi
2798 1826 2991 1879 metuis
3020 1827 3107 1894 qui
3136 1825 3341 1882 lubrica
3367 1827 3518 1895 clivi,

394 1911 613 1981 Sprevit
644 1928 742 1983 pro
769 1915 958 1978 vobis;
991 1912 1148 1982 primi
1173 1913 1317 1968 cadit
1348 1913 1518 1969 hostia
1546 1914 1692 1978 belli,

394 2002 632 2073 Quisque
660 2003 877 2059 rebellis
904 2013 1046 2068 erat;
1078 2003 1310 2071 praedam
1337 2020 1548 2073 quoque
1576 2004 1766 2058 dividis
1796 2005 1921 2071 illis,

394 2096 542 2153 Mens
573 2097 761 2153 devota
797 2096 992 2167 quibus
1023 2097 1212 2166 fuerat,
1244 2112 1365 2166 qua:
1388 2098 1571 2151 territa
1603 2099 1767 2152 servit

395 2187 675 2258 Exemplo,
707 2189 901 2258 gaudet
928 2192 1118 2257 pretio.
1155 2187 1456 2244 Pharsalica
1481 2189 1663 2243 Ctesar

396 2282 535 2337 Arva
567 2289 773 2351 petens,
806 2278 1011 2336 subitas
1042 2281 1183 2336 ferro
1211 2282 1541 2349 compescuit
1574 2281 1681 2335 iras
1709 2298 1723 2333 :

396 2374 503 2432 Sed
529 2391 623 2431 sua
656 2376 894 2431 membra
925 2391 1135 2443 secans,
1167 2386 1220 2432 et
1245 2391 1402 2431 causa
1428 2378 1569 2431 mole
1599 2384 1837 2444 coactus,

398 2467 572 2524 Flevit
593 2482 729 2537 quos
762 2467 1002 2536 perimit;
1032 2468 1227 2523 vestris
1256 2467 1371 2523 haec
1402 2469 1612 2538 proficit
1641 2469 1806 2524 armis

398 2558 633 2625 Seditio;
667 2559 1020 2631 quodcunque
1043 2559 1223 2629 jubes,
1252 2561 1350 2615 nisi
1382 2560 1639 2615 barbarus
1666 2562 1835 2627 audit,

398 2654 495 2713 Hic
520 2655 682 2726 cadit,
714 2664 772 2710 ut
802 2655 958 2710 miles
984 2656 1188 2711 timeat.
1221 2664 1247 2693 ἰ
1277 2656 1393 2710 .lam
1422 2665 1663 2725 tempore
1692 2657 1895 2712 brumae

398 2748 563 2819 Alpes
592 2763 941 2815 marmoreas,
966 2761 1126 2818 atque
1152 2749 1489 2805 occurrentia
1518 2750 1703 2818 juncto

400 2839 538 2896 Saxa
567 2841 711 2913 polo,
744 2856 1011 2911 rupesque
1038 2841 1179 2907 vitri,
1212 2841 1517 2910 siccamque
1539 2842 1808 2897 minantes

402 2932 506 2989 Per
526 2932 772 3003 scopulos
796 2932 1050 3003 pluviam,
1083 2933 1286 3003 primus
1317 2933 1455 3003 pede
1477 2934 1671 3004 carpis,
1704 2942 1757 2989 et
1784 2932 1925 2989 idem

404 3025 630 3082 Lubrica
656 3027 933 3097 praemisso
961 3026 1141 3081 firmas
1167 3028 1388 3097 vestigia
1416 3037 1595 3082 conto.

403 3119 653 3190 Coeperat
683 3119 748 3174 ad
775 3119 924 3189 rupis
950 3119 1206 3185 medium,
1231 3135 1349 3190 quae
1371 3121 1600 3175 maxima
1631 3120 1782 3177 turba
1806 3129 1909 3191 est,

405 3210 619 3268 lnterno
649 3213 894 3283 squalere
916 3212 1056 3282 gelu,
1088 3213 1227 3284 quod
1251 3213 1388 3270 colle
1410 3214 1602 3284 supino

408 3304 644 3362 Arctatis
671 3305 917 3361 conclusa
944 3306 1058 3372 viis,
1091 3314 1302 3376 reptare
1332 3306 1526 3377 rigenti

408 3396 523 3452 Non
551 3406 758 3467 poterat
781 3398 1014 3454 revoluta
1037 3398 1152 3455 solo
1178 3418 1188 3452 :
1222 3400 1330 3455 fors
1360 3415 1496 3455 unus
1521 3398 1589 3455 ab
1611 3400 1705 3457 illo

408 3490 654 3561 Agmine,
682 3501 959 3547 canentem
990 3491 1145 3561 cujus
1175 3499 1292 3547 rota
1321 3492 1547 3548 triverat
1576 3494 1788 3561 lstrum,

409 3583 687 3640 Exclamat
719 3602 731 3636 :
762 3584 981 3640 Gladios
1009 3586 1172 3655 malo,
1203 3595 1257 3641 et
1284 3587 1525 3642 solemne
1552 3586 1731 3657 quieta

409 3676 568 3747 326
592 3675 746 3744 Quod
772 3676 936 3747 frigus
968 3677 1031 3732 de
1064 3684 1239 3734 morte
1267 3678 1443 3744 venit;
1475 3694 1593 3735 mea
1625 3688 1808 3750 torpor
1833 3681 1991 3737 inerti

410 3770 643 3826 Membra
672 3771 849 3841 rigore
891 3770 1053 3842 ligat;
1084 3771 1315 3841 quodam
1355 3774 1486 3828 mihi
1517 3789 1711 3845 corpus
1742 3774 1989 3831 adustum

412 3862 647 3935 Frigoris
678 3864 800 3933 igne
823 3864 994 3935 perit;
1026 3866 1302 3936 sequimur
1330 3867 1448 3921 sine
1477 3866 1584 3922 ﬁne
1610 3868 1780 3924 labori

413 3953 700 4012 lnstantem
723 3955 1005 4028 juvenem;
1035 3957 1276 4028 quisquis
1300 3955 1625 4015 fortissimus
1653 3959 1741 4015 ille
1771 3968 1873 4028 est,

414 4121 617 4181 Pontici
648 4123 812 4178 maris
837 4123 903 4177 ad
925 4122 1044 4179 lstri
1068 4122 1202 4179 ostia
1227 4122 1606 4180 consederunt.
1639 4122 1839 4177 Horum
1863 4136 1992 4191 ergo

416 4194 734 4250 seditionem
765 4194 1040 4250 rebellium
1070 4195 1216 4250 crede
1254 4208 1642 4262 compressam,
1674 4192 1994 4249 dissimilem

417 4264 528 4335 ejus
554 4264 627 4319 ait
656 4264 818 4319 fuisse
858 4281 978 4335 qua:
1010 4266 1061 4320 in
1090 4267 1282 4320 castris
1307 4266 1535 4319 Cresaris
1560 4264 1754 4319 accidit
1793 4264 1998 4319 descri-

417 4338 664 4405 biturque
692 4351 721 4388 a
753 4335 967 4390 Lucano
1011 4337 1104 4392 lib.
1132 4352 1164 4389 v
1193 4336 1507 4400 Pharsalici,
1536 4336 1656 4405 quia
1692 4335 1993 4390 Caesariana

418 4408 643 4464 militum
676 4414 793 4462 erat
818 4406 1200 4471 Romanorum,
1224 4423 1449 4476 quorum
1479 4407 1693 4461 interitu
1715 4406 1830 4475 ejus
1852 4406 1994 4460 vires

418 4478 837 4564 minuebantur‘:
869 4478 983 4564 harlc
1004 4479 1377 4543 barbarorum,
1408 4491 1540 4564 quos
1560 4476 1875 4564 obsequium
1902 4476 1994 4564 de-
2022 4504 2073 4564 Ι)

420 4557 709 4604 trectantcs
751 4547 819 4603 ad
864 4549 1090 4603 militum
1143 4546 1605 4617 terrorem’plecti
1633 4546 1874 4615 juvabat.
1923 4546 1998 4603 Ita

424 4618 662 4687 Hunnos,
712 4622 920 4675 tametsi
983 4621 1036 4674 in
1087 4619 1360 4689 Majoriani
1410 4619 1652 4675 exercitu
1697 4619 1999 4684 merebant,

426 4690 619 4745 milites
649 4706 755 4745 non
776 4700 964 4755 vocat;
996 4691 1115 4759 quia
1146 4691 1342 4745 milites
1362 4692 1579 4759 proprie
1606 4701 1730 4745 sunt
1751 4690 1998 4758 Romani,

424 4771 478 4815 ct
511 4776 539 4814 a
582 4761 823 4816 barbaris
864 4761 1209 4816 auxiliaribus
1255 4760 1632 4830 fmderatisque
1671 4761 2004 4831 distinguun-

425 4839 511 4886 tur
541 4854 554 4889 :
582 4842 637 4885 ut
666 4833 877 4887 novella
909 4832 1264 4887 Valentiniani
1306 4832 1374 4885 de
1412 4831 1622 4886 reddito
1665 4832 1787 4899 jure
1827 4847 2005 4886 armo-

425 4917 541 4974 rum
578 4921 589 4954 :
627 4901 872 4974 Magister
893 4904 1110 4957 militum
1138 4903 1446 4974 Sigisrultus
1470 4911 1575 4974 tant
1600 4903 2003 4974 militunrquum

425 4973 782 5043 foederatorum
811 4975 1077 5027 tuitionem
1098 4973 1302 5026 urbibus
1325 4989 1383 5025 ac
1406 4973 1658 5026 littoribus
1684 4990 1786 5027 non
1806 4973 2004 5027 desinat

426 5045 685 5110 ordinare,
710 5054 763 5099 et
792 5044 1043 5100 Sidonius
1069 5045 1181 5114 ipse
1212 5044 1409 5113 passim
1440 5044 1491 5097 in
1522 5043 1782 5111 epistolis.

434 5139 468 5186 ρ
498 5124 523 5186 ’ξ
567 5116 698 5175 Hinc
720 5117 969 5186 cognosci
1002 5125 1193 5185 potest,
1220 5115 1361 5185 quod
1384 5114 1536 5169 initio
1562 5114 1767 5186 praelati
1793 5128 2005 5186 sumus,

428 5183 1074 5254 Majoriauum'consulem
1106 5183 1251 5240 anno
1282 5186 1391 5255 jam
1429 5193 1671 5240 vertente
1697 5185 1748 5239 in
1779 5183 2005 5239 Galliam

429 5257 660 5311 venisse.
705 5258 770 5311 Et
799 5274 926 5314 vero
952 5275 1015 5313 ex
1046 5258 1161 5328 ejus
1205 5254 1428 5312 novellis
1467 5264 1674 5328 constat
1709 5255 1870 5328 illum
1892 5254 2008 5328 ΔΒίε-

429 5341 745 5383 venna-non
791 5338 913 5384 ante
960 5325 1088 5383 idus'
1117 5329 1448 5384 Novembres
1499 5327 1832 5381 discessisse.
1878 5325 2007 5392 Quae

432 5409 604 5461 autem
638 5400 875 5469 sequitur
903 5400 1117 5470 Scythae
1149 5400 1331 5455 militis
1362 5400 1431 5454 ob
1458 5398 1645 5454 Cinisii
1693 5398 1888 5470 montis
1918 5398 2008 5469 (de

431 5470 533 5542 hoc
560 5470 701 5524 cnim
734 5473 934 5541 sermo)
966 5469 1213 5539 aSperum
1261 5472 1380 5542 gelu
1424 5469 1806 5542 conquerentis
1837 5470 2010 5542 incre-

433 5541 596 5613 patio,
630 5556 721 5595 sen
752 5538 1016 5613 gesm'res
1046 5552 1145 5605 est,
1172 5538 1412 5597 seu'licta
1440 5544 1490 5596 in
1516 5542 1736 5610 gratiam
1763 5538 2009 5613 Majoria-

433 5612 506 5677 ni,
535 5629 599 5667 co
630 5612 853 5680 spectat,
888 5624 944 5668 ut
963 5613 1213 5668 eximiam
1254 5615 1307 5667 in
1334 5614 1423 5667 illo
1463 5612 1817 5682 imperatoritc
1848 5612 2011 5663 virtu-

434 5682 503 5736 tis
547 5683 781 5739 indolem
833 5685 1181 5741 demonstret.
1229 5686 1404 5751 Quare
1458 5701 1578 5739 cum
1628 5684 1810 5746 Attila,
1855 5696 2011 5749 quem

435 5754 689 5825 Arctoum
723 5772 903 5825 regem
951 5764 1138 5821 vocat,
1166 5755 1389 5824 aliisque
1413 5754 1681 5824 Scythicis
1710 5756 1833 5808 oiim
1861 5752 2011 5825 duci-

436 5824 537 5886 bus
566 5827 697 5898 suis,
728 5823 986 5885 adversus
1013 5825 1206 5902 frigora
1234 5823 1539 5886 ct’labores
1565 5826 1795 5896 duratis,
1817 5840 1851 5884 a
1874 5823 2012 5898 Scy-

2080 1916 2287 1986 Frange
2315 1926 2488 1971 cutem
2524 1917 2803 1985 pendentis
2832 1933 3006 1985 aqum,
3037 1930 3058 1957 ο
3083 1921 3397 1991 scalproquc
3424 1922 3595 1977 levata
3640 1945 3645 1949 ’

2079 2010 2159 2064 Sit
2190 2009 2280 2063 tibi
2312 2009 2525 2078 lympha
2555 2009 2772 2079 gradus,
2804 2018 2987 2080 turpes
3012 2010 3225 2080 depone
3252 2012 3530 2081 querelas;

2081 2102 2199 2155 Otia
2231 2101 2391 2170 frigus
2419 2102 2651 2156 habent:
2688 2104 2921 2171 nunquid
2952 2103 3083 2156 mihi
3115 2106 3354 2159 membra
3382 2104 3633 2161 biformis

2084 2194 2251 2264 llylmi
2283 2203 2467 2248 natura
2497 2195 2680 2248 dedit?
2712 2210 2837 2249 num
2866 2196 3099 2264 Pegasus
3125 2197 3225 2251 alis

2084 2286 2299 2353 Adjuvit
2327 2285 2584 2354 quidquid
2615 2285 2872 2355 gradior?
2904 2301 3211 2355 pennasque
3234 2288 3431 2343 volanti

2084 2379 2185 2432 Dat
2209 2376 2385 2432 Calais
2414 2377 2682 2446 Zetusque
2710 2379 2864 2442 mihi,
2893 2394 3050 2448 quem
3080 2379 3329 2447 ninguida
3358 2380 3534 2434 cernis

2084 2470 2387 2525 Calcantcm
2418 2470 2525 2539 jam
2556 2470 2714 2525 dorsa
2739 2470 2889 2541 jugi?
2922 2486 3019 2526 vos
3046 2471 3243 2539 frigora
3272 2472 3554 2543 frangunt,

2087 2561 2193 2617 Vos
2220 2563 2410 2630 Alpes;
2439 2561 2658 2631 jamjam
2686 2561 2929 2617 studeam
2959 2578 3185 2633 pensare
3212 2564 3454 2632 pruinas,

2087 2652 2346 2708 lEstatem
2374 2653 2472 2707 sub
2502 2654 2656 2721 Syrte
2681 2652 2839 2708 dabo.
2872 2653 2964 2708 Sic
2992 2654 3202 2725 agmina
3229 2669 3363 2709 voce

2087 2747 2279 2817 Erigis,
2312 2746 2664 2817 exemploque
2692 2746 2858 2813 levas,
2889 2747 3201 2817 primusque
3227 2747 3441 2802 labores

2087 2843 2245 2913 327
2264 2842 2585 2910 Aggredcris
2606 2855 2949 2911 quoscunque
2966 2840 3151 2911 jubes;
3178 2850 3288 2895 tum
3306 2850 3501 2896 caetera
3521 2850 3663 2910 paret

2087 2933 2264 2989 Turba
2293 2934 2482 2998 libens,
2511 2934 2673 2987 servit
2702 2933 2930 3002 propriis
2962 2949 3084 2988 cum
3110 2934 3315 3003 legibus
3341 2941 3547 2989 auctor.

2161 3023 2187 3062 ἀ
2214 3025 2316 3092 Qui
2348 3025 2438 3081 tibi
2472 3036 2729 3095 praeterea
2759 3019 3013 3093 comites,
3055 3034 3391 3095 quantusque
3418 3026 3665 3097 magister

2096 3118 2321 3185 Militize,
2347 3126 2582 3173 vestrum
2612 3125 2730 3187 post
2755 3132 2849 3173 vos
2878 3118 2968 3187 qui
3000 3117 3254 3186 compulit
3281 3133 3493 3189 agmen,

2092 3214 2199 3272 Sed
2232 3229 2337 3269 non
2370 3214 2632 3269 invitum?
2663 3212 2855 3282 dignus
2879 3212 2969 3281 qui
2999 3212 3216 3266 cederet
3242 3212 3333 3267 uni

2092 3308 2240 3381 Sylla
2268 3307 2402 3373 acie,
2435 3305 2591 3377 genio
2622 3303 2838 3371 Fabius,
2873 3305 3068 3373 pietate
3098 3302 3365 3371 Metellus,

2092 3402 2295 3473 Appius
2324 3401 2558 3470 eloquio,
2591 3399 2641 3453 vi
2674 3398 2913 3464 Fulvius,
2945 3405 3061 3454 arte
3087 3396 3365 3453 Camillus.

2097 3505 2120 3534 ο
2143 3494 2199 3551 Si
2228 3492 2556 3565 prtefecturas
2584 3499 2813 3561 quantus
2842 3489 3154 3546 moderetur
3186 3490 3445 3545 honorem

2096 3587 2189 3642 Vir
2212 3600 2442 3657 quaaras,
2475 3583 2647 3639 tendit
2679 3583 2889 3653 patulos
2916 3598 3017 3654 qua
3045 3580 3215 3639 Gallia
3243 3582 3400 3638 fines.

2093 3679 2199 3735 Vix
2234 3679 2420 3733 habuit
2446 3690 2626 3732 mores
2656 3676 2882 3743 similes,
2916 3675 3001 3731 cui
3034 3683 3171 3730 teste
3199 3685 3410 3743 senatu,

2095 3773 2155 3829 In
2183 3788 2243 3828 se
2271 3772 2432 3828 etiam
2462 3779 2689 3824 tractum
2720 3769 3063 3825 commiserat
3086 3768 3277 3839 Ulpius
3305 3784 3512 3827 ensem.

2096 3864 2197 3932 Qui
2221 3862 2386 3918 dictat
2414 3859 2576 3915 modo
2595 3858 2717 3929 jura
2745 3858 2916 3926 Getis,
2946 3858 3046 3912 sub
3074 3858 3255 3929 judice
3283 3868 3463 3915 vestro

2096 3958 2324 4017 Pellitus
2351 3968 2537 4011 ravum
2574 3966 2874 4023 praeconem
2904 3951 3128 4027 suscipit
3154 3952 3346 4008 hostis.

2102 4119 2193 4176 tha
2225 4123 2584 4182 comparatur.
2622 4109 3032 4182 AtMajorianus
3050 4109 3261 4167 delicati
3284 4107 3497 4182 barbari
3528 4107 3673 4182 igua.

2100 4193 2240 4246 viam
2269 4179 2469 4252 ridens,
2504 4191 2637 4255 post
2653 4179 2902 4255 hibernas
2932 4181 3143 4252 Alpium
3190 4181 3427 4251 pruinas,
3461 4179 3675 4237 aestivos

2098 4261 2357 4334 Syrtium,
2388 4274 2490 4327 quo
2508 4252 2771 4334 tendebat
2797 4252 3037 4334 ardores,
3068 4255 3167 4309 hoc
3199 4262 3282 4309 est
3322 4261 3438 4322 post
3466 4265 3676 4307 summa

2096 4323 2294 4401 frigora
2324 4323 2562 4401 summos
2588 4326 2797 4401 calores
2816 4323 3082 4401 praedicit.

2171 4395 2197 4443 ὗ
2241 4402 2295 4456 In
2323 4399 2585 4471 aliquibus
2609 4397 2953 4471 editiouibus,
2980 4395 3023 4448 A
3044 4396 3238 4471 emptis.

2178 4486 2199 4515 ε
2226 4468 2428 4529 Savaro
2456 4480 2511 4526 et
2535 4468 2798 4534 Labbeus,
2827 4468 3119 4536 scalptoque
3147 4469 3359 4537 ﬂuento.

2177 4543 2202 4583 ά
2232 4543 2494 4613 Principis
2541 4541 2794 4613 laudibus
2834 4538 2991 4594 trium
3035 4535 3155 4613 ejus
3191 4537 3445 4613 comitum
3472 4535 3682 4613 _lau_des

2105 4617 2375 4686 adjungit,
2416 4607 2659 4686 magistri
2689 4610 2915 4686 militum
2940 4652 2966 4686 ,_
3003 4607 3234 4686 pr_azfecti
3268 4607 3522 4675 praetorio
3554 4608 3684 4686 Cal-

2105 4678 2319 4750 iiarum,
2363 4678 2419 4739 et
2448 4678 2589 4739 Petri
2621 4680 2858 4752 magistri
2884 4680 3237 4752 epistolarum
3267 4694 3293 4752 :_
3324 4693 3481 4752 quem
3511 4678 3684 4752 solum

2107 4749 2388 4822 nominat,
2433 4755 2499 4809 de
2539 4755 2655 4807 aliis
2697 4749 2927 4821 quinam
2956 4750 3153 4805 fuerint
3190 4749 3557 4822 divinandum.
3606 4749 3684 4803 De

2105 4820 2533 4897 magistro'cnim
2566 4820 2790 4897 militum
2819 4823 2985 4891 quaeri
3014 4829 3209 4897 potest,
3240 4820 3686 4897 _an_Ricim‘erem

2106 4889 2400 4967 intElligat,
2433 4889 2934 4967 quemmagistr‘um
2966 4894 3191 4967 militum
3215 4892 3291 4967 _in
3332 4890 3478 4945 italia
3523 4889 3686 4967 fuisse

2108 4960 2307 5026 docent
2334 4960 2559 5022 novella:
2594 4960 2906 5031 Majoriani;
2941 4978 3006 5017 an
3040 4963 3417 5031 Nepotianum,
3449 4960 3540 5029 qtti
3567 4974 3686 5031 ma-

2144 5043 2271 5095 ister
2317 5038 2541 5111 militum
2593 5029 2696 5090 hoc
2748 5036 2873 5090 item
2904 5049 3046 5089 anno
3092 5029 3145 5088 in
3176 5032 3345 5088 Gallia
3384 5032 3579 5086 dicitur
3619 5029 3687 5085 ab

2136 5111 2278 5167 datio
2306 5116 2509 5175 nostro.

2186 5193 2209 5219 ο
2232 5181 2333 5248 Qui
2362 5172 2616 5234 Basilium
2647 5176 2957 5247 praefectum
2998 5173 3263 5248 praetorio
3275 5172 3565 5248 significari
3594 5188 3690 5242 pu-

2111 5244 2276 5318 tant:
2300 5267 2401 5304 non
2435 5244 2861 5304 animadvertunt
2891 5244 3343 5318 Basilium‘ltalite
3379 5244 3687 5318 prmiectum

2111 5314 2304 5387 fuisse;
2354 5321 2440 5375 hic
2468 5336 2595 5375 vero
2625 5320 2707 5389 agi
2738 5320 2805 5374 de
2839 5319 3094 5391 praefecto
3124 5314 3438 5391 Galliarum.
3481 5315 3689 5391 Certior

2111 5385 2338 5450 fortasse
2386 5385 2693 5465 conjectura
2730 5390 2887 5465 125
2936 5389 3091 5443 fuerit
3136 5387 3205 5442 de
3256 5385 3690 5465 lliag’notblarbo-

2113 5466 2288 5532 ncnsi,
2321 5456 2979 5536 etrjus'prmfecttTrat'jam
3006 5468 3208 5536 enactm
3238 5456 3607 5536 meminit_lib.
3638 5469 3691 5536 r,

2113 5527 2402 5605 epistfll,‘
2425 5536 2476 5589 in
2504 5527 2665 5604 epulo
2696 5527 2972 5608 Majoriani
2993 5572 3008 5597 ,
3055 5531 3155 5584 hoc
3194 5539 3276 5585 est
3311 5527 3541 5608 triennio
3573 5534 3693 5594 post

2114 5602 2255 5661 hunc
2288 5602 2699 5678 panegyricum.
2740 5602 3203 5678 Gothorumvero
3245 5615 3387 5678 rex,.
3419 5602 3531 5678 qui.
3559 5611 3694 5665 pra:-

2112 5665 2310 5805 fectunit
2337 5665 2478 5801 Ιιὲἄὲ
2500 5676 2862 5743 rcverebatur,
2890 5671 3256 5730 Theodoricus
3274 5668 3475 5739 junior,
3500 5665 3568 5724 de
3590 5680 3696 5739 quo

2115 5758 2284 5805 entsto
2309 5763 2339 5803 a
2410 5786 2428 5805 .

2115 5750 2339 5822 epistola
2367 5750 2428 5805 2.
