4072 6348
317 309 426 368 677

393 419 652 474 Personat
681 411 902 468 Ismario
927 409 1156 471 'lfittacia
1184 417 1304 465 vate
1332 409 1542 480 chelys,

319 509 484 581 329
512 506 576 561 Et
596 506 720 560 dum
748 503 954 573 Mupst
974 502 1082 557 ium
1111 501 1375 569 stipantur
1393 515 1486 567 per
1513 500 1905 566 Marathonem,

392 602 493 670 Qui
523 606 785 654 steterant
812 594 977 662 ﬁuvii,
1008 609 1234 664 quaeque
1261 592 1500 648 cucurrit
1531 592 1722 647 humus
1747 609 1762 647 :

320 692 669 751 Dulcisonum
698 688 933 759 quatitur
963 687 1156 742 ﬁdibus
1184 686 1307 741 dum
1340 685 1550 756 pectine
1574 701 1836 752 murmur,

395 785 501 839 llas
531 781 816 852 perhibent
838 778 1019 835 laudes
1043 778 1197 833 laude
1230 777 1486 846 probasse
1513 776 1695 832 deam.
1816 773 1828 777 ’

322 877 476 944 Diva,
509 872 769 945 Gigantaei
798 870 930 926 fudit
960 885 1116 939 quam
1162 878 1402 938 tempore
1423 869 1551 924 belli

397 969 649 1020 Armatus
681 972 864 1035 partus
896 961 1092 1016 vertice
1117 961 1335 1016 dividuo
1367 978 1378 1013 :

324 1058 496 1126 Quam
527 1071 700 1126 neque
734 1054 961 1110 Deliacis
994 1052 1197 1122 peperit
1224 1052 1422 1107 Latona
1453 1053 1550 1108 sub
1576 1053 1765 1120 antris,
1811 1105 1814 1109 .

396 1149 599 1204 Fixura
631 1154 904 1202 errantem
933 1145 1162 1216 Cyclada
1191 1146 1518 1215 pignoribus.

326 1240 435 1299 Nec
461 1257 580 1310 quae
611 1239 870 1295 Cadmzeis
897 1239 1110 1308 pariens
1138 1237 1360 1292 Alciden
1385 1240 1437 1292 in
1464 1239 1592 1306 oris,

321 1372 327 1376 -
396 1332 688 1402 Suspendit
715 1331 907 1398 triplici
941 1339 1097 1384 nocte
1131 1330 1486 1398 puerperium.

329 1425 437 1480 Nec
467 1423 620 1492 cujus
653 1422 834 1491 pluvio
857 1423 1020 1474 turris
1041 1420 1335 1474 madefacta
1359 1422 1575 1476 metallo
1596 1431 1700 1489 est,

398 1515 532 1568 Cum
558 1523 783 1566 matrem
816 1513 1064 1583 impleret
1086 1512 1226 1565 ﬁlius
1259 1513 1530 1582 aurigena.

330 1605 436 1664 Sed
463 1618 535 1672 te,
564 1619 683 1658 cum
710 1603 972 1673 trepidum
1003 1612 1270 1672 spectaret
1299 1604 1523 1673 Phlegra
1549 1614 1840 1673 tonantem,

402 1698 923 1768 lmpulit‘excussam
956 1697 1155 1752 vertice
1184 1706 1370 1767 ruptus
1393 1713 1552 1768 apex.

331 1791 572 1860 Cumque
593 1789 723 1846 deos
753 1790 879 1846 sola:
911 1789 1187 1846 traherent
1217 1792 1269 1845 in
1300 1792 1482 1858 praelia
1507 1793 1669 1864 vires,

405 1880 697 1937 Confusum
721 1881 875 1935 valde
908 1891 958 1936 te
981 1882 1096 1936 sine
1128 1886 1291 1936 robur
1319 1892 1454 1937 erat.
1627 1952 1632 1955 _

333 1975 570 2032 Protulit
591 1981 647 2030 ut
675 1989 797 2040 mox
815 1981 864 2028 te
893 1973 1098 2044 patrius
1128 1974 1387 2043 sapientia
1416 1981 1631 2040 vertex,

409 2065 546 2120 Tum
579 2079 730 2135 mage
758 2065 1001 2119 vicerunt
1029 2079 1149 2119 cum
1185 2074 1235 2119 te
1264 2064 1500 2120 habuere
1530 2066 1635 2120 dei.

336 2160 416 2216 Te
446 2168 664 2232 prepter
692 2159 851 2214 cessit
875 2157 1119 2213 manibus
1151 2167 1452 2213 constructa
1485 2159 1792 2221 tremendis,

409 2250 525 2305 Jam
557 2263 723 2320 prope
750 2265 842 2318 per
873 2249 1090 2303 rutilum
1125 2250 1366 2304 machina
1397 2260 1544 2304 tensa
1579 2251 1774 2318 polum.

339 2344 564 2408 Pindos,
593 2345 810 2414 Othrys,
844 2342 1062 2405 Pholoe,
1089 2343 1289 2397 dextris
1314 2343 1557 2397 cecidere
1589 2342 1890 2412 Gigantum,

413 2435 619 2491 Decidit
645 2445 696 2489 et
721 2433 898 2489 Rhmti
920 2434 1030 2504 jam
1058 2436 1236 2504 gravis
1263 2435 1393 2489 Ossa
1419 2451 1599 2489 manu.

337 2530 608 2588 Sternitur
630 2528 847 2598 .‘Egazon
871 2521 1137 2593 Briareus,
1166 2529 1436 2598 Ephialta,
1463 2528 1776 2601 Mimasque,

412 2626 642 2679 Arctoas
679 2622 814 2677 sueti
840 2622 1078 2676 lambere
1107 2621 1252 2677 calce
1280 2632 1447 2676 rotas.

340 2715 642 2772 Enceladus
665 2715 800 2784 patri
817 2715 1004 2784 jacuit,
1029 2714 1288 2784 fratrique
1309 2715 1602 2787 Typhoeus,

413 2808 702 2864 Euboicam
738 2807 822 2863 hic
852 2823 1036 2877 rupem
1070 2807 1314 2875 sustinet,
1345 2808 1430 2862 hic
1450 2807 1703 2862 Siculam.

345 2901 478 2966 Hinc
504 2915 623 2957 sese
653 2903 719 2956 ad
744 2912 907 2956 totam
937 2900 1249 2971 genitricem
1280 2903 1552 2958 transtulit
1581 2901 1846 2973 Orpheus,

417 2993 484 3047 Et
512 2992 690 3048 docuit
719 2991 948 3049 chordas
969 2993 1147 3048 dicere
1173 2992 1472 3063 Calliopen.

346 3086 767 3142 Assurrexerunt
799 3086 959 3140 Musa:
989 3086 1088 3140 sub
1112 3086 1266 3141 laude
1294 3087 1528 3154 Sororis,

422 3180 482 3234 Et
511 3178 708 3248 placuit
728 3179 863 3233 diva:
898 3180 1135 3234 carmine
1163 3179 1279 3247 plus
1301 3179 1488 3248 pietas.

349 3296 484 3365 Aug.
515 3294 830 3352 Constitutio
859 3293 979 3350 eod.
1009 3293 1074 3348 de
1105 3281 1390 3362 episcopali
1424 3293 1713 3361 audientia,
1740 3294 1791 3349 in
1813 3308 1914 3364 qua

350 3365 580 3423 Varares
624 3381 741 3420 eum
785 3365 989 3420 Joanne
1034 3365 1223 3418 Martio
1270 3379 1476 3430 mense,
1528 3365 1629 3420 hoc
1671 3375 1752 3421 est
1793 3373 1916 3418 ante

347 3437 488 3493 Aviti
521 3436 934 3500 abdicationem,
961 3437 1146 3490 consul
1177 3435 1491 3504 appellatur.
1529 3436 1678 3490 [inde
1708 3445 1917 3489 constat

349 3523 455 3563 non
482 3509 619 3572 alios
647 3511 696 3560 in
725 3507 942 3562 Oriente
971 3513 1082 3560 t'oto
1107 3521 1248 3560 anno
1278 3507 1526 3560 consules
1551 3508 1914 3576 fuisse,quam

353 3578 590 3633 Vararim
621 3587 676 3633 et
701 3577 956 3632 Joannem
979 3619 992 3644 ,
1033 3591 1168 3645 quos
1209 3576 1499 3632 Martianus
1529 3588 1771 3642 crearat;
1820 3592 1918 3632 nec

351 3648 513 3702 alium
564 3650 617 3702 in
660 3647 947 3702 Occidente
975 3663 1129 3715 quam
1159 3647 1392 3701 Avitum.
1439 3649 1507 3701 At
1553 3648 1916 3702 Consularium

352 3719 724 3774 ehronicorum
757 3731 1004 3776 auctores
1031 3719 1343 3772 consulatus
1370 3717 1542 3782 Aviti,
1592 3729 1648 3772 ut
1689 3717 1920 3786 ambigui

351 3790 636 3860 principis,
668 3789 939 3854 rationem
987 3803 1111 3860 non,
1137 3787 1454 3843 habuerunt.
1504 3789 1609 3842 Nec
1638 3789 1740 3841 alia
1770 3804 1918 3860 quae-

353 3859 514 3914 renda
548 3862 684 3914 ratio
723 3875 818 3914 cur
851 3859 1306 3929 praetermittatur,
1357 3874 1476 3912 cum
1525 3859 1712 3912 eodem
1761 3859 1919 3911 modo

351 3930 485 3987 alios
513 3945 702 3986 omnes
742 3931 1062 3984 incertorum
1095 3930 1390 3999 principum
1421 3930 1726 3982 consulatus
1756 3931 1916 3982 omit-

351 4009 486 4056 tant.
519 4001 718 4056 Omnes
747 4002 886 4054 enim
919 4001 1004 4068 qui
1033 4015 1315 4069 purpuram
1346 3999 1676 4063 all'ectarant,
1711 4009 1764 4054 et
1793 4013 1919 4052 suos

351 4071 454 4142 ipsi
479 4073 787 4126 consulatus
815 4072 1036 4142 inibant,
1064 4079 1116 4142 et
1141 4071 1272 4125 alios
1298 4085 1511 4142 suarum
1541 4071 1766 4140 partium
1780 4084 1922 4142 Acon-

351 4139 496 4197 sules
518 4145 790 4196 creabant.
821 4141 971 4210 Quod
993 4141 1173 4196 videre
1195 4139 1347 4195 estin
1371 4140 1550 4194 libello
1573 4143 1636 4194 de
1658 4139 1920 4208 prmfectis

357 4212 538 4284 Urbis,
563 4227 722 4282 quem
746 4213 896 4284 127
947 4212 996 4284 in
1023 4212 1192 4265 lucrm
1218 4211 1435 4284 protulit
1469 4211 1841 4284 Cuspinianus,

352 4298 458 4351 quo
486 4282 784 4354 Magnentti
802 4282 1057 4354 consules
1084 4285 1335 4354 eduntur,
1357 4283 1612 4354 itemque
1639 4282 1923 4354 Maxentii;

351 4353 589 4422 utrique
617 4361 794 4408 tamen
841 4370 868 4406 a
916 4353 1233 4406 Cassiudoro
1281 4353 1503 4420 aliisque
1557 4355 1666 4420 pari
1716 4353 1926 4407 silentio

353 4433 626 4493 teguntur.
670 4424 893 4478 liursum
921 4431 1094 4493 exstat
1119 4427 1170 4476 in
1211 4425 1269 4476 Ι).
1307 4423 1450 4476 Pauli
1479 4424 1693 4477 basilica
1731 4424 1926 4478 Dativze

353 4466 646 4549 erasas
670 4466 1326 4562 ἔδὲἆτὶὶὶὲιῖἓίἶῖῐέρῐὶῖυἷιί,“
1346 4466 1412 4547 in"
1430 4466 1534 4561 ἕιιὶο
1547 4466 1815 4564 ἶὶἕρξεῑιω
1832 4466 1925 4549 ἐιἷῖ
1960 4466 2004 4524 υ

352 4574 550 4618 cuntur
570 4563 980 4619 μροΝδυιλΑΤυ
1031 4563 1304 4618 JOANNIS
1353 4565 1536 4634 AlJG.,
1583 4563 1735 4634 que.n
1771 4581 1926 4620 nemo

358 4633 678 4689 iniiciahitur
707 4635 852 4687 illum
893 4651 1013 4688 esse
1039 4637 1126 4703 qui
1158 4645 1366 4689 mortuo
1399 4633 1632 4690 llonOrio
1665 4636 1926 4690 Ravenna:

359 4703 553 4759 invasit
578 4706 854 4772 imperium
882 4720 1021 4760 anno
1047 4705 1246 4759 Christi
1276 4706 1399 4770 4‘25,
1429 4718 1534 4759 tum
1565 4707 1756 4761 deinde
1787 4723 1928 4761 anno

356 4775 627 4846 proximo,
668 4785 723 4828 ut
759 4778 1057 4846 principum
1101 4791 1216 4828 mos
1267 4787 1411 4840 erat,
1458 4778 1808 4831 consulatum.
1863 4781 1929 4832 Et

357 4843 535 4899 tamen
566 4843 822 4900 Joannem
855 4843 995 4900 hunc
1024 4848 1162 4900 inter
1187 4849 1434 4899 consules
1477 4849 1604 4900 nulli
1641 4848 1758 4901 ῒςιςιί
1794 4853 1941 4905 reci-«

356 4916 528 4985 piunt.
581 4918 715 4981 Quin
743 4917 930 4971 eodem
963 4932 1029 4972 ex
1067 4919 1211 4970 fonte
1243 4917 1384 4985 paria
1432 4918 1709 4971 consulum
1762 4920 1925 4974 inter-

357 4987 528 5056 polari
562 5003 1010 5056 nonnunquam,
1045 4997 1096 5041 et
1149 4993 1234 5040 uni
1284 4989 1485 5039 consuli
1537 4989 1792 5056 collegam
1844 4992 1928 5045 hic

357 5063 557 5127 unum”,
602 5058 727 5112 alibi
767 5059 926 5112 ahutn
967 5059 1201 5127 copulari
1233 5058 1431 5112 videas.
1465 5058 1621 5112 Verbi
1654 5060 1840 5125 gratia,
1875 5062 1928 5115 in

357 5125 535 5200 Titulo
569 5128 762 5200 Equiti
798 5128 979 5183 Romae
1015 5125 1256 5200 Eutycbii
1304 5128 1586 5200 cujusdam
1630 5140 1710 5181 e~t
1760 5133 1930 5199 epita-

358 5196 580 5269 phium,
603 5198 656 5251 in
695 5215 799 5268 quo
829 5203 1075 5254 consules
1100 5196 1476 5269 comparantur
1505 5196 1928 5257 TllEODOSlUS

360 5265 519 5339 AUG.
569 5268 633 5322 lll
684 5265 768 5323 ΕΤ
817 5269 975 5324 AUG.
1030 5271 1087 5326 P.
1134 5265 1301 5338 N.,_id
1361 5280 1463 5335 est,
1497 5281 1553 5325 ut
1585 5273 1925 5339 interpretor,

359 5336 892 5411 Eugeniusprinceps
931 5351 1115 5405 noster,
1167 5336 1210 5396 is
1257 5343 1503 5396 nimirum
1536 5343 1623 5411 qui
1671 5336 1930 5411 occupato

360 5409 643 5481 Arbogasti
675 5409 902 5481 factione
924 5415 1240 5481 prmcipatu,
1269 5419 1316 5466 in
1345 5413 1490 5466 Italia
1515 5409 1579 5468 eo
1599 5428 1738 5467 anno
1760 5409 1930 5469 demi-

361 5480 606 5553 nabatur,
649 5480 897 5553 editoque
927 5480 1213 5538 consulatu
1248 5484 1504 5551 collegam
1547 5499 1603 5538 se
1630 5482 1930 5541 Theodosio

361 5550 497 5618 Aug.
524 5554 750 5616 dixerat,
772 5550 894 5608 cum
917 5569 944 5610 a
963 5554 1260 5608 Theodosio
1284 5555 1335 5608 iu
1358 5550 1574 5610 Oriente
1597 5555 1768 5610 dictus
1791 5569 1929 5613 esset

360 5619 758 5696 Abundantius,
780 5639 934 5693 quem
964 5624 1234 5696 consulem
1265 5625 1384 5678 faSti
1406 5641 1591 5680 omnes
1612 5638 1927 5696 agnoscunt,

360 5691 430 5745 de
467 5692 709 5766 Eugenio
748 5691 941 5766 tacent.
974 5694 1149 5766 AEt_in
1184 5693 1368 5766 Graeca
1415 5691 1703 5766 epigraplie
1747 5691 1932 5754 ΤΙ-ονξέ

361 5762 746 5833 Ιοωὶίᾳαςηιι
789 5764 858 5819 ad
899 5762 1179 5834 epistolam
1217 5764 1288 5832 9,
1337 5762 1527 5834 lib.’v,'
1563 5762 1926 5838 eiposuimus,

1789 293 2118 354 CARMINA.

1935 412 1990 470 Α
2015 407 2175 478 33o
2202 406 2356 473 Quod
2378 408 2422 462 si
2455 414 2723 463 maternas
2750 407 2935 464 laudes
2966 417 3216 468 cantasse
3238 409 3405 466 favori
3427 420 3531 479 est,
3585 471 3594 476 ἓ,

3493 296 3598 356 678

2087 501 2195 555 Nec
2227 499 2381 555 valeo
2411 499 2612 570 priscas
2635 503 2964 572 aequiparare
2988 503 3120 558 ﬁdes
3147 519 3160 554 :

2012 592 2266 648 Publicus
2297 593 2385 680 hic
2413 604 2561 663 pater
2587 605 2688 662 est,
2720 597 2842 651 vovi
2871 599 2955 651 cui
2985 613 3224 670 carmen,
3252 598 3440 655 Avitus
3473 613 3488 652 :

2085 685 2307 741 Materia
2328 696 2411 742 est
2439 687 2632 756 major,
2659 689 2703 745 si
2745 688 2874 743 mihi
2906 690 3050 745 Musa
3083 693 3277 746 minor.

2584 817 2868 876 CARMEN
2899 821 3008 876 VH.

2151 946 2507 989 PANEGYRICUS
2536 949 2691 990 Ανιτο
2729 951 2969 992 AUGUSTO
3006 953 3207 994 SOCERO
3239 956 3448 997 DICTUS.

2015 1068 2235 1136 Phoebe,
2267 1082 2550 1143 peragrato
2579 1073 2792 1127 tandem
2825 1074 3034 1128 visurus
3059 1075 3110 1129 in
3142 1077 3293 1143 orbe,

2014 1159 2182 1226 Quem
2213 1163 2386 1230 possis
2417 1163 2657 1231 perferre
2684 1178 2888 1232 parem,
2919 1165 2980 1217 da
3016 1166 3212 1219 lumina
3255 1169 3408 1235 cmlo,

2015 1249 2223 1306 Sufﬁcit
2255 1252 2341 1306 hic
2373 1255 2530 1308 terris
2558 1258 2576 1306 ':
2608 1269 2805 1308 necse
2830 1255 2937 1324 jam
2967 1256 3190 1325 signifer
3217 1259 3375 1313 astris

2016 1341 2207 1411 Jactet,
2243 1343 2593 1400 Marmaricus
2623 1361 2780 1415 quem
2803 1356 2826 1384 ⁸
2852 1348 3046 1402 vertice
3073 1349 3301 1404 conterit
3327 1353 3492 1406 Atlas.

2016 1432 2203 1488 Sidera
2228 1444 2352 1489 sunt
2375 1436 2480 1501 isti,
2523 1437 2800 1510 quaeisieut
2832 1453 3004 1492 mersa
3034 1440 3320 1510 nitescunt,

2019 1526 2272 1582 Adversis
2297 1529 2379 1582 sic
2409 1528 2572 1584 Roma
2597 1509 2758 1583 m'icat
2791 1551 2802 1583 :
2833 1531 2916 1584 cui
2952 1533 3091 1586 ﬁxus
3120 1533 3184 1587 ab
3206 1544 3325 1590 ortu

2018 1616 2162 1670 Ordo
2187 1617 2284 1671 fuit
2315 1619 2548 1674 crevisse
2571 1621 2747 1688 malis,
2777 1621 2934 1675 modo
2960 1623 3198 1693 principe
3224 1637 3406 1695 surget

2024 1708 2278 1769 Consule.
2307 1710 2334 1749 ι)
2364 1712 2585 1782 Nempe,
2612 1724 2810 1782 patres,
2835 1715 3059 1770 collatos
3082 1731 3305 1773 cernere
3327 1717 3503 1774 fasces

1947 1791 1995 1850 B
2025 1800 2129 1871 ‘(os
2153 1801 2324 1871 juvat,
2345 1811 2399 1856 et
2426 1802 2626 1858 sociam
2650 1804 2874 1874 sceptris
2897 1806 3180 1862 mandasse
3203 1807 3462 1866 curulem.

2025 1895 2258 1957 Credite,
2314 1895 2429 1967 plus
2459 1895 2653 1950 dabitis
2684 1912 2876 1953 currus
2913 1914 2926 1952 :
2955 1899 3066 1970 jam
3101 1909 3253 1956 necte
3281 1900 3539 1959 bifrontes

2021 1989 2233 2058 Anceps
2262 1988 2396 2043 Jane
2424 2004 2626 2056 comas,
2660 1989 2966 2062 duplicique
2992 1992 3274 2063 accingere
3303 1993 3475 2049 lauro.

2023 2079 2289 2148 Principis
2318 2081 2577 2148 anterior,
2606 2081 2715 2150 jam
2745 2081 2981 2137 consulis
3012 2082 3114 2138 iste
3139 2094 3386 2140 coruscat

2023 2173 2229 2238 Aunus,
2260 2179 2312 2226 et
2335 2173 2558 2227 emerita
2589 2172 2782 2227 trabeis
2809 2174 3110 2231 diademata
3140 2187 3407 2231 crescunt.

2025 2262 2292 2317 incassum
2317 2263 2448 2332 jam,
2477 2264 2644 2331 Musa,
2676 2280 2857 2333 paves,
2890 2266 3031 2335 quod
3053 2268 3498 2337 prepulitAuster

2025 2353 2149 2408 Vela
2192 2355 2317 2408 rutis
2349 2363 2561 2417 nostrae,
2597 2353 2781 2424 pelago
2812 2357 2931 2425 quia
2960 2372 3178 2412 currere
3205 2357 3364 2412 fama:

2024 2445 2316 2514 Cmpimus,
2350 2461 2416 2501 en
2443 2445 2612 2512 sidus,
2644 2446 2784 2515 quod
2824 2463 2919 2501 nos
2954 2464 3048 2518 per
3075 2449 3267 2503 caerula
3301 2458 3498 2505 servet.

2099 2548 2120 2576 θ
2157 2538 2316 2593 Forte
2346 2548 2494 2608 pater
2523 2553 2776 2607 superum
2810 2541 3084 2610 prospexit
3115 2541 3316 2598 attinere
3348 2551 3534 2610 terras,

2026 2628 2164 2682 Ecce
2193 2629 2353 2698 viget,
2383 2628 2740 2699 quodcunque
2771 2629 2915 2685 videt
2943 2633 3234 2688 :tuundum
3260 2648 3537 2704 reparasse

2025 2719 2318 2786 Aspexisse
2348 2717 2463 2783 fuit,
2496 2721 2643 2774 solus
2667 2719 3013 2781 fovetomnia
3038 2734 3211 2780 nutus.

2027 2811 2249 2882 Jamque
2281 2821 2340 2866 ut
2367 2815 2689 2868 conveniant
2720 2816 2922 2884 superi,
2957 2817 3272 2889 Tegeaticus
3304 2824 3468 2876 Arcas

2025 2900 2180 2971 331
2211 2901 2358 2956 Nunc
2401 2903 2640 2978 plantis“
2668 2919 2809 2958 nunc
2841 2905 3013 2962 fronte
3045 2909 3218 2975 volat;
3253 2911 3339 2966 vix
3384 2911 3595 2981 contigit

3384 3018 3506 3057 arva
3517 3044 3532 3059 .

2029 3084 2093 3137 Et
2116 3092 2224 3137 toto
2248 3083 2522 3140 descendit
2547 3101 2676 3154 avo;
2709 3103 2878 3156 mare,
2914 3099 3077 3160 terra,
3104 3092 3182 3146 tel
3205 3108 3316 3159 aer,
3356 3003 3375 3076 [

1949 3165 1993 3226 C
2027 3175 2307 3246 Indigenas
2335 3178 2531 3233 misere
2558 3177 2710 3234 deos.
2735 3178 3000 3236 Germane
3023 3186 3255 3241 tonantis

2025 3290 2256 3364 Honorio
2289 3307 2378 3364 vttt
2409 3294 2628 3364 consuli
2665 3295 2865 3364 collega
2911 3297 3178 3360 tribuitur,
3223 3314 3326 3352 non
3359 3298 3598 3353 Theodo-

2023 3363 2132 3414 sius
2158 3377 2237 3438 tt_t,
2266 3363 2360 3416 sed
2382 3363 2764 3438 Constantinus
2795 3363 3071 3436 tyrannus,
3094 3369 3258 3438 quiin
3283 3369 3466 3424 Galliis
3495 3380 3600 3424 tum

2023 3434 2309 3507 regnabat,
2353 3443 2405 3507 et
2440 3436 2772 3489 consulatum
2801 3434 2866 3491 eo
2894 3453 3033 3492 anno
3063 3434 3306 3507 gerebat.
3357 3439 3508 3494 Unde
3553 3442 3603 3491 in

2023 3503 2249 3578 publicis
2301 3505 2434 3561 actis
2463 3507 2984 3578 _ntonumentisque.
3034 3503 3090 3563 in
3138 3509 3306 3564 Gal-lia
3358 3512 3604 3564 οοιιευιιεε

2023 3574 2430 3646 ascrihebantur
2463 3576 2728 3632 lIonortus
2759 3594 2845 3632 Vill
2867 3574 2939 3636 'et
2964 3579 3385 3646 Constantinus;
3435 3585 3486 3635 in
3525 3596 3602 3635 re~

2021 3641 2331 3720 liquis‘vero
2363 3648 2651 3720 provinciis
2681 3649 3300 3720 qttmilotistattti::0t101i
3327 3641 3603 3720 patebant,

2023 3729 2126 3767 non
2175 3715 2580 3779 Constantinus,
2636 3715 2727 3771 sed
2775 3719 3108 3774 Theodosius
3143 3737 3196 3774 ιιι
3247 3715 3434 3776 consul
3485 3737 3603 3776 cum

2025 3783 2258 3838 Honorio
2289 3789 2733 3853 componebatur.

2101 3863 2126 3891 ⁸
2162 3856 2440 3925 Euripides
2469 3860 2518 3912 in
2554 3858 2676 3913 Ione
2709 3859 2758 3911 l.

2250 4005 2430 4072 ’Ἄτλας
2452 4011 2492 4089 ὁ-
2505 4013 2769 4089 χᾳλκέρισι
2789 4016 2974 4089 νῲτ-οιςΔ
2993 4017 3200 4089 οὐρανὸν

2250 4087 2384 4133 Θεῶν
2403 4078 2616 4136 παλᾶιὸν
2645 4078 2771 4138 οἷκον
2804 4078 3067 4160 ἐκΐρὶϐωνξ

2107 4223 2132 4263 ¹>
2160 4225 2431 4308 Signiﬁcat
2465 4230 2937 4308 Avilo_delatum_a
2987 4234 3184 4308 Senatu
3231 4249 3362 4308 cuin
3383 4235 3606 4308 imperio

2033 4295 2197 4375 fuisse
2225 4295 2581 4371 consulatum.
2614 4302 2986 4375 Avituseuim,
3008 4318 3063 4358 ut
3081 4305 3330 4360 Sidonius
3352 4295 3607 4375 ipse'nar-

2035 4368 2194 4444 rabit,
2245 4381 2360 4438 post
2412 4368 2637 4444 tno'rtcm
2673 4372 2908 4428 Petronii
2946 4374 3180 4438 Maximi,
3224 4368 3444 4434 vacante
3468 4379 3608 4444 aula,

2037 4438 2402 4518 lt_np_c_rat_ot',_a
2432 4443 2598 4518 Gallis
2633 4445 2858 4518 primum
2890 4446 3438 4518 levatnscst,deinde,
3466 4438 3608 4518 quod

2033 4509 2098 4562 ab
2141 4511 2287 4563 ldalii
2318 4512 2574 4586 ritu-unico
2615 4513 2891 4586 docemur,
2917 4531 2945 4567 a
2981 4509 3232 4570 Romanis
3280 4509 3611 4586 evocatus,ct

2033 4592 2341 4656 susceptus,
2368 4599 2484 4656 cuin
2531 4582 2786 4656 Martiani
2822 4589 3006 4656 etiam,
3040 4587 3154 4653 ipso
3181 4585 3474 4656 annuente,
3525 4582 3611 4644 so-

2032 4651 2281 4704 ciclatetn
2325 4653 2498 4716 junxit
2555 4654 2781 4714 imperii.
2839 4653 3035 4709 ldatius
3063 4651 3074 4707 ξ
3105 4657 3168 4709 In
3223 4656 3406 4712 Galliis
3440 4651 3612 4713 Avitus

2032 4717 2355 4798 Gallusmciris
2383 4725 2442 4774 ab
2472 4724 2695 4798 eatercitu
2721 4723 3010 4798 Gallicana,
3037 4737 3081 4778 et
3109 4725 3169 4778 ab
3196 4727 3478 4794 honoratis,
3508 4731 3614 4798 pri-

2034 4807 2172 4870 rnum
2209 4791 2426 4870 Tolosa;
2473 4794 2654 4870 dehinc
2685 4794 2825 4860 apud
2857 4796 3119 4849 Arelalum
3155 4798 3410 4869 Augustus
3435 4791 3613 4870 appel-

2031 4858 2184 4937 ριψῇ
2230 4861 2652 4937 {inmani-pergit
2706 4858 2750 4937 et
2805 4869 3110 4937 suscipitur;
3139 4878 3193 4924 et
3236 4858 3359 4935 post
3404 4858 3608 4937 pauca:

2035 4932 2192 5002 128
2225 4930 2323 4984 Per
2375 4930 2600 4996 Avitum,
2642 4935 2730 5002 qui
2764 4949 2794 4987 α
2825 4930 3070 4991 Bouiania
3095 4930 3159 4992 vel
3186 4930 3418 4993 euocatus
3449 4949 3495 4992 et
3527 4957 3612 4992 su-

2031 5012 2259 5078 sceptus_
2289 5002 2452 5071 fuerat
2479 5003 2804 5078 jmperalor,
2856 5008 3009 5077 legali
3055 5009 3121 5060 ad
3178 5007 3490 5063 Illartiuuuut
3523 5028 3612 5078 pro

2032 5072 2363 5146 unattimﬂate
2419 5074 2689 5146 mittuntur
2730 5072 2932 5142 imperii
2972 5093 2990 5130 :
3033 5095 3244 5132 rursum
3295 5090 3413 5146 post
3467 5072 3611 5133 alia:

2035 5140 2400 5220 Martiattuset
2428 5145 2602 5199 Avitus
2623 5140 2898 5202 concordes
2917 5149 3203 5220 principatu
3220 5140 3439 5205 Romani
3463 5161 3615 5206 utun-

2032 5221 2114 5266 tur
2141 5213 2362 5284 imperii.

2113 5293 2134 5363 ἐ
2168 5283 2480 5363 Alollasunt
2511 5284 2562 5339 in
2582 5291 2850 5363 poematis
2877 5287 3078 5363 Sidonii
3108 5289 3172 5346 ad
3203 5293 3503 5363 exemplum
3540 5292 3615 5346 af~

2034 5352 2491 5432 ﬁ_cta__Clat_idiani,_
2531 5352 2771 5432 adicnjus
2801 5360 3148 5432 imitationem
3179 5352 3612 5432 argumentorum

2033 5424 2431 5504 similitudinem
2463 5424 2773 5504 ducebatur.
2811 5431 2980 5504 lluju_s_
3001 5431 3213 5500 generis
3241 5424 3321 5489 cst
3352 5445 3610 5504 prosotio-

2035 5496 2171 5572 pmia
2203 5496 2348 5551 urbis
2397 5497 2579 5572 Romae
2623 5499 2723 5554 hoc
2753 5496 2905 5556 locoI
2937 5496 3066 5555 Nam
3109 5512 3331 5572 uterque
3352 5496 3605 5572 'Rotnam

2034 5567 2276 5640 neglecto
2335 5576 2491 5640 atque
2545 5570 2812 5640 incompto
2861 5573 3098 5640 corporis
3127 5567 3273 5628 cultu
3318 5568 3608 5640 supplicem

2032 5634 2146 5690 Jovi
2176 5636 2313 5690 facit.
2333 5634 2436 5694 Sed
2459 5634 2825 5704 postulationis
2851 5634 2986 5706 apud
3005 5641 3351 5697 Claudianum
3383 5634 3614 5703 summa,

2034 5717 2092 5761 ut
2115 5708 2364 5832 repsimat
2395 5709 2672 5766 Gildonem
2703 5727 2715 5764 :
2749 5712 2884 5782 apud
2912 5711 3206 5781 Sidonium,
3235 5709 3622 5786 utpr'tncwem

2034 5792 2195 5832 conce
2237 5795 2264 5831 a
2296 5816 2310 5832 .

2033 5792 2310 5834 concedat.
