4072 6348
468 366 573 428 679

468 483 647 545 Prime
672 476 842 544 venis,
872 471 1029 529 viridi
1049 468 1139 540 qui
1170 465 1363 523 Dorida
1401 464 1604 521 findere
1632 476 1795 519 curru

471 577 685 638 Suctus,
719 571 773 625 in
802 564 1025 623 attonita
1045 560 1252 632 spargis
1268 559 1373 615 cito
1398 566 1544 629 terga
1562 570 1834 612 serenum.

471 669 760 725 Humentes
789 660 1057 731 Nymphas
1085 656 1326 711 Phorcus
1352 653 1664 717 comitatur;
1694 651 1872 720 ibique

472 761 701 829 Glaucus
729 755 927 809 Glauce
959 750 1107 806 venis
1142 766 1155 803 :
1183 758 1362 804 vatum
1385 756 1439 803 et
1465 744 1763 801 certissime
1785 743 1978 797 Proteu

452 848 657 906 Certus
685 860 832 911 eras;
868 844 1026 913 longo
1044 840 1262 896 veniunt
1291 847 1408 909 post
1431 836 1617 892 ordine
1640 833 1766 895 divi,

470 943 791 1009 Pampincus
827 937 1005 1001 Liber,
1040 936 1178 989 Mars
1206 943 1349 1000 trux,
1373 930 1683 1001 Tirynthius
1716 927 1903 990 hirtus,

470 1035 616 1091 Nuda
650 1034 851 1097 Venus,
887 1028 1111 1085 fecunda
1134 1026 1316 1093 Ceres,
1340 1026 1645 1094 pharetrata
1681 1020 1872 1081 Diana,

471 1128 609 1183 .luno
635 1127 832 1195 gravis,
865 1124 1100 1193 prudens
1148 1121 1338 1188 Pallas,
1382 1120 1569 1173 turrita
1600 1115 1803 1185 Cybele

473 1220 740 1276 Saturnus
771 1217 1043 1285 profugus,
1090 1229 1219 1282 vaga
1245 1212 1489 1283 Cynthia,
1530 1208 1763 1263 Philebus
1789 1200 2049 1274 ephebus,

472 1311 583 1368 Pan
614 1308 859 1380 pavidus,
902 1308 1067 1361 Fauni
1101 1305 1274 1374 rigidi,
1310 1302 1490 1373 Satyri
1521 1300 1840 1370 petulantes.

473 1400 788 1457 Convenere
815 1400 973 1454 etiam
1002 1396 1195 1451 coelum
1224 1394 1417 1449 virtute
1437 1399 1700 1455 tenentes,

474 1494 664 1549 Castor
685 1507 841 1562 equo,
868 1488 1059 1543 Pollux
1082 1498 1269 1549 crestu,
1302 1482 1547 1538 Perseius
1572 1480 1758 1549 harpe,

476 1586 722 1642 Fulmine
748 1583 1037 1645 Vulcanus,
1066 1578 1268 1648 Typhis
1297 1583 1428 1637 rate,
1461 1581 1618 1642 gente
1640 1566 1912 1638 Quirinus.

475 1678 606 1743 Quis
635 1684 789 1729 canat
822 1672 908 1727 hic
929 1670 1102 1724 aulam
1130 1667 1273 1732 cmli,
1303 1663 1571 1720 rutilantia
1604 1661 1758 1729 cujus

474 1768 594 1838 Ipsa
627 1767 990 1837 pavimentum
1025 1769 1149 1816 sunt
1174 1758 1384 1814 sidera?
1416 1756 1534 1809 Jam
1565 1764 1717 1824 pater
1748 1764 1912 1805 aureo

474 1859 821 1929 Tranquillus
868 1872 985 1911 sese
1016 1855 1150 1909 solio
1179 1853 1347 1916 locat;
1378 1850 1501 1903 inde
1536 1848 1743 1917 priores

474 1948 783 2006 Consedere
811 1948 928 2013 dei;
954 1946 1126 2001 fluviis
1149 1957 1360 2015 quoque
1389 1938 1611 2008 contigit
1643 1938 1735 1992 illo

473 2045 582 2105 Sed
607 2045 821 2100 senibus
849 2042 1084 2097 residere
1110 2039 1228 2093 loco
1258 2055 1270 2091 :
1302 2036 1393 2090 tibi
1418 2034 1648 2089 maxime
1677 2032 1838 2084 fluctu

476 2136 731 2199 Eridane,
754 2143 808 2187 et
829 2132 977 2186 ﬂavis
1009 2132 1058 2184 in
1080 2129 1269 2199 pocula
1301 2125 1466 2179 fracte
1489 2120 1777 2179 Sieambris

476 2224 661 2280 Rhene
693 2235 923 2287 tumens,
951 2219 1290 2290 Scythiaeque
1331 2215 1476 2285 vagis
1502 2214 1735 2283 equitate
1764 2208 1990 2266 catervis

475 2316 630 2382 lsler,
661 2322 715 2369 et
744 2314 979 2384 ignotum
1005 2312 1122 2381 plus
1145 2319 1301 2364 notus
1328 2308 1443 2362 Nile
1475 2323 1568 2377 per
1597 2315 1794 2360 ortum.

474 2406 608 2462 Cum
638 2404 822 2477 procul
857 2412 1035 2460 erecta
1058 2402 1182 2458 ρωὶὶ
1211 2401 1277 2455 de
1302 2408 1450 2469 parte
1476 2399 1721 2453 trahebat

476 2499 662 2569 Pigros
691 2499 857 2553 Roma
879 2497 1092 2568 gradus,
1126 2504 1346 2551 curvato
1375 2508 1570 2549 cernua
1597 2492 1733 2546 collo

476 2590 581 2646 Ora
612 2591 817 2656 ferens;
842 2590 1074 2659 pendent
1094 2589 1270 2642 crines
1295 2587 1360 2641 de
1390 2587 1589 2640 vertice
1619 2584 1743 2639 tecti

478 2682 724 2750 Pulvere,
757 2697 862 2737 non
884 2681 1064 2751 galea;
1092 2680 1417 2751 clypeusque
1444 2677 1752 2746 impingitur
1779 2675 1939 2745 mgris

478 2774 778 2841 Grcssibus,
811 2780 867 2829 et
894 2774 1122 2843 pondus,
1156 2789 1260 2826 non
1284 2780 1456 2826 terror
1475 2772 1640 2827 fertur
1662 2771 1712 2822 in
1743 2769 1913 2822 hasta.

477 2866 653 2939 thue
675 2869 749 2938 pii
778 2867 1003 2938 genibus
1028 2867 1256 2936 primum
1288 2873 1370 2919 cst
1404 2864 1570 2919 affusa
1601 2862 1831 2917 tonantis
1863 2877 1879 2915 :

552 2959 712 3031 332
743 2958 952 3037 Testor,
999 2966 1183 3013 sancte
1210 2971 1422 3028 parens,
1455 2955 1645 3025 inquit,
1679 2964 1751 3021 te,
1779 2966 1976 3008 numen
2005 2960 2062 3007 et

1835 3045 1988 3120 [illud

477 3141 744 3212 Quidquid
766 3141 935 3196 Roma
960 3140 1057 3208 fui,
1089 3156 1296 3195 summo
1325 3140 1454 3195 satis
1484 3140 1673 3195 obruta
1706 3138 1839 3205 fato,

478 3232 698 3289 Invideo
729 3232 953 3303 abiectis
988 3232 1233 3301 :pondus
1260 3247 1364 3286 non
1395 3230 1625 3285 sustinet
1660 3229 1823 3298 ampli

478 3324 740 3379 Culminis
770 3333 915 3378 arcta
942 3323 1150 3389 domus,
1178 3332 1203 3361 α
1235 3337 1333 3377 nec
1363 3322 1559 3378 fulmen
1588 3322 1814 3378 vallibus
1846 3321 2029 3377 instat.

480 3416 638 3484 Quid,
670 3431 820 3486 rogo,
852 3417 933 3471 bis
958 3430 1089 3471 seno
1122 3416 1252 3470 mihi
1281 3416 1491 3469 vulture
1519 3415 1765 3472 Thuscus
1788 3429 2021 3487 arISpex

478 3503 757 3563 Portendit
776 3508 798 3561 ?
818 3506 1023 3576 jaciens
1042 3506 1228 3577 prima:
1257 3520 1351 3561 cur
1372 3508 1569 3562 muenia
1593 3509 1740 3576 genti

480 3598 737 3655 Omnibus
755 3599 864 3671 jam
892 3600 1036 3655 celsa
1065 3599 1161 3669 fui,
1185 3600 1309 3656 dum
1337 3598 1492 3656 collis
1530 3601 1740 3661 Etrusci

552 3776 576 3805 ιι
602 3765 832 3838 Vulgati,
864 3766 1075 3838 ﬂante",
1109 3764 1249 3838 male
1281 3779 1297 3838 ς
1325 3763 1453 3835 quid
1483 3764 1626 3838 enim
1658 3761 1867 3838 flumini
1888 3762 2058 3832 magis

482 3834 892 3907 insitum'quam
916 3844 975 3891 ut
999 3837 1050 3889 in
1076 3836 1243 3891 valles
1270 3835 1554 3907 decurrat?
1585 3836 1653 3907 At
1678 3834 1879 3907 fulmen
1900 3849 2057 3907 mon-

481 3920 563 3966 tes
586 3909 727 3975 ferit,
756 3904 868 3963 non
890 3906 1074 3961 valles.
1101 3906 1305 3963 Seneca
1332 3905 1498 3960 choro
1527 3907 1561 3961 4
1591 3906 1861 3977 Hippolyti
1886 3922 1899 3957 :
1935 3904 2057 3959 Hu-

481 3981 618 4036 mida
641 3978 788 4034 vallis
817 3995 963 4033 raros
984 3978 1177 4047 patitur
1207 3978 1435 4049 fulminis
1462 3977 1611 4031 ictus.

553 4050 580 4091 ιδ
604 4051 677 4104 ita
706 4050 834 4105 olim
862 4046 1216 4114 reStituimus,
1244 4047 1750 4118 ms.uniusvestigia
1777 4046 1967 4115 secuti,
1998 4055 2053 4103 et

480 4122 830 4178 Claudianum
867 4122 919 4174 in
964 4120 1275 4175 Stiliconem
1309 4118 1359 4172 l.
1386 4117 1451 4171 Et
1483 4117 1598 4184 Gir,
1629 4119 1819 4188 inquit,
1851 4120 2054 4172 notissi-

480 4209 593 4247 mus
620 4193 786 4244 amnis
815 4190 1142 4255 jEthiopum,
1174 4189 1328 4260 simili
1358 4190 1597 4243 mentitus
1625 4187 1821 4260 gurgile
1848 4187 2051 4260 Aluum.

481 4263 587 4317 Alii
605 4277 723 4315 cum
749 4260 1187 4329 vulgatisTagum
1212 4258 1424 4329 habent,
1446 4260 1527 4312 cui
1554 4258 1817 4313 nihildum
1844 4258 2057 4313 {Ethio-

481 4333 566 4400 pia
594 4326 896 4402 commune.
922 4328 1015 4382 Gir
1056 4326 1204 4402 vero,
1233 4331 1339 4402 Ijo‘zp
1369 4326 1679 4402 Ptolemaeo,
1704 4330 1883 4397 Libya:
1916 4330 2052 4402 inte-

482 4398 643 4456 rioris
692 4401 1110 4468 A'Sthiopumquc
1152 4398 1366 4451 ﬂuvius.
1416 4398 1543 4453 ltcm
1573 4398 1693 4451 Gira
1720 4400 2050 4466 metropolis,

483 4484 513 4523 a
539 4486 640 4540 qua
668 4470 827 4524 Circei
872 4483 966 4524 seu
994 4468 1184 4523 Girrtci
1233 4468 1410 4537 populi
1455 4468 1746 4523 Claudiano
1782 4469 1837 4522 in
1872 4469 2055 4540 idyllio

396 4532 397 4535 “
483 4532 715 4595 ὁδ’Νἱεο.

604 4641 745 4690 Hunc
761 4642 884 4692 bibit
901 4641 1100 4691 effrenis
1123 4638 1371 4701 Garamas,
1396 4639 1701 4701 domitorque
1719 4639 1933 4690 ferarum
2030 4680 2034 4685 ,

606 4705 838 4765 Girraeus,
865 4706 943 4765 qui
973 4710 1105 4752 vasta
1129 4700 1242 4750 colit
1268 4702 1361 4750 sub
1386 4702 1588 4765 rupibus
1605 4700 1741 4750 antra
1766 4715 1780 4749 :

606 4765 699 4823 Qui
722 4763 1066 4824 ramus—ebeni,
1094 4765 1175 4827 qui
1200 4765 1376 4814 dentes
1401 4763 1536 4814 vellit
1555 4764 1786 4814 eburnos.

484 4892 616 4949 Male
635 4892 773 4945 enim
802 4890 957 4961 vulgo
983 4890 1194 4944 Cirtwus
1221 4906 1237 4943 :
1263 4906 1360 4945 nec
1389 4892 1577 4946 melius
1604 4891 1743 4960 quod
1769 4890 2055 4948 substitue-

484 4966 571 5018 hat
594 4964 816 5030 Scopas,
848 4960 1117 5025 condiens,
1154 4976 1274 5015 cum
1301 4971 1523 5032 utraque
1552 4978 1681 5031 gens
1713 4963 1779 5017 ab
1809 4963 1891 5017 his
1921 4964 2054 5018 locis

483 5033 669 5104 procul
691 5036 851 5088 absit.

554 5116 574 5142 ο
611 5105 733 5157 llmc
772 5113 1023 5159 constans
1044 5110 1283 5156 veterum
1324 5102 1577 5156 librorum
1620 5104 1799 5158 lectio.
1841 5105 1907 5158 Et
1935 5107 2054 5172 qui-

479 5173 599 5226 dem
631 5176 941 5243 Asiagenes,
971 5174 1285 5244 Ἀσιαγενής,
1317 5189 1419 5227 vox
1446 5175 1628 5229 Graeca
1658 5182 1712 5227 ct
1734 5176 1917 5242 proba.
1949 5176 2051 5229 Sed

478 5244 601 5311 quid
644 5260 818 5299 causae
864 5244 1047 5299 habuit
1100 5259 1195 5298 cur
1229 5244 1290 5297 L.
1322 5245 1626 5310 Scipionem
1667 5246 1743 5297 sic
1785 5246 2053 5313 appellare

479 5315 681 5393 mallet,
716 5331 833 5368 cum
868 5329 1053 5393 versus
1094 5314 1265 5393 nihilo
1304 5315 1480 5368 minus
1508 5314 1793 5383 claudicet,
1819 5331 1975 5382 quam
2007 5320 2050 5369 si

477 5384 770 5437 Asiaticum
799 5384 1132 5453 scripsisset?
1161 5385 1424 5439 Antonius
1458 5385 1782 5453 Augustinus
1806 5386 1870 5439 de
1900 5386 2053 5439 fami-

476 5455 561 5509 liis
592 5456 949 5509 Romanorum
990 5456 1040 5507 in
1069 5456 1336 5520 Cornelia,
1374 5472 1436 5509 ex
1486 5457 1691 5509 indiciis
1725 5455 1907 5524 primae
1940 5457 2053 5510 edi-

476 5526 635 5579 tionis
664 5526 986 5592 Sidonianrc,
1021 5527 1071 5578 in
1100 5540 1200 5593 qua
1234 5524 1366 5579 Asia:
1398 5536 1563 5595 gentes
1594 5526 1886 5593 legebatur,
1913 5528 2049 5580 scri-

475 5608 619 5664 ptum
645 5598 871 5665 conjecit
901 5598 1209 5665 Asiagetcs:
1244 5597 1383 5664 quod
1414 5601 1482 5648 ita
1512 5597 1736 5663 primum
1764 5600 1811 5649 in
1842 5598 2049 5652 Grmcia

474 5669 671 5723 dictum
698 5669 973 5723 exisrimet
1004 5668 1061 5721 L.
1107 5666 1443 5734 Scipionem;
1466 5668 1685 5736 ejusque
1715 5670 2047 5737 cognominis

474 5753 685 5798 exstare
715 5745 874 5799 etiam
913 5741 985 5795 ait
1014 5741 1231 5806 vestigia
1271 5741 1319 5790 in
1365 5740 1613 5804 nummis,
1651 5746 1705 5791 et
1734 5740 1785 5791 in
1814 5739 2047 5807 antiquis

471 5816 868 5885 exemplaribus
892 5813 1138 5871 Liviauis.
1167 5809 1296 5867 Mihi
1322 5823 1447 5865 vero
1480 5810 1533 5863 in
1564 5809 1699 5869 Livii
1726 5809 1876 5866 libris
1897 5809 2049 5867 aliud

1726 343 1969 404 SIDUNH
2010 336 2464 402 APOLLINARIS

2076 463 2130 521 Α
2156 453 2520 511 Fundamenta
2544 447 2685 519 jugis
2711 444 2889 517 aperis
2912 441 3068 511 mihi,
3100 439 3327 498 Romule
3346 438 3600 512 pauper?

2085 4510 2139 4570 D

3638 323 3743 384 sse

2156 549 2284 604 Plus
2307 545 2486 616 gladio
2516 557 2707 598 secura
2730 540 2823 607 fui,
2854 554 2975 594 cum
3006 537 3219 593 turbine
3244 535 3430 606 iuncto

2158 643 2242 697 Me
2264 640 2514 704 Rutulus,
2531 637 2746 704 Veiens,
2772 634 3078 705 pariterque
3102 632 3406 695 Auruncus,
3431 636 3486 684 et
3511 627 3740 699 Equus,

2155 735 2413 789 Hernicus
2432 739 2488 786 et
2513 729 2733 785 Volscus
2756 732 3099 797 premerent;
3130 733 3215 778 sat
3235 737 3425 794 magna
3452 721 3677 777 videbar

2156 825 2225 881 Et
2247 825 2361 893 tibi,
2389 824 2513 877 dum
2529 821 2727 889 rumpit
2751 818 2993 874 vitiatum
3023 816 3218 871 femina
3250 816 3393 870 ferro

2158 918 2384 986 Corpus,
2416 925 2471 971 et
2496 914 2560 968 ad
2585 921 2788 967 castum
2813 923 3024 965 remeas
3052 906 3222 978 pudor
3246 912 3397 961 erute
3427 904 3653 969 vulnus;

2157 1009 2272 1063 Jan:
2302 1021 2421 1061 cum
2456 1005 2705 1059 vallatam
2738 1002 2885 1057 s'ocio
2916 1016 3001 1055 me
3030 999 3221 1054 clausit
3244 998 3471 1052 Etrusco

2158 1100 2519 1169 Tarquinius:
2557 1095 2687 1166 proh
2720 1093 2849 1148 Muti
2883 1091 3061 1163 ignes!
3096 1090 3228 1162 proh
3258 1088 3481 1144 Coclitis
3513 1086 3705 1142 undae!

2160 1192 2301 1247 Proh
2332 1191 2515 1246 dolor!
2550 1188 2637 1243 hic
2657 1201 2885 1257 quonam
2905 1193 3009 1251 est,
3034 1183 3123 1254 qui
3146 1181 3245 1238 sub
3260 1196 3377 1237 mea
3398 1182 3518 1251 jura
3540 1179 3743 1249 redegit

2160 1284 2455 1341 Samnitem
2486 1280 2715 1352 gurges?
2737 1278 2916 1334 Volsci
2947 1277 3037 1347 qui
3065 1288 3211 1346 terga
3241 1273 3434 1330 cecidit

2161 1378 2403 1446 Martius,
2436 1385 2489 1430 et
2518 1375 2758 1432 Senones
2790 1371 3021 1426 fundens
3049 1368 3275 1425 dictator
3302 1376 3355 1423 et
3376 1364 3567 1423 exsul?

2162 1469 2392 1526 Fabricii
2417 1467 2577 1522 vitam
2603 1465 2818 1533 vellem,
2849 1472 3049 1517 mortes
3078 1460 3385 1515 Deciorum.

2162 1561 2262 1616 Vel
2291 1561 2369 1615 sic
2399 1559 2720 1621 vincentem,
2750 1554 2835 1611 vel
2865 1553 2942 1610 sic
2968 1552 3169 1617 victos;
3201 1564 3318 1605 mea
3349 1547 3515 1605 redde

2163 1653 2429 1723 Principia
2455 1670 2465 1704 :
2492 1651 2592 1706 heu
2613 1665 2717 1719 quo
2739 1661 2883 1703 nunc
2909 1660 3137 1717 pompae,
3161 1643 3407 1714 ditesque
3426 1637 3710 1711 triumphi,

2163 1746 2232 1800 Et
2262 1760 2463 1816 pauper
2492 1742 2714 1800 consul?
2741 1741 2998 1811 Libycum
3024 1752 3143 1794 mea
3173 1735 3364 1792 terruit
3385 1749 3541 1791 axem

2087 1849 2133 1909 Β
2160 1840 2375 1909 Cuspis,
2402 1837 2634 1893 ctinfido
2667 1835 2815 1906 posui
2842 1833 2969 1903 juga
3010 1832 3165 1887 tertia
3196 1831 3383 1886 Pmno.

2164 1935 2410 1988 Indorum
2440 1932 2668 2000 Ganges,
2698 1927 3019 1983 Colchorum
3051 1924 3259 1990 Phasis,
3284 1925 3495 1978 Araxes

2163 2022 2452 2087 Armenia',
2484 2019 2511 2059 ιι
2546 2018 2639 2074 Gir
2665 2017 3001 2087 Ethiopum,
3031 2016 3331 2084 Tanaisqde
3357 2012 3636 2078 Getarum,

2163 2116 2455 2172 Tribunum
2490 2123 2756 2169 tremuere
2785 2126 2987 2167 meum.
3016 2110 3096 2165 Me
3124 2110 3365 2164 Teutone
3390 2106 3579 2177 juncto

2162 2208 2440 2276 Quondam
2473 2206 2638 2260 fracte
2664 2204 2811 2260 subis
2832 2201 3067 2267 Cimber,
3098 2198 3395 2268 gladiisque
3423 2205 3672 2268 gravatas

2162 2303 2302 2357 Ante
2329 2314 2517 2354 manus
2550 2297 2691 2353 solas
2706 2295 2841 2366 jussi
2868 2305 3080 2365 portare
3106 2300 3343 2347 catenas.

2162 2393 2256 2448 Vae
2286 2392 2415 2447 mihi
2446 2391 2619 2461 qualis
2640 2405 2807 2458 cram,
2839 2404 2960 2443 cum
3007 2401 3102 2456 per
3132 2399 3250 2440 mea
3286 2383 3433 2454 jussa
3470 2382 3723 2453 juberent

2163 2486 2329 2558 Sylla,
2360 2499 2381 2525 ο
2418 2486 2730 2556 Asiagenes,
2757 2483 2968 2548 Curius,
3002 2480 3219 2545 Paulus,
3259 2477 3561 2548 Pompeius,

2163 2586 2324 2657 333
2352 2585 2588 2654 Tigrani,
2615 2580 2901 2647 Antiocho,
2928 2577 3152 2650 Pyrrho,
3188 2576 3387 2640 Persae,
3427 2571 3735 2641 Mithridati,

2162 2678 2377 2745 Pacem,
2409 2692 2591 2748 regna,
2617 2676 2814 2747 fugam,
2846 2672 3092 2743 vectigal,
3124 2670 3321 2735 vincla,
3353 2667 3653 2723 venenum?

2161 2768 2533 2825 Sauromatem
2565 2777 2715 2821 taceo
2742 2781 2804 2820 ac
2826 2763 3121 2829 Moschum,
3145 2761 3439 2830 solitosque
3458 2766 3738 2815 cruentum

2163 2859 2269 2917 Lac
2292 2869 2476 2930 potare
2506 2860 2686 2926 Getas,
2716 2872 2777 2912 ac
2806 2855 2993 2927 pocula
3022 2855 3262 2925 tinguere
3287 2852 3457 2917 venis,

2160 2951 2261 3007 Vel
2292 2966 2414 3006 cum
2439 2949 2717 3020 diffugiunt
2749 2947 3028 3018 fugiendos
3052 2954 3162 3001 tum
3192 2958 3346 3013 mage
3368 2943 3577 2998 Persas.

2160 3044 2272 3100 Nec
2297 3055 2467 3099 terras
2497 3041 2697 3097 dixisse
2719 3050 2801 3096 sat
2826 3046 2939 3095 est:
2972 3037 3291 3109 fulgentibus
3315 3036 3477 3091 armis

2162 3134 2263 3190 Tot
2304 3135 2472 3190 maria
2499 3134 2712 3198 intravi,
2742 3133 2876 3187 duce
2906 3141 2976 3196 te,
3010 3130 3275 3200 longeque
3297 3134 3526 3183 remotas

2088 3225 2135 3290 C
2165 3226 2290 3285 Sole
2310 3227 2407 3283 sub
2428 3226 2649 3283 occiduo
2674 3232 2890 3296 gentes;
2919 3223 3155 3278 victricia
3179 3222 3360 3277 Caesar

2165 3321 2328 3392 Signa
2359 3319 2675 3377 Caledonios
2707 3317 2997 3373 transvexit
3024 3314 3265 3384 adusque
3294 3312 3597 3367 Britannos.

2164 3412 2388 3473 Fuderit
2418 3421 2471 3469 et
2500 3426 2803 3483 quanquam
2838 3410 3079 3480 Scotum,
3109 3405 3136 3446 ἀ
3164 3417 3363 3465 etcum
3406 3405 3619 3462 Saxone
3656 3401 3738 3458 Pi~

3046 3506 3055 3514 '
3482 3496 3669 3570 [.clum.

2166 3601 2361 3659 Hostes
2390 3598 2657 3672 quaesivit,
2680 3612 2836 3669 quem
2860 3595 2970 3668 jam
2994 3604 3182 3651 natura
3210 3591 3425 3649 vetabat

2162 3762 2425 3819 hactenus
2452 3759 2635 3816 videre
2677 3773 2783 3813 non
2816 3756 3042 3827 contigit
3069 3770 3228 3826 quam
3257 3751 3556 3827 Asiaticus;
3587 3765 3745 3806 num-

2160 3849 2370 3889 morum
2398 3848 2526 3887 vero
2549 3832 2648 3885 hac
2674 3830 2726 3884 in
2755 3844 2813 3883 re
2844 3824 3110 3883 levissima
3139 3840 3352 3894 semper
3373 3824 3486 3878 visa
3513 3830 3597 3876 est
3614 3837 3745 3877 con-

2153 3905 2382 3977 jectura.
2415 3903 2567 3977 Unde
2595 3899 3054 3977 enimin_n_ummo
3076 3896 3394 3977 Romanoct
3419 3894 3745 3977 Graec-umet

2158 3962 2398 4032 insolens
2423 3971 2773 4029 vocabulum?
2800 3969 2995 4025 deinde
3028 3983 3147 4023 cum
3180 3968 3232 4021 in
3277 3966 3382 4035 his,
3427 3963 3619 4019 Fulvio
3647 3962 3745 4018 υτ.

2162 4049 2282 4103 sino
2308 4054 2465 4110 teste,
2499 4056 2590 4099 aut
2633 4043 2693 4097 L.
2726 4040 2894 4096 SCIP.
2942 4040 3119 4095 ASlA.
3151 4038 3505 4110 Gaexcusum
3534 4036 3625 4099 sit,
3651 4043 3744 4110 aut

2165 4117 2283 4174 sine
2308 4105 3007 4186 interpunctionedASlAG.,
3038 4110 3189 4186 prius
3214 4106 3340 4186 illud
3376 4105 3443 4161 ad
3469 4121 3584 4186 rem
3612 4105 3744 4186 nihil

2163 4190 2313 4255 facit,
2345 4177 2611 4258 posicrius
2637 4182 2767 4239 nihil
2789 4182 2978 4258 habet,
3002 4177 3143 4236 unde
3165 4177 3651 4258 Asiagetespotius
3667 4178 3745 4231 le-
3822 4233 3829 4239 ,

2163 4275 2258 4329 gas
2278 4247 2766 4329 quam-Asiagenes.
2789 4252 2968 4329 Potuit
2989 4265 3192 4329 tamen,
3217 4259 3279 4329 ut
3298 4250 3412 4329 viro
3432 4247 3745 4329 doctissimo

2166 4319 2339 4383 visum
2362 4338 2464 4393 est,
2496 4343 2526 4380 a
2555 4319 2776 4381 Sidonio
2805 4325 2963 4379 scribi
2989 4324 3089 4377 hoc
3116 4322 3236 4375 loco
3254 4320 3550 4393 Asiagetes,
3576 4319 3746 4393 potuit

2166 4409 2221 4454 ct
2253 4390 2598 4467 Asiagenetes
2626 4413 2640 4449 :
2673 4394 2814 4465 quod
2844 4409 2905 4450 ea
2938 4392 3229 4467 forma_pro
3260 4390 3551 4467 Asiagenes
3567 4391 3744 4467 129

2165 4460 2456 4531 diceretur,
2484 4482 2589 4536 quo
2634 4460 2933 4535 Eugenetes
2974 4479 3069 4532 pro
3113 4463 3345 4536 Eugenc,
3382 4460 3522 4536 apud
3566 4460 3746 4536 Enno-

2164 4539 2310 4595 diutn
2358 4548 2411 4593 et
2437 4530 2779 4603 senatorem;
2830 4547 2883 4590 et
2927 4530 3261 4608 estcomm
3306 4547 3403 4603 pro
3446 4530 3743 4607 Ἐρισθενής,

2165 4610 2305 4681 apud
2334 4607 2750 4681 Apollinarium.

2234 4678 2263 4717 ά
2300 4670 2572 4734 Manifesta
2614 4676 2877 4748 prolepsis
2922 4678 3024 4732 hoc
3052 4677 3205 4748 loco.
3225 4674 3316 4731 Sic
3341 4670 3745 4748 enim‘loquitur

2162 4752 2312 4821 quasi
2352 4744 2793 4821 Picti,_Sa'xones
2819 4759 2887 4821 _et
2929 4748 3097 4821 Scoti,
3124 4744 3597 4821 Britanniam__jarn
3635 4751 3743 4821 tum

2162 4814 2724 4889 incolerent,fusique
2750 4836 2779 4873 a
2810 4818 3021 4874 Cmsare
3061 4819 3258 4889 forent,
3290 4831 3409 4889 cum
3454 4814 3745 4889 Britannia:

2160 4894 2359 4949 bellum
2380 4884 2573 4946 intulit.
2599 4884 2667 4946 At
2688 4901 2891 4946 certum
2913 4898 2998 4945 est
3019 4888 3289 4943 Britannis
3311 4887 3511 4941 vicinas
3529 4884 3746 4953 quidem

2161 4964 2259 5019 has
2285 4973 2473 5033 gentes
2497 4972 2608 5018 tum
2633 4962 2815 5026 fuisse,
2841 4963 2932 5015 sed
2964 4961 3067 5033 illi_s
3096 4972 3310 5033 semper
3330 4955 3746 5033 infestas.Qun_d

2107 5089 2109 5098 ,
2160 5025 2392 5090 innuEns
2418 5044 2571 5089 vetus
2611 5033 2977 5104 panegyristcs
3012 5025 3328 5104 Constantii,
3365 5028 3645 5104 Hritannos
3674 5025 3747 5104 ait

2160 5115 2285 5161 ante
2316 5107 2543 5161 Caesaris
2569 5096 2875 5168 adventum,
2914 5102 3075 5156 Pictis
3115 5100 3275 5152 modo
3306 5107 3359 5152 et
3389 5096 3746 5168 Hibernis,_id

2160 5187 2244 5231 est
2282 5178 2456 5231 Scotis
2504 5175 2744 5229 hostibus
2772 5166 3034 5228 assuetos.
3092 5169 3401 5225 Hiberniam
3441 5169 3585 5223 enim
3616 5166 3747 5219 olim

2160 5246 2472 5301 habitabant
2502 5246 2669 5312 Scoti,
2699 5254 2755 5298 ut
2790 5242 2922 5297 Picti
2948 5241 3180 5305 Thulen,
3212 5240 3455 5312 Saxones
3483 5236 3745 5312 Orcadas.

2160 5317 2314 5373 Unde
2340 5317 2429 5373 illa
2460 5308 2735 5371 Claudiani
2759 5313 2825 5367 de
2855 5322 3046 5382 quarto
3071 5311 3353 5368 consulatu
3379 5308 3635 5365 Honorii:

2617 5434 2909 5483 Maduerunt
2931 5434 3125 5485 Saxone
3145 5435 3250 5484 fuso

2283 5499 2519 5556 Oreades,
2540 5496 2737 5545 incaluit
2760 5497 3006 5546 Pictorum
3029 5498 3268 5558 sanguine
3291 5492 3453 5544 Thule
3478 5505 3493 5543 :

2281 5562 2532 5608 Scotorum
2554 5557 2768 5607 cumulos
2796 5560 2932 5610 flevit
2955 5560 3171 5620 glacialis
3195 5558 3438 5607 Hiberae.

2156 5666 2291 5724 Sero
2318 5664 2550 5732 tandem,
2577 5680 2673 5719 nec
2703 5680 2808 5719 uno
2840 5673 3104 5734 tempore,
3133 5666 3289 5720 sedes
3316 5666 3367 5719 in
3410 5660 3744 5717 Britanniam

2154 5738 2564 5809 transtulerunt,
2590 5737 2818 5808 primum
2849 5738 3001 5805 Picti,
3036 5746 3147 5797 tum
3174 5736 3436 5809 Saxones,
3469 5742 3751 5807 postremo

2136 5808 2321 5898 _Scoti.
