4072 6348
352 302 450 358 681

349 415 603 484 Quaerere
631 415 750 485 plus
781 417 1054 484 homines;
1090 420 1218 474 vidit
1247 416 1297 475 te
1318 418 1566 489 frangere
1592 421 1816 488 Leucas,

346 506 491 565 Trux
518 509 778 580 Auguste,
803 511 1047 578 Pharon;
1075 513 1200 567 dum
1231 513 1487 569 classicus
1513 514 1659 569 Actia
1682 516 1836 572 miles

345 599 546 671 Stagna
565 601 760 669 quatit,
789 603 1130 674 profugisque
1155 602 1318 658 bibax
1348 605 1610 661 Antonius
1629 609 1792 662 armis

345 694 614 751 Incestam
644 704 835 750 vacuat
865 697 1038 765 patrio
1066 697 1410 754 Ptolemaeida
1441 714 1625 768 regno.

345 784 589 857 Cumque
620 788 769 856 prius
790 803 1045 856 quererer
1069 789 1257 844 stricto
1283 790 1348 845 de
1376 791 1594 846 cardine
1622 793 1823 860 mundi,

343 878 475 935 Sum
509 878 666 934 limes
698 894 839 935 nunc
868 879 980 949 ipsa
1007 881 1156 936 mihi.
1187 881 1312 936 Plus
1343 898 1551 938 summe
1577 884 1822 951 deorum,

344 972 478 1027 Sum
499 972 646 1041 justo
678 971 771 1028 tibi
798 973 911 1028 visa
940 984 1150 1042 potens,
1179 974 1322 1044 quod
1354 976 1631 1030 Parthicus
1662 977 1802 1032 ultro

342 1073 367 1102 ⁸
405 1065 658 1120 Restituit
683 1080 802 1120 mea
824 1066 972 1136 signa
1003 1081 1186 1136 pavor,
1221 1071 1495 1137 positaque
1518 1069 1649 1123 tiara

343 1155 560 1212 Funera
590 1157 904 1214 Crassorum
929 1157 1092 1224 ﬂevit,
1121 1160 1244 1215 dum
1275 1171 1481 1231 purgat,
1515 1171 1568 1216 et
1589 1162 1711 1218 hinc
1729 1163 1856 1231 jam,

343 1248 489 1304 Proh
515 1249 706 1305 dolor!
727 1264 953 1306 excusso
975 1252 1152 1320 populi
1172 1251 1292 1321 jure
1320 1261 1480 1322 atque
1511 1264 1754 1317 senatus,

339 1340 494 1407 Quod
528 1341 700 1406 timui,
745 1341 944 1397 incurri
977 1359 990 1396 :
1021 1358 1140 1398 sum
1174 1353 1280 1397 tota
1306 1345 1357 1399 in
1397 1346 1658 1414 principe,
1695 1354 1800 1401 tota

331 1433 630 1501 Principis,
663 1442 717 1488 et
746 1435 817 1488 fto
839 1434 1074 1489 lacerum
1105 1438 1173 1490 de
1197 1434 1411 1490 Caesare
1441 1453 1686 1507 regnum,

337 1524 468 1592 Qua:
497 1524 764 1594 quondam
792 1527 974 1595 regina
999 1526 1090 1581 fui.
1117 1526 1455 1598 Capreasque
1477 1529 1680 1593 Tiberi,

339 1619 410 1672 Et
433 1618 634 1687 caligas
654 1618 788 1683 Caii,
814 1618 1000 1674 Claudi
1023 1635 1249 1675 censura
1271 1634 1448 1676 secuta
1476 1631 1575 1687 est,

340 1709 409 1764 Et
439 1710 518 1764 vir
548 1717 720 1765 morte
749 1710 890 1766 Nero
920 1713 1075 1766 tristi.
1114 1711 1306 1767 Pisone
1330 1713 1619 1768 verendum

338 1801 562 1856 Galbam
587 1802 785 1857 sternis
810 1801 972 1868 Otho,
1005 1804 1225 1870 speculo
1257 1805 1346 1872 qui
1389 1803 1608 1872 pulcher
1636 1804 1819 1859 haberi

339 1894 476 1949 Dum
506 1906 712 1964 captas,
743 1911 843 1968 ego
872 1898 1042 1966 turpis
1069 1912 1214 1952 eram
1243 1916 1254 1951 :
1287 1898 1418 1952 mihi
1453 1897 1593 1952 foeda
1620 1897 1798 1952 Vitelli

338 1988 523 2043 Intulit
551 1989 811 2058 ingluvies
835 2000 1100 2055 ventrem,
1136 1992 1225 2060 qui
1251 2002 1488 2060 tempore
1517 2007 1681 2061 parvo

340 2079 591 2148 Regnans
609 2095 733 2135 sero
761 2081 926 2150 perit;
955 2082 1149 2136 lassam
1183 2096 1300 2151 post
1332 2084 1563 2154 inclytus
1583 2083 1748 2137 armis

337 2171 501 2242 334
531 2171 889 2242 Vespasianus
912 2173 1093 2229 habet.
1118 2174 1269 2228 Titus
1298 2175 1452 2228 hinc:
1479 2188 1596 2246 post
1628 2177 1766 2229 hunc
1795 2190 1927 2244 quo-

1513 2267 1637 2337 [que
1667 2267 1850 2320 frater.

336 2351 465 2408 Post
489 2368 646 2423 quem
683 2355 1000 2438 tranquillus
1022 2355 1106 2410 vix
1131 2373 1217 2411 me
1243 2356 1372 2411 mihi
1403 2357 1624 2412 reddere
1648 2357 1819 2411 Nerva

337 2445 534 2526 Cepit,
561 2437 1013 2518 adoptivo‘facws
1033 2447 1100 2502 de
1130 2450 1340 2504 Caesare
1359 2449 1546 2518 major.

336 2538 525 2610 Ulpius
554 2540 682 2596 inde
704 2541 867 2604 venit,
897 2557 1002 2610 quo
1029 2541 1313 2596 formidata
1344 2543 1632 2596 Sicambris

334 2629 628 2700 Agrippina
659 2630 778 2698 fuit,
807 2630 985 2696 fortis,
1008 2633 1149 2702 pius,
1181 2633 1406 2702 integer,
1434 2648 1575 2687 acer.

331 2719 521 2777 Talem
544 2731 698 2792 capta
728 2737 936 2792 precor.
973 2721 1259 2791 'l‘rajanum
1291 2723 1473 2777 nescio
1502 2723 1546 2776 si
1578 2724 1696 2791 quis

332 2811 671 2884 Equiparet,
704 2813 756 2867 ni
784 2813 893 2868 fors
917 2813 1112 2868 iterum
1147 2823 1224 2879 tu,
1251 2812 1445 2878 Gallia,
1481 2813 1681 2879 mittas,

331 2907 436 2974 Qui
465 2907 663 2964 vincat.
691 2908 965 2979 Lacrymae
996 2923 1181 2963 vocem
1213 2907 1460 2962 clausere
1486 2907 1777 2976 precantis,

335 3000 400 3055 Et
425 3001 678 3071 quidquid
711 3011 960 3072 superest
991 3002 1164 3055 luctus
1195 3014 1366 3070 rogat.
1403 3001 1649 3068 Undique
1678 3000 1798 3054 cmli

331 3093 632 3164 Assurgunt
671 3109 944 3164 proceres,
989 3093 1150 3156 Mars,
1189 3092 1402 3164 Cypris,
1437 3092 1716 3156 Romulus,
1746 3098 1801 3145 et
1829 3090 1918 3160 qui

330 3189 598 3240 Auctores
621 3185 712 3239 tibi
744 3185 912 3240 Roma
939 3184 1054 3239 dei:
1083 3183 1193 3253 jam
1229 3184 1409 3238 mitior
1439 3183 1553 3250 ipsa

333 3278 614 3344 Flectitur,
645 3287 799 3348 atque
827 3277 934 3332 iras
964 3286 1173 3332 veteres
1201 3276 1452 3332 Saturnia
1480 3275 1666 3330 donat.

333 3370 360 3411 δ
388 3372 641 3442 Iuppiter
669 3372 768 3426 ista
799 3371 1002 3427 refert:
1036 3370 1225 3425 Fatum
1255 3384 1360 3440 quo
1390 3379 1575 3424 cuncta
1605 3375 1877 3438 reguntur,

330 3463 559 3533 Quoque
589 3479 709 3535 ego,
743 3479 850 3519 non
873 3462 1024 3518 licuit
1046 3462 1253 3532 frangi;
1279 3471 1362 3516 sat
1382 3460 1523 3516 celsa
1551 3459 1796 3514 laborant

329 3555 574 3626 Semper,
599 3564 654 3610 et
675 3555 843 3610 elatas
871 3563 1058 3609 nostro
1088 3554 1157 3608 de
1186 3568 1408 3608 munere
1432 3553 1574 3607 vires

333 3657 356 3686 ο
384 3647 580 3702 Invidit
602 3647 816 3702 fortuna
843 3646 980 3711 sibi;
1011 3646 1106 3701 sed
1138 3645 1362 3716 concipe
1393 3658 1614 3715 magnos

327 3738 641 3809 Quanquam
671 3737 836 3793 fracta
863 3737 1090 3792 animos.
1117 3738 1171 3790 Si
1216 3745 1266 3790 te
1298 3736 1567 3791 Porsenna
1599 3735 1776 3790 soluto

329 3828 455 3887 Plus
487 3829 743 3885 timuitde
773 3837 933 3899 ponte
959 3836 1214 3893 tremens,
1243 3828 1289 3882 si
1325 3827 1519 3883 mantia
1551 3836 1704 3896 capta

328 3921 448 3978 Ilox
473 3922 669 3977 Brenni
702 3921 886 3977 videre
914 3921 1123 3992 fugam;
1154 3922 1197 3975 si
1223 3921 1452 3992 denique
1481 3921 1652 3975 dirum

329 4014 674 4083 Annibalem,
703 4012 889 4084 juncto
918 4023 1076 4069 terra:
1103 4013 1332 4083 cmlique
1363 4012 1616 4079 tumultu,

335 4105 705 4176 Reppullmus,
730 4122 853 4162 cum
882 4115 1052 4162 castra
1084 4107 1188 4162 tuis
1210 4106 1318 4178 jam
1342 4105 1589 4176 proxima
1621 4103 1787 4159 muris

332 4199 571 4267 Starent,
600 4199 807 4256 Collina
823 4199 1032 4257 *fulmen
1060 4216 1156 4271 pro
1186 4210 1332 4257 turre
1360 4200 1616 4266 cucurrit,

329 4295 504 4364 Atque
533 4293 642 4349 illic
671 4295 865 4350 iterum
889 4293 1067 4350 timuit
1092 4304 1277 4350 natura
1313 4303 1594 4364 paventem

330 4387 457 4446 Post
484 4386 769 4458 Phlegram
800 4402 1035 4459 pugnare
1064 4388 1286 4453 Jovem;
1314 4388 1582 4457 torpentia
1613 4386 1738 4441 tolle

1778 274 2109 368 CARMINA.
3503 321 3573 382 σι,

1955 429 2008 488 Α
2034 423 2282 492 Lumina,
2315 410 2581 482 detersam
2604 433 2838 484 mentem
2867 427 3038 498 caligo
3068 431 3352 502 relinquat.

2035 517 2111 571 Te
2142 517 2334 572 mirum
2364 527 2446 574 est
2474 519 2647 574 vinei:
2679 521 2901 590 incipies
2927 536 3047 578 cum
3077 522 3311 590 vincere,
3341 526 3537 585 mirum

2036 607 2148 664 Non
2177 611 2299 674 erit,
2322 620 2487 680 utque
2512 612 2602 667 tibi
2624 623 2798 682 pateat
2826 629 2931 683 quo
2953 629 3173 685 surgere
3194 617 3412 675 tandem

2038 700 2196 753 Fessa
2231 702 2608 771 modo'possis,
2646 704 2828 772 paucis
2847 718 3132 775 cognosce,
3161 707 3387 764 docebo.

2107 791 2130 829 ἀ
2165 796 2254 847 Est
2282 795 2430 862 mihi,
2460 811 2575 865 quae
2606 795 2758 851 Latio
2778 813 2837 852 se
2863 800 3122 868 sanguine
3154 801 3290 856 tollit
3313 802 3606 874 alumnam,

2036 883 2216 938 Tellus
2237 887 2377 940 clara
2405 887 2554 950 viris,
2587 887 2670 942 cui
2702 903 2806 942 non
2837 889 2984 944 dedit
3010 893 3206 959 optima
3237 893 3501 962 quondam

2033 975 2192 1046 335
2225 978 2419 1032 Rerum
2445 978 2621 1048 opifex
2648 989 2836 1035 natura
2864 996 3076 1050 parem;
3109 984 3366 1042 fecundus
3392 987 3460 1041 ab
3481 988 3613 1044 urbe

2037 1065 2198 1120 Pelle:
2234 1082 2377 1136 ager,
2415 1069 2584 1135 primo
2613 1070 2701 1138 qui
2727 1071 2809 1124 vix
2840 1072 3136 1140 proscissus
3159 1087 3356 1141 aratro,

2037 1157 2252 1212 Semina
2278 1158 2425 1212 tarda
2453 1158 2580 1224 sitit,
2615 1161 2695 1215 vel
2727 1161 3029 1218 luxuriante
3045 1165 3274 1233 juveneo

2037 1249 2241 1303 Arcana
2273 1251 2495 1319 exponit
2526 1252 2728 1320 piceam
2751 1253 3072 1324 pinguedine
3094 1258 3327 1327 glebam.

2035 1345 2344 1398 Assurrexit
2370 1344 2510 1408 huic,
2544 1348 2689 1399 coxit
2710 1347 2852 1415 quod
2885 1349 3118 1403 torridus
3145 1350 3359 1418 Auster,

2035 1433 2291 1486 Niliacum
2320 1434 2686 1504 Libycumque
2711 1437 2920 1502 solum;
2951 1439 3248 1510 collataque
3275 1456 3487 1512 semper

2034 1523 2194 1577 Arida
2224 1524 2519 1594 Mygdonia:
2537 1526 2858 1582 damnarunt
2879 1528 3109 1599 Gargara
3141 1529 3322 1586 falces.

2033 1614 2238 1681 Apulus
2266 1624 2319 1668 ct
2348 1615 2573 1671 Calaber
2598 1620 2760 1673 cessit
2784 1635 2798 1672 :
2831 1633 2956 1688 spes
2989 1621 3142 1675 unica
3170 1637 3369 1690 rerum,

2036 1705 2204 1770 Hanc,
2231 1709 2491 1773 Arverne,
2515 1709 2719 1776 colens,
2754 1711 2882 1767 nulli
2905 1712 3038 1780 pede
3065 1715 3210 1770 cedit
3230 1717 3283 1770 in
3311 1716 3504 1784 armis,

1958 1798 2004 1859 Β
2033 1796 2259 1862 Quosvis
2282 1799 2448 1855 vincis
2475 1815 2614 1869 equo
2643 1820 2652 1852 :
2687 1803 2837 1858 testis
2861 1803 2990 1858 mihi
3017 1805 3244 1862 Caesaris
3263 1815 3383 1862 esto

2033 1890 2130 1944 llic
2160 1892 2380 1946 nimium
2406 1893 2638 1949 Fortuna
2670 1911 2890 1964 pavens,
2923 1913 3042 1952 cum
3066 1900 3201 1954 colle
3225 1901 3472 1970 repulsus

2032 1982 2327 2053 Gergoviae,
2362 1987 2553 2042 castris
2575 1989 2725 2043 miles
2753 1991 2839 2044 vix
2871 1992 3064 2046 restitit
3095 1993 3243 2061 ipsis.

2031 2074 2139 2129 llos
2168 2091 2266 2144 ego
2292 2086 2396 2130 tam
2432 2078 2594 2133 fortes
2627 2080 2792 2145 volui,
2820 2082 2916 2136 sed
2945 2083 3136 2138 cedere
3157 2085 3371 2139 Avitum

2033 2167 2163 2218 Dum
2197 2167 2291 2220 tibi
2324 2167 2491 2222 Roma
2519 2185 2676 2239 paro;
2703 2173 2887 2226 rutilat
2911 2174 2994 2226 cui
3018 2177 3247 2229 maxima
3269 2175 3469 2230 dudum

2028 2257 2321 2313 Stemmata
2348 2261 2686 2330 complexum
2711 2279 2958 2333 germen;
2994 2267 3224 2335 palmata
3248 2269 3482 2323 cucurrit

2028 2349 2130 2404 Per
2162 2367 2414 2420 proavos,
2436 2355 2714 2423 gentisque
2751 2371 2885 2421 suae,
2910 2361 3146 2424 te'teste,
3189 2359 3444 2430 Philagri,

2030 2441 2286 2496 Patricius
2318 2446 2622 2513 resplendet
2648 2463 2806 2516 apex.
2838 2450 2943 2504 Sed
2973 2452 3145 2518 portio
3163 2462 3359 2522 quanta
3384 2464 3468 2508 est

2030 2532 2151 2587 llaec
2184 2535 2399 2591 laudum
2432 2537 2648 2594 laudare
2675 2542 2895 2608 patres?
2916 2556 3049 2610 quos
3072 2543 3271 2612 quippe
3295 2545 3506 2608 curules

2031 2627 2093 2679 Et
2127 2629 2468 2694 praefecturas
2488 2642 2699 2686 constat
2723 2633 2918 2688 debere
2946 2637 3144 2704 nepoti.

2028 2718 2165 2770 Sunt
2192 2719 2333 2784 aliis,
2362 2734 2455 2788 per
2477 2735 2608 2789 quos
2635 2737 2694 2776 se
2720 2723 3004 2793 posthuma
3035 2726 3203 2794 jac'tet
3227 2727 3397 2797 origo,

2028 2810 2093 2862 Et
2122 2809 2354 2876 priscum
2391 2812 2555 2867 titulis
2581 2824 2833 2870 numeret
2867 2825 2889 2853 ο
2919 2831 3088 2884 genus
3113 2818 3267 2884 alter,
3292 2818 3463 2883 Avite,

2026 2899 2284 2955 Nobilitas
2309 2912 2363 2957 tu
2393 2904 2542 2957 solus
2569 2919 2718 2959 avos.
2753 2905 2904 2959 Libet
2934 2906 3096 2961 edere
3123 2909 3254 2962 tanti

2027 2992 2187 3048 Gesta
2219 2995 2338 3060 viri,
2361 3004 2415 3050 et
2445 2995 2669 3064 primam
2697 2999 2876 3066 paucis
2909 3013 3222 3067 percurrere
3253 3003 3435 3058 vitam.

2099 3085 2343 3139 Solverat
2373 3087 2426 3140 in
2460 3097 2668 3156 partum
2698 3103 2956 3156 generosa
2987 3097 3248 3160 puerpera
3272 3093 3408 3148 casti

1947 3167 1994 3230 C
2028 3176 2242 3233 Ventris
2273 3193 2444 3234 onus:
2479 3179 2759 3234 manifesta
2787 3180 2938 3235 dedit
2970 3197 3092 3238 mox
3124 3185 3272 3252 signa
3305 3184 3471 3239 futuri

2028 3269 2309 3339 Principis,
2342 3284 2402 3324 ac
2429 3279 2592 3324 totam
2625 3273 2796 3325 fausto
2824 3272 3013 3341 trepidi
3039 3274 3200 3342 patris
3221 3275 3394 3330 aulam

2026 3360 2245 3430 Implevi
2279 3366 2533 3431 augurio;
2568 3362 2693 3416 licet
2725 3362 2863 3416 idem
2897 3365 3117 3432 grandia
3149 3367 3258 3419 nati

2025 3452 2279 3522 Culparet
2310 3453 2437 3517 fata,
2465 3461 2519 3507 et
2550 3455 2696 3520 pueri
2721 3452 2829 3521 ja'm
2862 3470 3024 3522 regna
3059 3455 3283 3511 videret.

2029 3545 2132 3601 Sed
2164 3547 2264 3600 sibi
2297 3543 2645 3600 commissum
2675 3556 2824 3600 tanto
2847 3547 2946 3601 sub
2977 3550 3196 3619 pignore
3222 3564 3450 3606 cernens

2025 3638 2204 3692 Mundi
2233 3638 2556 3705 depositum,
2584 3653 2650 3710 ne
2673 3637 2799 3706 quid
2832 3637 2924 3691 tibi
2953 3638 3119 3692 Roma
3146 3643 3361 3708 periret,

2024 3729 2187 3799 336
2213 3729 2355 3782 Juvit
2378 3730 2645 3782 fortunam
2676 3728 2856 3782 studio
2882 3747 2893 3779 :
2922 3731 3170 3806 lactentia
3204 3733 3432 3801 primum

2027 3820 2258 3874 Membra
2289 3820 2437 3874 dedit
2472 3819 2706 3884 nivibus,
2731 3819 3063 3889 glaciemque
3102 3821 3119 3856 ί
3148 3823 3388 3891 irrepere
3415 3824 3607 3893 plantis

2002 3915 2208 3977 .Jussit,
2237 3924 2288 3966 et
2313 3914 2520 3967 attritas
2546 3927 2766 3980 parvum
2797 3911 2972 3966 ridere
3004 3913 3242 3980 pruinas.

2027 4007 2314 4075 Surgentes
2337 4005 2460 4058 anni
2492 4005 2652 4058 Musis
2684 4003 3000 4069 formantur,
3029 4013 3082 4058 et
3111 4004 3204 4059 illo

2025 4102 2140 4168 Quo
2170 4100 2430 4154 Cicerone
2461 4107 2614 4153 tonas
2642 4114 2655 4151 :
2684 4095 2870 4152 didicit
2897 4112 3109 4167 quoque
3137 4099 3270 4153 facta
3300 4109 3498 4156 tuoruv-

2027 4201 2164 4251 Ante
2193 4198 2387 4254 ducum
2411 4212 2424 4259 ;
2452 4193 2636 4248 didicit
2659 4207 2883 4262 pugnas,
2918 4191 3158 4260 libroque
3189 4193 3376 4264 relegit

2027 4292 2153 4356 Qun:
2178 4299 2392 4358 gereret
2421 4302 2643 4356 campo;
2671 4285 2875 4355 primus
2898 4286 2986 4339 vix
3024 4294 3264 4355 coeperat
3293 4302 3414 4342 esse

2028 4383 2103 4437 Ex
2137 4383 2336 4436 infante
2361 4397 2513 4452 puer,
2549 4380 2788 4434 rabidam
2820 4395 2937 4433 cum
2969 4377 3106 4434 forte
3132 4379 3368 4434 cruentis

403 4563 432 4592 ι
457 4552 703 4621 Quidam,
743 4565 804 4610 ut
839 4565 964 4610 ante
1008 4555 1211 4620 monui,
1249 4554 1443 4623 Sapor,
1487 4564 1541 4606 ut
1585 4567 1682 4622 pro
1731 4551 1919 4623 quovis
1947 4551 2002 4612 D
2027 4549 2243 4623 net-ibus
2276 4547 2516 4623 infestam
2540 4560 2658 4623 esse
2684 4544 3026 4623 ait._lnv_idi:c
3047 4560 3175 4623 ergo
3203 4550 3449 4623 imputat,
3470 4555 3612 4618 quod

333 4624 652 4697 Parthorum
697 4641 825 4697 rege
862 4634 1110 4696 ponatur.
1157 4621 1594 4697 Restituitenim
1624 4621 1912 4697 Phraates.

332 4696 542 4752 Morem
570 4710 694 4751 vero
721 4695 982 4766 ponenda:
1014 4697 1164 4751 tiara:
1190 4695 1242 4748 in
1284 4695 1523 4764 supplice
1553 4695 1699 4748 cultu
1733 4709 1916 4766 regunt

333 4767 652 4822 tiaratorum
708 4765 980 4834 expressit
1024 4766 1202 4831 etiam]
1228 4766 1419 4821 Cicero
1466 4780 1562 4834 pro
1604 4765 1819 4826 Sextio,
1867 4775 1919 4816 et

259 4883 275 4910 τ
331 4837 652 4910 Plutarchus
679 4837 732 4893 in
761 4837 1014 4908 Pompeio
1042 4837 1109 4891 de
1134 4836 1364 4905 Tigrane
1391 4840 1516 4910 :xai
1537 4835 1676 4897 τέλος
1701 4840 1767 4896 ὡς
1790 4835 1917 4910 πρὸς

263 4906 279 4980 ξ
331 4910 484 4966 αὐτὸν
505 4905 616 4982 ἦλθε
645 4905 918 4982 Πομπήϊον)
942 4910 1239 4982 ἀφελόμενος
1263 4913 1351 4967 τήν
1375 4905 1567 4982 κίδαριν
1588 4910 1794 4982 ὥρμησε
1819 4905 1920 4980 arpi;

261 4979 277 5034 ζ
331 4987 433 5037 τῶν
458 4979 625 5036 ποδῶν
651 4979 827 5038 θεῖναι.

406 5049 432 5088 δ
458 5049 746 5122 Reliquum
796 5066 983 5122 poema
1017 5051 1070 5106 in
1103 5050 1249 5106 Iovis
1285 5049 1530 5122 oratione
1557 5047 1919 5122 consumitur,

266 5158 280 5188 ι
331 5135 437 5201 qua
467 5119 676 5201 Jupiter
696 5119 811 5192 ipse
838 5123 1101 5201 designati
1131 5137 1159 5176 a
1189 5137 1247 5176 se
1280 5120 1532 5201 principis
1561 5119 1746 5201 laudes
1769 5134 1921 5172 exse-

332 5192 810 5264 quiturtejusque
853 5196 1101 5264 patriam,
1139 5208 1327 5263 genus,
1363 5192 1791 5264 institutionem,
1832 5205 1919 5264 res

269 5310 282 5318 .
332 5259 468 5334 pace
488 5259 743 5334 belloque
771 5259 972 5334 gestas,
1010 5259 1219 5334 imperii
1251 5263 1481 5334 denique
1509 5277 1539 5316 a
1569 5261 1736 5318 Gallis
1762 5259 1920 5316 delati

275 5391 283 5400 ,
333 5334 599 5391 solemnia
629 5334 904 5390 describit.

408 5415 432 5444 ο
465 5405 582 5476 Alii,
601 5417 821 5472 natura,
864 5406 958 5462 sed
1008 5405 1136 5461 illud
1167 5406 1363 5462 rectius
1400 5412 1549 5476 puto.
1582 5403 1814 5474 Elegans
1838 5402 1923 5476 _di-

333 5483 502 5548 ctum.
535 5475 844 5548 magnarum
872 5492 1031 5546 opum
1063 5478 1274 5533 eversio
1300 5473 1491 5531 alienas
1520 5473 1922 5548 vulgo’invidite

334 5547 494 5602 tribui
525 5547 686 5602 solet.
710 5547 1067 5617 Apollodorus
1089 5549 1354 5603 comicus:

440 5631 580 5703 Πρὸ-ς.
609 5631 790 5703 ﬁeri
823 5629 1052 5703 λαμπρὲν
1082 5627 1304 5703 eam
1333 5629 1584 5703 βιάζεταιν

441 5649 574 5703 ιιρος
609 5651 676 5702 γα
733 5652 790 5684 το
825 5649 1052 5702 Λαμπριν
1082 5651 1106 5681 ο
1135 5649 1304 5700 primo;
1333 5649 1560 5698 ριαςεται

441 5700 646 5774 Σφὰλλει
674 5649 950 5760 ς’ἐκείνους
979 5697 1063 5760 οὓς
1089 5696 1147 5754 ἂν
1169 5698 1368 5768 ὑψώσει
1395 5701 1560 5768 τύχη.

334 5775 591 5836 Sidonius
620 5779 886 5834 fortunam
931 5779 1097 5846 ipsam
1130 5777 1228 5831 sibi
1271 5777 1528 5848 invidere,
1563 5778 1777 5847 suisque
1804 5791 1919 5830 tnu-

622 5873 892 5932 PATROL.
940 5869 1135 5931 LVIII

2031 4621 2089 4672 P.
2114 4622 2282 4688 Syrus
2306 4619 2537 4672 levitati:
2577 4617 2745 4682 Levis,
2772 4616 2974 4684 inquit,
3009 4626 3082 4668 est
3110 4616 3315 4688 fortuna
3346 4632 3363 4670 :
3396 4616 3504 4672 cito'
3532 4635 3614 4675 re-

2027 4693 2186 4760 poscit
2206 4691 2343 4759 quod
2366 4691 2522 4741 dedit.

2099 4778 2122 4816 ά
2157 4779 2297 4834 Aviti
2333 4777 2520 4845 patria,
2572 4776 2818 4830 Arverni.
2866 4775 3157 4844 Gregorius
3190 4779 3389 4833 Turon.
3421 4781 3514 4835 lib.
3552 4797 3610 4842 ιι,

2028 4852 2086 4906 ll
2114 4866 2128 4903 :
2160 4851 2335 4901 Avitus
2361 4864 2490 4900 imus
2519 4863 2581 4900 ea:
2607 4845 2942 4920 senatoribus,
2966 4858 3011 4920 et
3033 4858 3087 4901 ut
3117 4850 3262 4903 valde
3289 4851 3613 4920 manifestum

2024 4931 2119 4987 est,
2147 4920 2574 4981 civisArvemus.
2609 4918 2663 4971 In
2681 4918 2941 4971 Arvernia
2969 4919 3074 4972 duo
3104 4921 3277 4974 laudat
3307 4940 3318 4973 :
3343 4918 3444 4975 soli
3469 4919 3614 4975 ferti-

2024 4993 2247 5056 litatem,
2278 4989 2345 5044 de
2375 5004 2474 5053 qua
2507 4989 2704 5042 dictum
2732 4987 2822 5058 lib.
2858 5004 2929 5052 ιν,
2960 4991 3118 5058 epist.
3148 4994 3237 5055 21,
3271 5002 3332 5056 οι,
3363 4991 3611 5046 bellicam

2024 5064 2295 5136 virtutem,
2330 5061 2482 5136 cujus
2515 5069 2677 5136 testes
2705 5057 2868 5136 etiam
2892 5057 3094 5136 Graeci,
3116 5062 3306 5136 quibus
3329 5063 3613 5136 Ἀρορερνοι

2024 5133 2158 5194 ἔθνος
2171 5135 2561 5205 μαχιμώτατον,
2581 5130 2804 5184 Arverni
2819 5144 2950 5205 gens
2972 5130 3402 5205 bellicosissima,
3426 5130 3616 5187 dicun-

2028 5215 2130 5279 tur.
2171 5201 2842 5279 'Sid’oniusAargumentunt
2869 5272 2879 5279 ι
2902 5202 3066 5279 ducit
3098 5219 3136 5279 a_
3167 5204 3448 5279 Gergovim
3477 5205 3617 5259 obsi-

2025 5277 2206 5338 (liene,
2241 5292 2266 5326 a
2300 5289 2401 5342 qua
2430 5273 2837 5346 Caesaremcum
2867 5272 3067 5342 ingenti
3092 5274 3243 5330 clade
3273 5275 3613 5346 repulerunt,

2028 5358 2086 5400 ut
2122 5358 2303 5399 narrat
2333 5346 2514 5397 Caesar
2537 5343 2650 5411 ipse
2675 5343 2768 5397 lib.
2798 5358 2893 5397 vn.

2103 5419 2258 5488 130
2303 5426 2325 5452 θ
2364 5416 2536 5469 Locus
2569 5421 2725 5468 antea
2771 5413 3114 5483 depravatus,
3170 5426 3223 5472 et
3263 5418 3378 5472 sine
3413 5429 3610 5488 sensu;

2027 5485 2191 5551 nunc,
2223 5485 2283 5541 ut
2308 5489 2582 5540 restitutus
2612 5494 2714 5550 est,
2749 5488 3030 5554 perSpicua
3063 5498 3187 5542 sunt
3223 5489 3420 5540 munia.
3457 5485 3610 5548 Aliis,

2027 5561 2218 5629 inquit,
2261 5558 2439 5614 decori
2476 5566 2530 5629 et
2563 5557 2751 5629 gloria:
2780 5557 2887 5610 sint
2915 5557 3147 5626 majores
3175 5577 3188 5611 :
3225 5567 3276 5611 tu
3315 5555 3611 5629 majoribus

2027 5627 2154 5692 tuis,
2187 5631 2426 5696 quamvis
2452 5627 2783 5694 clarissimis,
2817 5629 3074 5696 prmluces
3115 5647 3125 5679 ε
3168 5643 3262 5697 per
3288 5638 3339 5682 te
3361 5627 3434 5681 illi
3461 5627 3612 5682 nobi-

2028 5699 2270 5757 litantur.

2099 5771 2120 5810 ί
2151 5771 2386 5829 Savarus
2413 5778 2467 5826 et
2498 5769 2759 5833 Labbeus,
2791 5769 3090 5839 irrumpere.

3264 5860 3349 5922 22
