4072 6348
512 357 624 413 685

515 466 781 534 Rictibus,
801 473 960 534 atque
989 475 1142 518 escas
1157 460 1340 530 jejuna
1362 457 1514 514 fauce
1535 461 1835 525 parantem,

518 563 646 620 Plus
669 557 882 622 catulis,
911 554 1100 610 stravit
1128 552 1364 627 (fuerant
1404 564 1526 604 nam
1557 546 1817 616 fragmina
1855 541 2100 614 propter)

473 671 483 681 ‘
521 671 546 693 ἰ
571 657 853 722 Arreptam
875 647 943 704 de
962 654 1118 703 caute
1143 645 1346 716 lupam,
1378 643 1680 710 fractusque
1702 638 1890 694 molari

524 746 762 802 Dissiluit
790 752 996 808 vertex,
1023 748 1080 796 et
1098 754 1285 794 saxum
1307 737 1526 792 vulnere
1554 733 1713 789 sedit.

519 843 615 899 Sic
637 853 789 896 meus
829 835 1068 900 Alcides,
1102 833 1318 889 Nemea:
1338 832 1463 885 dum
1487 828 1712 884 saltibus
1734 835 1899 890 errat,

520 932 771 992 Occurrit
791 940 1033 987 monstro
1062 944 1283 994 vacuus,
1317 941 1424 982 non
1451 924 1642 979 robora
1675 930 1922 991 portans,

520 1027 638 1086 Non
667 1025 948 1095 pharetras
976 1039 991 1080 ς
1031 1021 1184 1078 stetit
1207 1019 1288 1076 ira
1319 1029 1577 1081 tremens,
1609 1024 1770 1083 atque
1796 1012 1949 1066 hoste
1979 1022 2105 1079 pro-

1820 1104 2041 1176 [pinquo

524 1213 804 1269 Consuluit
832 1210 977 1267 solos
1004 1211 1173 1264 virtus
1201 1208 1428 1275 decepta
1457 1204 1712 1258 lacertos.

526 1306 697 1360 Parva
727 1302 962 1372 quidem,
994 1299 1221 1357 dicenda
1252 1307 1432 1352 tamen
1467 1312 1480 1348 :
1515 1295 1635 1364 quis
1669 1288 1969 1362 promptior
2009 1285 2114 1341 isto

527 1400 701 1454 Tensa
727 1396 958 1453 catenati
980 1393 1296 1449 submittere
1324 1390 1463 1444 colla
1491 1386 1744 1442 molossi?

527 1491 596 1546 Et
624 1490 807 1545 lustris
839 1486 1098 1543 recubare
1127 1486 1266 1538 feras
1299 1484 1594 1550 interprete
1614 1492 1744 1532 nare

529 1583 750 1637 Discere
770 1596 875 1634 non
901 1580 1067 1642 visas,
1101 1587 1158 1630 et
1187 1578 1239 1629 in
1267 1590 1393 1629 aere
1415 1587 1658 1643 quaerere
1691 1567 1950 1640 plantas?

527 1673 646 1729 Jam
675 1673 720 1728 si
751 1674 889 1727 forte
917 1685 1069 1725 suem
1097 1669 1378 1722 latratibus
1414 1661 1691 1734 improbus
1724 1663 1927 1718 Umber

528 1766 764 1831 Terruit,
795 1765 1039 1820 albentes
1069 1762 1222 1831 nigro
1251 1760 1353 1815 sub
1370 1769 1586 1829 gutture
1617 1758 1771 1812 lunas

529 1860 804 1928 Frangere
833 1856 990 1911 ludus
1016 1864 1151 1922 erat,
1183 1851 1599 1921 colluctantique
1632 1851 1833 1906 lacerto

529 1952 692 2007 Vasta
722 1965 816 2020 per
843 1948 1098 2004 adversas
1125 1946 1386 2002 venabula
1412 1959 1606 2016 cogere
1637 1941 1865 2013 praedas.

529 2046 700 2111 Quam
723 2039 1024 2112 pultihrum,
1053 2055 1176 2096 cum
1229 2038 1366 2094 forte
1405 2037 1623 2093 domum
1669 2045 1793 2105 post
1837 2033 2002 2088 lustra
2035 2045 2121 2086 re-

1808 2126 2053 2199 [vertens

534 2229 774 2285 Ilorrorc
805 2227 1113 2299 splenderet
1133 2226 1271 2296 apri,
1301 2223 1581 2293 virtusque
1607 2233 1912 2291 repugnans

529 2322 794 2378 Proderet
819 2321 1044 2376 invitum
1075 2334 1173 2390 per
1193 2317 1352 2373 fortia
1382 2316 1522 2371 facta
1552 2314 1836 2384 pudorem.

532 2413 622 2470 Sic
651 2412 959 2469 Pandioniis
981 2417 1147 2465 castae
1176 2408 1485 2464 Tritonidos
1507 2407 1677 2473 arvis,

531 2507 854 2576 Hippolytus
880 2518 1040 2559 roseo
1070 2502 1098 2541 ι’
1130 2502 1330 2556 sudans
1359 2501 1602 2555 radiabat
1630 2499 1698 2553 ab
1720 2510 1836 2563 ore,

531 2598 638 2654 Sed
668 2598 828 2661 simul
853 2612 882 2652 a
910 2597 1126 2666 gemino
1157 2592 1389 2663 ﬂagrans
1415 2608 1538 2647 cmn
1566 2591 1759 2646 Cressa
1799 2588 1982 2642 furore

533 2689 690 2760 337
725 2687 962 2742 Transiit
979 2685 1176 2740 affectu
1204 2693 1428 2750 matres,
1461 2693 1515 2738 et
1544 2681 1730 2736 fraude
1775 2691 2053 2734 novercas.

533 2783 672 2850 Quid
697 2782 972 2838 volucrum
1005 2780 1266 2845 studium,
1295 2779 1388 2833 dat
1413 2792 1550 2848 quas
1579 2786 1770 2832 natura
1795 2787 2051 2844 rapaces,

539 2873 597 2928 lu
628 2873 819 2942 vulgus
851 2886 1019 2943 prope
1048 2869 1373 2940 cognatum?
1395 2870 1515 2938 quis
1546 2869 1755 2922 doctior
1777 2867 1880 2922 isto

531 2966 766 3024 instituit
799 2968 970 3020 varias
999 2980 1094 3034 per
1123 2963 1303 3018 nubila
1324 2964 1550 3031 jungere
1581 2962 1746 3017 lites?

532 3059 673 3116 Alite
693 3060 861 3114 vincit
887 3071 1035 3122 aves,
1066 3056 1335 3125 celerique
1367 3069 1463 3124 per
1493 3056 1696 3109 aethera
1727 3053 1914 3122 plausu

532 3151 648 3208 Hoc
674 3151 807 3206 nulli
838 3150 1031 3205 melius
1056 3157 1321 3218 pugnator
1349 3146 1544 3200 militat
1577 3146 1790 3214 unguis.

535 3244 642 3300 Nec
669 3244 847 3299 minus
875 3243 990 3298 haec
1015 3242 1154 3296 inter
1179 3239 1357 3295 civilia
1381 3237 1503 3307 jura
1522 3248 1761 3304 secutus,

609 3487 636 3514 τι
663 3473 970 3547 Legendttm
993 3478 1214 3542 arrepta.
1245 3475 1447 3547 Sensus
1467 3465 1611 3547 enim
1637 3472 1733 3547 est.
1748 3463 1972 3547 lupam,-
1991 3462 2121 3547 dum

539 3548 640 3604 sibi
668 3556 722 3602 et
739 3533 950 3600 "catulis
985 3533 1162 3598 escam
1206 3541 1416 3604 quaerit,
1450 3537 1662 3592 obviam
1708 3533 1905 3590 factam
1945 3534 2123 3598 Avito,

540 3620 608 3674 ab
634 3632 824 3686 eoque,
856 3631 974 3686 cum
1015 3626 1165 3668 arma
1199 3611 1303 3686 alia
1341 3609 1613 3686 deessent,
1655 3604 1767 3661 saxi
1795 3604 1937 3686 quod
1988 3605 2129 3660 inter

539 3676 735 3744 viciute
757 3676 906 3754 rupis
933 3684 1232 3754 fragmenta
1271 3680 1408 3754 forte
1447 3679 1687 3754 oblatum
1721 3676 1971 3754 cst.__it:t_u
2003 3691 2130 3745 pro-

539 3767 784 3817 stratam.
817 3747 999 3828 itaque
1016 3747 1085 3811 ῖτό
1117 3762 1320 3822 prapter
1354 3751 1456 3828 hoc
1476 3747 1594 3805 loco
1619 3747 1858 3804 adverbii
1889 3747 2005 3828 vice
2031 3761 2129 3816 po-

542 3835 724 3895 situm,
744 3837 800 3883 ut
827 3819 984 3890 infia,
1009 3841 1096 3878 rex
1113 3819 1262 3894 atque
1283 3823 1523 3892 magister
1551 3829 1757 3892 propter
1781 3819 2129 3872 constiterant.

614 3899 642 3938 δ
671 3903 874 3954 Savaro
904 3898 1124 3965 aliique,
1148 3896 1352 3949 sudum.

618 3982 640 4009 ο
676 3972 848 4026 Prima
873 3969 989 4024 haec
1017 3959 1157 4022 Aviti
1185 3965 1408 4034 legatio,
1444 3980 1566 4018 cum
1602 3962 1687 4034 ab,
1712 3960 1968 4034 Arvernis
2000 3959 2128 4034 suis

544 4044 752 4100 .evandi
781 4041 961 4095 tributi
992 4054 1151 4094 causa
1178 4031 1373 4092 missus
1402 4047 1485 4091 est
1526 4034 1592 4088 ad
1647 4033 1944 4088 Honorium
1983 4031 2121 4100 Aug.

544 4114 602 4170 ln
626 4114 784 4182 hujus
815 4112 956 4166 enim
986 4110 1102 4163 aula
1136 4109 1478 4182 (ἰᾳιιμιειιιιίιιε
1511 4119 1714 4168 comes,
1761 4104 1846 4156 cui
1872 4109 2127 4182 nupserat

545 4172 778 4240 Placidia
811 4183 926 4249 ejus
967 4181 1296 4249 sororAQuo
1331 4193 1472 4249 anno
1519 4183 1766 4249 peracta,
1807 4173 1891 4228 vel
1922 4172 2128 4249 quibus

546 4267 659 4310 tum
687 4243 929 4308 cladibus
961 4251 1122 4303 fracta
1148 4247 1310 4301 fuerit
1338 4243 1535 4316 patria,
1568 4245 1887 4316 nongliquet.
1918 4243 2024 4316 Sed
2054 4243 2130 4296 le-

547 4322 992 4396 gatum_opurtuit_
1016 4328 1141 4396 ante
1167 4313 1366 4371 annum
1398 4315 1511 4396 .421
1539 4359 1552 4396 τ
1607 4313 2128 4396 quia_’lioc‘dcmum

548 4384 688 4448 anno
718 4384 1062 4446 constantius
1089 4389 1141 4441 itt
1174 4387 1505 4441 consortium
1538 4385 1750 4454 imperii
1783 4384 1851 4439 ab
1889 4384 2133 4438 Honorio

548 4465 746 4517 ascitus
773 4471 873 4516 cst.

621 4531 649 4570 ἀ
675 4531 1009 4586 Theodorico
1037 4527 1255 4589 seniori,
1287 4527 1373 4595 qui
1399 4523 1696 4579 Gothorum
1727 4524 1780 4578 in
1814 4524 1983 4580 Gallia
2012 4533 2131 4595 post

551 4603 775 4658 Valliam
807 4618 900 4655 rex
927 4600 1041 4655 fuit.
1077 4598 1365 4665 Gregorius
1395 4595 1596 4650 Turon.
1644 4595 1994 4650 Theudonem
2038 4610 2130 4649 vo-

549 4685 658 4741 cat,
685 4673 935 4729 Sidonius
957 4670 1276 4726 'l‘heudcrim
1308 4677 1362 4741 et
1391 4665 1812 4741 Theudoridam.
1844 4665 2129 4741 Gothicum

553 4738 729 4800 autem
757 4744 858 4797 huc
887 4743 1080 4807 fa‘dus,
1113 4741 1166 4794 in
1193 4757 1295 4810 quo
1319 4739 1427 4793 dati
1457 4738 1831 4810 suntobsides
1862 4754 1889 4792 a
1923 4738 2127 4804 Gallis;

549 4824 708 4887 atque
738 4815 790 4870 in
819 4816 905 4887 his
929 4813 1256 4887 Theodorus
1277 4812 1420 4887 Aviti
1453 4809 1810 4887 propinquus,
1834 4820 1957 4887 post
1997 4813 2131 4866 Are-

548 4879 830 4952 latensem,
859 4886 911 4939 ni
934 4885 1108 4949 fallor,
1143 4883 1480 4936 obsidionem
1509 4879 1734 4950 intelligi
1780 4881 1974 4948 debet,
2005 4897 2127 4936 cum

551 4957 936 5020 Theudoricus,
977 4963 1035 5008 ut
1058 4953 1291 5008 Isidorus
1323 4954 1374 5006 in
1401 4952 1673 5006 Chronico
1694 4953 1919 5017 scribit,
1960 4967 2130 5020 regno

549 5032 868 5098 Aquitanico
900 5042 1003 5080 non
1028 5034 1348 5098 contentus,
1373 5038 1490 5077 eam
1523 5023 1709 5078 urbem
1747 5023 1989 5098 obsedit,
2033 5024 2131 5076 do-

549 5094 644 5154 nec
667 5101 981 5154 imminente
1011 5097 1164 5150 Aetio
1191 5096 1409 5150 liberata
1438 5101 1543 5158 est,
1570 5108 1743 5159 anno,
1801 5104 1859 5148 ut
1896 5094 2131 5163 Prosper

551 5181 718 5236 notat,
751 5171 880 5224 ΗΒ.
912 5169 1109 5237 Dignus
1138 5166 1280 5220 enim
1303 5167 1454 5220 venia
1479 5164 1762 5237 Sigonius,
1785 5165 1875 5237 qui
1907 5164 2132 5218 mendo-

547 5257 666 5293 sum
698 5234 884 5294 nactus
907 5234 1144 5302 codicem
1171 5237 1225 5291 in
1254 5251 1360 5306 quo
1389 5234 1529 5306 regis
1557 5251 1751 5290 nomen
1773 5234 2130 5290 deformatum

548 5321 687 5374 erat,
714 5311 780 5364 ad
811 5310 1034 5364 Valliam
1067 5324 1245 5376 regem
1275 5309 1363 5378 qui
1392 5308 1503 5377 jam
1533 5307 1743 5376 pridem
1774 5306 2004 5374 obierat,
2037 5321 2127 5362 re-

547 5381 677 5436 ferri
709 5381 822 5435 haec
854 5395 1012 5448 posse
1039 5382 1270 5434 censuit.

624 5463 646 5491 ε
679 5453 836 5520 Regis
855 5451 1173 5506 Gothorum.
1199 5453 1399 5506 Auctor
1427 5450 1680 5505 carminis
1721 5450 1790 5506 de
1838 5447 2134 5506 Providen-

548 5525 642 5593 tia,
675 5523 815 5594 quod
837 5523 1087 5591 Prosperi
1109 5521 1358 5590 operibus
1391 5522 1654 5577 insertum
1683 5539 1696 5575 :

639 5639 841 5712 si
860 5637 1164 5712 fortelupos,
1190 5637 1468 5699 lyncasque,
1494 5649 1734 5700 ursosque
1759 5649 1950 5712 creatos

637 5701 897 5764 Displicet,
918 5701 974 5748 ad
1000 5699 1249 5762 Scythicos
1269 5711 1516 5762 proceres,
1542 5699 1793 5764 regesque
1819 5699 2054 5748 Getarum

637 5763 868 5834 gesture,
886 5764 1026 5834 queis
1045 5769 1174 5834 ostro
1199 5769 1474 5834 contempto
1493 5768 1545 5812 et
1562 5763 1759 5834 vellere
1776 5763 1971 5823 Serum,

638 5823 860 5876 Eximius
875 5823 1022 5874 decor
1047 5833 1122 5875 est
1144 5828 1299 5885 tergis
1329 5823 1533 5879 horrore
1558 5829 1785 5879 ferarum.

1918 5882 1928 5909 Ξ

1927 5913 1944 5942 ‘t

1151 5943 1297 5954 μη..
1343 5937 1568 5957 .-ἰκν,,..ιι

1793 312 2037 394 smottu
2077 331 2530 392 APOLLINARIS

2128 454 2182 512 Α
2211 458 2233 486 ο
2257 446 2483 517 Eligitur
2512 443 2737 514 primus,
2765 437 2999 510 juvenis,
3023 437 3193 501 solus,
3223 435 3362 491 mala
3391 434 3582 492 fracta

2205 539 2402 608 Alliget
2430 546 2490 592 ut
2511 536 2718 606 patriae,
2752 541 3046 603 poscatque
3072 530 3302 585 informe
3320 529 3514 586 recidit

2159 4486 2215 4546 Ι)

3690 318 3815 382 684

2210 630 2491 701 Vectigal;
2522 643 2806 699 procerum
2831 637 2943 681 tum
2971 625 3110 680 forte
3129 624 3404 694 potentior
3427 623 3552 686 illic,

2213 725 2342 780 Post
2369 725 2529 778 etiam
2559 722 2831 791 princeps,
2855 717 3210 774 Constantius
3235 715 3418 770 omnia
3449 723 3694 786 praestat,

2211 819 2392 874 indole
2420 817 2628 871 delixus
2653 824 2821 879 tanta,
2847 824 2902 868 et
2927 814 3153 866 miratus
3180 810 3232 864 in
3255 810 3410 863 annis

2213 911 2400 966 Parvis
2421 906 2624 976 grande
2654 909 2874 969 bonum,
2907 905 2990 959 vel
3025 905 3077 958 in
3107 918 3203 958 ore
3236 901 3505 972 precantis
3535 897 3737 970 ephebi

2215 1003 2388 1058 Verba
2418 1001 2586 1057 senis.
2617 1000 2776 1055 Ducis
2799 999 2922 1053 hinc
2951 1013 3151 1067 pugnas
3177 1003 3235 1051 et
3260 995 3456 1051 fmdera
3486 1009 3672 1064 regum

2216 1094 2480 1159 Pandere,
2513 1093 2703 1158 Roma,
2732 1091 2881 1146 libet.
2910 1091 3081 1146 Variis
3105 1089 3316 1144 incussa
3349 1087 3596 1156 procellis

2218 1189 2510 1252 Bellorum,
2543 1185 2568 1223 ά
2604 1187 2714 1256 regi
2743 1185 2929 1240 Getico
2964 1197 3052 1239 tua
3082 1181 3255 1237 Gallia
3288 1183 3433 1252 pacis

2219 1281 2450 1350 Pignora
2475 1279 2621 1346 jussa
2654 1277 2784 1331 dare
2805 1287 2887 1330 est
2920 1292 2934 1328 :
2966 1275 3107 1329 inter
3131 1290 3250 1344 qua:
3282 1274 3478 1328 nobilis
3505 1273 3669 1327 obses

2221 1373 2322 1438 Tu,
2355 1369 2660 1434 Theodore,
2684 1369 2855 1433 venis,
2889 1382 3050 1436 quem
3071 1381 3169 1436 pro
3196 1367 3396 1434 pietate
3428 1363 3716 1435 propinqui

2223 1466 2445 1535 Expetis
2467 1465 2523 1519 in
2555 1462 2729 1518 media
2757 1473 2780 1500 ε
2809 1462 2972 1531 pelliti
2999 1460 3258 1531 principis
3285 1460 3407 1513 aula

2224 1561 2414 1627 Tutus,
2443 1559 2619 1624 Avite,
2657 1556 2760 1610 lidc
2785 1573 2799 1621 ;
2833 1554 3022 1624 probat
3051 1555 3154 1608 hoc
3177 1553 3288 1622 jam
3319 1550 3620 1605 Theudoris
3641 1547 3819 1604 altum

2226 1652 2549 1722 Exemplum
2580 1650 2744 1704 officii
2770 1666 2787 1702 :
2821 1664 2908 1703 res
2939 1648 3075 1702 mira
3100 1655 3156 1700 et
3183 1645 3342 1713 digna
3371 1644 3563 1709 relatu,

2227 1746 2379 1814 Quod
2411 1745 2576 1800 fueris
2602 1743 2852 1812 blandus,
2880 1742 2991 1811 regi
3026 1739 3288 1809 placuisse
3317 1737 3503 1793 feroci.

2152 1835 2202 1895 Β
2231 1839 2366 1895 Hinc
2389 1849 2439 1894 te
2466 1837 2718 1908 paulatim
2747 1835 2990 1905 praelibat
3009 1833 3255 1889 sensibus
3282 1831 3420 1899 imis,

2230 1934 2406 2002 Atque
2430 1929 2624 1985 animis
2659 1929 2772 1982 vult
2798 1943 2918 1983 esse
2939 1942 3127 1991 suum;
3161 1925 3255 1980 sed
3284 1923 3496 1993 spernis
3523 1920 3757 1974 amicum

2227 2025 2355 2080 Plus
2381 2038 2540 2092 quam
2572 2022 2871 2076 Romanum
2893 2035 3084 2090 gerere
3115 2035 3129 2072 :
3162 2025 3347 2084 stupet
3392 2016 3480 2070 ille
3513 2013 3817 2084 repulsam,

2228 2118 2296 2174 Et
2328 2118 2442 2186 plus
2464 2115 2588 2169 inde
2608 2115 2787 2182 places
2813 2130 2826 2167 :
2861 2111 3088 2182 rigidum
3117 2111 3216 2175 sic,
3250 2107 3474 2179 Pyrrhe,
3503 2103 3728 2160 videbas

2229 2207 2562 2271 Fabricium,
2598 2206 2835 2274 ingestas
2863 2205 3044 2258 animo
3060 2217 3183 2257 cum
3208 2202 3369 2256 divite
3400 2198 3533 2268 fugit

2230 2299 2438 2368 Pauper
2465 2312 2614 2367 opes,
2647 2312 2828 2366 regem
2861 2305 3129 2360 temnens,
3155 2292 3281 2347 dum
3311 2291 3552 2361 supplice
3587 2301 3754 2344 censu

2233 2396 2431 2465 Pignus
2450 2392 2703 2447 amicitim
2725 2391 2814 2446 vili
2842 2389 3106 2445 mendicat
3138 2387 3389 2458 ab.auro.

2239 2486 2256 2526 ί
2285 2487 2498 2541 Aetium
2531 2485 2760 2550 interea,
2786 2481 3039 2552 Scythico
3065 2479 3189 2550 quia
3219 2493 3364 2546 saepe
3394 2475 3574 2532 duello

2233 2581 2396 2651 338
2421 2578 2676 2642 Edoctus,
2707 2575 2978 2645 sequeris;
3011 2572 3104 2643 qui
3134 2585 3437 2643 quanquam
3458 2567 3639 2624 celsus
3659 2564 3716 2621 in
3732 2577 3820 2620 ar-

3623 2655 3756 2730 [nis

2234 2765 2318 2821 Nil
2349 2765 2466 2819 sine
2496 2771 2546 2818 te
2570 2762 2757 2833 gessit,
2789 2776 2910 2817 cum
2941 2757 3171 2830 plurima
3193 2763 3253 2811 tu
3277 2756 3395 2811 sine
3418 2754 3531 2810 illo.

2242 2870 2268 2909 s
2298 2859 2429 2914 Nam
2460 2868 2581 2929 post
2609 2857 2914 2928 .luthungos
2936 2865 2991 2912 et
3012 2855 3208 2910 Norica
3233 2853 3396 2921 bella,
3423 2851 3644 2906 subacto

2235 2955 2420 3010 Victor
2450 2954 2746 3019 Vindelico,
2773 2950 2800 2988 ιι
2835 2951 3072 3020 Belgam,
3106 2947 3413 3018 Burgundio
3442 2960 3606 3016 quem
3632 2951 3752 3000 trux

2236 3047 2535 3111 Presserat,
2564 3046 2794 3102 absolvit
2818 3046 3037 3116 junctus
3068 3043 3201 3109 tibi;
3233 3042 3463 3096 vincitur
3483 3039 3592 3096 illic

2236 3141 2410 3197 Cursu
2441 3141 2692 3207 Herulus,
2723 3140 2943 3194 Chunus
2984 3137 3200 3208 iaculis,
3243 3135 3584 3205 Francusque
3613 3140 3829 3200 natatu,

2161 3222 2209 3286 C
2239 3234 2556 3292 Sauromata
2587 3236 2799 3306 clypeo,
2829 3233 3010 3292 Salius
3040 3230 3198 3302 pede,
3230 3231 3363 3287 falce
3388 3229 3648 3297 Gelonus,

2312 3460 2334 3501 ι
2371 3461 2576 3531 Duplex
2606 3460 2880 3530 expeditio
2908 3459 3120 3531 bellica,
3159 3460 3215 3515 in
3244 3472 3364 3531 _qua
3411 3464 3637 3531 utraque
3671 3449 3828 3508 Aetio

2239 3533 2361 3590 duci
2413 3523 2594 3588 comes
2637 3523 2733 3586 fuit
2782 3533 2989 3587 Avitus.
3040 3523 3156 3586 Una
3194 3523 3452 3584 adversus
3493 3523 3828 3593 Juthungos,

2241 3604 2410 3660 altera
2459 3603 2719 3659 adversus
2755 3602 3179 3670 Burgundiones.
3230 3600 3362 3654 Cum
3403 3595 3693 3670 Jtitbungis
3737 3605 3829 3670 res

2241 3683 2388 3745 gesta
2416 3675 2518 3730 sub
2539 3689 2740 3730 annum
2773 3662 2973 3728 Christi
2997 3672 3124 3745 ιξο,
3149 3672 3217 3727 ad
3248 3685 3407 3741 quem
3449 3662 3696 3745 PrOsperi
3735 3662 3832 3745 Pi-

2243 3734 2448 3823 i'hteani
2471 3746 2632 3823 verba
2659 3755 2812 3823 sunt:
2836 3734 3408 3823 Aetiu§_._lut_}iit_ngbrunt
3436 3734 3636 3823 gentem
3659 3734 3831 3818 delere

2241 3819 2484 3872 intendit.
2503 3817 2634 3872 Cum
2664 3817 2746 3871 his
2773 3827 2952 3870 autem
2984 3807 3287 3870 Vindelicos
3305 3807 3476 3883 jungit
3503 3822 3556 3866 et
3575 3807 3821 3872 Noricos,

2242 3891 2334 3958 qui
2378 3897 2505 3944 tunc
2539 3903 2642 3942 una
2688 3881 3316 3958 l'ortasserebellarant;
3350 3881 3546 3958 Idalius
3592 3888 3776 3935 noster
3810 3889 3828 3930 :

2239 3954 2496 4030 Iuthungi
2513 3976 2601 4026 per
2623 3957 3166 4030 Aetiumaebeltantur
3193 3964 3246 4030 et
3262 3954 3397 4009 Nori
3409 3969 3432 4030 :_
3444 3961 3500 4008 et
3518 3959 3642 4022 post
3659 3961 3826 4030 pauca

2240 4032 2309 4086 de
2337 4019 2469 4086 nece
2499 4019 2690 4086 Felicis
2713 4028 2918 4098 patricii
2944 4046 2956 4082 :
2997 4030 3172 4083 Aetius
3198 4027 3309 4082 dua:
3329 4019 3593 4093 utriusque
3629 4019 3830 4076 mititia:

2241 4102 2417 4157 Noras
2438 4101 2639 4156 edomat
2669 4102 2991 4156 rebellantes.

2316 4183 2340 4220 ε
2373 4175 2450 4228 lta
2475 4189 2539 4227 ex
2568 4175 2799 4241 antiquis
2828 4171 3190 4236 correximus,
3227 4184 3324 4240 pro
3359 4159 3826 4241 Vitlittngos._9uo

2249 4245 2408 4316 etiam
2448 4244 2607 4316 modo
2645 4229 2987 4316 castigandus
3032 4229 3244 4316 videtur
3289 4229 3639 4316 panegyricus
3687 4229 3828 4316 Gon-

2245 4311 2629 4386 stantii'131
2681 4303 2820 4386 Caes.
2885 4313 3018 4368 Nam
3054 4303 3481 4386 Vithungjtrum:
3501 4307 3628 4362 alibi
3651 4303 3820 4386 _nulla

2247 4395 2330 4440 est
2359 4375 2868 4453 menﬁEJuthungi
2900 4394 3108 4450 autem,
3152 4395 3206 4438 ut
3249 4375 3590 4453 Marcellinus
3635 4375 3824 4453 doces.

2247 4457 2663 4511 Alamannorum
2699 4443 2845 4523 pars:
2874 4455 3058 4509 Raetiis
3083 4443 3422 4518 contermini,
3447 4443 3830 4523 quas'proinde

2244 4527 2436 4582 crebro
2479 4515 2766 4582 vexabant.
2824 4515 3139 4580 Ambrosius
3187 4525 3253 4580 de
3299 4515 3710 4591 legatione—sua
3762 4515 3826 4591 ad_

2238 4597 2532 4652 Maximum
2570 4597 2676 4650 ειη
2708 4596 2871 4650 medio
2906 4597 3132 4650 Romani
3171 4587 3376 4666 imperii
3418 4593 3534 4666 sinu
3573 4587 3829 4666 Jufltt-tngi

2240 4669 2618 4740 papulabanttir
2636 4668 2827 4722 Παπίας
2850 4683 2867 4723 :
2891 4677 2935 4722 et
2957 4668 3068 4721 ideo
3085 4655 3662 4740 aduersuslnthungum
3683 4655 3829 4740 H_un-

2239 4731 2340 4793 itu's
2387 4742 2578 4793 accitus
2608 4750 2703 4794 est.
2742 4741 2882 4794 Olim
2909 4740 3068 4793 etiam
3098 4739 3220 4792 inde
3252 4737 3386 4803 pulsi
3417 4750 3445 4787 a
3475 4731 3830 4803 Juliano_ftie-

2240 4819 2365 4868 rant
2388 4827 2480 4879 per
2503 4812 2878 4866 Barbationem
2912 4810 3188 4873 comitem,
3221 4800 3278 4862 ut
3308 4808 3446 4862 idem
3483 4809 3669 4879 narrat
3693 4800 3829 4879 Mar-

2239 4870 2468 4940 cellinus
2492 4883 2586 4941 lib.
2617 4899 2742 4937 xvn.
2766 4883 2916 4937 Nunc
2941 4883 2992 4935 in
3017 4870 3204 4934 iisdem
3233 4879 3343 4933 oris
3374 4891 3468 4945 per
3491 4873 3704 4945 Aetium
3735 4870 3829 4945 de-

2240 4954 2444 5011 bellati.
2476 4954 2649 5009 Fuere
2680 4964 2857 5009 tamen
2881 4954 3043 5008 etiam
3069 4953 3209 5007 inter
3237 4941 3528 5004 foederatos
3549 4941 3825 5010 Iuthungi,

2241 5026 2343 5081 sub
2374 5026 2507 5080 duce
2533 5025 2722 5096 Syriae,
2748 5038 2800 5078 et
2823 5025 2923 5078 sub
2948 5022 3142 5078 comite
3166 5023 3240 5076 rei
3272 5018 3517 5075 militaris
3538 5030 3636 5086 per
3661 5011 3826 5082 Egy—

2242 5107 2416 5168 ptum,
2444 5107 2501 5151 ut
2525 5105 2609 5151 est
2635 5098 2689 5151 in
2718 5096 2936 5168 Notitia.

2313 5167 2343 5205 δ
2370 5155 2494 5222 Haec
2525 5165 2890 5222 memorabilis
2917 5165 3006 5218 illa
3035 5163 3220 5219 clades
3249 5174 3352 5231 qua
3383 5155 3819 5230 Burgundionum

2243 5242 2491 5294 universa
2531 5254 2668 5308 pene
2700 5251 2830 5306 gens
2862 5250 2956 5305 per
2996 5235 3207 5288 Aetium
3237 5232 3463 5308 _de_leta_,
3488 5237 3731 5308 quarto,
3774 5231 3830 5277 ut

2243 5311 2475 5379 Prosper
2495 5300 2919 5379 eiCassiodorus
2967 5315 3191 5379 notant,
3236 5300 3593 5379 Vglentiniani
3629 5309 3829 5373 consu-I
3925 5348 3929 5350 _

2246 5364 2554 5446 latu,'anno
2584 5378 2784 5433 Christi
2808 5376 2935 5431 455.
2969 5364 3219 5431 Ιᾶθιίιιε’;
3272 5364 3828 5446 Bui'gttndiones_,_qtti

2245 5436 2608 5505 rebeilaverant
2636 5467 2665 5501 α
2691 5447 2955 5512 Romanis,
2991 5447 3120 5501 duce
3148 5447 3294 5499 Aetio
3317 5436 3654 5512 debellantnr.
3681 5436 3823 5512 Idem

2246 5529 2434 5575 auctor
2460 5529 2542 5575 est
2562 5535 2698 5576 caesa
2739 5519 2793 5574 in
2819 5520 2919 5575 hoc
2944 5507 3133 5588 praalto
3175 5517 3342 5571 fuisse
3378 5515 3474 5588 2λοΔ
3498 5510 3665 5567 millia
3697 5507 3829 5588 Bar-

2245 5592 2604 5660 gundionum;
2639 5584 2966 5654 GOtborum',
3010 5589 3100 5658 qui
3143 5590 3222 5643 eis
3259 5584 3674 5660 auxiliabautur,
3708 5585 3829 5660 octo

2246 5649 2433 5717 millia.
2464 5649 2715 5718 Sidonius
2738 5677 2886 5727 vero,
2911 5649 3041 5716 cum'
3063 5660 3258 5714 multas
3273 5666 3463 5728 gentes
3491 5668 3612 5728 quge
3637 5649 3830 5728 initio--

2248 5749 2365 5805 rum
2397 5717 2586 5790 castris
2612 5743 2764 5791 erant
2792 5717 3098 5805 enumerat,
3119 5729 3193 5792 de
3230 5717 3424 5787 eam.
3455 5717 3644 5785 studio
3675 5717 3833 5780 disit-

2111 5814 2162 5894 ι
2249 5804 2440 5862 mulat.
2697 5835 2720 5841 -ς
2755 5837 2763 5840 -
