4072 6348
415 301 525 357 635

420 418 658 475 Vulnere
688 426 769 478 vel
801 427 847 481 si
869 431 990 497 quis
1017 433 1239 503 plangit,
1266 437 1349 490 cui
1371 436 1528 493 flesse
1552 443 1757 510 perisse
1784 455 1889 512 est,

411 512 490 567 Ac
520 514 667 570 ferro
691 533 969 586 perarasse
995 540 1182 594 genas,
1218 530 1469 600 vultuque
1497 534 1692 590 minaci

413 604 593 660 Rubra
622 609 935 668 cicatricum
954 619 1177 687 vestigia
1210 619 1503 679 defodisse.

411 696 607 753 lllustri
634 700 743 768 jam
775 713 882 758 tum
913 706 1145 763 donatur
1170 712 1347 767 celsus
1380 715 1605 785 honore,

407 787 706 859 Squameus
730 803 785 849 et
813 798 984 851 rutilis
1015 800 1305 857 etianmum
1333 805 1492 861 livida
1515 811 1693 865 cristis

314 908 321 913 ~
404 880 509 938 Ora
538 899 756 953 gerens.
791 895 816 924 α
848 887 946 942 Vix
976 906 1124 949 arma
1152 882 1369 950 domum
1400 900 1671 956 sordentia
1694 908 1887 960 castris

405 972 741 1042 Rettulerat;
776 994 909 1035 nova
942 982 1080 1036 bella
1110 986 1323 1055 iterum,
1353 1005 1693 1063 pugnamque
1721 998 1821 1052 sub
1862 1000 1991 1069 ipsis

403 1065 519 1121 Jam
550 1071 737 1137 patria:
768 1073 939 1128 muris
962 1077 1235 1142 periturus
1260 1094 1561 1141 commovet
1586 1086 1776 1143 hostis.

402 1157 637 1215 Litorius
670 1162 951 1231 Scythicos
982 1172 1190 1237 equites
1221 1180 1330 1226 tum
1363 1176 1519 1242 forte,
1546 1178 1571 1216 ι)
1605 1181 1826 1237 subnoto

400 1252 593 1307 Celsus
618 1254 955 1325 Aremorico,
989 1261 1234 1317 Geticum
1265 1267 1504 1334 rapiebat
1534 1271 1585 1323 in
1610 1287 1799 1341 agmen

399 1343 503 1400 Per
527 1353 721 1411 terras,
753 1350 1012 1414 Arverne,
1050 1361 1200 1418 tuas;
1232 1357 1322 1425 qui
1349 1360 1591 1426 proxima
1616 1378 1840 1435 quaeque

400 1436 675 1501 Discursu.
708 1438 958 1506 flammis,
993 1441 1157 1507 ferro,
1184 1446 1414 1515 feritate,
1440 1454 1641 1519 rapinis

399 1528 683 1596 Dclebant,
715 1541 738 1570 ε
770 1534 913 1600 pacis
940 1533 1184 1592 fallentes
1216 1554 1411 1594 nomen
1443 1545 1620 1609 inane,

397 1620 565 1688 Hujus
595 1630 703 1677 tum
733 1622 990 1678 famulum
1022 1629 1237 1695 quidam
1269 1634 1620 1689 truculentior
1648 1636 1839 1692 horum

392 1709 514 1773 Mox
546 1712 956 1781 feriendeferis;
988 1718 1094 1770 ruit
1124 1719 1231 1784 ille,
1257 1731 1312 1774 et
1342 1724 1508 1777 tristia
1540 1727 1643 1780 fata

394 1805 747 1865 Commendat
772 1809 988 1866 domino
1011 1813 1240 1883 absenti,
1280 1828 1587 1891 partemque
1615 1824 1847 1883 futuram

397 1895 658 1953 Vindictae
692 1903 926 1957 moriens
956 1904 1196 1974 Stygium
1218 1923 1312 1977 spe
1343 1921 1520 1979 portat
1551 1915 1618 1970 ad
1645 1932 1884 1977 amnem.

391 1989 459 2045 Et
475 1989 586 2060 jam
618 1993 754 2048 fama
786 1997 899 2051 viro
923 2006 1094 2053 turres
1126 2011 1413 2074 portasque
1440 2013 1630 2076 tuenti,

393 2079 585 2136 lntnitu
621 2085 823 2152 pavidae
853 2090 1021 2157 plebis
1045 2094 1244 2159 perfert
1273 2100 1450 2154 scelus
1484 2112 1683 2160 actum.

392 2173 691 2239 Excutitur,
729 2190 914 2248 restat,
945 2183 1128 2251 pallet,
1159 2188 1337 2253 rubet,
1372 2192 1517 2262 alget
1544 2205 1599 2249 et
1618 2199 1791 2270 ardet,

390 2268 469 2323 Ac
500 2268 715 2325 sibimet
744 2274 940 2328 multas
967 2276 1171 2333 vultum
1202 2285 1405 2338 variata
1436 2300 1533 2355 per
1554 2304 1718 2346 unum

390 2361 473 2416 lra
501 2361 630 2418 facit
649 2365 847 2431 facies;
876 2369 961 2423 vel
991 2372 1080 2440 qui
1104 2388 1222 2428 mos
1252 2390 1395 2446 saepe
1423 2381 1643 2450 dolenti,

387 2454 517 2513 Plus
546 2471 690 2514 amat
718 2463 1072 2532 exstinctum;
1107 2470 1322 2525 tandem
1352 2471 1681 2546 prorumpit,
1713 2490 1769 2536 et
1797 2497 1964 2549 arma,

390 2548 548 2619 339
576 2552 735 2608 Arma
772 2553 983 2624 fremit,
1020 2559 1341 2631 pinguisque
1378 2568 1669 2626 etiamnum
1710 2548 1967 2641 sanguine

1724 2666 1895 2721 fertur

386 2734 597 2808 Lorica,
629 2740 854 2798 obtusus
886 2758 979 2813 per
1001 2745 1232 2803 barbara
1261 2753 1480 2807 vulnera
1512 2765 1721 2825 contus,

385 2830 562 2898 Atque
590 2833 687 2887 sub
712 2835 948 2891 assiduis
976 2839 1225 2894 dentatus
1254 2844 1490 2899 caedibus
1513 2851 1679 2903 ensis.

384 2918 781 2981 lncluditsuras
801 2929 994 2996 ocreis,
1021 2933 1289 3001 capitique
1315 2937 1599 2993 micantem

384 3010 613 3082 lmponit
640 3016 867 3086 galeam,
902 3019 1075 3075 fulvus
1104 3024 1187 3077 cui
1219 3028 1411 3081 crescit
1438 3027 1489 3081 in
1515 3030 1677 3084 altum

384 3101 583 3174 Canus,
615 3116 667 3160 et
696 3108 885 3171 iratam
908 3110 1175 3179 jaculatur
1208 3116 1408 3172 vertice
1438 3118 1634 3175 lucem.

383 3190 453 3247 Et
480 3196 587 3261 jam
609 3198 813 3252 scandit
842 3215 1059 3270 equum,
1087 3204 1359 3276 vulsisque
1384 3224 1413 3262 a
1442 3211 1663 3267 cardine
1688 3216 1856 3283 portis

384 3283 625 3351 Emicat;
650 3290 903 3346 assistunt
928 3294 1076 3348 socio
1106 3296 1378 3367 virtusque
1398 3300 1675 3371 dolorque,

382 3375 454 3431 Et
480 3378 688 3446 pudor;
715 3393 942 3440 armatas
969 3386 1078 3455 pilo
1110 3390 1243 3457 petit
1269 3390 1494 3462 impiger
1522 3396 1653 3461 alas,

378 3464 672 3539 Pugnando
701 3486 925 3541 pugnam
956 3492 1224 3546 quaerens,
1252 3484 1606 3554 pavidumque
1632 3503 1731 3556 per
1764 3504 1954 3561 agmen

381 3558 665 3617 Multorum
688 3565 903 3621 interitu
934 3582 1267 3643 compensat,
1302 3576 1445 3644 quod
1468 3578 1595 3633 latet
1622 3596 1776 3635 unus.

382 3651 469 3708 Sic
500 3654 785 3726 Phrygium
814 3659 1081 3716 Emathia
1112 3664 1369 3721 victorem
1401 3671 1620 3739 cuspide
1657 3684 1886 3743 poscens

381 3742 650 3813 IEacides,
674 3763 816 3805 caeso
838 3750 1035 3807 luctum
1064 3755 1288 3811 frenavit
1317 3760 1508 3824 amico,

380 3835 481 3893 Per
504 3848 704 3896 mortes
728 3849 821 3907 tot,
853 3843 1033 3912 Troja,
1070 3856 1209 3913 tuas,
1232 3847 1339 3916 jam
1374 3850 1491 3904 vilia
1518 3867 1612 3920 per
1631 3867 1690 3908 se

379 3931 601 3999 Agmina
626 3944 910 3989 contentus
939 3954 1115 4003 ruere,
1140 3941 1488 4014 strictumque
1518 3961 1614 4014 per
1645 3949 1851 4017 amplos

379 4020 646 4079 Exserere
672 4025 903 4097 gladium
933 4032 1152 4098 populos
1180 4048 1191 4084 :
1225 4046 1373 4088 natat
1399 4037 1587 4091 obruta
1617 4040 1771 4094 tellus

378 4106 667 4186 Sanguine,
699 4118 932 4191 dumque
962 4122 1176 4179 hebetat
1205 4128 1360 4182 turba
1379 4143 1540 4198 grave
1560 4132 1743 4187 eazdua
1764 4135 1949 4195 telum.

365 4248 369 4257 ’
447 4282 475 4311 ι
498 4276 933 4359 Burgundipnico
950 4278 1089 4359 bello
1116 4286 1374 4359 successit
1397 4285 1677 4343 Gothicum
1699 4292 1939 4359 alterum,

374 4359 497 4427 cum
523 4348 709 4427 eodem
749 4348 1134 4427 Theoderico_:
1159 4357 1314 4427 quod
1356 4361 1518 4427 C(Bpit
1564 4362 1631 4414 ab
1673 4348 1947 4418 obsidione

374 4413 707 4503 yarbonensi
731 4433 870 4474 anno
892 4421 1033 4486 456,
1076 4413 1283 4503 Tolosa;
1326 4413 1599 4503 peractum
1639 4443 1750 4497 est,
1794 4447 1949 4503 capto
1979 4436 2027 4493 υ

372 4485 602 4553 Litorio,
635 4497 687 4541 et
710 4504 837 4556 pace
867 4495 1157 4560 composita
1189 4485 1400 4553 439.'lu
1435 4503 1533 4555 hoc
1558 4485 1943 4560 bellorl’ln‘nno-ﬁ

375 4571 494 4645 run}
522 4560 721 4645 auxilio
762 4575 886 4615 usos
914 4561 1189 4645 .Romanos
1225 4578 1499 4645 testantur
1522 4574 1769 4645 Prosper.
1811 4578 1940 4631 Cas-

376 4626 657 4702 siodorus,
691 4631 989 4688 Jornandes
1015 4648 1071 4691 et
1098 4639 1376 4694 Salvianus
1411 4644 1501 4696 lib.
1534 4626 1605 4698 vn
1632 4626 1712 4700 de
1762 4648 1943 4702 Provi-

376 4696 578 4788 dentia.
617 4701 813 4788 Horum
860 4719 988 4788 ergo
1033 4716 1233 4786 turmas
1270 4696 1942 4788 cumabArinoricis-per

372 4770 647 4849 ᾼΓνθτηρε
672 4772 893 4829 duceret
918 4770 1347 4849 Litorius,atque
1375 4783 1451 4836 illi
1483 4770 1702 4841 barbara
1734 4770 1943 4845 feritate

371 4837 685 4924 Arverniam
711 4853 1001 4929 vastarent,
1021 4837 1238 4929 exortus
1263 4837 1508 4929 est_Aviti
1539 4837 1591 4909 in
1624 4837 1743 4913 illos
1775 4861 1942 4929 impe-

373 4918 478 5000 tus,
498 4920 557 5000 et
582 4914 854 4995 singulare
873 4930 993 4970 cum
1026 4918 1420 5000 Hanno-equite
1438 4934 1711 5000 certamen
1743 4971 1755 4993 ,
1798 4914 1939 5000 quod

372 4995 400 5034 a
422 4980 643 5065 Sidonio
664 4980 809 5065 tanta
840 5003 1031 5065 pompa
1048 4980 1393 5065 describitur.
1429 4994 1557 5059 Quae
1603 4980 1941 5065 quidemI—Si:

371 5053 562 5121 genius
584 5054 821 5133 in_libris_
841 5053 907 5113 de
935 5053 1238 5115 Occidentis
1277 5053 1501 5133 imperio
1524 5109 1537 5133 ,
1570 5053 1672 5121 non
1711 5073 1848 5125 male
1875 5074 1939 5125 ad

372 5138 568 5204 annum
604 5126 704 5182 457
738 5129 938 5204 refert:
973 5135 1202 5199 pessime
1232 5126 1407 5189 autem
1447 5126 1798 5204 direptionem
1842 5144 1941 5196 Ar-

372 5196 663 5263 vernieam,
698 5214 823 5285 quas.
846 5196 1049 5257 Hunnis
1073 5204 1361 5285 tribuenda
1376 5216 1512 5276 erat,
1548 5196 1737 5285 Gothis
1767 5211 1941 5285 impu-

371 5272 477 5350 tat;
510 5277 563 5350 et
593 5282 781 5349 versus
810 5273 991 5350 hosce,
1022 5277 1112 5343 qui
1159 5278 1225 5331 de
1264 5276 1423 5332 Avito
1462 5272 1645 5350 scripti
1697 5272 1939 5349 sunt,’ad

371 5333 765 5411 'l’lteodoricum
792 5333 1093 5411 detorquet.

354 5420 361 5437 ε
403 5477 415 5487 0
442 5406 469 5446 ιι
496 5408 616 5492 Jam
654 5406 1039 5492 tuonuimus'in
1081 5418 1397 5492 panegyrico
1429 5422 1704 5492 Majoriani
1749 5425 1939 5482 Armo-

372 5477 512 5565 ricos
544 5481 850 5565 rebellionis
878 5498 1035 5564 causa
1060 5477 1267 5565 crebro
1290 5508 1318 5543 a
1358 5477 1611 5565 Romanis
1650 5498 1935 5565 appetitus.

371 5546 672 5629 Nunc_crgo
702 5569 730 5605 a
760 5553 963 5629 Litmjo
992 5558 1224 5623 subacti;
1260 5546 1575 5629 postdecetn
1594 5546 1819 5622 icirEirter
1847 5585 1940 5624 an-

372 5634 467 5705 nos
492 5622 558 5674 ab
584 5626 757 5691 Aetio,
778 5640 872 5705 per
893 5622 1238 5705 Eucharicum
1253 5622 1427 5705 regem
1449 5637 1760 5699 Alanorum,
1783 5622 1937 5705 quem

370 5691 435 5763 ad
457 5708 552 5747 eos
581 5691 907 5751 elomandos
938 5697 1175 5762 immisit,
1218 5691 1351 5756 teste
1388 5704 1701 5761 Constantio
1731 5691 1937 5763 ἶν’νίὶῇ

368 5760 427 5815 S.
459 5764 706 5820 Germani
739 5767 827 5822 lib.
863 5785 930 5832 ll,
964 5786 1078 5833 cap.
1130 5760 1193 5835 5⁷,
1245 5774 1345 5827 etsi
1402 5790 1468 5830 eo
1511 5760 1631 5833 luco
1658 5760 1940 5838 mendose

850 5885 943 5899 cf".

1857 332 2187 392 CARMINA.

3587 376 3694 437 686

2030 457 2084 515 Α
2114 452 2322 507 Absens
2350 456 2400 509 in
2432 469 2624 515 cuncto
2646 464 2746 519 sibi
2771 468 2988 526 vulnere
3007 472 3116 541 jam
3146 478 3288 535 cadit
3310 480 3524 541 Hector.

2182 545 2425 603 Proditus
2456 564 2511 606 ut
2541 557 2774 623 tandem,
2806 564 2935 617 tanti
2968 569 3053 634 qui
3076 584 3234 625 causa
3266 579 3541 649 tumultus,

2110 634 2283 703 lnquit
2309 640 2512 706 Avitus,
2542 646 2673 715 Age,
2708 651 2953 721 Scythica
2979 663 3174 715 nutrite
3206 666 3303 720 sub
3334 681 3504 742 arcto,

2108 728 2203 793 Qui
2236 730 2387 797 furis,
2414 745 2465 789 et
2496 753 2636 791 creso
2668 754 2869 800 tantum
2900 751 2988 817 qui
3016 753 3135 807 fidis
3159 758 3349 814 inermi
3373 805 3388 828 ,

2103 818 2445 889 Congredere
2470 840 2679 885 armato
2712 850 2725 885 :
2759 841 2979 893 multum
3015 845 3105 898 tibi
3145 855 3390 915 prmstitit
3420 857 3499 912 ira

2099 908 2214 963 Jam
2250 929 2385 980 mea,
2416 924 2655 977 concessi
2687 942 2935 1000 pugnam,
2962 934 3231 1010 juheoque
3260 946 3532 1005 resistas:

2098 1001 2403 1062 Certantem
2433 1023 2695 1070 mactasse
2718 1018 2887 1085 juvat.
2924 1023 3011 1079 Sic
3040 1001 3198 1097 fatur,
3231 1047 3283 1089 et
3314 1053 3501 1109 aequor

2096 1093 2313 1152 Prosilit
2340 1100 2391 1153 in
2426 1106 2656 1160 medium
2687 1126 2697 1159 :
2734 1127 2829 1166 nec
2854 1130 2956 1169 non
2989 1118 3132 1175 ferus
3164 1093 3598 1193 adveniuhostis.

2096 1185 2165 1240 Ut
2193 1191 2416 1253 primum
2454 1207 2634 1261 pectus
2658 1201 2740 1253 vel
2766 1204 3008 1263 cominus
3034 1228 3123 1266 ora
3153 1218 3348 1286 tulere,

2096 1276 2190 1330 Hic
2216 1278 2291 1333 ira
2322 1285 2518 1347 tremit,
2552 1287 2638 1341 ille
2668 1302 2831 1347 metu.
2866 1297 2980 1351 .lam
3011 1313 3201 1358 cartera
3236 1314 3385 1367 turba

2095 1368 2325 1425 Diversis
2352 1377 2580 1444 trepidat
2606 1383 2764 1449 votis,
2798 1390 3079 1459 variosque
3110 1412 3204 1465 per
3230 1400 3365 1457 ictus

2090 1461 2376 1520 Pendetab
2404 1482 2627 1539 eventu;
2658 1477 2751 1531 sed
2780 1492 3058 1551 postquam
3093 1461 3257 1558 prima
3278 1540 3290 1560 ,
3323 1504 3589 1570 secunda,

2087 1554 2373 1628 Tertiaque
2393 1570 2508 1617 acta
2529 1576 2641 1620 rota
2665 1579 2765 1636 est,
2802 1576 2945 1629 venit
2966 1593 3111 1647 ecce,
3141 1593 3193 1637 et
3219 1587 3359 1643 celsa
3382 1605 3662 1653 cruentum

2084 1648 2245 1718 3&0
2272 1650 2514 1709 Perforat
2547 1659 2691 1713 hasta
2723 1664 2925 1733 virum,
2959 1682 3075 1737 post
3102 1683 3157 1728 et
3185 1681 3410 1735 confinia
3442 1648 3590 1742 dorsi

2084 1742 2236 1797 Cedit
2265 1750 2556 1806 transfosso
2585 1766 2767 1823 ruptus
2801 1760 2879 1813 bis
2910 1775 3127 1829 pectore
3158 1769 3344 1828 thorax
3371 1795 3383 1827 :

2006 1831 2054 1889 Β
2082 1831 2146 1886 Et
2172 1832 2297 1889 dum
2330 1852 2425 1906 per
2453 1841 2717 1910 duplicem
2749 1852 2965 1918 sanguis
2994 1856 3250 1927 singultat
3283 1863 3479 1924 ltiatum
3498 1913 3513 1941 ,

2083 1926 2304 1983 Dividua
2330 1933 2618 2001 ancipitem
2646 1954 2961 2008 carpserunt
2994 1926 3211 2006 vulnera
3244 1957 3426 2014 vitam.

2152 2018 2273 2073 llam
2306 2032 2424 2090 post
2450 2038 2596 2092 geSIa
2630 2030 2759 2096 viri,
2793 2041 2957 2089 temet
2989 2039 3119 2111 Styx
3148 2044 3305 2101 livida
3338 2059 3524 2123 testor,

2076 2110 2395 2168 lntemerata
2430 2118 2558 2171 mihi
2584 2116 2615 2167 λά
2648 2123 2932 2187 praafectus
2956 2110 3075 2196 jura
3108 2137 3322 2204 regebat
3352 2158 3363 2191 :

2074 2198 2143 2253 Et
2170 2214 2329 2272 caput
2361 2204 2461 2260 hoc
2493 2209 2708 2265 sibimet
2734 2214 2905 2270 solitis
2936 2220 3143 2277 defessa
3169 2198 3345 2285 ruinis

2075 2292 2245 2348 Callia
2273 2298 2589 2368 suscipiens,
2624 2303 2807 2359 Getica
2837 2310 3067 2377 pallebat
3094 2317 3161 2371 ab
3188 2319 3285 2374 ira.

2072 2383 2156 2438 Nil
2190 2402 2368 2456 prece,
2401 2392 2471 2444 nil
2504 2396 2695 2462 pretio,
2727 2400 2801 2453 nil
2835 2404 3002 2459 milite
3033 2407 3229 2466 fractus
3260 2417 3451 2486 agebat

2072 2474 2287 2543 Aetius;
2316 2491 2474 2550 capto
2508 2492 2767 2542 terrarum
2800 2492 2991 2549 damna
3024 2503 3277 2565 patebant

2071 2567 2275 2623 Litorio
2295 2612 2309 2636 ,
2341 2572 2393 2626 in
2428 2574 2779 2647 Rhodanum,
2814 2589 3058 2655 proprios
3090 2594 3385 2659 producere
3414 2602 3551 2662 fines

2072 2656 2422 2718 Theudoridae
2454 2667 2645 2734 ﬁxum,
2680 2686 2778 2726 nec
2806 2685 2921 2728 erat
2952 2693 3184 2747 pugnare
3214 2701 3452 2756 necesse,

2069 2752 2173 2807 Sed
2209 2756 2439 2826 migrare
2465 2760 2645 2827 Getis;
2685 2767 2924 2823 rabidam
2958 2779 3080 2827 trux
3116 2790 3329 2845 asperat
3365 2752 3503 2840 iram.

2072 2842 2269 2913 Victor,
2303 2851 2441 2917 quod
2469 2856 2637 2908 sensit
2663 2856 2967 2928 Scythicum
3000 2881 3094 2933 pro
3126 2842 3391 2930 moenibus
3414 2877 3634 2954 hostem,

2072 2931 2292 2954 ,ῴψ-,η
2399 2948 2410 2954 ,
2486 2942 2516 2954 ..
2544 2943 2575 2954 ..
2855 2952 2862 2954 .

2067 2931 2330 3024 Imputat,
2361 2948 2417 2994 et
2446 2942 2579 2995 nihil
2610 2957 2693 3000 est
2722 2952 2953 3016 gravius,
2985 2931 3027 3008 si
3060 2957 3278 3015 forsitan
3315 2980 3544 3034 unquam

2069 3016 2298 3083 Vincere
2325 3032 2628 3101 contingat,
2662 3038 2891 3108 trepido.
2929 3042 3214 3115 Postquam
3256 3016 3485 3127 undique
3524 3065 3631 3117 nul-

3427 3152 3555 3224 [lum

1984 3206 2031 3269 C
2065 3190 2406 3279 Presidium,
2437 3218 2767 3291 ducibusque
2791 3227 2895 3281 tuis
2921 3229 3017 3298 nil,
3045 3231 3235 3302 Roma,
3262 3190 3506 3301 I'BIiCllle
3533 3260 3633 3317 est,

2066 3301 2282 3372 Foedus,
2313 3306 2489 3378 Avite,
2524 3326 2715 3379 novas;
2749 3328 2947 3374 saevum
2978 3331 3066 3378 tua
3098 3328 3286 3397 pagina
3316 3348 3496 3405 regem

2063 3395 2225 3453 Lecta
2254 3399 2468 3468 domat;
2497 3404 2723 3472 jussisse
2751 3418 2835 3465 sat
2861 3422 2944 3467 est
2972 3424 3045 3479 te,
3076 3395 3216 3487 quod
3246 3395 3405 3496 rogat
3423 3432 3595 3491 orbis.

2063 3489 2296 3547 Credent
2326 3494 2426 3549 hoc
2457 3512 2686 3567 unquam
2717 3512 2924 3570 gentes,
2956 3511 3249 3581 populique
3278 3489 3472 3576 futuri?

2064 3580 2263 3638 Littera
2293 3584 2517 3642 Romani
2551 3604 2754 3655 cassat,
2784 3596 2923 3663 quod
2955 3580 3182 3659 barbare
3209 3606 3393 3664 vincis.

2062 3677 2189 3732 .lura
2228 3679 2391 3748 igitur
2421 3683 2591 3749 rexit;
2624 3700 2852 3757 namque
2893 3689 2994 3747 hoc
3032 3710 3245 3766 quoque
3282 3716 3378 3770 par
3412 3705 3545 3774 fuit,
3578 3722 3635 3775 ut

3429 3797 3564 3871 [tum

2060 3866 2313 3921 Assertor
2342 3868 2493 3923 fieret
2526 3871 2701 3940 legum
2722 3914 2737 3938 ,
2767 3877 2853 3942 qui
2888 3893 3025 3934 nunc
3051 3883 3154 3936 erit
3179 3896 3394 3953 auctor;

2060 3957 2136 4012 Ne
2163 3957 2368 4014 dandus
2397 3963 2608 4031 populis
2636 3965 2905 4036 princeps,
2936 3984 3123 4040 caput,
3158 3977 3521 4053 induperator,

2055 4045 2235 4103 Caesar
2264 4057 2318 4104 et
2346 4053 2636 4120 Augustus,
2669 4056 2839 4111 solum
2873 4061 2982 4115 fera
3015 4066 3199 4133 praelia
3229 4045 3432 4129 nosset.

2129 4141 2246 4194 Jam
2277 4144 2605 4211 praefecturae
2636 4147 2947 4215 perfunctus
2974 4155 3209 4212 culmine
3242 4162 3451 4219 tandem

2053 4293 2473 4397 alamanuorum
2502 4316 2593 4355 rex
2624 4306 2994 4397 scriptum‘est
3020 4329 3116 4383 pro
3143 4316 3455 4393 Alanorum,
3484 4332 3626 4397 quod

2058 4364 2203 4419 Erici
2233 4370 2473 4423 monachi
2506 4388 2691 4429 versus
2716 4364 2929 4435 docent.

2129 4448 2161 4529 ξ.
2188 4438 2264 4493 De
2290 4441 2757 4529 hac-auxiliarium.
2774 4450 3089 4529 Hunnorum
3127 4460 3378 4529 perfidia,
3433 4476 3485 4522 et
3522 4469 3626 4525 ho-

2054 4507 2162 4598 stili
2197 4512 2569 4598 gra‘slsat‘ione,
2611 4520 2852 4586 queritur
2893 4507 3627 4598 item“Paulinus-‘librvrde

2050 4577 2166 4631 Vita
2197 4578 2252 4633 S.
2283 4581 2530 4637 Martini:

2271 4717 2839 4803 ‘2'i'iti'1l’itipsvsfass
2861 4738 3023 4803 πηριιξρ.
3039 4738 3267 4803 graviore
3295 4739 3501 4803 ρπίοιοο

2274 4779 2609 4833 Auxiliatores
2631 4795 2883 4847 pateretur
2904 4779 3287 4848 Gallia’Crhnnos.

2086 4839 2237 4910 132
2273 4850 2390 4929 [iam
2414 4856 2595 4929 socium
2620 4839 2729 4917 quis
2753 4860 2885 4929 ferre
2909 4839 3371 4929 ψέξῃ-ἀξίκᾶιῖξὶον
3392 4874 3501 4926 host

2275 4911 2465 4973 Exstet,
2491 4924 2541 4965 et
2563 4911 2808 4970 annexum
2833 4911 3199 4979 rwdhs'iééiiiié
3209 4911 3473 4995 ἶ-ἔρἔῖιὲῗεῖ

2118 5076 2144 5159 (ξ
2172 5079 2455 5139 Renovatce
2482 5101 2601 5167 cum
2631 5088 2971 5167 Theoderico
2999 5100 3139 5163 pacis
3183 5102 3397 5159 laudem
3443 5109 3631 5167 tribuit

2044 5149 2225 5235 Avito,
2261 5164 2368 5246 tum
2394 5156 2644 5246 praefecto
2673 5167 2923 5246 praetorio
2944 5149 3625 5246 aliisin};fliui'ué'éﬁiﬁi

2046 5224 2278 5306 maxime
2320 5227 2509 5279 littcris
2557 5224 2804 5311 inflexum
2849 5224 3161 5311 ad_pacemi
3188 5224 3625 5311 pusi'I’iiioiiHH;

2045 5306 2193 5391 suam
2226 5295 2330 5391 ait;
2365 5300 2733 5391 [illll_SCili(-)Cl,
2767 5320 2899 5391 cum_
2918 5295 3150 5391 Litorius
3184 5295 3366 5391 comes
3405 5295 3620 5391 «(Si

2044 5364 2217 5460 currda
2271 5367 2337 5419 ab
2375 5369 2529 5421 Aetio
2557 5364 2829 5460 potestate
2849 5377 3064 5460 Ennius
3104 5364 3617 5460 auxiliaribus-ptim-

2044 5442 2177 5514 erat,
2210 5451 2381 5504 pugna
2408 5454 2525 5492 cum
2556 5440 2743 5524 Gothis
2766 5448 2830 5499 ad
2849 5448 3093 5524 Tolosam
3127 5440 3327 5515 temere
3342 5440 3619 5524 6.165555,

2044 5504 2215 5592 :ic'tus
2244 5516 2534 5575 captusque
2565 5515 2820 5592 eamdem,
2841 5520 3025 5575 urbem
3046 5504 3327 5592 hostium:
3358 5540 3412 5583 ut
3439 5506 3620 5585 scribit

2044 5573 2340 5656 Salvianus,
2371 5573 2524 5661 quam
2562 5600 2634 5665 eo.
2655 5586 2740 5638 die
2773 5590 3029 5668 victorem
3054 5609 3109 5647 se
3140 5573 3455 5651 intraturum
3489 5616 3618 5668 pra:-

2044 5647 2574 5733 sumpsi'tgncaptivus
2620 5655 3069 5733 _intravit,_anno,
3105 5672 3159 5717 ut
3201 5647 3308 5733 jam
3361 5647 3615 5723 malim.

2044 5731 2189 5779 mus,
2235 5719 2360 5772 459.
2398 5722 2572 5786 Quare
2619 5725 2672 5778 in
2722 5719 2967 5786 eumdem
3015 5719 3389 5790 incidit'Atiti
3426 5719 3623 5807 pt‘tefc'

2044 5796 2216 5842 ctura.
