4072 6348
450 311 553 367 687

446 423 519 479 Se
548 421 771 478 dederat
797 424 939 488 ruri;
974 433 1245 491 nunquam
1274 428 1453 473 tamen
1479 419 1586 473 otia
1605 462 1618 487 ,
1650 430 1917 486 nunquam

444 514 660 571 Desidia
689 513 944 581 imbellis,
974 512 1319 582 studiumque
1353 520 1408 566 et
1436 525 1563 565 cura
1594 510 1776 580 quieto

380 590 391 655 ⁷
442 607 732 662 Armorum
764 619 1015 673 semper;
1048 612 1073 639 ⁸
1101 602 1279 658 subito
1305 618 1426 658 cum
1454 613 1607 673 rupta
1637 601 1863 656 tumultu

443 696 729 753 Barbaries
758 703 896 750 totas
929 696 981 749 in
1014 704 1063 749 te
1092 695 1489 751 transfunderat
1515 703 1711 760 arctos,

442 791 603 861 3&1
635 788 838 853 Gallia;
870 802 1162 859 pugnacem
1196 788 1401 857 Rugum
1431 788 1724 842 comitante
1753 786 1981 851 Gelono,

443 880 647 949 Gepida
677 889 796 934 trux
823 879 1091 949 sequitur,
1120 879 1147 918 ιι
1180 879 1405 949 Scyrum
1437 878 1742 948 Burgundio
1772 877 1947 946 cogit;

444 971 688 1036 Chunus,
722 969 1059 1037 Bellonotus,
1092 969 1322 1037 Neurus,
1359 971 1642 1035 Basterna,
1676 968 1962 1038 Toringus,

446 1066 755 1130 Bructerus,
790 1065 971 1119 ulvosa
1005 1080 1163 1133 quem
1193 1065 1273 1118 vel
1307 1066 1322 1094 ¹
1352 1063 1507 1119 Nicer
1536 1063 1707 1117 abluit
1737 1061 1906 1126 unda,

446 1158 753 1227 Prorumpit
787 1156 1058 1222 Francus;
1085 1156 1281 1211 cecidit
1310 1155 1415 1209 cito
1443 1164 1585 1209 secta
1618 1153 1831 1222 bipenni

447 1251 696 1306 llercinia
728 1249 781 1304 in
813 1249 1022 1313 lintres,
1054 1258 1107 1303 et
1134 1248 1378 1303 Rhenum
1411 1248 1579 1302 texuit
1618 1245 1760 1300 alno.

458 1345 524 1398 Et
551 1346 660 1412 jam
694 1343 939 1398 terriﬁcis
972 1342 1253 1397 diﬂ'uderat
1282 1342 1445 1401 Attila
1477 1341 1667 1395 turmis

446 1436 504 1489 In
536 1450 755 1504 campos
786 1450 865 1500 se,
900 1436 1055 1503 Belga
1077 1475 1093 1501 ,
1128 1444 1278 1499 tuus;
1307 1435 1395 1487 vix
1429 1434 1659 1503 liquerat
1687 1431 1850 1501 Alpes

449 1528 657 1593 Aetius,
692 1537 850 1583 tenue
880 1538 933 1582 et
961 1542 1141 1583 rarum
1169 1528 1286 1583 sine
1318 1527 1490 1581 milite
1518 1526 1721 1582 ducens

451 1617 632 1673 Robur
664 1619 717 1672 in
749 1619 961 1673 auxiliis
991 1619 1230 1673 Geticum
1264 1618 1402 1672 male
1431 1617 1683 1673 credulus
1714 1631 1904 1685 agmen

447 1709 725 1763 Incassum
760 1710 991 1780 prOpriis
1022 1725 1353 1779 praesumens
1379 1710 1563 1764 adfore
1595 1711 1807 1765 castris.

447 1803 679 1857 Nuntius
708 1813 763 1857 at
789 1815 1069 1873 postquam
1104 1805 1379 1859 ductorem
1418 1805 1681 1874 perculit,
1716 1804 1936 1857 llunnos

448 1892 564 1946 Jam
605 1907 771 1962 prepe
802 1902 1167 1963 contemptum
1206 1895 1440 1964 propriis
1479 1896 1531 1948 in
1575 1894 1790 1950 sedibus
1831 1894 2038 1950 hostem

445 1987 774 2055 Exspectare
801 1987 986 2052 Getas,
1017 1997 1199 2042 versat
1234 2002 1391 2057 vagus
1423 1988 1603 2041 omnia
1633 2001 1814 2042 secum

446 2078 713 2145 Consilia,
746 2088 801 2133 et
831 2089 1065 2134 mentem
1093 2095 1341 2133 curarum
1375 2080 1625 2133 fluctibus
1651 2089 1821 2149 urget.

446 2172 691 2227 Tandem
722 2176 993 2227 cunctanti
1020 2172 1163 2227 sedit
1192 2173 1489 2239 sententia,
1520 2173 1721 2227 celsum

446 2264 695 2320 Exorare
726 2266 897 2319 virum
920 2306 934 2329 ,
966 2264 1318 2331 collectistgue
1346 2265 1595 2319 omnibus
1626 2279 1729 2318 una

446 2358 805 2427 Principibus,
837 2372 1019 2411 coram
1050 2359 1273 2427 supplex
1306 2357 1384 2411 sic
1416 2358 1609 2411 talibus
1640 2358 1775 2410 iniit.

522 2451 704 2516 Orbis,
735 2451 911 2514 Avite,
942 2450 1109 2515 salus,
1140 2451 1226 2503 cui
1253 2465 1359 2504 non
1393 2465 1531 2504 nova
1561 2450 1731 2519 gloria
1760 2465 1902 2504 nunc
1927 2459 2037 2515 est,

449 2542 605 2607 Quod
636 2551 789 2610 rogat
818 2541 1037 2607 Aetius;
1066 2541 1285 2595 voluisti
1305 2584 1317 2601 ,
1351 2552 1403 2595 et
1433 2558 1537 2595 non
1571 2550 1727 2596 nocet
1757 2541 1925 2597 hostis
1954 2559 1966 2593 :

451 2642 475 2671 ο
507 2632 634 2686 Vis?
664 2631 915 2702 prodest;
949 2632 1153 2686 inclusa
1185 2639 1333 2686 tenes
1363 2641 1439 2685 tot
1469 2634 1631 2686 millia
1664 2642 1824 2698 nutu,

446 2722 517 2779 Et
546 2723 759 2793 populis
788 2722 987 2778 Geticis
1013 2724 1127 2776 sola
1158 2734 1239 2778 est
1271 2733 1357 2778 tua
1388 2726 1558 2792 gratia
1587 2724 1761 2780 limes.

447 2813 649 2870 lnfensi
678 2829 893 2883 semper
924 2814 1099 2881 nobis,
1130 2830 1317 2884 pacem
1352 2815 1445 2869 tibi
1477 2825 1753 2884 przestant.

447 2903 710 2961 Victrices
740 2906 758 2960 i
790 2920 975 2975 prome
1012 2907 1215 2976 aquilas
1246 2925 1259 2959 :
1293 2906 1395 2971 fac,
1426 2908 1647 2975 optime,
1684 2909 1900 2963 Chunos

446 2998 683 3064 Quorum
712 2997 850 3053 forte
880 3000 1022 3069 prior
1050 3002 1169 3069 fuga
1201 3014 1299 3053 nos
1324 3008 1672 3054 concusserat
1697 3000 1826 3055 olim
1847 3042 1862 3066 ,

446 3089 537 3146 Bis
565 3091 735 3146 victor
762 3090 1021 3160 prodesse
1050 3090 1199 3144 mihi.
1235 3090 1325 3146 Sic
1353 3092 1513 3158 fatus,
1548 3099 1602 3143 et
1633 3090 1723 3146 ille

447 3186 723 3243 Pollicitus
751 3195 965 3253 votum,
998 3186 1121 3241 fecit
1147 3202 1318 3255 spem.
1353 3185 1602 3239 Protinus
1632 3184 1760 3239 inde

449 3279 721 3344 Advolat,
750 3288 804 3335 et
833 3279 1062 3333 famulas
1092 3278 1145 3332 in
1177 3279 1358 3347 praelia
1386 3277 1619 3332 concitat
1647 3278 1773 3333 iras.

448 3371 605 3432 Ibant
634 3373 835 3442 pellitae
866 3382 987 3441 post
1013 3372 1237 3427 classica
1270 3372 1495 3427 Romula
1528 3382 1737 3438 turmae,

451 3465 534 3524 Ad
563 3479 761 3523 nomen
789 3474 1042 3520 currente
1067 3465 1233 3531 Geta;
1266 3464 1418 3521 timet
1444 3478 1553 3520 aere
1580 3462 1763 3519 vocari

440 3713 445 3723 '
524 3706 553 3735 ι
581 3696 783 3765 Duplex
811 3695 912 3751 alia
944 3697 1138 3767 legatio
1168 3696 1337 3767 Aviti.
1364 3695 1520 3767 Prior
1543 3694 1611 3749 ad
1643 3692 2040 3767 Theodericum

454 3764 732 3833 eumdem,
770 3782 889 3823 cum
935 3764 1171 3823 irruente
1213 3767 1266 3821 in
1315 3766 1542 3822 Galliam
1588 3765 1750 3819 Attila
1793 3764 2041 3819 Tolosam

452 3840 592 3894 Aetii
623 3847 807 3908 rogatu
839 3840 1105 3907 profectus
1132 3847 1243 3903 est,
1278 3845 1339 3891 ut
1380 3836 1585 3892 Gothos
1632 3837 1687 3890 in
1718 3835 1848 3891 belli
1892 3835 2040 3890 llun-

452 3910 561 3963 nici
589 3912 899 3964 societatem
931 3911 1281 3977 pertraheret.

530 3980 557 4019 δ
592 3982 797 4049 Vulgati
842 3982 967 4034 olim
992 4023 1006 4041 ,
1048 3980 1260 4034 Scotum
1285 3995 1304 4033 :
1353 3978 1535 4048 scripti
1570 3978 1782 4033 Scerum
1827 3979 2037 4049 legunt,

452 4060 547 4104 aut
576 4048 851 4118 Socerum,
882 4052 1025 4121 quod
1071 4067 1168 4119 pro
1212 4049 1384 4120 Scyro
1422 4051 1489 4103 ab
1529 4050 1843 4120 antiquariis
1879 4048 2042 4104 scribi

451 4123 670 4176 solitum
689 4163 703 4186 ,
735 4132 791 4176 ut
821 4138 1029 4190 goerum
1056 4137 1153 4190 pro
1183 4137 1366 4190 gyrum
1396 4121 1534 4190 apud
1565 4121 1884 4176 Ausonium.
1909 4121 2043 4189 Scy-

454 4206 549 4247 ros
600 4202 779 4246 autem
830 4192 1133 4259 Scythicam
1186 4202 1433 4259 gentem,
1486 4192 1778 4245 Alanorum
1835 4199 2036 4259 partem

451 4261 619 4317 fuisse
648 4263 804 4316 docet
833 4262 1155 4325 Jornandes,
1195 4276 1394 4328 eosque
1424 4270 1545 4328 post
1586 4262 1765 4315 Attilae
1810 4269 2035 4314 mortem

454 4333 510 4385 in
536 4332 717 4386 Moesia
740 4331 1067 4395 consedisse,
1093 4340 1201 4385 tum
1226 4341 1407 4398 postea
1435 4330 1730 4385 Odoacrem
1758 4333 1808 4385 in
1834 4331 2037 4384 italiam

457 4411 692 4456 SCCUIOS.

444 4490 449 4497 ·
533 4481 555 4508 ο
588 4470 761 4536 Olim,
796 4471 993 4539 inquit,
1035 4484 1157 4524 cum
1203 4470 1292 4523 tibi
1337 4470 1593 4524 victorem
1637 4468 2031 4525 Theodericum

460 4540 526 4593 ad
566 4555 748 4609 pacem
782 4540 981 4594 hortari
1028 4540 1209 4607 libuit,
1256 4540 1412 4593 desiit
1443 4553 1673 4593 nocere:
1706 4554 1847 4593 nunc
1884 4541 1929 4595 si
1960 4542 2039 4595 vis

460 4610 653 4665 iterum
684 4626 892 4680 rogare,
928 4611 1164 4679 proderit
1192 4609 1301 4665 suis
1332 4610 1561 4663 auxiliis.
1589 4610 1677 4664 Sic
1707 4625 1835 4679 ergo
1862 4612 2042 4680 legen-

458 4681 584 4747 dus,
613 4692 668 4736 et
709 4681 1109 4750 distinguendus
1155 4681 1240 4735 hic
1289 4680 1456 4735 locus.
1498 4681 1628 4734 Nam
1674 4682 1936 4735 sententia
1985 4682 2037 4736 in

458 4752 686 4820 vulgatis
721 4752 863 4806 nulla
892 4762 1025 4805 erat.
1058 4752 1166 4807 Nec
1198 4753 1375 4805 minus
1402 4751 1618 4817 elegans
1645 4752 1881 4806 clausula
1912 4767 2037 4805 ora-

457 4823 640 4889 tionis,
686 4838 789 4891 qua
836 4830 983 4890 optat
1028 4822 1245 4877 llunnos
1284 4823 1373 4891 qui
1422 4821 1561 4876 bello
1608 4822 1867 4889 Gothico,
1913 4838 2034 4877 cum

456 4893 748 4947 auxiliares
789 4902 1003 4958 essent,
1042 4895 1164 4946 victi
1212 4903 1534 4958 nocuerant,
1567 4894 1840 4961 cladisque
1887 4893 2036 4947 Lito—

396 4970 402 5011 Ξ
456 4964 620 5017 11111110
652 4972 897 5018 auctores
934 4964 1054 5033 fuga
1098 4978 1190 5017 sua
1236 4963 1475 5029 fuerant,
1510 4980 1649 5017 nunc
1693 4978 1814 5018 cum
1856 4965 2038 5020 hostes

394 5072 395 5075 η
455 5044 609 5100 sunt,
640 5037 828 5095 iterum
857 5035 1182 5103 vinciatqne
1212 5035 1285 5087 ita
1311 5034 1390 5088 bis
1413 5036 1581 5087 victos
1613 5035 1886 5103 prodesse.

532 5103 557 5139 «1
597 5106 763 5159 Varro
806 5106 943 5172 apud
985 5102 1335 5159 Censorinum
1372 5107 1437 5157 de
1479 5104 1565 5157 die
1604 5102 1765 5159 natali
1807 5119 1924 5173 cap.
1973 5107 2038 5160 17

457 5185 672 5239 narrat,
704 5176 918 5229 audisse
944 5190 1002 5229 se
1040 5190 1101 5228 ex
1136 5174 1314 5229 Vettio
1351 5189 1583 5243 augure,
1610 5179 1653 5229 si
1681 5178 1754 5228 ila
1783 5186 1940 5239 esset,
1984 5184 2039 5229 ut

460 5249 718 5298 traderent
761 5246 988 5297 historici
1029 5246 1091 5297 de
1128 5244 1331 5298 Romuli
1374 5245 1526 5299 Urbis
1556 5246 1834 5299 condendw
1862 5247 2039 5313 auspi-

459 5315 581 5378 ciis,
614 5331 673 5367 ac
715 5316 779 5369 1‘2
816 5316 1097 5368 vulturibus
1135 5317 1374 5385 quoniam
1414 5317 1513 5370 121)
1558 5334 1717 5369 annos
1766 5317 2036 5369 incolumis

498 5388 761 5467 rtelert'ssct
798 5385 1019 5467 populus
1059 5385 1340 5467 Romanus,
1381 5387 1449 5467 ad
1486 5386 2033 5467 l‘_2l)0perpeti-turum.

457 5400 761 5512 ﬁ'tetertssct
798 5400 1019 5467 populus
1059 5400 1340 5449 uonzanus,
1381 5400 1448 5438 aa
1486 5400 1615 5441 IZUU
1654 5400 2033 5455 perventurum.

468 5522 471 5523 ν
513 5470 628 5523 ujus
655 5458 887 5510 vattcmii
918 5468 1181 5510 memores
1218 5456 1472 5521 Romani,
1504 5457 1715 5511 Alarico
1746 5459 1798 5510 in
1832 5456 2035 5510 Italiam

455 5522 721 5593 irruente,
754 5536 810 5581 ut
838 5526 1158 5581 Claudianus
1183 5526 1250 5581 de
1290 5526 1431 5580 bello
1471 5524 1652 5581 Getico
1690 5528 1905 5592 scribit,
1933 5527 2034 5583 Ur-

535 5690 553 5721 ¹
578 5687 871 5743 Hadrianus
894 5684 1134 5739 Valesius
1159 5684 1277 5738 Rer.
1305 5681 1544 5735 Francia.
1572 5682 1662 5735 lib.
1683 5699 1734 5750 v,
1762 5699 1880 5752 pag.
1904 5683 2031 5746 221,

458 5761 619 5819 scribi
649 5760 753 5812 vult
792 5758 959 5812 Vicer.
1001 5753 1155 5825 (Vide
1188 5754 1321 5810 infra
1347 5762 1528 5811 notam
1550 5752 1627 5841 ad
1661 5769 1827 5813 carm.
1857 5754 1957 5820 23,
1989 5770 2041 5812 v.

1736 298 1976 362 SIDONII
2020 286 2474 352 APOLLINARIS

2066 417 2120 474 Α
2147 407 2308 479 342
2346 406 2591 472 Dirutus,
2637 402 2984 473 oppronrium
3028 412 3137 455 non
3179 398 3435 453 damnum
3476 398 3751 453 barbarus

3631 283 3754 341 638

3382 490 3658 561 [horrens

2140 591 2250 647 llos
2275 590 2341 645 ad
2371 589 2509 645 bella
2542 585 2707 642 trahit
2732 594 2846 641 tum
2874 584 2985 653 jam
3012 597 3138 653 spes
3164 582 3311 637 orbis
3338 582 3553 646 Avitus,

2139 684 2236 739 Vel
2267 684 2380 753 jam
2413 683 2677 753 privatus,
2716 679 2803 734 vel
2834 678 3028 734 adhuc.
3060 674 3149 733 Sic
3173 677 3420 732 cinnama
3450 677 3630 747 busto,

2140 775 2307 832 Collis
2342 772 2609 844 Erythraei
2648 780 2869 840 portans
2907 769 3195 825 Phtebeius
3226 770 3361 836 ales,

2138 868 2385 923 Concitat
2411 881 2572 921 omne
2610 865 2788 919 avium
2829 864 3057 934 vulgus:
3091 862 3403 917 famulantia
3432 871 3663 918 currunt

2141 959 2400 1028 Agmina,
2440 970 2494 1011 et
2534 965 2796 1025 angustus
2832 969 3037 1024 pennas
3070 969 3177 1009 non
3210 953 3445 1023 explicat
3479 970 3593 1010 aer.

2218 1051 2244 1086 ιι
2282 1050 2397 1105 Jam
2431 1064 2597 1119 prope
2634 1049 2738 1103 fata
2775 1049 2847 1102 tui
2883 1048 3127 1104 bissenas
3154 1047 3386 1102 vulturis
3420 1047 3534 1102 alas

2140 1148 2496 1217 Complebant
2528 1146 2659 1215 (scis
2685 1160 2916 1215 namque
2939 1154 3057 1201 tuos
3079 1182 3095 1211 ,
3118 1145 3246 1210 scis,
3277 1145 3467 1211 Roma,
3503 1144 3758 1213 labores)

2147 1249 2170 1276 ε
2206 1242 2417 1296 Aetium
2451 1239 2698 1293 Placidus
2726 1237 2990 1292 mactavit
3029 1237 3250 1291 semivir
3287 1252 3474 1293 amens

2144 1333 2354 1402 Vixque
2380 1340 2472 1386 tuo
2504 1331 2813 1401 impositum
2844 1329 3003 1398 capiti
3028 1328 3310 1398 diadema,
3345 1330 3569 1389 Petroni
3600 1353 3611 1387 :

2144 1427 2293 1482 lllico
2327 1425 2621 1489 barbaries,
2654 1439 2756 1479 nec
2786 1438 2893 1479 non
2923 1422 3025 1478 sibi
3059 1431 3215 1493 capta
3250 1424 3423 1479 videri

2144 1520 2315 1574 Roma
2358 1519 2527 1583 Getis,
2566 1518 2830 1585 tellusque
2869 1531 2967 1571 suo
3004 1528 3225 1570 cessura
3260 1515 3460 1585 furori,

2143 1610 2410 1678 Raptores
2448 1622 2544 1664 ceu
2582 1608 2719 1662 forte
2754 1606 2895 1675 lupi,
2931 1606 3048 1675 quis
3087 1621 3216 1662 nare
3253 1608 3430 1677 sagaci

2152 1701 2413 1755 Monstrat
2452 1701 2587 1755 odor
2619 1700 2868 1769 pinguem
2908 1699 3107 1755 clausis
3143 1700 3210 1753 ab
3250 1700 3480 1760 ovilibus
3516 1717 3743 1773 auram,

2074 1792 2121 1852 Β
2152 1794 2398 1864 irritant,
2435 1803 2737 1862 acuuntque
2772 1792 2991 1860 famem,
3036 1799 3356 1863 portantque
3384 1794 3586 1864 rapinae

2144 1887 2203 1942 ln
2242 1888 2390 1942 vultu
2424 1888 2687 1958 speciem,
2725 1885 2905 1955 patulo
2932 1885 3131 1954 jejunia
3164 1887 3299 1941 rictu

2147 1979 2452 2045 Fallentes;
2486 1980 2594 2049 jam
2628 1978 3037 2047 jamqueltener
3074 1992 3170 2047 spe
3195 1979 3473 2049 [frangitur
3509 1995 3713 2050 agnus,

2148 2075 2321 2143 Atque
2353 2073 2547 2127 absens
2579 2072 2737 2125 avido
2772 2072 3001 2141 crepitat
3032 2072 3141 2142 jam
3180 2074 3358 2143 prazda
3394 2075 3593 2144 palato.

2221 2168 2360 2235 Quin
2398 2178 2453 2222 et
2485 2168 2832 2222 Aremoricus
2867 2167 3093 2237 piratam
3126 2169 3337 2225 Saxona
3375 2179 3576 2226 tractus

2146 2264 2443 2333 Sperabat,
2472 2264 2557 2318 cui
2596 2263 2735 2331 pelle
2764 2263 2934 2318 salum
2970 2250 3184 2319 sulcare
3225 2266 3537 2319 Britannum

2145 2356 2349 2422 Ludus,
2381 2367 2432 2410 ct
2464 2365 2647 2410 assuto
2686 2356 2931 2423 glaucum
2968 2371 3113 2411 mare
3155 2356 3357 2413 findere
3396 2358 3592 2413 lembo.

2147 2447 2386 2502 Francus
2421 2448 2747 2502 Germanum
2782 2446 3011 2516 primum
3034 2488 3048 2512 ,
3089 2449 3410 2519 Belgamque
3436 2450 3733 2506 secundum

2147 2543 2466 2607 Sternebat,
2496 2542 2848 2611 Rhenumque
2883 2543 3038 2597 ferox
3072 2544 3371 2599 Alamanne
3410 2546 3629 2601 bibebas

2146 2634 2405 2689 Romanis
2436 2632 2593 2702 ripis,
2625 2642 2678 2687 et
2713 2644 2939 2704 utroque
2972 2636 3235 2702 superbus
3268 2636 3318 2689 in
3361 2652 3490 2705 agro

2152 2724 2171 2763 τ
2216 2726 2308 2781 Vel
2340 2726 2497 2792 civis,
2525 2726 2609 2781 vel
2639 2726 2809 2781 victor
2837 2740 2978 2781 eras.
3006 2726 3110 2781 Sed
3144 2728 3350 2795 perdita
3381 2744 3607 2784 cernens

2146 2817 2433 2872 Terrarum
2470 2817 2677 2886 spatia,
2718 2818 2970 2887 princeps
3004 2818 3115 2888 jam
3153 2818 3437 2887 Maximus,
3468 2836 3627 2875 unum

2145 2914 2300 2981 Quod
2340 2914 2438 2969 iuit
2470 2913 2524 2969 in
2567 2912 2761 2981 rebus,
2804 2914 3151 2986 peditumque
3185 2918 3530 2988 equitumque
3565 2920 3732 2990 magi-

3494 3020 3665 3066 atrum

2147 3097 2224 3153 Te
2258 3099 2389 3159 sibi.
2423 3099 2600 3165 Avite,
2635 3099 2806 3169 legit:
2847 3100 3026 3156 collati
3057 3116 3244 3158 rumor
3276 3012 3492 3158 1101101·Ῑὲ

2073 3178 2119 3238 C
2152 3190 2359 3246 Invenit
2387 3191 2863 3260 agricolam,'tlexi
2896 3193 3022 3247 dum
3057 3193 3195 3248 forte
3224 3194 3415 3264 ligonis

2152 3281 2382 3336 Exercet
2422 3282 2642 3349 dentes,
2683 3283 2764 3338 vel
2803 3283 2980 3352 pando
3013 3298 3213 3353 pronus
3241 3296 3421 3340 aratro

2151 3372 2312 3444 343
2334 3373 2506 3429 Vertit
2539 3376 2872 3430 inexcoctam
2902 3393 2999 3448 per
3026 3378 3239 3448 pinguia
3274 3378 3459 3449 jugera
3493 3379 3734 3452 glebam,

2158 3465 2253 3522 Sic
2288 3466 2555 3536 quondam
2591 3466 2659 3521 ad
2694 3470 2884 3537 patriae
2928 3484 3015 3525 res
3050 3469 3245 3525 fractas
3283 3485 3485 3541 panper
3516 3480 3696 3527 arator

2151 3694 2235 3765 bis
2265 3695 2473 3751 ruinam
2505 3697 2846 3765 metuebant,
2872 3697 2971 3753 etsi
3000 3712 3261 3752 annorum
3296 3713 3577 3751 numerum
3607 3713 3739 3751 non-

2148 3764 2275 3820 dum
2305 3768 2603 3836 explerant.
2644 3764 2853 3835 JUpiter
2881 3768 3203 3823 Sidonianns
3232 3768 3439 3838 augurii
3480 3779 3737 3823 eventum

2150 3838 2250 3891 sub
2280 3837 2417 3892 Aetii
2458 3851 2511 3893 et
2543 3839 2899 3893 Valentiniani
2940 3840 3143 3893 caedem
3184 3839 3495 3908 impendere
3536 3842 3740 3895 denum

2148 3908 2278 3989 tiat,_
2303 3924 2409 3978 quo
2439 3918 2677 3977 tempore
2703 3909 2832 3965 urbs
2872 3911 3038 3964 Roma
3068 3910 3215 3965 mille
3246 3911 3508 3965 ducentos
3545 3911 3733 3981 paucis

2153 3991 2220 4032 ιι]
2230 3994 2311 4032 HIS
2342 3991 2669 4035 excesserat.

2228 4059 2251 4085 ο
2280 4050 2514 4122 Tempus
2549 4060 2727 4117 notat,
2765 4065 3087 4122 causamque
3126 4050 3290 4105 delati
3322 4051 3477 4106 Avito
3516 4050 3740 4120 11011³0-

2156 4120 2390 4192 tronium
2441 4121 2727 4176 Maximum
2774 4120 3340 4192 militize'magistcrii.
3387 4121 3539 4177 Cmso
3588 4122 3735 4177 enim

2150 4200 2272 4260 post
2311 4191 2449 4245 Aetii
2488 4207 2671 4247 necem
2704 4191 3275 4259 Valentiniano,’cum
3320 4194 3582 4247 Maximus
3616 4208 3741 4260 pur-

2150 4276 2339 4331 puram
2368 4262 2659 4331 induisset,
2690 4264 2945 4317 continuo
2975 4264 3147 4319 exorti
3176 4270 3301 4317 sunt
3327 4264 3377 4315 in
3403 4264 3573 4317 Gallia
3602 4263 3735 4318 varii

2149 4330 2327 4405 motus
2377 4330 2698 4402 Gothorum,
2754 4336 3053 4402 Saxonum,
3109 4334 3262 4405 133
3294 4334 3620 4389 Francorum
3678 4345 3733 4388 et

2148 4403 2588 4473 Alamannorum.
2637 4404 2716 4459 Ad
2758 4419 2891 4473 quos
2941 4403 3203 4459 sedandos
3223 4403 3385 4459 —nihil
3436 4406 3731 4458 consultius

2145 4472 2320 4545 visum
2350 4474 2601 4545 Maximo,
2625 4472 2789 4542 quam
2809 4483 2865 4528 ut
2888 4476 3100 4529 Avitum
3127 4475 3359 4545 peditum
3382 4476 3732 4545 equitumque

2145 4556 2242 4613 per
2268 4542 2470 4597 Gallias
2498 4545 2810 4613 magistrum
2837 4555 3065 4600 crearet.

2226 4611 2243 4650 ί
2278 4611 2696 4669 Alamannorum
2724 4616 2868 4669 0111111
2909 4617 3065 4671 sedes
3104 4618 3155 4670 in
3185 4617 3377 4672 Suevia
3412 4626 3557 4671 trans
3593 4618 3735 4671 Rhe-

2145 4698 2295 4737 num.
2330 4682 2481 4738 Nunc
2504 4685 2698 4757 Rheno
2746 4687 2966 4755 trajectu
3012 4687 3314 4742 citeriorem
3360 4703 3571 4757 quoque
3618 4688 3728 4741 Ro-

2146 4767 2427 4827 manorum
2471 4756 2637 4825 ripam
2679 4755 3023 4812 infestabant.
3064 4758 3243 4827 Itaque
3291 4759 3343 4813 in
3377 4755 3499 4824 hac,
3536 4758 3586 4812 id
3619 4767 3733 4825 est,

2146 4823 2202 4899 in
2242 4823 2805 4899 Gallicanaivictores,
2862 4828 2916 4899 in
2961 4823 3278 4883 Germanica
3326 4844 3483 4899 quam
3531 4823 3734 4883 (1111111111

2145 4894 2471 4959 incolebant,
2496 4897 2641 4952 cives
2663 4906 2837 4952 erant.
2867 4898 2971 4953 Sed
3004 4914 3108 4953 non
3139 4900 3306 4953 multo
3338 4894 3457 4967 post
3484 4900 3536 4952 in
3568 4901 3735 4955 Galli-

2143 4980 2332 5039 canam
2360 4982 2572 5037 quoque
2595 4970 2983 5039 immigrarunt,
3017 4978 3288 5039 totamque
3312 4971 3455 5023 illam
3488 4970 3733 5024 Maxima:

2145 5035 2514 5110 Sequanorum
2562 5035 2769 5108 partem
2816 5051 3145 5109 occuparunt
3184 5035 3303 5110 quae
3350 5055 3379 5093 a
3427 5040 3617 5094 Rheno
3664 5043 3735 5092 ad

2146 5105 2330 5161 Juram
2362 5124 2527 5179 usque
2563 5105 2801 5165 montem
2836 5105 3163 5179 porrigitur:
3201 5105 3286 5164 cui
3325 5120 3380 5165 et
3411 5125 3564 5164 novae
3586 5110 3737 5179 ,Ala-

2144 5176 2603 5250 manniaenomen
2635 5176 2895 5234 fecerunt.
2929 5176 3005 5234 De
3023 5196 3125 5250 qua
3156 5180 3369 5250 quidem
3397 5176 3733 5235 Cisrhe‘nana

2142 5248 2467 5320 seuGallica
2500 5250 2843 5313 Alamannia,
2890 5259 2998 5303 tum
3041 5248 3127 5305 alii
3174 5248 3406 5320 passim,
3440 5261 3549 5304 tum
3595 5252 3729 5305 Gre-

2142 5319 2326 5390 gorius
2356 5319 2683 5373 Turonensis
2722 5322 2775 5372 in
2810 5319 2924 5373 Vita
2963 5321 3058 5376 SS.
3100 5319 3339 5390 Lupicini
3371 5333 3427 5376 et
3452 5322 3679 5375 Romani
3722 5341 3731 5371 :

2144 5387 2253 5462 Illa
2288 5387 2520 5462 Iurensis
2560 5390 2746 5462 deserti
2783 5400 3001 5456 secreta,
3043 5408 3157 5462 qua?
3182 5387 3334 5445 'inler
3372 5391 3733 5462 Burgundium

2144 5459 2601 5529 Alamanniamque
2628 5460 2746 5527 sita,
2772 5461 3026 5516 Aventij
3047 5459 3286 5533 adjacent
3308 5459 3515 5518 civitati.

2145 5682 2299 5754 211.)

2341 5685 2570 5743 8111111118
2608 5688 2881 5785 Sirmond.
2922 5691 3116 5758 editor,
3163 5688 3369 5761 praefat.
3418 5689 3485 5746 ad
3530 5698 3659 5748 tom.
3694 5689 3736 5757 Ι,
