4072 6348
309 410 421 468 689

304 526 629 581 Cincinnate
656 527 826 593 venis,
858 538 1090 585 veterem
1121 544 1241 587 cum
1275 542 1323 586 te
1353 532 1524 587 induit
1551 550 1685 591 uxor
1809 568 1823 581 ο

305 618 451 673 Ante
481 617 643 671 boves
676 617 944 685 trabeam,
973 621 1395 689 dictatoremque
1425 626 1642 693 salignze

306 710 586 779 Excepere
615 708 778 774 fores,
807 719 969 781 atque
1000 712 1064 766 ad
1092 728 1183 767 sua
1213 723 1348 769 tecta
1385 719 1639 773 ferentem

303 801 463 870 Quod
495 817 599 855 non
632 803 889 871 persevit,
918 804 1161 874 turpique
1187 821 1218 860 e
1249 805 1391 861 fasce
1419 821 1635 878 gravata
1728 815 1741 828 '

303 893 427 948 Vile
459 892 792 961 triumphalis
822 895 1051 962 portavit
1078 910 1307 966 purpura
1339 912 1543 954 semen.

381 983 448 1038 Ut
483 983 711 1053 primum
748 986 936 1054 ingesti
971 986 1176 1054 pondus
1208 991 1445 1058 suscepit
1488 992 1726 1056 llOﬂOl‘lS,

302 1078 477 1146 chas
512 1077 602 1146 qui
656 1078 865 1131 veniam
907 1088 1161 1146 poscant,
1203 1081 1523 1148 Alamanne,
1561 1082 1776 1139 furoris.

298 1170 540 1225 Saxonis
575 1170 819 1224 incursus
848 1181 1054 1235 cessat,
1091 1181 1116 1208 α
1145 1173 1502 1245 Catthumque
1533 1177 1755 1245 palustri

298 1263 500 1332 Alligat
529 1263 679 1316 Albis
709 1277 883 1332 aqua:
917 1264 1111 1333 vixque
1140 1266 1239 1321 hoc
1272 1276 1352 1321 ter
1374 1277 1647 1323 menstrua
1680 1278 1847 1325 totum

300 1355 451 1409 Luna
486 1355 650 1409 videt.
684 1355 706 1392 δ
734 1355 962 1424 Jamque
988 1358 1053 1411 ad
1091 1359 1315 1429 populos
1348 1370 1403 1415 et
1432 1377 1554 1418 rura
1582 1363 1743 1420 feroci

298 1449 472 1503 Tcnta
508 1447 657 1503 Getae
688 1449 961 1516 protendit
988 1449 1110 1517 iter,
1148 1466 1249 1519 qua
1282 1453 1468 1520 pulsus
1501 1454 1569 1508 ab
1603 1465 1739 1510 aestu

298 1540 568 1607 Oceanus,
601 1539 827 1592 reﬂuum
859 1541 1060 1611 spargit
1090 1555 1185 1610 per
1216 1543 1357 1597 culta
1390 1545 1715 1601 Garumnam
1735 1587 1748 1610 ,

300 1629 360 1683 In
396 1629 594 1683 ﬂumen
631 1638 884 1683 currente
912 1632 1083 1685 mari:
1120 1633 1448 1688 transcendit
1480 1651 1694 1690 amarus

299 1723 503 1778 Blanda
526 1723 721 1778 ﬂuenta
756 1723 917 1789 latex,
943 1724 1193 1795 ﬂuviique
1224 1727 1448 1796 impacta
1482 1745 1578 1798 per
1603 1731 1811 1787 alveum

302 1816 458 1871 Salsa
485 1814 826 1884 peregrinum
856 1817 955 1870 sibi
984 1818 1197 1887 navigat
1223 1819 1363 1873 unda
1395 1822 1737 1889 profundum.

299 1905 399 1960 llic
417 1906 526 1973 jam
547 1904 806 1974 disposito
832 1907 1071 1961 laxantes
1103 1908 1250 1963 frena
1280 1910 1459 1966 duello

302 2008 327 2037 ο
360 1997 620 2053 Vesorum
654 2012 904 2067 proceres
930 2001 1122 2068 raptim
1153 2002 1433 2070 suspendit
1452 2005 1518 2059 ab
1542 2005 1618 2060 ira

300 2092 525 2158 Rumor,
556 2092 583 2127 ά
614 2090 886 2147 succincte
917 2094 1157 2149 referens
1186 2094 1477 2165 diplomate
1508 2098 1721 2153 Avitum

298 2184 417 2241 Jam
446 2184 658 2239 Geticas
688 2185 891 2239 intrare
915 2184 1124 2249 domos,
1157 2188 1437 2257 positaque
1467 2205 1750 2260 parumper

300 2276 439 2331 Mole
464 2274 780 2345 magisterii,
810 2275 967 2345 legati
991 2275 1113 2345 jura
1139 2278 1368 2333 subisse.

212 2432 219 2439 Α
296 2370 632 2439 Obstupuere
659 2368 823 2424 duces
852 2368 1056 2439 pariter
1086 2369 1476 2442 Scythicusque
1504 2382 1741 2441 senatus,

296 2460 367 2515 Et
402 2460 631 2516 timuere
655 2474 805 2515 suam
835 2474 1021 2530 pacem
1046 2475 1114 2515 ne
1136 2460 1273 2516 forte
1304 2473 1547 2532 negaret.

293 2553 397 2617 Sic,
412 2554 600 2608 rutilus
632 2552 960 2608 Phaethonta
992 2553 1166 2610 levem
1188 2570 1310 2610 cum
1333 2567 1579 2626 carperet
1596 2559 1731 2625 axis,

293 2646 415 2702 .lam
438 2646 667 2715 pallente
688 2645 793 2712 die,
826 2645 1177 2718 ﬂagrantique
1205 2649 1376 2704 excita
1407 2652 1607 2707 mundo

293 2739 405 2794 Pax
430 2739 819 2795 elementorum
848 2739 1073 2809 fureret,
1106 2741 1191 2796 vel
1217 2742 1357 2797 sicca
1391 2745 1721 2816 propinquus

292 2831 519 2888 Steviret
543 2847 636 2901 per
665 2841 850 2901 stagna
884 2847 1069 2902 vapor,
1100 2833 1367 2901 limusque
1386 2837 1560 2894 sitiret

293 2922 556 2978 Pnlvereo
583 2922 732 2993 ponti
762 2921 961 2986 fundo;
997 2932 1121 2979 tunc
1149 2926 1304 2981 unica
1334 2927 1521 2984 thbi

293 3014 567 3069 lnsuetum
590 3016 827 3070 clemens
852 3017 1109 3071 exstinxit
1127 3018 1341 3075 ﬂamma
1368 3020 1623 3077 calorem.

362 3105 526 3178 344
542 3106 639 3162 llic
657 3107 849 3177 aliquis
872 3118 982 3163 tum
1006 3109 1141 3163 forte
1163 3109 1484 3176 Getes,dum
1509 3113 1642 3169 falce
1664 3126 1872 3172 recocta

292 3197 492 3255 Ictibus
514 3199 789 3267 informat,
816 3214 1056 3269 saxoque
1081 3203 1384 3258 cacuminat
1413 3218 1621 3273 ensem,

1822 673 1869 705 ‘4:

292 3289 409 3346 Jam
443 3299 723 3359 promptus
770 3292 995 3347 caluisse
1026 3292 1194 3357 tubis,
1223 3294 1331 3363 jam
1359 3295 1575 3367 jamque
1605 3298 1870 3371 frequenti
1897 3274 1944 3335 Ο

290 3383 453 3439 Gazde
482 3385 788 3454 sepulturus
820 3394 1037 3454 terram,
1064 3402 1170 3440 non
1204 3387 1359 3443 hoste
1385 3391 1616 3459 sepulto,

291 3473 495 3530 Glaruit
525 3483 581 3529 ut
608 3475 833 3545 primum
867 3493 1064 3533 nomen
1091 3477 1356 3535 venientis
1377 3482 1545 3549 Aviti,

290 3565 565 3621 Exclamat
592 3583 606 3621 :
637 3567 800 3624 Periit
824 3568 1048 3636 bellum,
1081 3570 1203 3625 date
1228 3587 1416 3628 rursus
1442 3582 1641 3632 aratra.

289 3656 409 3711 Otia
429 3658 475 3712 si
507 3659 711 3726 replico
737 3659 930 3730 prisca:
951 3660 1090 3716 bene
1119 3670 1243 3717 nota
1274 3666 1491 3734 quietis,
1560 3660 1570 3673 ⁸

288 3748 408 3804 Non
437 3752 604 3805 semel
635 3751 735 3806 iste
758 3750 887 3805 mihi
916 3751 1116 3808 ferrum
1142 3755 1263 3808 tulit
1288 3771 1300 3808 :
1331 3771 1364 3810 ο
1392 3758 1593 3825 pudor!
1626 3776 1658 3815 ο
1682 3762 1755 3819 dii
1781 3767 1794 3819 !

288 3840 516 3898 Tantum
545 3857 706 3911 posse
724 3843 912 3899 fidem!
941 3845 1068 3914 quid
1092 3845 1297 3902 ftedera
1320 3849 1461 3904 lenta
1482 3852 1726 3922 minaris,

360 3975 471 4051 n_ld
502 3984 586 4030 est
628 3974 932 4051 Francum;
955 3976 1135 4051 Catthi
1162 3980 1306 4035 enim
1352 3984 1531 4051 populi
1568 3987 1872 4049 Germaniae

284 4044 354 4099 ad
395 4045 638 4101 Rhenum
658 4088 691 4129 ,.
715 4047 853 4101 inter
893 4047 1322 4129 Francicas_seu
1352 4044 1612 4129 :lj‘rancici
1653 4044 1868 4129 ἰτηρᾷἓῇ

284 4128 472 4189 gentes
514 4117 904 4189 censebantur;
955 4134 1089 4188 quos
1140 4122 1297 4174 etiam
1356 4122 1681 4184 Marcomere
1727 4117 1869 4189 duce

285 4187 617 4242 Francorum
641 4187 895 4243 adversus
924 4188 1272 4258 Arbogastem
1298 4192 1425 4247 olim
1456 4197 1713 4257 militasse
1739 4187 1870 4258 seri;

284 4268 503 4331 pserat,
544 4258 805 4327 Gregorio
858 4269 1026 4326 teste,
1067 4262 1333 4330 Sulpicius
1381 4265 1684 4325 Alexander
1732 4274 1869 4331 libro

283 4330 463 4383 tertio.

359 4397 629 4480 bﬁedalis
673 4398 893 4453 aliarum
922 4402 1157 4480 gentium
1190 4405 1451 4480 motibus,
1487 4411 1676 4480 reliqui
1716 4425 1868 4471 erant

284 4468 479 4548 Gothi,
507 4469 573 4523 ad
606 4486 738 4548 quos
767 4468 1041 4548 pacandas
1063 4474 1274 4548 Avitus
1295 4476 1407 4544 ipse
1439 4468 1719 4548 profectus
1759 4468 1863 4541 est.

1793 407 2092 499 CAlwlMlNA
2104 447 2116 460 .

3478 440 3581 490 ﬂfltt

1927 550 1974 605 A
2002 549 2060 606 In
2086 547 2337 604 damnum
2367 548 2493 600 mihi
2526 550 2627 603 fide
2661 563 2833 604 meum
2862 550 2885 603 ἲ
2916 553 3225 621 compendia
3256 554 3404 623 pacis

2003 642 2069 697 Et
2104 648 2360 709 praestare
2381 642 2536 707 juhcs
2567 657 2684 705 nos,
2719 654 2772 695 ct
2803 644 2996 698 debere
3022 666 3035 698 :
3069 647 3187 715 quis
3219 663 3447 718 unquam

1998 726 2291 780 Crederet?
2321 746 2383 782 en
2414 732 2579 784 ilctici
2602 749 2751 801 reges
2782 751 2969 802 parcre
3014 739 3274 807 volentes,

2001 819 2222 874 Inferius
2248 837 2502 890 regnasse
2526 835 2740 891 putant;
2773 843 2868 879 nec
2897 830 3074 885 dicere
3102 832 3275 884 saltim

1996 912 2187 968 Pacem
2218 914 2370 969 fortis
2394 932 2539 970 amas
2564 934 2577 981 ;
2609 921 2718 985 jam
2747 922 2944 987 parteis
2967 925 3156 977 sternit
3186 925 3372 979 Avitus
3398 944 3411 990 ;

1996 1004 2218 1075 Insuper
2247 1016 2299 1060 et
2330 1008 2542 1063 Geticas
2572 1011 2881 1078 praemissus
2907 1016 3136 1069 continet
3164 1017 3270 1069 iras

1996 1097 2289 1157 Messianus
2314 1117 2323 1150 :
2355 1100 2527 1155 adhuc
2550 1102 2834 1168 mandasti,
2872 1114 2926 1157 ct
2954 1106 3198 1175 ponimus
3222 1123 3387 1162 arma.

1994 1190 2131 1257 Quid
2148 1196 2491 1262 restat,quod
2514 1210 2671 1264 posse
2685 1196 2848 1251 velis?
2870 1199 3011 1267 quod
3037 1216 3141 1255 non
3167 1216 3350 1256 sumus
3373 1204 3571 1270 hostes,

1995 1286 2162 1343 Parva
2195 1304 2317 1344 reor
2345 1308 2359 1355 ;
2395 1293 2570 1359 prisco
2598 1301 2655 1348 tu
2684 1294 2726 1348 si
2757 1294 2887 1348 mihi
2918 1306 3075 1350 notus
3098 1298 3151 1351 in
3183 1308 3304 1353 actu
3335 1314 3414 1363 cs,

1992 1382 2281 1438 Auxiliaris
2311 1399 2427 1450 ero,
2457 1386 2541 1439 vel
2573 1387 2651 1440 sic
2680 1403 2914 1457 pugnare
2940 1389 3141 1445 licebit.

2062 1474 2188 1529 [late
2215 1490 2394 1530 secum
2425 1477 2596 1547 rigido
2625 1479 2793 1534 Vesus
2822 1480 2949 1535 dum
2976 1482 3139 1537 corde
3166 1484 3386 1549 volutat,

1995 1564 2222 1620 Ventum
2251 1567 2304 1621 in
2336 1578 2681 1637 consriectum
2722 1570 2910 1625 fuerat.
2955 1572 3064 1626 Rex
3100 1584 3258 1642 atque
3297 1578 3567 1645 magister.

1988 1653 2217 1724 Propter
2237 1660 2624 1725 constiterant;
2656 1662 2741 1714 hic
2764 1663 2911 1716 vultu
2943 1673 3174 1729 erectus,
3196 1673 3248 1717 at
3272 1664 3360 1719 ille

1990 1747 2197 1804 Laztitia
2224 1751 2457 1817 erubuit,
2484 1754 2804 1823 veniamque
2834 1756 3029 1811 rubore
3058 1758 3320 1826 poposcit.

1992 1849 2015 1877 ο
2044 1840 2174 1896 Post
2202 1842 2325 1897 hinc
2352 1860 2607 1913 germano
2638 1848 2799 1917 regis,
2834 1848 2956 1902 hinc
2989 1864 3113 1918 rege
3136 1857 3369 1915 retento,

1909 1908 1960 1969 Β
1991 1931 2285 1989 Palladiam
2314 1908 2586 2004 implicitis
2618 1908 2863 1994 manibus
2892 1908 3105 1995 subiere
3128 1908 3395 1997 Tolosam.

1991 2025 2145 2081 Haud
2172 2042 2327 2082 secus
2349 2030 2564 2084 insertis
2594 2031 2659 2083 ad
2692 2032 2992 2098 pulvinaria
3024 2035 3215 2102 palmis

1988 2115 2251 2172 Romulus
2276 2125 2331 2172 et
2360 2119 2543 2173 Tatius
2572 2121 2741 2176 foedus
2774 2121 2794 2158 ι’
2822 2123 3023 2192 jeccrc,
3060 2134 3084 2172 8
3108 2134 3389 2193 parentum

1986 2207 2120 2261 Cum
2138 2208 2312 2274 ferro,
2342 2219 2395 2263 ct
2424 2212 2624 2265 rabidis
2646 2223 2879 2283 cognato
2913 2216 2963 2267 in
2994 2215 3160 2271 Marte
3188 2217 3392 2271 maritis

1986 2299 2213 2356 Hersilia
2246 2303 2470 2357 inseruit
2494 2304 2750 2360 Pallantis
2774 2307 2912 2361 colle
2945 2308 3191 2364 Sabinas.

2054 2391 2216 2464 345
2254 2390 2282 2429 ιι
2307 2395 2511 2449 lnterca
2544 2396 2807 2451 incautam
2833 2399 3039 2455 furtivis
3067 2400 3339 2456 Vandalus
3369 2403 3531 2458 armis

1983 2481 2061 2537 'l'e
2088 2484 2250 2552 capit,
2281 2484 2553 2555 infidoque
2587 2487 2679 2540 tibi
2704 2489 3010 2559 Burgundio
3039 2493 3202 2545 ductu
3244 2524 3259 2538 ο

1982 2574 2289 2643 Extorqnet
2319 2576 2552 2645 trepidas
2582 2580 2849 2633 mactandi
2878 2582 3136 2651 principis
3166 2585 3296 2647 ira-3,

1982 2664 2098 2720 Heu
2124 2665 2333 2722 facinus
2359 2668 2370 2720 !
2407 2668 2457 2722 in
2481 2668 2619 2723 bella
2650 2671 2864 2735 iterum,
2894 2682 3220 2745 quartosque
3252 2677 3463 2733 labores

1983 2760 2189 2815 Perfida
2217 2762 2435 2817 Elisseae
2465 2763 2789 2819 crudescunt
2815 2766 3038 2821 classica
3071 2769 3269 2839 Byrsae.

1984 2849 2002 2887 ί
2038 2850 2259 2905 Nutritis
2288 2853 2430 2918 quod
2458 2854 2560 2906 fata
2593 2855 2832 2908 malum?
2859 2855 3257 2913 Conscenderat
3287 2875 3437 2914 arces

1982 2940 2215 2995 Evandri
2241 2942 2469 3013 Massyla
2495 2943 2751 3011 phalanx,
2792 2956 3115 3016 montesque
3143 2950 3348 3014 Quirini

1980 3033 2277 3088 Marniarici
2313 3048 2560 3101 pressere
2590 3037 2772 3105 pedes,
2798 3053 3091 3107 rursusque
3119 3042 3329 3095 revexit

1976 3125 2104 3193 Qua:
2127 3126 2333 3194 captiva
2359 3125 2506 3181 dedit
2532 3129 2801 3196 quondam
2825 3130 3090 3198 stipendia
3122 3131 3347 3187 Barche.

1976 3219 2238 3273 Exsilium
2272 3230 2505 3289 patrum,
2534 3222 2703 3290 plebis
2728 3223 2884 3288 mala,
2922 3224 3161 3293 principe
3190 3242 3331 3281 czeso

1976 3308 2254 3379 Captivum
2287 3311 2570 3378 imperium
2597 3312 2660 3365 ad
2690 3313 2907 3367 Geticas
2928 3330 3114 3369 rumor
3142 3316 3267 3369 tulit
3293 3332 3472 3377 aures.

1976 3401 2120 3456 Luce
2146 3416 2281 3456 nova
2304 3410 2545 3457 veterum
2574 3413 2744 3459 coetus
2776 3404 2841 3459 de
2862 3420 3009 3460 more
3039 3407 3292 3461 Getarum

1976 3492 2323 3549 Contrahitur
2351 3511 2365 3560 ;
2391 3505 2496 3548 stat
2522 3496 2696 3564 prisca
2726 3499 2901 3563 annis,
2925 3496 3219 3568 viridisque
3240 3509 3488 3555 senectus

1979 3587 2274 3653 Censiliis;
2305 3589 2551 3657 squalent
2580 3598 2777 3655 vestes,
2810 3605 2872 3645 ac
2897 3591 3115 3645 sordida
3145 3607 3326 3648 macro

1977 3678 2164 3733 Lintea
2192 3680 2543 3748 pinguescunt
2564 3686 2735 3748 tergo,
2765 3695 2863 3733 nec
2886 3690 3102 3749 tangere
3133 3692 3355 3750 possunt

1971 3770 2163 3823 Allata:
2184 3782 2361 3823 suram
2395 3770 2582 3837 pelles,
2613 3786 2676 3823 ac
2707 3770 2908 3838 poplite
2937 3771 3081 3825 nudo

1974 3860 2239 3915 Pcronem
2270 3873 2472 3928 pauper
2502 3858 2673 3912 nodus
2694 3859 2971 3927 suspendit
2997 3862 3271 3930 equinum.

1973 3997 2126 4065 tegit,
2154 4009 2274 4049 cum
2311 3996 2582 4063 proximus
2626 3996 2960 4050 Theodorico
2991 4006 3149 4052 aetate
3191 4000 3383 4065 fuerit,
3419 4010 3552 4058 teste

1971 4065 2262 4131 .lornande,
2296 4082 2323 4118 a
2356 4079 2458 4131 quo
2486 4065 2804 4120 Theudorici
2838 4068 3065 4121 senioris
3094 4069 3187 4123 filii
3228 4070 3415 4125 ordine
3446 4089 3550 4127 nu—

1970 4136 2761 4209 merantur._Thorismundus,
2794 4137 3185 4206 Theudoricus,
3219 4141 3546 4209 Fridericus,

1973 4208 2231 4271 Euricus,
2258 4207 2559 4260 Rotemeris
2607 4219 2659 4260 et
2698 4208 3073 4264 llimmericus.
3124 4207 3551 4270 'l‘horismundus

1970 4278 2109 4348 patri
2141 4279 2194 4332 in
2234 4277 2585 4331 Mauriacensi
2625 4293 2797 4347 pugna
2826 4288 3036 4335 mortuo
3063 4283 3340 4347 successit,
3368 4286 3550 4338 tertio-

1970 4364 2075 4417 que
2125 4356 2245 4416 post
2280 4362 2421 4400 anno
2466 4362 2493 4399 a
2524 4348 2859 4404 Theoderico
2895 4359 2949 4405 et
2993 4351 3265 4405 Friderico
3295 4352 3549 4408 fratribus

1971 4427 2191 4490 necatus
2240 4427 2342 4472 est.
2383 4418 2457 4490 lla
2510 4418 2665 4489 134
2710 4435 2929 4489 regnum
2986 4420 3103 4475 iniit
3157 4420 3546 4490 Theodoricus,

1967 4489 2035 4563 ad
2073 4504 2233 4563 quem
2284 4488 2651 4563 hacjegatio.
2686 4488 2814 4563 Post
2858 4491 3252 4547 Theodericum
3308 4488 3550 4563 regnavit

284 4538 415 4620 llscc
443 4542 722 4621 posterior,
755 4555 912 4609 quam
936 4542 1078 4631 dixi,
1118 4545 1234 4631 ejus
1265 4538 1579 4631 legati6,_ad
1617 4538 1863 4631 Theodoti
1892 4562 1947 4623 D
1968 4538 2233 4625 isitri'dié'i
2261 4538 2394 4629 quia.
2412 4538 2716 4631 réiaéiiéu's
2734 4538 2813 4614 ad
2853 4538 3549 4631 «ideiﬁ's'déééé's'ioitié’

286 4610 764 4703 ricummj'uniorem
814 4614 1105 4679 superioris
1148 4610 1369 4703 {illum}
1410 4610 1575 4703 cujus
1615 4610 1862 4696 hortatu,

286 4694 413 4761 cum
444 4680 647 4761 Tolosa:
690 4698 807 4764 una_
837 4691 1046 4751 essent,
1079 4686 1255 4740 audita
1287 4680 1504 4745 Maximi
1530 4696 1667 4763 Aug.
1700 4680 1864 4767 nece;

283 4750 571 4818 imperium
602 4754 855 4819 suscepit.

365 4831 388 4859 ο
433 4822 597 4904 Vesos
643 4823 916 4904 dimidiata
964 4826 1273 4904 vo_c_e_dicit
1310 4828 1667 4900 Wisigotltos,
1720 4839 1861 4904 sive,

285 4900 348 4944 ut
390 4893 1063 4966 apud_vetereni_lloratii
1112 4893 1488 4966 interpretem:
1538 4893 1863 4964 lanianda];

285 4971 345 5036 et
384 4963 1181 5036 alios_legitur,AVcsogothos,
1226 4963 1376 5034 quasi
1420 4963 1541 5025 vcsi
1582 4992 1706 5036 pars
1753 4963 1864 5035 lue-

285 5032 397 5086 rint
432 5032 748 5114 Gothorum.
778 5034 833 5088 In
868 5032 1190 5107 pariegyrico
1221 5032 1497 5108 Blajoriani
1525 5060 1537 5096 :
1571 5032 1720 5114 Geta,
1764 5032 1863 5103 Ve-

282 5118 373 5156 sus
387 5144 404 5170 ,
436 5104 615 5157 Alites.

359 5171 382 5209 ἀ
417 5174 673 5249 Brevibus
700 5175 892 5249 litteris
916 5177 1057 5232 Aviti
1089 5195 1217 5249 quas
1255 5179 1511 5235 adventus
1544 5186 1623 5237 sui
1655 5191 1865 5244 nuntias

284 5245 630 5330 praemiserat
678 5245 1163 5330 pcrﬁllicssinhuth.
1219 5251 1862 5330 'l‘ertullianus‘Apolog.

283 5330 407 5385 cap.
440 5314 547 5384 24:
660 5318 865 5370 nuntios
895 5321 1113 5396 tardos!
1142 5339 1170 5375 ο
1199 5324 1536 5396 somniculosa
1560 5314 1862 5396 diplomata,

282 5401 507 5468 quarunt
544 5386 663 5469 uitio
714 5404 970 5468 eacessum
1014 5392 1331 5461 imperatoris
1378 5411 1478 5447 non
1524 5386 1641 5451 ante
1685 5386 1865 5469 Cybele

284 5459 519 5536 cognovit
544 5458 565 5511 Ι
594 5458 1051 5539 Messianusvero
1069 5458 1218 5539 iscst
1243 5480 1399 5539 quem
1426 5479 1606 5539 postea
1640 5469 1691 5522 in
1719 5458 1867 5539 prin-

284 5525 467 5601 cipatu
505 5528 939 5601 patricium_sibi
983 5532 1181 5601 allegit.
1244 5525 1738 5594 Vetus-chronicon
1785 5525 1865 5597 in-

287 5598 422 5669 certi
460 5600 694 5653 auctoris
728 5616 741 5651 :
790 5599 976 5669 Captus
1024 5598 1113 5654 est'
1138 5606 1311 5659 Avitus
1362 5605 1641 5663 Placentia:
1694 5629 1724 5665 a
1754 5631 1862 5667 ma-

288 5668 449 5749 gistro
475 5670 695 5753 militum
722 5668 1005 5739 Ricimere,
1045 5685 1090 5725 et
1125 5676 1314 5729 occisus
1350 5688 1421 5731 est
1460 5678 1744 5736 Messianus
1772 5702 1865 5753 pa-

290 5738 472 5812 tricius
498 5743 631 5812 ejus.

366 5818 389 5844 θ
433 5809 727 5890 F_riderico.
786 5812 939 5890 Hunc
981 5814 1562 5890 cni_m_esse_arbitror
1610 5824 1698 5890 qui
1742 5839 1862 5880 cum

288 5877 626 5955 Theoderico
648 5898 775 5944 rege
798 5885 1028 5939 medium
1056 5884 1287 5947 Avitum.
1314 5887 1533 5944 honoris
1563 5877 1717 5948 caiisa
1744 5877 1860 5953 moi

1972 4633 2291 4701 pertinebat,
2312 4630 2469 4701 paulo
2491 4639 2634 4695 ante,
2659 4640 2713 4685 ut
2742 4630 2941 4686 ldatius
2968 4631 3153 4691 refert.
3173 4634 3225 4687 in
3255 4635 3549 4689 Armoricis

1970 4700 2441 4775 accubuerat._De
2486 4701 2584 4775 hoc
2625 4702 3046 4775 ipso‘Friderico
3076 4703 3287 4759 Hilarus
3329 4720 3462 4775 papa
3492 4706 3546 4759 in

1971 4772 2195 4841 epistola
2228 4770 2292 4823 ad
2326 4770 2604 4825 Leontium
2635 4772 3027 4827 Arelatensem.

2046 4841 2062 4878 ί
2100 4842 2274 4909 Aliqui
2308 4841 2448 4905 libri,
2486 4842 2639 4894 icere.

2042 4922 2069 4983 ξ
2098 4912 2712 4983 Parentum_nomeu_ad
2740 4911 2968 4983 sabinas
2996 4912 3185 4968 referri
3216 4914 3394 4976 debet,
3426 4930 3546 4983 quae

1968 4982 2111 5054 bello
2137 4981 2336 5054 Sabino
2379 4981 2587 5054 Romuli
2618 4981 2841 5054 Hersilia
2870 4982 3006 5038 duce
3032 4999 3197 5050 ausae,
3226 4995 3284 5038 ut
3309 4981 3545 5054 loquitur

1969 5052 2183 5117 Livius,
2228 5068 2285 5105 s3
2323 5052 2463 5123 inter
2506 5052 2609 5105 tela
2646 5052 2873 5106 volantia
2923 5055 3156 5118 inferre,
3200 5056 3321 5108 hinc
3366 5052 3546 5123 patres

1970 5123 2097 5196 hinc
2136 5122 2536 5196 virosorando,
2570 5123 2832 5177 diremere
2864 5123 3083 5179 infestas
3110 5124 3252 5179 acies
3274 5122 3546 5196 ducesque

1968 5194 2031 5246 ad
2066 5194 2237 5248 fmdus
2265 5193 2562 5247 faciendum
2588 5208 2921 5261 permovere.

2039 5261 2069 5300 δ
2096 5265 2450 5318 Consentium
2477 5279 2685 5327 omnes,
2716 5264 3024 5319 Petronium
3055 5264 3368 5331 Maximum,
3400 5283 3544 5321 nun-

1972 5332 2101 5389 tiato
2139 5333 2413 5390 Genserici
2455 5333 2716 5398 adventu,
2763 5335 2816 5389 in
2860 5336 2971 5404 ipsa
3013 5336 3151 5405 fugae
3189 5337 3544 5406 trepidatione

1968 5408 2203 5460 occisum
2232 5423 2242 5457 :
2275 5406 2341 5458 de
2370 5414 2586 5459 auctore
2608 5406 2754 5459 necis
2776 5408 2906 5459 mira
2940 5407 3263 5475 scriptorum
3288 5408 3538 5462 varietas.

1970 5476 2199 5545 Prosper
2223 5476 2290 5531 ab
2317 5476 2570 5530 Eudoxize
2600 5478 2797 5544 reginae
2823 5476 3035 5531 famulis
3061 5477 3390 5542 dilaniatum,
3411 5478 3541 5531 Cas-

1968 5547 2214 5603 siodorus
2242 5563 2270 5600 a
2303 5546 2557 5600 militibus
2599 5549 2915 5601 exstinctum
2936 5590 2951 5615 ,
2984 5548 3281 5603 Jornandes
3306 5550 3373 5600 ab
3404 5546 3539 5601 Urso

1969 5618 2133 5671 milite
2174 5619 2415 5672 Romano
2460 5619 2838 5687 interemptum
2877 5620 3071 5683 tradit,
3123 5618 3475 5687 Theophanes
3506 5632 3538 5672 a
3573 5648 3579 5654 -

1969 5688 2098 5741 suis.
2126 5691 2379 5760 Μάξιμος,
2415 5686 2779 5768 inquiunt-(07f;
2810 5691 3174 5768 ἐχρήσω-θ’.ρὶ
3212 5686 3266 5766 δὲ
3304 5687 3539 5768 aurora-ec

1974 5761 2109 5828 αὐτῷ
2152 5758 2334 5813 ἀνεῖλον
2375 5760 2540 5813 αὐτόν.
2590 5758 3266 5826 SidoniusVBurgundionis
3316 5758 3537 5827 alicujus

1970 5831 2192 5883 fortasse
2222 5829 2288 5883 de
2330 5830 2511 5882 schola
2551 5840 2911 5895 protectorum
2941 5830 3100 5882 ductu
3130 5841 3326 5884 cassum
3354 5828 3533 5885 docet.

2046 5897 2060 5936 ί
2098 5901 2151 5954 lu
2185 5900 2413 5956 editione
2444 5900 2787 5956 Wouweren.
2818 5900 3068 5953 nutristis.
