4072 6348
459 445 566 511 691

534 573 821 646 Postquam
850 574 901 628 in
929 569 1216 628 concilium
1243 567 1515 623 seniorum
1548 566 1693 622 venit
1717 567 1924 622 honora

458 665 772 736 Pauperies,
809 666 1060 735 pacisque
1091 661 1251 718 simul
1275 677 1372 716 rex
1404 660 1560 716 verba
1594 661 1836 730 poposcit
1866 679 1878 712 :

457 760 576 815 Dux
605 762 712 815 ait:
739 769 764 796 ιι
795 759 1077 828 Optassem
1107 757 1294 826 patriis
1321 770 1544 811 securus
1573 755 1625 807 in
1655 754 1800 808 arvis

456 851 755 906 Emeritam
787 850 959 905 fateor
984 865 1198 920 semper
1230 849 1424 902 fovisse
1455 847 1713 918 quietem,

455 946 538 1000 Ex
559 960 664 1016 quo
694 943 721 982 δ
751 945 956 999 militia:
984 953 1109 1014 post
1139 944 1320 997 munia
1349 942 1502 1006 trina,
1536 940 1828 1010 superbum

454 1036 797 1091 Praefectura:
823 1036 1031 1106 apicem
1055 1045 1244 1105 quarto
1271 1035 1380 1103 jam
1415 1033 1645 1087 culmine
1677 1029 1811 1085 rexi.

453 1129 561 1189 Sed
588 1129 713 1185 dum
750 1145 836 1184 me
867 1127 1038 1184 nostri
1069 1127 1320 1198 princeps
1350 1124 1508 1180 modo
1539 1123 1798 1178 Maximus
1827 1120 1974 1177 orbis

451 1217 726 1293 Ignarum,
762 1220 1062 1287 absentem,
1097 1233 1378 1287 procerum
1412 1223 1528 1285 post
1563 1213 1708 1267 mille
1739 1213 2006 1283 repulsas,

456 1313 543 1370 Ad
572 1314 730 1370 lituos
760 1321 880 1383 post
900 1313 1020 1383 jura
1046 1319 1222 1378 vocat,
1250 1311 1521 1379 voluitque
1548 1306 1758 1364 sonoris
1887 1307 1894 1316 ’

450 1404 767 1465 Praeconem
801 1413 1013 1460 mutare
1043 1403 1203 1468 tubis,
1235 1400 1665 1471 promptissimus
1692 1398 1832 1454 istud

451 1497 674 1568 Arripui
703 1496 960 1564 ofﬁcium,
984 1510 1079 1550 vos
1101 1510 1205 1564 quo
1229 1494 1433 1563 legatus
1464 1490 1689 1546 adirem.

449 1585 682 1646 Fcedera
715 1590 886 1658 prisca
917 1602 1128 1658 precor,
1161 1603 1280 1656 quae
1307 1598 1448 1639 nunc
1476 1598 1628 1639 meus
1658 1581 1746 1639 ille
1775 1591 2006 1649 teneret,

450 1683 740 1740 Jussissem
772 1681 817 1736 si
839 1681 996 1748 forte,
1025 1695 1214 1744 senex,
1256 1678 1341 1734 cui
1373 1692 1585 1746 semper
1611 1675 1827 1732 Avitum

450 1775 615 1848 3A6
637 1776 846 1831 Sectari
867 1774 1108 1830 crevisse
1140 1772 1268 1838 fuit;
1295 1780 1524 1827 tractare
1552 1770 1793 1826 solebam

451 1869 560 1925 Res
586 1869 797 1925 Geticas
829 1869 990 1923 olim:
1021 1869 1124 1924 scis
1147 1875 1199 1921 te
1223 1867 1459 1921 nescisse
1486 1865 1797 1934 frequenter

450 1963 583 2029 Quae
609 1962 776 2027 suasi,
808 1962 907 2016 nisi
933 1963 1090 2016 facta.
1116 1960 1313 2015 Tamen
1347 1959 1560 2013 fortuna
1589 1959 1823 2029 priorem

447 2055 698 2125 Abripuit
728 2057 980 2124 genium;
1014 2054 1171 2122 periit
1207 2052 1560 2122 quodcunque
1592 2051 1860 2118 merebar,

448 2147 581 2203 Cum
604 2147 848 2218 genitore
878 2155 968 2199 tuo
1003 2156 1024 2184 ο
1054 2145 1357 2200 Narbonem
1384 2144 1503 2198 tabe
1535 2144 1767 2199 solutum

446 2240 726 2297 Ambierat
750 2239 830 2309 (tu
857 2253 1048 2306 parvus
1073 2237 1240 2306 eras),
1268 2236 1586 2306 trepidantia
1608 2236 1829 2306 cingens

445 2331 634 2398 Millia,
666 2332 718 2385 in
742 2331 968 2386 infames
987 2331 1093 2399 jam
1123 2330 1341 2398 jamque
1371 2337 1622 2397 coegerat
1648 2343 1834 2394 escas;

446 2425 564 2480 Jam
598 2425 768 2479 tristis
794 2424 1024 2494 propriae
1054 2423 1306 2478 credebat
1337 2421 1521 2476 defore
1554 2422 1769 2491 praedae,

447 2516 504 2572 Si
535 2517 750 2573 clausus
781 2492 1009 2571 fortasse
1041 2517 1211 2585 perit;
1243 2531 1362 2570 cnm
1395 2525 1577 2569 nostra
1604 2516 1854 2585 probavit

447 2608 700 2674 Consilia,
731 2620 784 2662 et
814 2607 1001 2677 refugo
1023 2607 1218 2661 laxavit
1252 2608 1447 2662 mcenia
1472 2607 1629 2662 bello.

448 2699 635 2769 Teque
664 2700 838 2770 ipsum
865 2698 1011 2770 (sunt
1037 2713 1162 2753 ecce
1191 2699 1368 2768 senes)
1403 2695 1502 2752 hoc
1532 2705 1751 2768 pectere
1779 2699 1948 2754 fetum
2039 2712 2044 2716 ‘

444 2791 545 2849 Ha:
572 2793 788 2848 ﬂentem
815 2802 1034 2848 tenuere
1059 2808 1270 2861 manus,
1299 2793 1345 2848 si
1376 2793 1598 2848 forsitan
1621 2796 1781 2848 altrix

447 2884 526 2941 Te
556 2885 709 2952 mihi,
740 2902 859 2941 cum
886 2886 1079 2952 nolles,
1117 2885 1420 2941 lactandum
1453 2886 1684 2941 tolleret.
1724 2886 1862 2941 Ecce

445 2978 708 3046 Advenio,
734 2990 787 3036 et
813 2983 970 3049 prisci
999 2989 1184 3050 repeto
1210 2980 1370 3035 modo
1399 2983 1592 3051 pignus
1621 2982 1838 3036 amoris.

443 3070 504 3128 Si
532 3072 626 3127 tibi
657 3073 800 3127 nulla
835 3073 990 3138 ﬁdes,
1022 3073 1167 3127 nulla
1187 3084 1270 3127 est
1293 3073 1592 3128 reverentia
1617 3074 1807 3142 patris,

445 3165 680 3232 ldurus,
711 3181 1006 3236 pacemque
1034 3181 1184 3234 nega.
1213 3167 1517 3236 Prorumpit
1545 3167 1611 3218 ab
1640 3167 1786 3219 omni

445 3257 688 3312 Murmur
717 3259 978 3313 concilio:
1007 3259 1356 3329 fremitusque
1383 3269 1436 3314 et
1466 3260 1647 3330 praelia
1678 3260 1961 3328 damnans,

445 3347 712 3403 Seditiosa
736 3357 846 3404 ciet
871 3351 1189 3405 concordem
1220 3335 1370 3404 turba
1404 3353 1706 3408 tumultum.

521 3440 656 3494 Tum
687 3457 780 3496 rex
801 3441 992 3497 effatur
1018 3461 1032 3495 :
1067 3441 1091 3477 τί
1126 3442 1355 3507 Dudum,
1387 3443 1492 3498 dux
1520 3445 1738 3517 inclyte,
1769 3447 1927 3516 culpo

445 3534 678 3592 Poscere
701 3543 753 3590 te
782 3549 967 3604 pacem
994 3544 1255 3602 nostram,
1279 3551 1397 3590 cum
1421 3552 1614 3605 cogere
1647 3538 1818 3606 possis

445 3627 761 3694 Servitium,
789 3627 1004 3683 trahere
1031 3643 1092 3682 ac
1124 3629 1348 3699 populos
1377 3629 1429 3683 in
1455 3631 1590 3684 bella
1618 3645 1877 3699 sequaces

444 3718 527 3778 Ne
557 3735 734 3790 quaeso
767 3720 1018 3775 invidiam
1043 3721 1216 3790 patrio
1246 3722 1375 3776 mihi
1409 3725 1624 3777 nomine
1652 3725 1867 3778 inuras:

447 3813 583 3883 Quid
613 3830 842 3881 mereor,
876 3815 917 3867 si
943 3814 1082 3868 nulla
1112 3813 1312 3883 jubes?
1344 3815 1574 3870 suadere
1605 3816 1704 3872 sub
1726 3816 1816 3872 illo
1925 3799 1928 3802 i

446 3907 599 3974 Quod
625 3917 861 3976 poteras,
884 3905 1042 3959 modo
1070 3907 1204 3961 velle
1232 3917 1313 3961 sat
1334 3916 1436 3973 est,
1464 3909 1744 3976 solumque
1767 3921 2023 3978 moratur,

443 3997 594 4067 Quod
628 3999 835 4065 cupias,
861 4000 1093 4053 nescisse
1125 3998 1314 4054 Getas:
1349 3999 1476 4054 mihi
1504 4000 1726 4054 Romula
1757 4003 1952 4057 (ludum

442 4092 548 4147 Per
576 4100 627 4146 te
655 4092 775 4160 jura
805 4093 1014 4159 placent
1039 4110 1050 4143 :
1088 4107 1420 4160 parvumque
1453 4095 1694 4148 ediscere
1721 4093 1882 4161 jussit

443 4182 526 4237 Ad
555 4194 641 4234 tua
669 4184 824 4236 verba
862 4194 1028 4249 prior,
1061 4183 1218 4236 docili
1251 4199 1354 4250 quo
1386 4186 1556 4251 prisca
1588 4187 1821 4240 Maronis

447 4272 699 4328 Carmine
736 4272 967 4326 molliret
997 4273 1274 4343 ScythiCiis
1305 4274 1434 4328 mihi
1463 4277 1648 4344 pagina
1681 4291 1877 4330 mores.

441 4363 558 4418 Jam
591 4381 771 4432 pacein
815 4375 921 4417 tmn
953 4368 1090 4420 velle
1118 4367 1313 4432 doces;
1348 4368 1440 4421 sed
1475 4355 1706 4438 percipe,
1739 4388 1856 4440 qua:
1887 4374 1953 4426 sit

440 4452 688 4508 Conditio
718 4456 982 4523 obsequii,
1013 4456 1191 4511 forsan
1223 4467 1338 4512 rata
1368 4468 1523 4526 pacta
1550 4461 1818 4528 probabis.

1753 443 2004 502 SIDONII
2047 445 2500 503 APOLuIthRIS

2088 571 2138 628 A
2169 566 2325 640 3E7
2359 570 2580 634 Testor,
2615 567 2785 623 Roma
2804 609 2817 633 ,
2845 575 2994 623 tuum
3025 567 3180 624 nobis
3204 569 3508 624 venerabile
3537 582 3762 642 numen,

3651 453 3835 530 eos,

2168 661 2234 714 Et
2254 663 2458 717 socium
2485 661 2552 715 de
2582 661 2748 716 Marte
2776 675 2966 730 genus,
3007 660 3088 715 vel
3113 660 3368 730 quidquid
3398 661 3465 716 ab
3497 679 3629 731 mro,

2163 751 2270 822 (Nil
2301 762 2349 806 te
2378 751 2606 834 mundus
2638 752 2796 805 habet
2820 752 3033 819 melius,
3070 752 3141 805 nil
3168 752 3280 822 ipsa
3310 753 3523 824 senatu)

2159 845 2243 900 Me
2267 861 2450 915 pacem
2483 861 2704 901 servare
2733 846 2848 913 tibi,
2880 845 2963 900 vel
2994 846 3130 900 velle
3154 847 3374 902 abolere

2161 938 2292 1006 Quae
2321 947 2504 994 noster
2533 939 2773 1008 peccavit
2795 953 2945 1001 avus,
2980 954 3142 1007 quem
3173 938 3348 994 fuscat
3377 939 3429 994 id
3456 955 3642 1010 unum,

2160 1031 2314 1098 Quod
2345 1041 2416 1098 te,
2448 1033 2633 1097 Roma,
2668 1033 2844 1102 capit:
2875 1031 2969 1086 sed
2999 1029 3075 1085 dii
3107 1032 3151 1085 si
3183 1040 3307 1088 vota
3335 1035 3658 1106 secundant,

2159 1126 2363 1181 Excidii
2394 1127 2590 1181 veteris
2611 1128 2812 1181 crimen
2838 1141 3070 1196 purgare
3100 1127 3299 1183 valebit

2162 1218 2302 1275 Ultio
2331 1219 2632 1289 praesentis,
2662 1221 2704 1272 si
2737 1226 2814 1285 tu,
2849 1219 2953 1274 dux
2986 1221 3202 1291 inclyte,
3233 1221 3404 1276 solum

2156 1311 2382 1380 Augusti
2406 1311 2598 1366 subeas
2627 1327 2842 1366 nomen.
2872 1312 3008 1379 Quid
3030 1314 3234 1368 lumina
3259 1315 3477 1369 ﬂectis?

2157 1403 2384 1458 Invitum
2411 1403 2526 1473 plus
2557 1417 2676 1458 esse
2705 1397 2896 1469 decet;
2931 1419 3039 1458 non
3071 1405 3310 1474 cegimus
3333 1405 3497 1473 istud,

2154 1495 2260 1552 Sed
2289 1505 2672 1552 contestamur.
2699 1496 2879 1550 Romae
2908 1511 3023 1550 sum
3052 1506 3103 1552 te
3131 1499 3267 1553 duce
3292 1500 3518 1567 amicus,

2154 1588 2404 1658 Principe
2431 1597 2481 1644 te
2504 1587 2655 1642 miles
2680 1605 2694 1654 ;
2720 1603 2941 1657 regnum
2971 1604 3075 1643 non
3104 1589 3345 1660 praeripis
3375 1590 3491 1659 ulli,

2152 1680 2263 1737 Nec
2289 1683 2568 1752 quisquam
2593 1679 2769 1736 Latias
2795 1685 3062 1752 Augustus
3086 1682 3320 1751 possidet
3341 1698 3521 1740 arces:

2153 1774 2269 1842 Qua
2292 1781 2444 1828 vacat
2466 1772 2609 1842 aula,
2647 1783 2733 1828 tua
2773 1781 2890 1829 est:
2924 1782 3114 1843 testor,
3147 1789 3254 1830 non
3281 1777 3475 1832 sufﬁcit
3506 1779 3648 1837 istud

2151 1866 2231 1922 Ne
2260 1881 2500 1930 noceam,
2530 1875 2689 1935 atque
2719 1874 2808 1920 tuo
2836 1865 2937 1920 hoc
2958 1866 3160 1920 utinam
3183 1866 3486 1925 diademate
3511 1869 3604 1928 ﬁat

2075 1957 2126 2020 B
2153 1959 2222 2016 Ut
2252 1959 2487 2029 prosim!
2511 1957 2739 2013 suadere
2768 1973 2948 2013 meum
2979 1968 3062 2012 est
3084 2000 3098 2023 ,
3127 1973 3250 2012 nam
3281 1959 3447 2016 Gallia
3469 1962 3514 2018 si
3544 1971 3596 2019 te

2152 2047 2506 2119 Compulerit,
2539 2065 2658 2119 quae
2682 2047 2810 2118 jure
2841 2056 3035 2118 potest,
3071 2049 3161 2103 tibi
3188 2062 3368 2119 pareat
3397 2053 3566 2120 orbis,

2151 2144 2229 2199 Ne
2258 2153 2460 2214 pereat.
2484 2143 2655 2210 Dixit,
2688 2143 2995 2214 pariterque
3025 2143 3075 2198 in
3098 2145 3258 2200 verba
3291 2147 3454 2214 petita

2152 2239 2254 2294 Dat
2281 2248 2516 2294 sanctam
2547 2254 2668 2293 cum
2697 2237 2862 2292 fratre
2891 2237 3070 2292 ﬁdem.
3099 2247 3122 2275 θ
3148 2238 3408 2305 Discedis,
3442 2240 3617 2299 Avite.

2149 2331 2390 2398 Moestus,
2411 2333 2500 2401 qui
2531 2331 2710 2386 Gallos
2738 2330 2906 2385 scires
2936 2343 3042 2384 non
3069 2343 3226 2398 posse
3255 2330 3444 2396 latere,

2150 2424 2286 2492 Quid
2316 2424 2519 2494 possint
2550 2419 2755 2479 servire
2785 2421 2933 2478 Getae
2959 2429 3008 2476 te
3035 2421 3273 2492 principe
3299 2439 3313 2487 ;
3347 2438 3571 2496 namque

2148 2517 2366 2572 Civibus
2393 2527 2447 2570 ut
2477 2517 2641 2584 patuit
2675 2515 2914 2586 trepidis,
2949 2525 3001 2570 te
3027 2514 3229 2570 foedera
3261 2517 3420 2582 ferre,

2148 2609 2449 2664 Occurrunt
2481 2609 2703 2670 alacres,
2735 2609 3027 2678 ignaroque
3059 2618 3182 2661 ante
3215 2607 3445 2662 tribunal
3534 2654 3536 2656 ,

2146 2702 2436 2757 Sternunt:
2467 2708 2630 2769 utque
2658 2702 2789 2754 satis
2816 2699 3032 2754 sibimet
3064 2713 3347 2754 numerosa
3382 2701 3552 2758 coisse

2145 2791 2402 2846 Nobilitas
2436 2793 2549 2845 visa
2579 2802 2678 2858 est,
2712 2806 2869 2860 quam
2898 2789 2918 2828 τ
2953 2805 3082 2845 sava
3113 2791 3308 2846 nivalia
3339 2789 3482 2847 Cotti

2147 2885 2488 2952 Despectant,
2518 2883 2677 2936 variis
2709 2897 2806 2938 nec
2834 2897 2937 2936 tton
2968 2898 3126 2952 quam
3157 2883 3397 2952 partibus
3417 2883 3581 2938 ambit

2146 2977 2408 3048 Tyrrheni
2437 2977 2713 3045 Rhenique
2745 2977 2935 3046 liquor,
2970 2976 3052 3032 Vel
3080 2978 3234 3046 longa
3266 2985 3291 3024 8
3323 2976 3552 3047 Pyrenei

2144 3072 2313 3138 Quam
2340 3070 2462 3140 jnga
2495 3071 2560 3123 ab
2596 3069 2830 3140 Hispano
2862 3071 3124 3126 seclusam
3150 3070 3272 3138 jure
3299 3077 3565 3132 coercent,

2142 3164 2464 3235 Aggreditnr
2493 3164 2658 3220 nimio
2680 3179 2929 3219 curarum
2960 3162 3200 3234 pondere
3231 3162 3429 3217 tristem

2143 3262 2395 3317 Gaudens
2428 3260 2581 3317 turba
2610 3259 2818 3323 virum;
2842 3271 3123 3327 procerum
3149 3266 3258 3310 tum
3279 3253 3544 3338 maximus
3559 3265 3722 3321 unus,

2066 3341 2112 3405 C
2142 3353 2304 3426 348
2333 3355 2532 3424 Dignus
2565 3352 2655 3423 qni
2686 3353 2867 3421 patria:
2893 3366 3176 3421 personam
3208 3359 3465 3414 sumeret,
3501 3345 3649 3404 inﬁ“

2213 3449 2378 3513 Quam
2408 3460 2505 3499 nos
2533 3461 2627 3515 per
2652 3446 2827 3499 varios
2849 3445 3045 3499 dudum
3075 3445 3282 3499 fortuna
3312 3443 3544 3510 labores,

2143 3539 2394 3608 Principe
2425 3541 2523 3593 sub
2553 3554 2740 3607 puero,
2770 3538 2960 3592 laceris
2990 3547 3122 3592 terat
3152 3549 3338 3606 aspera
3379 3535 3539 3592 rebus
3560 3576 3575 3599 ,

2139 3632 2272 3686 Fors
2295 3633 2532 3701 longum,
2547 3631 2652 3685 dux
2671 3646 2880 3700 magne,
2896 3632 3068 3700 queri,
3083 3643 3202 3685 cum
3232 3629 3427 3699 quippe
3448 3629 3723 3688 dolentum

2139 3727 2370 3781 Maxima
2401 3741 2524 3796 pars
2554 3725 2733 3788 fueris,
2772 3725 2955 3794 patriae
2985 3725 3110 3779 dum
3142 3727 3364 3780 vulnera
3396 3725 3550 3795 lugen

2138 3817 2601 3874 Sollicitudinibus
2623 3818 3034 3872 vehementibus
3055 3819 3360 3887 exagitaris.

2138 3910 2243 3963 llas
2271 3910 2425 3964 nobis
2455 3912 2592 3963 inter
2623 3909 2802 3964 clades
2833 3924 2894 3963 ac
2925 3907 3107 3962 funera
3139 3907 3345 3972 mundi,

2136 4003 2277 4057 Mors
2306 4003 2500 4057 vixisse
2531 4001 2628 4056 fuit
2652 4019 2664 4067 ;
2713 4002 2804 4056 sed
2835 4003 2960 4055 dum
2987 4017 3078 4068 per
3105 4001 3267 4056 verba
3296 4009 3571 4070 parentum

2134 4097 2354 4165 Ignavas
2382 4095 2604 4149 colimus
2630 4095 2792 4164 leges,
2819 4101 3166 4162 sanctumque
3183 4100 3436 4163 putamus

2136 4189 2268 4244 Rem
2298 4196 2535 4242 veterem
2561 4203 2652 4256 per
2681 4187 2876 4241 damna
2903 4187 3082 4255 sequi:
3118 4186 3446 4254 portavimus
3476 4187 3716 4242 umbraut

2135 4283 2369 4352 Imperii,
2403 4283 2615 4350 generis
2645 4281 2885 4335 contenti
2914 4281 3053 4335 ferre
3084 4281 3278 4335 vetusti
3616 4287 3622 4292 '

2137 4374 2200 4427 Iit
2230 4373 2376 4436 vitia,
2405 4388 2466 4425 ac
2495 4371 2704 4425 solitam
2740 4373 2926 4425 vestiri
2961 4373 3162 4425 murice
3189 4380 3402 4439 gentem

2135 4466 2284 4520 Mere
2315 4465 2482 4529 ma,is
2512 4479 2670 4532 quam
2690 4465 2813 4533 jure
2841 4463 2946 4533 pati
2974 4482 2988 4530 ;
3020 4464 3414 4534 promptissima
3443 4475 3609 4528 nuper

511 4597 541 4627 ⁸
562 4590 716 4670 ,Ανίιί
765 4591 938 4672 oratio
981 4590 1061 4671 sic
1088 4591 1286 4672 geflicta
1309 4633 1337 4672 ,1
1363 4594 1540 4672 .quasi
1590 4594 1763 4649 adhuc
1813 4598 2014 4654 viveret
2039 4599 2091 4660 D
2118 4601 2184 4655 ab
2209 4600 2421 4672 Alarico
2452 4599 2741 4653 admissum
2769 4642 2784 4666 ,
2814 4602 3108 4666 Genscrici,
3143 4604 3230 4672 qui
3272 4601 3467 4658 Urbem
3499 4615 3592 4670 per
3616 4615 3714 4655 eos

437 4661 718 4735 Maximus,
746 4662 812 4714 de
838 4664 990 4735 cujus
1021 4662 1239 4717 interitu
1266 4663 1394 4716 nihil
1418 4663 1544 4717 dum
1572 4679 1847 4735 cognorat.

511 4731 537 4771 δ
560 4732 699 4786 Cave
727 4746 846 4804 cum
877 4731 941 4804 iis
971 4735 1170 4787 sentias
1206 4735 1294 4803 qui
1327 4750 1389 4788 ex
1418 4735 1518 4788 hoc
1549 4731 1664 4791 loco
1694 4739 1904 4792 Avitum
1941 4752 2019 4796 ter

438 4804 750 4873 magistrum
772 4803 1024 4876 militum,
1044 4816 1234 4871 quater
1251 4804 1556 4874 prtefectum
1585 4811 1832 4876 praetorio
1856 4811 2017 4867 fuisse

437 4887 783 4944 augurantur.
827 4873 1007 4942 Neque
1049 4878 1191 4928 enim
1225 4873 1326 4930 hoc
1361 4878 1531 4938 dicit;
1582 4873 1674 4933 sed
1729 4880 1864 4944 sibi,
1896 4899 2014 4937 cum

437 4943 628 5014 triplici
654 4943 765 5020 jam
809 4945 952 5020 bello
983 4960 1088 4998 non
1125 4945 1243 5020 sine
1282 4947 1501 5002 honoris
1535 4949 1685 5003 titulo
1715 4951 2013 5020 militasset,

435 5025 626 5085 quarto
655 5016 773 5068 loco
800 5015 1168 5083 prscfecturam
1196 5018 1469 5086 obtigisse.
1493 5020 1605 5085 Qua
1637 5022 1838 5076 ratione
1868 5034 1920 5077 et
1951 5015 2016 5080 de

434 5085 1009 5162 magisteriauniiitnm
1057 5086 1234 5141 dicere
1274 5085 1413 5144 nunc
1457 5100 1688 5157 poterat,
1726 5093 1912 5162 quinto
1958 5113 2016 5150 se

434 5157 578 5210 illam
611 5157 839 5209 culmine
869 5157 1152 5224 adeptum;
1179 5175 1274 5213 nec
1298 5169 1472 5215 tamen
1495 5178 1685 5216 sensus
1715 5157 1857 5218 esset
1888 5168 2015 5220 Avi-

436 5236 546 5283 tum
578 5227 857 5294 quinquies
891 5229 1200 5295 magistrum
1235 5231 1416 5285 fuisse.

508 5307 530 5335 ο
564 5295 716 5351 Initio
745 5298 868 5351 belli
895 5298 1125 5361 Gethici,
1159 5309 1217 5353 ut
1243 5302 1439 5356 dictum
1464 5312 1569 5368 est,
1595 5321 1734 5359 anno
1755 5304 1880 5361 456.
1907 5305 2012 5361 Ne-

431 5383 539 5447 que
586 5368 735 5447 enini
758 5367 1041 5447 obscurum
1079 5379 1163 5447 est
1199 5371 1271 5447 de
1303 5387 1363 5424 ea
1391 5367 1666 5429 obsidione
1702 5377 1784 5447 agi
1813 5378 1879 5430 de
1909 5395 2011 5446 qua

432 5440 684 5508 Prosper,
718 5438 972 5511 Isidorus,
1001 5440 1195 5494 Paulus
1223 5441 1476 5497 diaconus
1503 5455 1555 5498 et
1583 5447 1694 5511 alii,
1721 5438 1842 5502 Eum
1873 5465 1902 5502 a
1926 5438 2013 5502 Li-

432 5507 583 5568 torio,
597 5511 792 5564 comite
812 5507 967 5562 famis
991 5513 1225 5575 periculo
1249 5513 1530 5569 liberatum
1553 5507 1856 5573 Narbonem
1880 5521 2011 5574 scri-

430 5583 588 5637 bunt.
604 5581 789 5636 Avitus
809 5581 1037 5634 consilio
1063 5597 1161 5634 sue
1184 5583 1410 5639 solutam
1432 5602 1462 5640 a
1485 5587 1818 5644 Theoderico
1846 5589 2010 5646 fuisse

431 5653 767 5709 obsidionem
795 5663 1200 5708 commemorat.
1591 5689 1601 5700 .

503 5723 909 5796 flTheodoricus
932 5726 1086 5796 Avito
1104 5741 1207 5780 non
1229 5727 1398 5781 solum
1420 5742 1623 5796 pacem,
1640 5746 1824 5784 verum
1847 5733 2005 5785 etiam

435 5793 560 5868 belli
584 5795 836 5850 adversus
871 5795 1136 5851 Vandalos
1163 5793 1472 5852 societatem
1502 5793 1748 5868 spondet,
1782 5803 1824 5855 si
1849 5803 2006 5857 modo

433 5877 493 5944 se
511 5864 910 5944 imperatorem,
929 5877 1149 5944 vacante
1171 5884 1266 5937 per
1293 5871 1497 5944 Maximi
1523 5864 1721 5924 excitem
1737 5864 1886 5944 aula,
1905 5874 2002 5927 dc-

410 5932 526 6000 ,Jigi
555 5934 799 5996 patiatur.
836 5935 908 5990 Ita
936 5939 1076 5993 enim
1107 5932 1219 5995 fore
1257 5952 1312 5994 ut
1347 5941 1528 5996 Itonia:
1558 5951 1708 5995 vetns
1740 5932 1999 5996 excidium

2126 4672 2241 4726 dies
2270 4671 2459 4725 iterum
2489 4672 2767 4740 spoliarat,
2805 4674 3035 4727 vindicta
3063 4671 3324 4742 expietur.

2197 4746 2220 4772 °
2245 4742 2510 4796 Ambiisse
2535 4759 2820 4810 purpuram
2850 4743 3064 4810 Avitum
3108 4761 3210 4797 non
3244 4743 3544 4798 dissimulat
3572 4742 3706 4796 Gre-

2121 4814 2303 4880 gorius
2334 4813 2534 4866 'I‘nren.
2569 4815 2658 4866 lib.
2693 4830 2751 4874 ll,
2784 4831 2900 4884 cap.
2936 4818 3019 4879 ll,
3066 4831 3164 4869 nec
3217 4815 3368 4869 abest
3398 4815 3464 4867 ab
3496 4828 3554 4864 ea
3589 4828 3711 4867 sen-

2099 4880 2284 4938 'tcntia
2315 4887 2451 4952 quod
2481 4886 2668 4938 scribit
2701 4880 2931 4940 Isidorus
2956 4927 2970 4948 ,
2995 4885 3388 4939 Theodericum
3431 4885 3586 4937 Avito
3614 4898 3710 4936 su-

2123 4957 2298 5008 mendi
2337 4957 2622 5020 impcrialis
2676 4955 2868 5027 fastigii
2921 4973 3042 5010 cum
3075 4956 3241 5009 Gallis
3269 4953 3526 5027 auxilium
3563 4969 3703 5027 prae:

2120 5027 2319 5080 bnisse.
2373 5028 2519 5080 Ilanc
2565 5043 2694 5097 ergo
2725 5025 2898 5080 labem
2942 5037 2998 5080 ut
3047 5029 3188 5080 cluat
3229 5026 3513 5088 Sidonius,
3551 5025 3708 5096 135

2122 5099 2401 5165 imperium
2461 5110 2652 5152 tumsto
2701 5108 2754 5152 et
2805 5099 2969 5151 invito
3026 5098 3258 5151 delatum
3333 5098 3709 5164 ingestumun

2115 5169 2365 5222 afﬁrmat.
2400 5169 2514 5222 Jam
2548 5170 2746 5235 pnefati
2777 5184 2960 5221 sumus
2979 5185 3044 5221 ex
3078 5169 3264 5229 Idatie,
3292 5171 3506 5220 Avitum
3536 5165 3705 5220 Telo-

2115 5255 2186 5291 s;e
2219 5243 2469 5310 primum,
2492 5239 2686 5310 deinde
2711 5239 2912 5293 Arelati
2944 5241 3240 5306 Augustum
3274 5239 3438 5292 fuisse
3463 5237 3707 5306 appella-

2116 5309 2246 5364 tum.
2279 5310 2430 5377 Quod
2463 5326 2582 5362 cum
2623 5309 2847 5363 Sidonio
2897 5311 3152 5364 celi-.errt.
3185 5310 3396 5363 TOIOSu:
3436 5309 3602 5372 enim,
3639 5319 3698 5362 ut

2116 5391 2282 5445 pth,
2311 5391 2424 5434 acta
2456 5390 2578 5432 sunt
2607 5396 2723 5446 qua:
2763 5381 2828 5431 de
2865 5379 3004 5433 Aviti
3051 5396 3170 5433 cum
3202 5380 3538 5433 Theoderico
3565 5391 3703 5433 con-

2112 5465 2322 5516 greSsn,
2357 5451 2778 5518 eapessendique
2815 5449 3023 5518 imperii
3050 5451 3289 5505 consiliis
3319 5451 3577 5504 hactenus
3607 5463 3701 5504 ce-

2113 5521 2274 5583 cinit;
2316 5523 2624 5575 CUIII‘IOIICIII
2677 5535 2804 5574 vero
2856 5521 3072 5576 Gallica:
3126 5521 3440 5589 nobilitatis,
3493 5533 3595 5589 qua
3644 5520 3700 5573 in

2112 5594 2282 5643 red'tu
2315 5601 2568 5656 execptns
2617 5595 3067 5662 inauguratusque
3101 5593 3443 5658 describitur,
3478 5590 3530 5643 in
3563 5593 3700 5644 Arc-

2113 5662 2397 5715 latensinm
2424 5673 2594 5714 castro
2619 5663 2816 5718 coiisse
2850 5679 2975 5716 mox
3007 5664 3241 5718 docebit.

2189 5731 2207 5769 τ
2235 5733 2395 5799 Alpes
2427 5734 2614 5785 (Zo'tiac
2641 5751 2651 5784 :
2691 5736 2781 5786 Sed
2817 5736 3000 5787 harum
3029 5738 3249 5788 nomine
3273 5736 3505 5802 reliquas
3531 5731 3696 5788 etiam

2112 5805 2333 5872 intelligi
2387 5806 2548 5857 voluit
2613 5821 2728 5871 qua:
2776 5804 2996 5858 Galliam
3048 5807 3115 5858 ab
3185 5807 3332 5859 Italia
3387 5803 3692 5858 secludunt.

2112 5875 2502 5996 Colll‘illllfltlfttl
2539 5876 2724 5930 inedia:
2749 5889 2872 5932 sunt
2906 5877 3046 5931 inter
3075 5875 3260 5932 Graias
3293 5886 3346 5931 et
3377 5874 3689 5934 Maritimas.

2185 5956 2206 5990 Κ
2235 5976 2247 5996 ι
2305 5963 2356 5996 II.
2442 5963 2607 5996 mene.

2185 5956 2206 5990 κ
2235 5945 2356 6006 Alii,
2395 5945 2607 6009 Pyrene.
