  <div class='ocr_page' id='page_1' title='image "/cluster/home/n/w/nwhite01/storage/ocr_20150623/58/hvd.32044073505240/384.png"; bbox 0 0 4072 6348; ppageno 0'>
   <div class='ocr_carea' id='block_1_1' title="bbox 269 5263 283 5324">
    <p class='ocr_par' dir='ltr' id='par_1_1' title="bbox 269 5263 283 5324">
     <span class='ocr_line' id='line_1_1' title="bbox 269 5263 283 5324; baseline 0 0"><span class='ocrx_word' id='word_1_1' title='bbox 269 5263 283 5324; x_wconf 76' lang='lat' dir='ltr'><strong>l</strong></span> 
     </span>
    </p>
   </div>
   <div class='ocr_carea' id='block_1_2' title="bbox 317 337 429 391">
    <p class='ocr_par' dir='ltr' id='par_1_2' title="bbox 317 337 429 391">
     <span class='ocr_line' id='line_1_2' title="bbox 317 337 429 391; baseline -0.027 1"><span class='ocrx_word' id='word_1_2' title='bbox 317 337 429 391; x_wconf 78' lang='grc'><strong>697</strong></span> 
     </span>
    </p>
   </div>
   <div class='ocr_carea' id='block_1_3' title="bbox 320 439 1305 512">
    <p class='ocr_par' dir='ltr' id='par_1_3' title="bbox 320 439 1305 512">
     <span class='ocr_line' id='line_1_3' title="bbox 320 439 1305 512; baseline -0.009 -9"><span class='ocrx_word' id='word_1_3' title='bbox 320 447 521 503; x_wconf 81' lang='lat' dir='ltr'><strong>Forma</strong></span> <span class='ocrx_word' id='word_1_4' title='bbox 546 442 747 512; x_wconf 89' lang='lat' dir='ltr'><strong>percita</strong></span> <span class='ocrx_word' id='word_1_5' title='bbox 775 454 896 495; x_wconf 91' lang='lat' dir='ltr'><strong>cum</strong></span> <span class='ocrx_word' id='word_1_6' title='bbox 921 439 1072 496; x_wconf 91' lang='lat' dir='ltr'><strong>ducis</strong></span> <span class='ocrx_word' id='word_1_7' title='bbox 1100 439 1305 510; x_wconf 91' lang='lat' dir='ltr'><strong>Pelasgi</strong></span> 
     </span>
    </p>
   </div>
   <div class='ocr_carea' id='block_1_4' title="bbox 320 535 1234 606">
    <p class='ocr_par' dir='ltr' id='par_1_4' title="bbox 320 535 1234 606">
     <span class='ocr_line' id='line_1_4' title="bbox 320 535 1234 606; baseline -0.01 -9"><span class='ocrx_word' id='word_1_8' title='bbox 320 539 561 597; x_wconf 78' lang='lat' dir='ltr'><strong>Molliret</strong></span> <span class='ocrx_word' id='word_1_9' title='bbox 587 536 805 592; x_wconf 87' lang='lat' dir='ltr'><strong>rabidos</strong></span> <span class='ocrx_word' id='word_1_10' title='bbox 827 535 1008 606; x_wconf 81' lang='lat' dir='ltr'><strong>virago</strong></span> <span class='ocrx_word' id='word_1_11' title='bbox 1032 542 1234 598; x_wconf 91' lang='lat' dir='ltr'><strong>tauros,</strong></span> 
     </span>
    </p>
   </div>
   <div class='ocr_carea' id='block_1_5' title="bbox 320 626 1372 694">
    <p class='ocr_par' dir='ltr' id='par_1_5' title="bbox 320 626 1372 694">
     <span class='ocr_line' id='line_1_5' title="bbox 320 626 1372 694; baseline -0.012 -3"><span class='ocrx_word' id='word_1_12' title='bbox 320 631 432 691; x_wconf 81' lang='lat' dir='ltr'><strong>Nec</strong></span> <span class='ocrx_word' id='word_1_13' title='bbox 460 642 571 686; x_wconf 91' lang='lat' dir='ltr'><strong>tum</strong></span> <span class='ocrx_word' id='word_1_14' title='bbox 602 628 811 694; x_wconf 85' lang='lat' dir='ltr'><strong>territa,</strong></span> <span class='ocrx_word' id='word_1_15' title='bbox 834 643 952 682; x_wconf 92' lang='lat' dir='ltr'><strong>cum</strong></span> <span class='ocrx_word' id='word_1_16' title='bbox 984 641 1109 683; x_wconf 90' lang='lat' dir='ltr'><strong>suus</strong></span> <span class='ocrx_word' id='word_1_17' title='bbox 1128 626 1372 691; x_wconf 90' lang='lat' dir='ltr'><strong>colonus,</strong></span> 
     </span>
    </p>
   </div>
   <div class='ocr_carea' id='block_1_6' title="bbox 322 716 1322 795">
    <p class='ocr_par' dir='ltr' id='par_1_6' title="bbox 322 716 1322 795">
     <span class='ocr_line' id='line_1_6' title="bbox 322 716 1322 795; baseline -0.015 -11"><span class='ocrx_word' id='word_1_18' title='bbox 322 729 452 785; x_wconf 86' lang='lat' dir='ltr'><strong>Post</strong></span> <span class='ocrx_word' id='word_1_19' title='bbox 470 723 662 795; x_wconf 89' lang='lat' dir='ltr'><strong>anguis</strong></span> <span class='ocrx_word' id='word_1_20' title='bbox 686 720 876 777; x_wconf 93' lang='lat' dir='ltr'><strong>domiti</strong></span> <span class='ocrx_word' id='word_1_21' title='bbox 898 729 1043 774; x_wconf 89' lang='lat' dir='ltr'><strong>satos</strong></span> <span class='ocrx_word' id='word_1_22' title='bbox 1070 716 1322 781; x_wconf 82' lang='lat' dir='ltr'><strong>molares,</strong></span> 
     </span>
    </p>
   </div>
   <div class='ocr_carea' id='block_1_7' title="bbox 322 808 1388 878">
    <p class='ocr_par' dir='ltr' id='par_1_7' title="bbox 322 808 1388 878">
     <span class='ocr_line' id='line_1_7' title="bbox 322 808 1388 878; baseline -0.016 -1"><span class='ocrx_word' id='word_1_23' title='bbox 322 824 574 878; x_wconf 88' lang='lat' dir='ltr'><strong>Armatas</strong></span> <span class='ocrx_word' id='word_1_24' title='bbox 603 811 984 869; x_wconf 90' lang='lat' dir='ltr'><strong>tremebundus</strong></span> <span class='ocrx_word' id='word_1_25' title='bbox 1013 810 1152 865; x_wconf 92' lang='lat' dir='ltr'><strong>inter</strong></span> <span class='ocrx_word' id='word_1_26' title='bbox 1174 808 1388 874; x_wconf 86' lang='lat' dir='ltr'><strong>herbas,</strong></span> 
     </span>
    </p>
   </div>
   <div class='ocr_carea' id='block_1_8' title="bbox 322 902 1399 977">
    <p class='ocr_par' dir='ltr' id='par_1_8' title="bbox 322 902 1399 977">
     <span class='ocr_line' id='line_1_8' title="bbox 322 902 1399 977; baseline -0.014 -7"><span class='ocrx_word' id='word_1_27' title='bbox 322 914 547 970; x_wconf 86' lang='lat' dir='ltr'><strong>Florere</strong></span> <span class='ocrx_word' id='word_1_28' title='bbox 566 909 619 964; x_wconf 93' lang='lat' dir='ltr'><strong>in</strong></span> <span class='ocrx_word' id='word_1_29' title='bbox 649 916 885 977; x_wconf 91' lang='lat' dir='ltr'><strong>segetem</strong></span> <span class='ocrx_word' id='word_1_30' title='bbox 915 912 1159 973; x_wconf 88' lang='lat' dir='ltr'><strong>stuperet</strong></span> <span class='ocrx_word' id='word_1_31' title='bbox 1187 902 1399 957; x_wconf 90' lang='lat' dir='ltr'><strong>hostem</strong></span> 
     </span>
    </p>
   </div>
   <div class='ocr_carea' id='block_1_9' title="bbox 320 994 1400 1073">
    <p class='ocr_par' dir='ltr' id='par_1_9' title="bbox 320 994 1400 1073">
     <span class='ocr_line' id='line_1_9' title="bbox 320 994 1400 1073; baseline -0.015 -12"><span class='ocrx_word' id='word_1_32' title='bbox 320 1005 387 1061; x_wconf 85' lang='lat' dir='ltr'><strong>Et</strong></span> <span class='ocrx_word' id='word_1_33' title='bbox 415 1000 767 1073; x_wconf 82' lang='lat' dir='ltr'><strong>pugnantibus</strong></span> <span class='ocrx_word' id='word_1_34' title='bbox 795 997 919 1051; x_wconf 90' lang='lat' dir='ltr'><strong>hinc</strong></span> <span class='ocrx_word' id='word_1_35' title='bbox 947 1003 1003 1051; x_wconf 91' lang='lat' dir='ltr'><strong>et</strong></span> <span class='ocrx_word' id='word_1_36' title='bbox 1032 994 1155 1049; x_wconf 86' lang='lat' dir='ltr'><strong>hinc</strong></span> <span class='ocrx_word' id='word_1_37' title='bbox 1186 994 1364 1049; x_wconf 88' lang='lat' dir='ltr'><strong>aristis</strong></span> <span class='ocrx_word' id='word_1_38' title='bbox 1387 1037 1400 1061; x_wconf 90' lang='lat'><strong>,</strong></span> 
     </span>
    </p>
   </div>
   <div class='ocr_carea' id='block_1_10' title="bbox 318 1085 1269 1165">
    <p class='ocr_par' dir='ltr' id='par_1_10' title="bbox 318 1085 1269 1165">
     <span class='ocr_line' id='line_1_10' title="bbox 318 1085 1269 1165; baseline -0.014 -14"><span class='ocrx_word' id='word_1_39' title='bbox 318 1097 495 1165; x_wconf 85' lang='lat' dir='ltr'><strong>Supra</strong></span> <span class='ocrx_word' id='word_1_40' title='bbox 525 1090 799 1148; x_wconf 82' lang='lat' dir='ltr'><strong>belliferas</strong></span> <span class='ocrx_word' id='word_1_41' title='bbox 819 1086 1037 1142; x_wconf 86' lang='lat' dir='ltr'><strong>madere</strong></span> <span class='ocrx_word' id='word_1_42' title='bbox 1065 1085 1269 1154; x_wconf 89' lang='lat' dir='ltr'><strong>glebas,</strong></span> 
     </span>
    </p>
   </div>
   <div class='ocr_carea' id='block_1_11' title="bbox 318 1174 1242 1242">
    <p class='ocr_par' dir='ltr' id='par_1_11' title="bbox 318 1174 1242 1242">
     <span class='ocr_line' id='line_1_11' title="bbox 318 1174 1242 1242; baseline -0.016 1"><span class='ocrx_word' id='word_1_43' title='bbox 318 1185 604 1242; x_wconf 83' lang='lat' dir='ltr'><strong>Culmosos</strong></span> <span class='ocrx_word' id='word_1_44' title='bbox 623 1179 784 1235; x_wconf 79' lang='lat' dir='ltr'><strong>viridi</strong></span> <span class='ocrx_word' id='word_1_45' title='bbox 812 1191 1003 1234; x_wconf 86' lang='lat' dir='ltr'><strong>cruore</strong></span> <span class='ocrx_word' id='word_1_46' title='bbox 1032 1174 1242 1230; x_wconf 84' lang='lat' dir='ltr'><strong>fratres.</strong></span> 
     </span>
    </p>
   </div>
   <div class='ocr_carea' id='block_1_12' title="bbox 391 1266 1512 1341">
    <p class='ocr_par' dir='ltr' id='par_1_12' title="bbox 391 1266 1512 1341">
     <span class='ocr_line' id='line_1_12' title="bbox 391 1266 1512 1341; baseline -0.012 -7"><span class='ocrx_word' id='word_1_47' title='bbox 391 1277 509 1333; x_wconf 81' lang='lat' dir='ltr'><strong>Non</strong></span> <span class='ocrx_word' id='word_1_48' title='bbox 537 1272 624 1329; x_wconf 91' lang='lat' dir='ltr'><strong>hic</strong></span> <span class='ocrx_word' id='word_1_49' title='bbox 656 1274 973 1341; x_wconf 79' lang='lat' dir='ltr'><strong>terrigenam</strong></span> <span class='ocrx_word' id='word_1_50' title='bbox 1003 1268 1189 1337; x_wconf 90' lang='lat' dir='ltr'><strong>loquar</strong></span> <span class='ocrx_word' id='word_1_51' title='bbox 1212 1266 1512 1331; x_wconf 89' lang='lat' dir='ltr'><strong>cohortem,</strong></span> 
     </span>
    </p>
   </div>
   <div class='ocr_carea' id='block_1_13' title="bbox 318 1363 1270 1435">
    <p class='ocr_par' dir='ltr' id='par_1_13' title="bbox 318 1363 1270 1435">
     <span class='ocr_line' id='line_1_13' title="bbox 318 1363 1270 1435; baseline -0.012 -9"><span class='ocrx_word' id='word_1_52' title='bbox 318 1369 576 1427; x_wconf 82' lang='lat' dir='ltr'><strong>Admixto</strong></span> <span class='ocrx_word' id='word_1_53' title='bbox 606 1380 761 1435; x_wconf 83' lang='lat' dir='ltr'><strong>mage</strong></span> <span class='ocrx_word' id='word_1_54' title='bbox 781 1363 1013 1419; x_wconf 78' lang='lat' dir='ltr'><strong>vividam</strong></span> <span class='ocrx_word' id='word_1_55' title='bbox 1038 1375 1270 1425; x_wconf 87' lang='lat' dir='ltr'><strong>veneno,</strong></span> 
     </span>
    </p>
   </div>
   <div class='ocr_carea' id='block_1_14' title="bbox 318 1453 1421 1532">
    <p class='ocr_par' dir='ltr' id='par_1_14' title="bbox 318 1453 1421 1532">
     <span class='ocr_line' id='line_1_14' title="bbox 318 1453 1421 1532; baseline -0.012 -13"><span class='ocrx_word' id='word_1_56' title='bbox 318 1463 421 1520; x_wconf 89' lang='lat' dir='ltr'><strong>Cui</strong></span> <span class='ocrx_word' id='word_1_57' title='bbox 446 1468 645 1532; x_wconf 68' lang='lat' dir='ltr'><strong>prmtcr</strong></span> <span class='ocrx_word' id='word_1_58' title='bbox 671 1456 905 1526; x_wconf 86' lang='lat' dir='ltr'><strong>speciem</strong></span> <span class='ocrx_word' id='word_1_59' title='bbox 939 1453 1098 1508; x_wconf 88' lang='lat' dir='ltr'><strong>modo</strong></span> <span class='ocrx_word' id='word_1_60' title='bbox 1126 1460 1421 1519; x_wconf 85' lang='lat' dir='ltr'><strong>carentem,</strong></span> 
     </span>
    </p>
   </div>
   <div class='ocr_carea' id='block_1_15' title="bbox 318 1546 1261 1623">
    <p class='ocr_par' dir='ltr' id='par_1_15' title="bbox 318 1546 1261 1623">
     <span class='ocr_line' id='line_1_15' title="bbox 318 1546 1261 1623; baseline -0.012 -12"><span class='ocrx_word' id='word_1_61' title='bbox 318 1554 539 1623; x_wconf 89' lang='lat' dir='ltr'><strong>Angues</strong></span> <span class='ocrx_word' id='word_1_62' title='bbox 568 1549 883 1620; x_wconf 88' lang='lat' dir='ltr'><strong>corporibus</strong></span> <span class='ocrx_word' id='word_1_63' title='bbox 912 1546 1261 1602; x_wconf 80' lang='lat' dir='ltr'><strong>voluminosis</strong></span> 
     </span>
    </p>
   </div>
   <div class='ocr_carea' id='block_1_16' title="bbox 318 1636 1472 1718">
    <p class='ocr_par' dir='ltr' id='par_1_16' title="bbox 318 1636 1472 1718">
     <span class='ocr_line' id='line_1_16' title="bbox 318 1636 1472 1718; baseline -0.01 -16"><span class='ocrx_word' id='word_1_64' title='bbox 318 1644 485 1718; x_wconf 59' lang='lat'><strong>355</strong></span> <span class='ocrx_word' id='word_1_65' title='bbox 502 1645 625 1699; x_wconf 87' lang='lat' dir='ltr'><strong>Alte</strong></span> <span class='ocrx_word' id='word_1_66' title='bbox 650 1654 902 1711; x_wconf 87' lang='lat' dir='ltr'><strong>squamea</strong></span> <span class='ocrx_word' id='word_1_67' title='bbox 930 1653 1087 1694; x_wconf 91' lang='lat' dir='ltr'><strong>crura</strong></span> <span class='ocrx_word' id='word_1_68' title='bbox 1120 1636 1472 1707; x_wconf 83' lang='lat' dir='ltr'><strong>porrigentes,</strong></span> 
     </span>
    </p>
   </div>
   <div class='ocr_carea' id='block_1_17' title="bbox 320 1730 1171 1805">
    <p class='ocr_par' dir='ltr' id='par_1_17' title="bbox 320 1730 1171 1805">
     <span class='ocr_line' id='line_1_17' title="bbox 320 1730 1171 1805; baseline -0.009 -13"><span class='ocrx_word' id='word_1_69' title='bbox 320 1738 382 1792; x_wconf 88' lang='lat' dir='ltr'><strong>In</strong></span> <span class='ocrx_word' id='word_1_70' title='bbox 408 1734 629 1805; x_wconf 89' lang='lat' dir='ltr'><strong>vestigia</strong></span> <span class='ocrx_word' id='word_1_71' title='bbox 657 1734 812 1787; x_wconf 84' lang='lat' dir='ltr'><strong>fauce</strong></span> <span class='ocrx_word' id='word_1_72' title='bbox 834 1730 1171 1785; x_wconf 85' lang='lat' dir='ltr'><strong>desinebant.</strong></span> 
     </span>
    </p>
   </div>
   <div class='ocr_carea' id='block_1_18' title="bbox 317 1820 1448 1893">
    <p class='ocr_par' dir='ltr' id='par_1_18' title="bbox 317 1820 1448 1893">
     <span class='ocr_line' id='line_1_18' title="bbox 317 1820 1448 1893; baseline -0.01 -9"><span class='ocrx_word' id='word_1_73' title='bbox 317 1829 413 1884; x_wconf 88' lang='lat' dir='ltr'><strong>Sic</strong></span> <span class='ocrx_word' id='word_1_74' title='bbox 441 1838 467 1865; x_wconf 71' lang='grc' dir='ltr'><strong>α</strong></span> <span class='ocrx_word' id='word_1_75' title='bbox 491 1827 677 1882; x_wconf 72' lang='lat' dir='ltr'><strong>forma:</strong></span> <span class='ocrx_word' id='word_1_76' title='bbox 707 1822 929 1893; x_wconf 86' lang='lat' dir='ltr'><strong>triplicis</strong></span> <span class='ocrx_word' id='word_1_77' title='bbox 956 1835 1151 1891; x_wconf 84' lang='lat' dir='ltr'><strong>procax</strong></span> <span class='ocrx_word' id='word_1_78' title='bbox 1177 1820 1448 1890; x_wconf 83' lang='lat' dir='ltr'><strong>juventus,</strong></span> 
     </span>
    </p>
   </div>
   <div class='ocr_carea' id='block_1_19' title="bbox 318 1913 1288 1988">
    <p class='ocr_par' dir='ltr' id='par_1_19' title="bbox 318 1913 1288 1988">
     <span class='ocr_line' id='line_1_19' title="bbox 318 1913 1288 1988; baseline -0.01 -11"><span class='ocrx_word' id='word_1_79' title='bbox 318 1922 593 1979; x_wconf 85' lang='lat' dir='ltr'><strong>Tellurem</strong></span> <span class='ocrx_word' id='word_1_80' title='bbox 615 1917 750 1988; x_wconf 87' lang='lat' dir='ltr'><strong>pede</strong></span> <span class='ocrx_word' id='word_1_81' title='bbox 779 1924 1057 1986; x_wconf 89' lang='lat' dir='ltr'><strong>proterens</strong></span> <span class='ocrx_word' id='word_1_82' title='bbox 1086 1913 1288 1980; x_wconf 77' lang='lat' dir='ltr'><strong>voraci,</strong></span> 
     </span>
    </p>
   </div>
   <div class='ocr_carea' id='block_1_20' title="bbox 322 2008 1378 2082">
    <p class='ocr_par' dir='ltr' id='par_1_20' title="bbox 322 2008 1378 2082">
     <span class='ocr_line' id='line_1_20' title="bbox 322 2008 1378 2082; baseline -0.009 -10"><span class='ocrx_word' id='word_1_83' title='bbox 322 2013 588 2072; x_wconf 87' lang='lat' dir='ltr'><strong>Currebat</strong></span> <span class='ocrx_word' id='word_1_84' title='bbox 613 2012 848 2082; x_wconf 86' lang='lat' dir='ltr'><strong>capitum</strong></span> <span class='ocrx_word' id='word_1_85' title='bbox 873 2008 1132 2081; x_wconf 85' lang='lat' dir='ltr'><strong>stupenda</strong></span> <span class='ocrx_word' id='word_1_86' title='bbox 1157 2023 1378 2079; x_wconf 90' lang='lat' dir='ltr'><strong>gressu;</strong></span> 
     </span>
    </p>
   </div>
   <div class='ocr_carea' id='block_1_21' title="bbox 328 2091 1484 2168">
    <p class='ocr_par' dir='ltr' id='par_1_21' title="bbox 328 2091 1484 2168">
     <span class='ocr_line' id='line_1_21' title="bbox 328 2091 1484 2168; baseline -0.009 -8"><span class='ocrx_word' id='word_1_87' title='bbox 328 2107 536 2162; x_wconf 86' lang='lat' dir='ltr'><strong>Etcum</strong></span> <span class='ocrx_word' id='word_1_88' title='bbox 566 2104 791 2160; x_wconf 88' lang='lat' dir='ltr'><strong>classica</strong></span> <span class='ocrx_word' id='word_1_89' title='bbox 815 2091 1089 2157; x_wconf 85' lang='lat' dir='ltr'><strong>numinum</strong></span> <span class='ocrx_word' id='word_1_90' title='bbox 1115 2100 1397 2168; x_wconf 88' lang='lat' dir='ltr'><strong>sonabant,</strong></span> <span class='ocrx_word' id='word_1_91' title='bbox 1471 2106 1484 2118; x_wconf 88' lang='lat'><strong>&#39;</strong></span> 
     </span>
    </p>
   </div>
   <div class='ocr_carea' id='block_1_22' title="bbox 320 2194 1236 2257">
    <p class='ocr_par' dir='ltr' id='par_1_22' title="bbox 320 2194 1236 2257">
     <span class='ocr_line' id='line_1_22' title="bbox 320 2194 1236 2257; baseline -0.009 0"><span class='ocrx_word' id='word_1_92' title='bbox 320 2201 439 2257; x_wconf 77' lang='lat' dir='ltr'><strong>Mox</strong></span> <span class='ocrx_word' id='word_1_93' title='bbox 458 2208 643 2256; x_wconf 88' lang='lat' dir='ltr'><strong>contra</strong></span> <span class='ocrx_word' id='word_1_94' title='bbox 675 2198 902 2253; x_wconf 86' lang='lat' dir='ltr'><strong>tonitrus</strong></span> <span class='ocrx_word' id='word_1_95' title='bbox 927 2194 1236 2251; x_wconf 89' lang='lat' dir='ltr'><strong>resibilante</strong></span> 
     </span>
    </p>
   </div>
   <div class='ocr_carea' id='block_1_23' title="bbox 320 2288 1215 2361">
    <p class='ocr_par' dir='ltr' id='par_1_23' title="bbox 320 2288 1215 2361">
     <span class='ocr_line' id='line_1_23' title="bbox 320 2288 1215 2361; baseline -0.011 -12"><span class='ocrx_word' id='word_1_96' title='bbox 320 2291 569 2349; x_wconf 88' lang='lat' dir='ltr'><strong>Audebat</strong></span> <span class='ocrx_word' id='word_1_97' title='bbox 595 2304 823 2361; x_wconf 86' lang='lat' dir='ltr'><strong>superos</strong></span> <span class='ocrx_word' id='word_1_98' title='bbox 846 2288 989 2345; x_wconf 88' lang='lat' dir='ltr'><strong>ciere</strong></span> <span class='ocrx_word' id='word_1_99' title='bbox 1014 2288 1215 2357; x_wconf 83' lang='lat' dir='ltr'><strong>planta.</strong></span> 
     </span>
    </p>
   </div>
   <div class='ocr_carea' id='block_1_24' title="bbox 319 2378 1302 2453">
    <p class='ocr_par' dir='ltr' id='par_1_24' title="bbox 319 2378 1302 2453">
     <span class='ocr_line' id='line_1_24' title="bbox 319 2378 1302 2453; baseline -0.01 -13"><span class='ocrx_word' id='word_1_100' title='bbox 319 2383 432 2441; x_wconf 83' lang='lat' dir='ltr'><strong>Nec</strong></span> <span class='ocrx_word' id='word_1_101' title='bbox 452 2382 692 2453; x_wconf 76' lang='lat' dir='ltr'><strong>Phlegrae</strong></span> <span class='ocrx_word' id='word_1_102' title='bbox 716 2382 850 2451; x_wconf 89' lang='lat' dir='ltr'><strong>legis</strong></span> <span class='ocrx_word' id='word_1_103' title='bbox 878 2378 1135 2448; x_wconf 89' lang='lat' dir='ltr'><strong>ampliata</strong></span> <span class='ocrx_word' id='word_1_104' title='bbox 1154 2392 1302 2443; x_wconf 88' lang='lat' dir='ltr'><strong>rura,</strong></span> 
     </span>
    </p>
   </div>
   <div class='ocr_carea' id='block_1_25' title="bbox 320 2472 1424 2541">
    <p class='ocr_par' dir='ltr' id='par_1_25' title="bbox 320 2472 1424 2541">
     <span class='ocr_line' id='line_1_25' title="bbox 320 2472 1424 2541; baseline -0.01 -10"><span class='ocrx_word' id='word_1_105' title='bbox 320 2475 466 2531; x_wconf 77' lang='lat' dir='ltr'><strong>Missi</strong></span> <span class='ocrx_word' id='word_1_106' title='bbox 493 2474 619 2528; x_wconf 91' lang='lat' dir='ltr'><strong>dum</strong></span> <span class='ocrx_word' id='word_1_107' title='bbox 652 2472 878 2527; x_wconf 87' lang='lat' dir='ltr'><strong>volitant</strong></span> <span class='ocrx_word' id='word_1_108' title='bbox 904 2485 1002 2541; x_wconf 87' lang='lat' dir='ltr'><strong>per</strong></span> <span class='ocrx_word' id='word_1_109' title='bbox 1028 2479 1173 2524; x_wconf 90' lang='lat' dir='ltr'><strong>astra</strong></span> <span class='ocrx_word' id='word_1_110' title='bbox 1195 2476 1424 2535; x_wconf 90' lang='lat' dir='ltr'><strong>montes,</strong></span> 
     </span>
    </p>
   </div>
   <div class='ocr_carea' id='block_1_26' title="bbox 320 2555 1515 2631">
    <p class='ocr_par' dir='ltr' id='par_1_26' title="bbox 320 2555 1515 2631">
     <span class='ocr_line' id='line_1_26' title="bbox 320 2555 1515 2631; baseline -0.009 -12"><span class='ocrx_word' id='word_1_111' title='bbox 320 2564 543 2631; x_wconf 87' lang='lat' dir='ltr'><strong>Pindus,</strong></span> <span class='ocrx_word' id='word_1_112' title='bbox 572 2562 781 2630; x_wconf 90' lang='lat' dir='ltr'><strong>Pelion,</strong></span> <span class='ocrx_word' id='word_1_113' title='bbox 808 2561 964 2628; x_wconf 87' lang='lat' dir='ltr'><strong>Ossa,</strong></span> <span class='ocrx_word' id='word_1_114' title='bbox 998 2559 1279 2629; x_wconf 90' lang='lat' dir='ltr'><strong>Olympus,</strong></span> <span class='ocrx_word' id='word_1_115' title='bbox 1310 2555 1515 2622; x_wconf 85' lang='lat' dir='ltr'><strong>Othris,</strong></span> 
     </span>
    </p>
   </div>
   <div class='ocr_carea' id='block_1_27' title="bbox 318 2649 1381 2725">
    <p class='ocr_par' dir='ltr' id='par_1_27' title="bbox 318 2649 1381 2725">
     <span class='ocr_line' id='line_1_27' title="bbox 318 2649 1381 2725; baseline -0.011 -12"><span class='ocrx_word' id='word_1_116' title='bbox 318 2657 453 2713; x_wconf 88' lang='lat' dir='ltr'><strong>Cum</strong></span> <span class='ocrx_word' id='word_1_117' title='bbox 482 2656 655 2722; x_wconf 87' lang='lat' dir='ltr'><strong>silvis,</strong></span> <span class='ocrx_word' id='word_1_118' title='bbox 685 2652 951 2725; x_wconf 88' lang='lat' dir='ltr'><strong>gregibus,</strong></span> <span class='ocrx_word' id='word_1_119' title='bbox 978 2650 1131 2718; x_wconf 88' lang='lat' dir='ltr'><strong>feris,</strong></span> <span class='ocrx_word' id='word_1_120' title='bbox 1156 2649 1381 2719; x_wconf 85' lang='lat' dir='ltr'><strong>pruinis,</strong></span> 
     </span>
    </p>
   </div>
   <div class='ocr_carea' id='block_1_28' title="bbox 323 2741 1228 2817">
    <p class='ocr_par' dir='ltr' id='par_1_28' title="bbox 323 2741 1228 2817">
     <span class='ocr_line' id='line_1_28' title="bbox 323 2741 1228 2817; baseline -0.012 -12"><span class='ocrx_word' id='word_1_121' title='bbox 323 2742 502 2817; x_wconf 72' lang='lat' dir='ltr'><strong>Saxis,</strong></span> <span class='ocrx_word' id='word_1_122' title='bbox 524 2746 785 2813; x_wconf 83' lang='lat' dir='ltr'><strong>fontibus,</strong></span> <span class='ocrx_word' id='word_1_123' title='bbox 808 2743 1039 2815; x_wconf 82' lang='lat' dir='ltr'><strong>oppidis,</strong></span> <span class='ocrx_word' id='word_1_124' title='bbox 1069 2741 1228 2797; x_wconf 85' lang='lat' dir='ltr'><strong>levati</strong></span> 
     </span>
    </p>
   </div>
   <div class='ocr_carea' id='block_1_29' title="bbox 320 2834 1249 2907">
    <p class='ocr_par' dir='ltr' id='par_1_29' title="bbox 320 2834 1249 2907">
     <span class='ocr_line' id='line_1_29' title="bbox 320 2834 1249 2907; baseline -0.012 -10"><span class='ocrx_word' id='word_1_125' title='bbox 320 2840 662 2896; x_wconf 77' lang='lat' dir='ltr'><strong>Vibrantrum</strong></span> <span class='ocrx_word' id='word_1_126' title='bbox 690 2835 1012 2907; x_wconf 88' lang='lat' dir='ltr'><strong>spatiosiore</strong></span> <span class='ocrx_word' id='word_1_127' title='bbox 1039 2834 1249 2890; x_wconf 84' lang='lat' dir='ltr'><strong>dextra.</strong></span> 
     </span>
    </p>
   </div>
   <div class='ocr_carea' id='block_1_30' title="bbox 396 2924 1477 2989">
    <p class='ocr_par' dir='ltr' id='par_1_30' title="bbox 396 2924 1477 2989">
     <span class='ocr_line' id='line_1_30' title="bbox 396 2924 1477 2989; baseline -0.007 -2"><span class='ocrx_word' id='word_1_128' title='bbox 396 2931 425 2970; x_wconf 72' lang='grc' dir='ltr'>δ</span> <span class='ocrx_word' id='word_1_129' title='bbox 450 2930 565 2987; x_wconf 76' lang='lat' dir='ltr'><strong>Non</strong></span> <span class='ocrx_word' id='word_1_130' title='bbox 592 2930 679 2985; x_wconf 89' lang='lat' dir='ltr'><strong>hic</strong></span> <span class='ocrx_word' id='word_1_131' title='bbox 708 2928 952 2985; x_wconf 84' lang='lat' dir='ltr'><strong>Herculis</strong></span> <span class='ocrx_word' id='word_1_132' title='bbox 972 2928 1211 2984; x_wconf 75' lang='lat' dir='ltr'><strong>excolam</strong></span> <span class='ocrx_word' id='word_1_133' title='bbox 1246 2924 1477 2989; x_wconf 88' lang='lat' dir='ltr'><strong>labores,</strong></span> 
     </span>
    </p>
   </div>
   <div class='ocr_carea' id='block_1_31' title="bbox 317 3018 1383 3091">
    <p class='ocr_par' dir='ltr' id='par_1_31' title="bbox 317 3018 1383 3091">
     <span class='ocr_line' id='line_1_31' title="bbox 317 3018 1383 3091; baseline -0.01 -10"><span class='ocrx_word' id='word_1_134' title='bbox 317 3024 419 3081; x_wconf 86' lang='lat' dir='ltr'><strong>Cui</strong></span> <span class='ocrx_word' id='word_1_135' title='bbox 449 3038 563 3090; x_wconf 88' lang='lat' dir='ltr'><strong>sus,</strong></span> <span class='ocrx_word' id='word_1_136' title='bbox 584 3037 761 3088; x_wconf 90' lang='lat' dir='ltr'><strong>cerva,</strong></span> <span class='ocrx_word' id='word_1_137' title='bbox 796 3021 904 3086; x_wconf 92' lang='lat' dir='ltr'><strong>leo,</strong></span> <span class='ocrx_word' id='word_1_138' title='bbox 935 3020 1104 3091; x_wconf 90' lang='lat' dir='ltr'><strong>gigas,</strong></span> <span class='ocrx_word' id='word_1_139' title='bbox 1127 3018 1383 3082; x_wconf 86' lang='lat' dir='ltr'><strong>Amazon,</strong></span> 
     </span>
    </p>
   </div>
   <div class='ocr_carea' id='block_1_32' title="bbox 321 3108 1520 3188">
    <p class='ocr_par' dir='ltr' id='par_1_32' title="bbox 321 3108 1520 3188">
     <span class='ocr_line' id='line_1_32' title="bbox 321 3108 1520 3188; baseline -0.01 -15"><span class='ocrx_word' id='word_1_140' title='bbox 321 3118 547 3188; x_wconf 78' lang='lat' dir='ltr'><strong>Hospes,</strong></span> <span class='ocrx_word' id='word_1_141' title='bbox 580 3123 787 3184; x_wconf 84' lang='lat' dir='ltr'><strong>taurus,</strong></span> <span class='ocrx_word' id='word_1_142' title='bbox 820 3113 984 3184; x_wconf 83' lang='lat' dir='ltr'><strong>Eryx,</strong></span> <span class='ocrx_word' id='word_1_143' title='bbox 1016 3126 1162 3176; x_wconf 91' lang='lat' dir='ltr'><strong>aves,</strong></span> <span class='ocrx_word' id='word_1_144' title='bbox 1188 3110 1383 3180; x_wconf 88' lang='lat' dir='ltr'><strong>Lycus,</strong></span> <span class='ocrx_word' id='word_1_145' title='bbox 1416 3108 1520 3174; x_wconf 92' lang='lat' dir='ltr'><strong>fur,</strong></span> 
     </span>
    </p>
   </div>
   <div class='ocr_carea' id='block_1_33' title="bbox 322 3205 1555 3277">
    <p class='ocr_par' dir='ltr' id='par_1_33' title="bbox 322 3205 1555 3277">
     <span class='ocr_line' id='line_1_33' title="bbox 322 3205 1555 3277; baseline -0.008 -12"><span class='ocrx_word' id='word_1_146' title='bbox 322 3209 543 3275; x_wconf 77' lang='lat' dir='ltr'><strong>Nessus,</strong></span> <span class='ocrx_word' id='word_1_147' title='bbox 565 3206 715 3277; x_wconf 85' lang='lat' dir='ltr'><strong>Libs,</strong></span> <span class='ocrx_word' id='word_1_148' title='bbox 730 3207 874 3277; x_wconf 87' lang='lat' dir='ltr'><strong>juga,</strong></span> <span class='ocrx_word' id='word_1_149' title='bbox 907 3220 1086 3275; x_wconf 90' lang='lat' dir='ltr'><strong>poma,</strong></span> <span class='ocrx_word' id='word_1_150' title='bbox 1116 3205 1285 3271; x_wconf 87' lang='lat' dir='ltr'><strong>virgo,</strong></span> <span class='ocrx_word' id='word_1_151' title='bbox 1315 3215 1555 3272; x_wconf 90' lang='lat' dir='ltr'><strong>serpens,</strong></span> 
     </span>
    </p>
   </div>
   <div class='ocr_carea' id='block_1_34' title="bbox 320 3296 1314 3368">
    <p class='ocr_par' dir='ltr' id='par_1_34' title="bbox 320 3296 1314 3368">
     <span class='ocr_line' id='line_1_34' title="bbox 320 3296 1314 3368; baseline -0.008 -11"><span class='ocrx_word' id='word_1_152' title='bbox 320 3301 475 3367; x_wconf 82' lang='lat' dir='ltr'><strong>Geta,</strong></span> <span class='ocrx_word' id='word_1_153' title='bbox 506 3300 738 3354; x_wconf 84' lang='lat' dir='ltr'><strong>Thraces</strong></span> <span class='ocrx_word' id='word_1_154' title='bbox 756 3299 897 3368; x_wconf 89' lang='lat' dir='ltr'><strong>equi,</strong></span> <span class='ocrx_word' id='word_1_155' title='bbox 933 3298 1101 3353; x_wconf 85' lang='lat' dir='ltr'><strong>boves</strong></span> <span class='ocrx_word' id='word_1_156' title='bbox 1126 3296 1314 3363; x_wconf 74' lang='lat' dir='ltr'><strong>lberae,</strong></span> 
     </span>
    </p>
   </div>
   <div class='ocr_carea' id='block_1_35' title="bbox 320 3391 1308 3478">
    <p class='ocr_par' dir='ltr' id='par_1_35' title="bbox 320 3391 1308 3478">
     <span class='ocr_line' id='line_1_35' title="bbox 320 3391 1308 3478; baseline -0.009 -25"><span class='ocrx_word' id='word_1_157' title='bbox 320 3396 576 3478; x_wconf 75' lang='lat' dir='ltr'><strong>Luctator</strong></span> <span class='ocrx_word' id='word_1_158' title='bbox 602 3393 815 3462; x_wconf 88' lang='lat' dir='ltr'><strong>ﬂuvius,</strong></span> <span class='ocrx_word' id='word_1_159' title='bbox 855 3394 1004 3449; x_wconf 88' lang='lat' dir='ltr'><strong>canis</strong></span> <span class='ocrx_word' id='word_1_160' title='bbox 1027 3391 1308 3457; x_wconf 81' lang='lat' dir='ltr'><strong>triformis,</strong></span> 
     </span>
    </p>
   </div>
   <div class='ocr_carea' id='block_1_36' title="bbox 323 3481 1370 3558">
    <p class='ocr_par' dir='ltr' id='par_1_36' title="bbox 323 3481 1370 3558">
     <span class='ocr_line' id='line_1_36' title="bbox 323 3481 1370 3558; baseline -0.01 -13"><span class='ocrx_word' id='word_1_161' title='bbox 323 3489 679 3558; x_wconf 81' lang='lat' dir='ltr'><strong>Portatusque</strong></span> <span class='ocrx_word' id='word_1_162' title='bbox 706 3485 857 3555; x_wconf 91' lang='lat' dir='ltr'><strong>polus</strong></span> <span class='ocrx_word' id='word_1_163' title='bbox 887 3485 1068 3554; x_wconf 91' lang='lat' dir='ltr'><strong>polum</strong></span> <span class='ocrx_word' id='word_1_164' title='bbox 1088 3481 1370 3538; x_wconf 86' lang='lat' dir='ltr'><strong>dederunt.</strong></span> 
     </span>
    </p>
   </div>
   <div class='ocr_carea' id='block_1_37' title="bbox 385 3574 1395 3646">
    <p class='ocr_par' dir='ltr' id='par_1_37' title="bbox 385 3574 1395 3646">
     <span class='ocr_line' id='line_1_37' title="bbox 385 3574 1395 3646; baseline -0.007 -12"><span class='ocrx_word' id='word_1_165' title='bbox 385 3578 503 3634; x_wconf 80' lang='lat' dir='ltr'><strong>Non</strong></span> <span class='ocrx_word' id='word_1_166' title='bbox 534 3578 621 3633; x_wconf 88' lang='lat' dir='ltr'><strong>hic</strong></span> <span class='ocrx_word' id='word_1_167' title='bbox 646 3576 796 3633; x_wconf 84' lang='lat' dir='ltr'><strong>Elida</strong></span> <span class='ocrx_word' id='word_1_168' title='bbox 826 3576 1059 3631; x_wconf 91' lang='lat' dir='ltr'><strong>nobilem</strong></span> <span class='ocrx_word' id='word_1_169' title='bbox 1089 3574 1359 3646; x_wconf 84' lang='lat' dir='ltr'><strong>quadrigis</strong></span> <span class='ocrx_word' id='word_1_170' title='bbox 1381 3615 1395 3640; x_wconf 92' lang='lat'><strong>,</strong></span> 
     </span>
    </p>
   </div>
   <div class='ocr_carea' id='block_1_38' title="bbox 327 3667 1398 3728">
    <p class='ocr_par' dir='ltr' id='par_1_38' title="bbox 327 3667 1398 3728">
     <span class='ocr_line' id='line_1_38' title="bbox 327 3667 1398 3728; baseline -0.008 0"><span class='ocrx_word' id='word_1_171' title='bbox 327 3682 348 3711; x_wconf 76' lang='grc' dir='ltr'><strong>ο</strong></span> <span class='ocrx_word' id='word_1_172' title='bbox 378 3669 486 3728; x_wconf 85' lang='lat' dir='ltr'><strong>Nec</strong></span> <span class='ocrx_word' id='word_1_173' title='bbox 516 3676 698 3723; x_wconf 90' lang='lat' dir='ltr'><strong>notam</strong></span> <span class='ocrx_word' id='word_1_174' title='bbox 716 3667 894 3723; x_wconf 90' lang='lat' dir='ltr'><strong>minus</strong></span> <span class='ocrx_word' id='word_1_175' title='bbox 915 3667 1089 3721; x_wconf 88' lang='lat' dir='ltr'><strong>amnis</strong></span> <span class='ocrx_word' id='word_1_176' title='bbox 1117 3681 1180 3720; x_wconf 82' lang='lat' dir='ltr'><strong>ex</strong></span> <span class='ocrx_word' id='word_1_177' title='bbox 1214 3678 1398 3720; x_wconf 89' lang='lat' dir='ltr'><strong>amore</strong></span> 
     </span>
    </p>
   </div>
   <div class='ocr_carea' id='block_1_39' title="bbox 324 3759 1352 3833">
    <p class='ocr_par' dir='ltr' id='par_1_39' title="bbox 324 3759 1352 3833">
     <span class='ocr_line' id='line_1_39' title="bbox 324 3759 1352 3833; baseline -0.005 -16"><span class='ocrx_word' id='word_1_178' title='bbox 324 3763 492 3819; x_wconf 88' lang='lat' dir='ltr'><strong>Versu</strong></span> <span class='ocrx_word' id='word_1_179' title='bbox 521 3776 841 3833; x_wconf 90' lang='lat' dir='ltr'><strong>prosequar,</strong></span> <span class='ocrx_word' id='word_1_180' title='bbox 873 3769 931 3815; x_wconf 91' lang='lat' dir='ltr'><strong>ut</strong></span> <span class='ocrx_word' id='word_1_181' title='bbox 953 3775 1048 3829; x_wconf 88' lang='lat' dir='ltr'><strong>per</strong></span> <span class='ocrx_word' id='word_1_182' title='bbox 1072 3759 1175 3813; x_wconf 89' lang='lat' dir='ltr'><strong>ima</strong></span> <span class='ocrx_word' id='word_1_183' title='bbox 1209 3759 1352 3827; x_wconf 93' lang='lat' dir='ltr'><strong>ponti</strong></span> 
     </span>
    </p>
   </div>
   <div class='ocr_carea' id='block_1_40' title="bbox 318 3851 1302 3925">
    <p class='ocr_par' dir='ltr' id='par_1_40' title="bbox 318 3851 1302 3925">
     <span class='ocr_line' id='line_1_40' title="bbox 318 3851 1302 3925; baseline -0.009 -13"><span class='ocrx_word' id='word_1_184' title='bbox 318 3854 555 3925; x_wconf 83' lang='lat' dir='ltr'><strong>Alpheus</strong></span> <span class='ocrx_word' id='word_1_185' title='bbox 581 3854 729 3922; x_wconf 91' lang='lat' dir='ltr'><strong>ﬂuat,</strong></span> <span class='ocrx_word' id='word_1_186' title='bbox 761 3862 920 3922; x_wconf 88' lang='lat' dir='ltr'><strong>atque</strong></span> <span class='ocrx_word' id='word_1_187' title='bbox 948 3851 1302 3906; x_wconf 88' lang='lat' dir='ltr'><strong>transmarina</strong></span> 
     </span>
    </p>
   </div>
   <div class='ocr_carea' id='block_1_41' title="bbox 318 3943 1305 4014">
    <p class='ocr_par' dir='ltr' id='par_1_41' title="bbox 318 3943 1305 4014">
     <span class='ocr_line' id='line_1_41' title="bbox 318 3943 1305 4014; baseline -0.009 -10"><span class='ocrx_word' id='word_1_188' title='bbox 318 3945 375 4004; x_wconf 86' lang='lat' dir='ltr'><strong>In</strong></span> <span class='ocrx_word' id='word_1_189' title='bbox 399 3947 592 4003; x_wconf 88' lang='lat' dir='ltr'><strong>ﬂuctus</strong></span> <span class='ocrx_word' id='word_1_190' title='bbox 621 3946 777 4001; x_wconf 90' lang='lat' dir='ltr'><strong>cadat</strong></span> <span class='ocrx_word' id='word_1_191' title='bbox 802 3944 945 4001; x_wconf 89' lang='lat' dir='ltr'><strong>unda</strong></span> <span class='ocrx_word' id='word_1_192' title='bbox 976 3943 1305 4014; x_wconf 89' lang='lat' dir='ltr'><strong>conjugales.</strong></span> 
     </span>
    </p>
   </div>
   <div class='ocr_carea' id='block_1_42' title="bbox 385 4038 1484 4101">
    <p class='ocr_par' dir='ltr' id='par_1_42' title="bbox 385 4038 1484 4101">
     <span class='ocr_line' id='line_1_42' title="bbox 385 4038 1484 4101; baseline -0.007 -5"><span class='ocrx_word' id='word_1_193' title='bbox 385 4041 501 4096; x_wconf 84' lang='lat' dir='ltr'><strong>Non</strong></span> <span class='ocrx_word' id='word_1_194' title='bbox 527 4040 614 4095; x_wconf 89' lang='lat' dir='ltr'><strong>hic</strong></span> <span class='ocrx_word' id='word_1_195' title='bbox 641 4038 953 4095; x_wconf 88' lang='lat' dir='ltr'><strong>Tantaleam</strong></span> <span class='ocrx_word' id='word_1_196' title='bbox 980 4038 1196 4093; x_wconf 88' lang='lat' dir='ltr'><strong>domum</strong></span> <span class='ocrx_word' id='word_1_197' title='bbox 1226 4046 1484 4101; x_wconf 79' lang='lat' dir='ltr'><strong>retexam,</strong></span> 
     </span>
    </p>
   </div>
   <div class='ocr_carea' id='block_1_43' title="bbox 318 4130 1485 4201">
    <p class='ocr_par' dir='ltr' id='par_1_43' title="bbox 318 4130 1485 4201">
     <span class='ocr_line' id='line_1_43' title="bbox 318 4130 1485 4201; baseline -0.009 -12"><span class='ocrx_word' id='word_1_198' title='bbox 318 4133 430 4201; x_wconf 83' lang='lat' dir='ltr'><strong>Qua</strong></span> <span class='ocrx_word' id='word_1_199' title='bbox 454 4132 681 4188; x_wconf 83' lang='lat' dir='ltr'><strong>mixtum</strong></span> <span class='ocrx_word' id='word_1_200' title='bbox 711 4130 939 4200; x_wconf 87' lang='lat' dir='ltr'><strong>Pelopea</strong></span> <span class='ocrx_word' id='word_1_201' title='bbox 970 4145 1064 4199; x_wconf 90' lang='lat' dir='ltr'><strong>per</strong></span> <span class='ocrx_word' id='word_1_202' title='bbox 1096 4136 1371 4198; x_wconf 80' lang='lat' dir='ltr'><strong>parentem</strong></span> <span class='ocrx_word' id='word_1_203' title='bbox 1401 4134 1485 4182; x_wconf 90' lang='lat' dir='ltr'><strong>est</strong></span> 
     </span>
    </p>
   </div>
   <div class='ocr_carea' id='block_1_44' title="bbox 324 4223 1407 4291">
    <p class='ocr_par' dir='ltr' id='par_1_44' title="bbox 324 4223 1407 4291">
     <span class='ocr_line' id='line_1_44' title="bbox 324 4223 1407 4291; baseline -0.008 -9"><span class='ocrx_word' id='word_1_204' title='bbox 324 4225 496 4282; x_wconf 87' lang='lat' dir='ltr'><strong>Prolis</strong></span> <span class='ocrx_word' id='word_1_205' title='bbox 522 4223 661 4279; x_wconf 86' lang='lat' dir='ltr'><strong>facta</strong></span> <span class='ocrx_word' id='word_1_206' title='bbox 688 4237 862 4287; x_wconf 87' lang='lat' dir='ltr'><strong>soror,</strong></span> <span class='ocrx_word' id='word_1_207' title='bbox 900 4236 1146 4291; x_wconf 89' lang='lat' dir='ltr'><strong>novoque</strong></span> <span class='ocrx_word' id='word_1_208' title='bbox 1167 4227 1407 4275; x_wconf 90' lang='lat' dir='ltr'><strong>monstro</strong></span> 
     </span>
    </p>
   </div>
   <div class='ocr_carea' id='block_1_45' title="bbox 325 4315 1277 4386">
    <p class='ocr_par' dir='ltr' id='par_1_45' title="bbox 325 4315 1277 4386">
     <span class='ocr_line' id='line_1_45' title="bbox 325 4315 1277 4386; baseline -0.009 -11"><span class='ocrx_word' id='word_1_209' title='bbox 325 4315 584 4376; x_wconf 80' lang='lat' dir='ltr'><strong>Infamem</strong></span> <span class='ocrx_word' id='word_1_210' title='bbox 612 4315 798 4386; x_wconf 90' lang='lat' dir='ltr'><strong>genuit</strong></span> <span class='ocrx_word' id='word_1_211' title='bbox 826 4324 976 4384; x_wconf 90' lang='lat' dir='ltr'><strong>pater</strong></span> <span class='ocrx_word' id='word_1_212' title='bbox 1007 4322 1277 4383; x_wconf 89' lang='lat' dir='ltr'><strong>nepotem.</strong></span> 
     </span>
    </p>
   </div>
   <div class='ocr_carea' id='block_1_46' title="bbox 386 4402 1815 4481">
    <p class='ocr_par' dir='ltr' id='par_1_46' title="bbox 386 4402 1815 4481">
     <span class='ocr_line' id='line_1_46' title="bbox 386 4402 1815 4481; baseline -0.006 -18"><span class='ocrx_word' id='word_1_213' title='bbox 386 4408 547 4481; x_wconf 82' lang='lat'><strong>355</strong></span> <span class='ocrx_word' id='word_1_214' title='bbox 577 4409 661 4463; x_wconf 83' lang='lat' dir='ltr'><strong>Nil</strong></span> <span class='ocrx_word' id='word_1_215' title='bbox 696 4418 945 4462; x_wconf 58' lang='lat' dir='ltr'><strong>moestum</strong></span> <span class='ocrx_word' id='word_1_216' title='bbox 978 4406 1064 4460; x_wconf 92' lang='lat' dir='ltr'><strong>hic</strong></span> <span class='ocrx_word' id='word_1_217' title='bbox 1089 4405 1330 4471; x_wconf 87' lang='lat' dir='ltr'><strong>canitur;</strong></span> <span class='ocrx_word' id='word_1_218' title='bbox 1357 4417 1458 4459; x_wconf 88' lang='lat' dir='ltr'><strong>nec</strong></span> <span class='ocrx_word' id='word_1_219' title='bbox 1489 4402 1815 4459; x_wconf 86' lang='lat' dir='ltr'><strong>esculentam</strong></span> 
     </span>
    </p>
   </div>
   <div class='ocr_carea' id='block_1_47' title="bbox 321 4497 1419 4572">
    <p class='ocr_par' dir='ltr' id='par_1_47' title="bbox 321 4497 1419 4572">
     <span class='ocr_line' id='line_1_47' title="bbox 321 4497 1419 4572; baseline -0.005 -15"><span class='ocrx_word' id='word_1_220' title='bbox 321 4502 509 4558; x_wconf 87' lang='lat' dir='ltr'><strong>Fletus</strong></span> <span class='ocrx_word' id='word_1_221' title='bbox 529 4502 810 4572; x_wconf 78' lang='lat' dir='ltr'><strong>pangimus</strong></span> <span class='ocrx_word' id='word_1_222' title='bbox 836 4498 901 4554; x_wconf 89' lang='lat' dir='ltr'><strong>ad</strong></span> <span class='ocrx_word' id='word_1_223' title='bbox 928 4498 1118 4567; x_wconf 90' lang='lat' dir='ltr'><strong>dapem</strong></span> <span class='ocrx_word' id='word_1_224' title='bbox 1147 4497 1419 4568; x_wconf 84' lang='lat' dir='ltr'><strong>Thyestae,</strong></span> 
     </span>
    </p>
   </div>
   <div class='ocr_carea' id='block_1_48' title="bbox 321 4589 1313 4661">
    <p class='ocr_par' dir='ltr' id='par_1_48' title="bbox 321 4589 1313 4661">
     <span class='ocr_line' id='line_1_48' title="bbox 321 4589 1313 4661; baseline -0.006 -13"><span class='ocrx_word' id='word_1_225' title='bbox 321 4593 528 4650; x_wconf 84' lang='lat' dir='ltr'><strong>Fratris</strong></span> <span class='ocrx_word' id='word_1_226' title='bbox 556 4592 781 4648; x_wconf 89' lang='lat' dir='ltr'><strong>crimine</strong></span> <span class='ocrx_word' id='word_1_227' title='bbox 800 4592 892 4661; x_wconf 92' lang='lat' dir='ltr'><strong>qui</strong></span> <span class='ocrx_word' id='word_1_228' title='bbox 922 4589 1087 4645; x_wconf 85' lang='lat' dir='ltr'><strong>miser</strong></span> <span class='ocrx_word' id='word_1_229' title='bbox 1109 4590 1313 4644; x_wconf 86' lang='lat' dir='ltr'><strong>voratis</strong></span> 
     </span>
    </p>
   </div>
   <div class='ocr_carea' id='block_1_49' title="bbox 394 4750 1900 4827">
    <p class='ocr_par' dir='ltr' id='par_1_49' title="bbox 394 4750 1900 4827">
     <span class='ocr_line' id='line_1_49' title="bbox 394 4750 1900 4827; baseline -0.009 -11"><span class='ocrx_word' id='word_1_230' title='bbox 394 4771 421 4799; x_wconf 79' lang='grc' dir='ltr'>ι</span> <span class='ocrx_word' id='word_1_231' title='bbox 444 4760 658 4820; x_wconf 89' lang='lat' dir='ltr'><strong>Forma.</strong></span> <span class='ocrx_word' id='word_1_232' title='bbox 682 4758 726 4813; x_wconf 91' lang='lat' dir='ltr'><strong>si</strong></span> <span class='ocrx_word' id='word_1_233' title='bbox 753 4774 863 4814; x_wconf 91' lang='lat' dir='ltr'><strong>rem</strong></span> <span class='ocrx_word' id='word_1_234' title='bbox 891 4764 1124 4827; x_wconf 90' lang='lat' dir='ltr'><strong>spectas,</strong></span> <span class='ocrx_word' id='word_1_235' title='bbox 1154 4751 1703 4827; x_wconf 14' lang='lat' dir='ltr'><strong>gigantibushduplex;</strong></span> <span class='ocrx_word' id='word_1_236' title='bbox 1736 4750 1781 4804; x_wconf 91' lang='lat' dir='ltr'><strong>si</strong></span> <span class='ocrx_word' id='word_1_237' title='bbox 1803 4764 1900 4804; x_wconf 89' lang='lat' dir='ltr'><strong>nu-</strong></span> 
     </span>
    </p>
   </div>
   <div class='ocr_carea' id='block_1_50' title="bbox 322 4824 1903 4899">
    <p class='ocr_par' dir='ltr' id='par_1_50' title="bbox 322 4824 1903 4899">
     <span class='ocr_line' id='line_1_50' title="bbox 322 4824 1903 4899; baseline -0.009 -10"><span class='ocrx_word' id='word_1_238' title='bbox 322 4847 553 4895; x_wconf 85' lang='lat' dir='ltr'><strong>merum,</strong></span> <span class='ocrx_word' id='word_1_239' title='bbox 582 4831 775 4899; x_wconf 80' lang='lat' dir='ltr'><strong>triplex</strong></span> <span class='ocrx_word' id='word_1_240' title='bbox 810 4848 823 4882; x_wconf 88' lang='lat'>:</span> <span class='ocrx_word' id='word_1_241' title='bbox 847 4824 970 4899; x_wconf 81' lang='lat' dir='ltr'><strong>quia</strong></span> <span class='ocrx_word' id='word_1_242' title='bbox 994 4827 1133 4899; x_wconf 82' lang='lat' dir='ltr'><strong>pube</strong></span> <span class='ocrx_word' id='word_1_243' title='bbox 1158 4834 1314 4880; x_wconf 89' lang='lat' dir='ltr'><strong>tenus</strong></span> <span class='ocrx_word' id='word_1_244' title='bbox 1338 4824 1580 4899; x_wconf 82' lang='lat' dir='ltr'><strong>homines</strong></span> <span class='ocrx_word' id='word_1_245' title='bbox 1602 4828 1776 4888; x_wconf 89' lang='lat' dir='ltr'><strong>erant,</strong></span> <span class='ocrx_word' id='word_1_246' title='bbox 1801 4837 1903 4876; x_wconf 71' lang='lat' dir='ltr'><strong>ete-</strong></span> 
     </span>
    </p>
   </div>
   <div class='ocr_carea' id='block_1_51' title="bbox 223 4895 1904 4972">
    <p class='ocr_par' dir='ltr' id='par_1_51' title="bbox 223 4895 1904 4972">
     <span class='ocr_line' id='line_1_51' title="bbox 223 4895 1904 4972; baseline -0.01 -12"><span class='ocrx_word' id='word_1_247' title='bbox 223 4931 235 4941; x_wconf 70' lang='grc' dir='ltr'><em>ο</em></span> <span class='ocrx_word' id='word_1_248' title='bbox 322 4914 436 4961; x_wconf 86' lang='lat' dir='ltr'><strong>tera</strong></span> <span class='ocrx_word' id='word_1_249' title='bbox 485 4895 798 4972; x_wconf 83' lang='lat' dir='ltr'><strong>serpentes;</strong></span> <span class='ocrx_word' id='word_1_250' title='bbox 847 4895 945 4955; x_wconf 80' lang='lat' dir='ltr'><strong>sed</strong></span> <span class='ocrx_word' id='word_1_251' title='bbox 989 4895 1233 4972; x_wconf 82' lang='lat' dir='ltr'><strong>geminus</strong></span> <span class='ocrx_word' id='word_1_252' title='bbox 1275 4896 1472 4972; x_wconf 81' lang='lat' dir='ltr'><strong>cuique</strong></span> <span class='ocrx_word' id='word_1_253' title='bbox 1512 4907 1743 4972; x_wconf 62' lang='lat' dir='ltr'><strong>superis</strong></span> <span class='ocrx_word' id='word_1_254' title='bbox 1808 4907 1904 4972; x_wconf 81' lang='lat' dir='ltr'><strong>pro</strong></span> 
     </span>
    </p>
   </div>
   <div class='ocr_carea' id='block_1_52' title="bbox 322 4962 1897 5041">
    <p class='ocr_par' dir='ltr' id='par_1_52' title="bbox 322 4962 1897 5041">
     <span class='ocr_line' id='line_1_52' title="bbox 322 4962 1897 5041; baseline -0.009 -11"><span class='ocrx_word' id='word_1_255' title='bbox 322 4988 550 5031; x_wconf 91' lang='lat' dir='ltr'><strong>numero</strong></span> <span class='ocrx_word' id='word_1_256' title='bbox 578 4962 794 5041; x_wconf 75' lang='lat' dir='ltr'><strong>pedum.</strong></span> <span class='ocrx_word' id='word_1_257' title='bbox 837 4971 969 5025; x_wconf 87' lang='lat' dir='ltr'><strong>Hinc</strong></span> <span class='ocrx_word' id='word_1_258' title='bbox 991 4962 1183 5041; x_wconf 62' lang='lat' dir='ltr'><strong>Toringe</strong></span> <span class='ocrx_word' id='word_1_259' title='bbox 1226 4962 1449 5041; x_wconf 72' lang='lat' dir='ltr'><strong>triplicis</strong></span> <span class='ocrx_word' id='word_1_260' title='bbox 1468 4963 1622 5041; x_wconf 83' lang='lat' dir='ltr'><strong>_dict_i</strong></span> <span class='ocrx_word' id='word_1_261' title='bbox 1652 4962 1897 5041; x_wconf 66' lang='lat' dir='ltr'><strong>Sidonio,</strong></span> 
     </span>
    </p>
   </div>
   <div class='ocr_carea' id='block_1_53' title="bbox 321 5031 1902 5113">
    <p class='ocr_par' dir='ltr' id='par_1_53' title="bbox 321 5031 1902 5113">
     <span class='ocr_line' id='line_1_53' title="bbox 321 5031 1902 5113; baseline -0.009 -12"><span class='ocrx_word' id='word_1_262' title='bbox 321 5056 375 5101; x_wconf 93' lang='lat' dir='ltr'><strong>et</strong></span> <span class='ocrx_word' id='word_1_263' title='bbox 404 5031 771 5101; x_wconf 56' lang='lat' dir='ltr'><strong>ternae&#39;Pelori</strong></span> <span class='ocrx_word' id='word_1_264' title='bbox 798 5041 1023 5113; x_wconf 83' lang='lat' dir='ltr'><strong>gigantis</strong></span> <span class='ocrx_word' id='word_1_265' title='bbox 1053 5055 1081 5093; x_wconf 89' lang='lat' dir='ltr'><strong>a</strong></span> <span class='ocrx_word' id='word_1_266' title='bbox 1113 5039 1275 5113; x_wconf 72' lang='lat' dir='ltr'><strong>Marte</strong></span> <span class='ocrx_word' id='word_1_267' title='bbox 1303 5031 1505 5113; x_wconf 44' lang='lat' dir='ltr'><strong>&#39;occisi,</strong></span> <span class='ocrx_word' id='word_1_268' title='bbox 1526 5033 1723 5113; x_wconf 73' lang='lat' dir='ltr'><strong>anima:</strong></span> <span class='ocrx_word' id='word_1_269' title='bbox 1743 5031 1902 5113; x_wconf 80' lang='lat' dir='ltr'><strong>Clau-</strong></span> 
     </span>
    </p>
   </div>
   <div class='ocr_carea' id='block_1_54' title="bbox 322 5105 1899 5183">
    <p class='ocr_par' dir='ltr' id='par_1_54' title="bbox 322 5105 1899 5183">
     <span class='ocr_line' id='line_1_54' title="bbox 322 5105 1899 5183; baseline -0.009 -12"><span class='ocrx_word' id='word_1_270' title='bbox 322 5119 522 5172; x_wconf 89' lang='lat' dir='ltr'><strong>diano:</strong></span> <span class='ocrx_word' id='word_1_271' title='bbox 559 5115 719 5183; x_wconf 78' lang='lat' dir='ltr'><strong>Atque</strong></span> <span class='ocrx_word' id='word_1_272' title='bbox 746 5105 1062 5166; x_wconf 52' lang='lat' dir='ltr'><strong>un&#39;o&#39;ternas</strong></span> <span class='ocrx_word' id='word_1_273' title='bbox 1087 5111 1283 5183; x_wconf 76' lang='lat' dir='ltr'><strong>animos</strong></span> <span class='ocrx_word' id='word_1_274' title='bbox 1316 5108 1559 5183; x_wconf 72' lang='lat' dir='ltr'><strong>interﬁcit</strong></span> <span class='ocrx_word' id='word_1_275' title='bbox 1595 5106 1695 5156; x_wconf 85' lang='lat' dir='ltr'><strong>ictu</strong></span> <span class='ocrx_word' id='word_1_276' title='bbox 1728 5122 1739 5154; x_wconf 89' lang='lat'><strong>:</strong></span> <span class='ocrx_word' id='word_1_277' title='bbox 1776 5105 1899 5172; x_wconf 85' lang='lat' dir='ltr'><strong>quia</strong></span> 
     </span>
    </p>
   </div>
   <div class='ocr_carea' id='block_1_55' title="bbox 327 5178 1783 5255">
    <p class='ocr_par' dir='ltr' id='par_1_55' title="bbox 327 5178 1783 5255">
     <span class='ocr_line' id='line_1_55' title="bbox 327 5178 1783 5255; baseline -0.012 -12"><span class='ocrx_word' id='word_1_278' title='bbox 327 5189 468 5244; x_wconf 63' lang='lat' dir='ltr'><strong>bina:</strong></span> <span class='ocrx_word' id='word_1_279' title='bbox 494 5187 547 5241; x_wconf 92' lang='lat' dir='ltr'><strong>in</strong></span> <span class='ocrx_word' id='word_1_280' title='bbox 578 5178 803 5255; x_wconf 83' lang='lat' dir='ltr'><strong>pedibus</strong></span> <span class='ocrx_word' id='word_1_281' title='bbox 829 5182 1188 5255; x_wconf 86' lang='lat' dir='ltr'><strong>erant,tertia</strong></span> <span class='ocrx_word' id='word_1_282' title='bbox 1221 5182 1272 5235; x_wconf 89' lang='lat' dir='ltr'><strong>in</strong></span> <span class='ocrx_word' id='word_1_283' title='bbox 1300 5178 1506 5246; x_wconf 89' lang='lat' dir='ltr'><strong>reliquo</strong></span> <span class='ocrx_word' id='word_1_284' title='bbox 1534 5189 1783 5255; x_wconf 85' lang='lat' dir='ltr'><strong>corpore.</strong></span> 
     </span>
    </p>
   </div>
   <div class='ocr_carea' id='block_1_56' title="bbox 394 5253 1904 5311">
    <p class='ocr_par' dir='ltr' id='par_1_56' title="bbox 394 5253 1904 5311">
     <span class='ocr_line' id='line_1_56' title="bbox 394 5253 1904 5311; baseline -0.009 1"><span class='ocrx_word' id='word_1_285' title='bbox 394 5258 421 5297; x_wconf 72' lang='grc' dir='ltr'><strong>Ι»</strong></span> <span class='ocrx_word' id='word_1_286' title='bbox 456 5253 701 5311; x_wconf 84' lang='lat' dir='ltr'><strong>Herculis</strong></span> <span class='ocrx_word' id='word_1_287' title='bbox 741 5255 946 5310; x_wconf 90' lang='lat' dir='ltr'><strong>labores</strong></span> <span class='ocrx_word' id='word_1_288' title='bbox 978 5254 1197 5307; x_wconf 88' lang='lat' dir='ltr'><strong>vicenos</strong></span> <span class='ocrx_word' id='word_1_289' title='bbox 1240 5263 1423 5306; x_wconf 90' lang='lat' dir='ltr'><strong>ternos</strong></span> <span class='ocrx_word' id='word_1_290' title='bbox 1466 5253 1764 5308; x_wconf 88' lang='lat' dir='ltr'><strong>enumerat,</strong></span> <span class='ocrx_word' id='word_1_291' title='bbox 1807 5259 1904 5299; x_wconf 91' lang='lat' dir='ltr'><strong>nec</strong></span> 
     </span>
    </p>
   </div>
   <div class='ocr_carea' id='block_1_57' title="bbox 324 5319 1903 5400">
    <p class='ocr_par' dir='ltr' id='par_1_57' title="bbox 324 5319 1903 5400">
     <span class='ocr_line' id='line_1_57' title="bbox 324 5319 1903 5400; baseline -0.011 -15"><span class='ocrx_word' id='word_1_292' title='bbox 324 5330 603 5400; x_wconf 90' lang='lat' dir='ltr'><strong>pauciores</strong></span> <span class='ocrx_word' id='word_1_293' title='bbox 622 5326 862 5400; x_wconf 78' lang='lat' dir='ltr'><strong>carmine</strong></span> <span class='ocrx_word' id='word_1_294' title='bbox 877 5324 976 5400; x_wconf 71' lang='grc'><strong>⁸15.</strong></span> <span class='ocrx_word' id='word_1_295' title='bbox 1003 5324 1135 5379; x_wconf 85' lang='lat' dir='ltr'><strong>Nam</strong></span> <span class='ocrx_word' id='word_1_296' title='bbox 1167 5324 1235 5400; x_wconf 71' lang='lat' dir='ltr'><strong>l2</strong></span> <span class='ocrx_word' id='word_1_297' title='bbox 1262 5322 1353 5400; x_wconf 71' lang='lat' dir='ltr'><strong>qui</strong></span> <span class='ocrx_word' id='word_1_298' title='bbox 1381 5319 1739 5400; x_wconf 75' lang='lat' dir='ltr'><strong>celebrantur,</strong></span> <span class='ocrx_word' id='word_1_299' title='bbox 1766 5332 1903 5397; x_wconf 65' lang='lat' dir='ltr'><strong>pra;-</strong></span> 
     </span>
    </p>
   </div>
   <div class='ocr_carea' id='block_1_58' title="bbox 323 5389 1900 5471">
    <p class='ocr_par' dir='ltr' id='par_1_58' title="bbox 323 5389 1900 5471">
     <span class='ocr_line' id='line_1_58' title="bbox 323 5389 1900 5471; baseline -0.01 -16"><span class='ocrx_word' id='word_1_300' title='bbox 323 5389 468 5471; x_wconf 62' lang='lat' dir='ltr'><strong>Eipui</strong></span> <span class='ocrx_word' id='word_1_301' title='bbox 510 5412 575 5471; x_wconf 78' lang='lat' dir='ltr'><strong>ac</strong></span> <span class='ocrx_word' id='word_1_302' title='bbox 621 5396 841 5466; x_wconf 83' lang='lat' dir='ltr'><strong>legitimi</strong></span> <span class='ocrx_word' id='word_1_303' title='bbox 871 5395 1105 5471; x_wconf 85' lang='lat' dir='ltr'><strong>fuerunt,</strong></span> <span class='ocrx_word' id='word_1_304' title='bbox 1152 5396 1219 5448; x_wconf 91' lang='lat' dir='ltr'><strong>ab</strong></span> <span class='ocrx_word' id='word_1_305' title='bbox 1262 5389 1564 5471; x_wconf 57' lang='lat' dir='ltr'><strong>Eurystheo</strong></span> <span class='ocrx_word' id='word_1_306' title='bbox 1611 5389 1900 5471; x_wconf 77' lang='lat' dir='ltr'><strong>imperati:</strong></span> 
     </span>
    </p>
   </div>
   <div class='ocr_carea' id='block_1_59' title="bbox 325 5461 1900 5543">
    <p class='ocr_par' dir='ltr' id='par_1_59' title="bbox 325 5461 1900 5543">
     <span class='ocr_line' id='line_1_59' title="bbox 325 5461 1900 5543; baseline -0.01 -16"><span class='ocrx_word' id='word_1_307' title='bbox 325 5461 523 5542; x_wconf 65' lang='grc' dir='ltr'><strong>νὲωιεν</strong></span> <span class='ocrx_word' id='word_1_308' title='bbox 548 5461 821 5543; x_wconf 46' lang='grc' dir='ltr'><strong>Ιιοβξςιιξφ</strong></span> <span class='ocrx_word' id='word_1_309' title='bbox 856 5469 1104 5543; x_wconf 42' lang='grc' dir='ltr'><strong>πάρεργα·</strong></span> <span class='ocrx_word' id='word_1_310' title='bbox 1127 5473 1225 5521; x_wconf 78' lang='grc' dir='ltr'><strong>τῶν</strong></span> <span class='ocrx_word' id='word_1_311' title='bbox 1249 5461 1421 5543; x_wconf 51' lang='lat' dir='ltr'><strong>tum</strong></span> <span class='ocrx_word' id='word_1_312' title='bbox 1466 5461 1637 5517; x_wconf 65' lang='grc' dir='ltr'><strong>(ἰηιὶεὶ</strong></span> <span class='ocrx_word' id='word_1_313' title='bbox 1686 5469 1900 5522; x_wconf 86' lang='lat' dir='ltr'><strong>vocant,</strong></span> 
     </span>
    </p>
   </div>
   <div class='ocr_carea' id='block_1_60' title="bbox 265 5536 1908 5614">
    <p class='ocr_par' dir='ltr' id='par_1_60' title="bbox 265 5536 1908 5614">
     <span class='ocr_line' id='line_1_60' title="bbox 265 5536 1908 5614; baseline -0.009 -16"><span class='ocrx_word' id='word_1_314' title='bbox 265 5544 275 5584; x_wconf 68' lang='grc' dir='ltr'><em>ἀ</em></span> <span class='ocrx_word' id='word_1_315' title='bbox 326 5536 1055 5614; x_wconf 62' lang='grc' dir='ltr'><strong>ῂιιπίωδ.εεάᾷθλᾳυς’ὴὸὰ</strong></span> <span class='ocrx_word' id='word_1_316' title='bbox 1094 5537 1210 5614; x_wconf 82' lang='lat' dir='ltr'><strong>loco</strong></span> <span class='ocrx_word' id='word_1_317' title='bbox 1244 5538 1305 5590; x_wconf 83' lang='grc'><strong>11</strong></span> <span class='ocrx_word' id='word_1_318' title='bbox 1343 5544 1548 5614; x_wconf 75' lang='lat' dir='ltr'><strong>tantum</strong></span> <span class='ocrx_word' id='word_1_319' title='bbox 1579 5545 1908 5612; x_wconf 82' lang='lat' dir='ltr'><strong>commemo-</strong></span> 
     </span>
    </p>
   </div>
   <div class='ocr_carea' id='block_1_61' title="bbox 329 5602 1909 5683">
    <p class='ocr_par' dir='ltr' id='par_1_61' title="bbox 329 5602 1909 5683">
     <span class='ocr_line' id='line_1_61' title="bbox 329 5602 1909 5683; baseline -0.01 -12"><span class='ocrx_word' id='word_1_320' title='bbox 329 5602 433 5682; x_wconf 68' lang='lat' dir='ltr'><strong>rat,</strong></span> <span class='ocrx_word' id='word_1_321' title='bbox 460 5612 646 5683; x_wconf 69' lang='lat' dir='ltr'><strong>Augite</strong></span> <span class='ocrx_word' id='word_1_322' title='bbox 684 5610 898 5683; x_wconf 89' lang='lat' dir='ltr'><strong>stabulo</strong></span> <span class='ocrx_word' id='word_1_323' title='bbox 922 5604 1489 5683; x_wconf 60' lang='lat' dir='ltr'><strong>praetermisso,_quod</strong></span> <span class='ocrx_word' id='word_1_324' title='bbox 1535 5603 1707 5683; x_wconf 85' lang='lat' dir='ltr'><strong>ipsum</strong></span> <span class='ocrx_word' id='word_1_325' title='bbox 1746 5602 1909 5657; x_wconf 89' lang='lat' dir='ltr'><strong>etiam</strong></span> 
     </span>
    </p>
   </div>
   <div class='ocr_carea' id='block_1_62' title="bbox 328 5678 1910 5751">
    <p class='ocr_par' dir='ltr' id='par_1_62' title="bbox 328 5678 1910 5751">
     <span class='ocr_line' id='line_1_62' title="bbox 328 5678 1910 5751; baseline -0.011 -9"><span class='ocrx_word' id='word_1_326' title='bbox 328 5678 435 5742; x_wconf 86' lang='lat' dir='ltr'><strong>non</strong></span> <span class='ocrx_word' id='word_1_327' title='bbox 462 5678 593 5741; x_wconf 80' lang='lat' dir='ltr'><strong>satis</strong></span> <span class='ocrx_word' id='word_1_328' title='bbox 624 5682 878 5750; x_wconf 88' lang='lat' dir='ltr'><strong>probasse</strong></span> <span class='ocrx_word' id='word_1_329' title='bbox 904 5680 1100 5734; x_wconf 91' lang='lat' dir='ltr'><strong>dicitur</strong></span> <span class='ocrx_word' id='word_1_330' title='bbox 1122 5678 1486 5751; x_wconf 76' lang='lat' dir='ltr'><strong>Eurystheus;</strong></span> <span class='ocrx_word' id='word_1_331' title='bbox 1516 5679 1750 5751; x_wconf 61' lang='grc' dir='ltr'><strong>πάρεργα</strong></span> <span class='ocrx_word' id='word_1_332' title='bbox 1783 5686 1910 5751; x_wconf 75' lang='lat' dir='ltr'><strong>vero</strong></span> 
     </span>
    </p>
   </div>
   <div class='ocr_carea' id='block_1_63' title="bbox 338 5744 1907 5825">
    <p class='ocr_par' dir='ltr' id='par_1_63' title="bbox 338 5744 1907 5825">
     <span class='ocr_line' id='line_1_63' title="bbox 338 5744 1907 5825; baseline -0.01 -13"><span class='ocrx_word' id='word_1_333' title='bbox 338 5757 424 5825; x_wconf 76' lang='lat' dir='ltr'><strong>l2,</strong></span> <span class='ocrx_word' id='word_1_334' title='bbox 456 5759 508 5811; x_wconf 91' lang='lat' dir='ltr'><strong>in</strong></span> <span class='ocrx_word' id='word_1_335' title='bbox 537 5744 729 5824; x_wconf 75' lang='lat' dir='ltr'><strong>quibus</strong></span> <span class='ocrx_word' id='word_1_336' title='bbox 756 5752 904 5822; x_wconf 84' lang='lat' dir='ltr'><strong>gigas</strong></span> <span class='ocrx_word' id='word_1_337' title='bbox 931 5760 1012 5825; x_wconf 75' lang='lat' dir='ltr'><strong>est</strong></span> <span class='ocrx_word' id='word_1_338' title='bbox 1044 5744 1409 5825; x_wconf 67' lang='lat' dir='ltr'><strong>Halcyoneus,</strong></span> <span class='ocrx_word' id='word_1_339' title='bbox 1460 5744 1907 5825; x_wconf 30' lang='lat' dir='ltr'><strong>ltosp&#39;eslliusiris,</strong></span> 
     </span>
    </p>
   </div>
   <div class='ocr_carea' id='block_1_64' title="bbox 334 5818 1911 5909">
    <p class='ocr_par' dir='ltr' id='par_1_64' title="bbox 334 5818 1911 5909">
     <span class='ocr_line' id='line_1_64' title="bbox 334 5818 1911 5909; baseline -0.008 -23"><span class='ocrx_word' id='word_1_340' title='bbox 334 5818 459 5902; x_wconf 58' lang='lat' dir='ltr'><strong>Libs</strong></span> <span class='ocrx_word' id='word_1_341' title='bbox 483 5818 723 5892; x_wconf 65' lang='lat' dir='ltr'><strong>Aemus,</strong></span> <span class='ocrx_word' id='word_1_342' title='bbox 760 5818 889 5909; x_wconf 63' lang='lat' dir='ltr'><strong>iuga</strong></span> <span class='ocrx_word' id='word_1_343' title='bbox 920 5822 1085 5897; x_wconf 86' lang='lat' dir='ltr'><strong>Calpe</strong></span> <span class='ocrx_word' id='word_1_344' title='bbox 1126 5818 1187 5877; x_wconf 79' lang='lat' dir='ltr'><strong>et</strong></span> <span class='ocrx_word' id='word_1_345' title='bbox 1226 5818 1417 5899; x_wconf 83' lang='lat' dir='ltr'><strong>Abyla,</strong></span> <span class='ocrx_word' id='word_1_346' title='bbox 1460 5819 1609 5897; x_wconf 77' lang='lat' dir='ltr'><strong>virgo</strong></span> <span class='ocrx_word' id='word_1_347' title='bbox 1653 5818 1911 5887; x_wconf 82' lang='lat' dir='ltr'><strong>llcsionc,</strong></span> 
     </span>
    </p>
   </div>
   <div class='ocr_carea' id='block_1_65' title="bbox 1819 325 2148 383">
    <p class='ocr_par' dir='ltr' id='par_1_65' title="bbox 1819 325 2148 383">
     <span class='ocr_line' id='line_1_65' title="bbox 1819 325 2148 383; baseline -0.012 0"><span class='ocrx_word' id='word_1_348' title='bbox 1819 325 2148 383; x_wconf 82' lang='lat' dir='ltr'><strong>CARMINA.</strong></span> 
     </span>
    </p>
   </div>
   <div class='ocr_carea' id='block_1_66' title="bbox 1930 436 3059 507">
    <p class='ocr_par' dir='ltr' id='par_1_66' title="bbox 1930 436 3059 507">
     <span class='ocr_line' id='line_1_66' title="bbox 1930 436 3059 507; baseline 0 -17"><span class='ocrx_word' id='word_1_349' title='bbox 1930 438 1985 499; x_wconf 78' lang='grc' dir='ltr'><strong>Α</strong></span> <span class='ocrx_word' id='word_1_350' title='bbox 2012 436 2199 491; x_wconf 87' lang='lat' dir='ltr'><strong>Vivum</strong></span> <span class='ocrx_word' id='word_1_351' title='bbox 2233 436 2548 506; x_wconf 81' lang='lat' dir='ltr'><strong>pignoribus</strong></span> <span class='ocrx_word' id='word_1_352' title='bbox 2576 437 2678 492; x_wconf 92' lang='lat' dir='ltr'><strong>fuit</strong></span> <span class='ocrx_word' id='word_1_353' title='bbox 2706 436 3012 507; x_wconf 89' lang='lat' dir='ltr'><strong>sepulcrum</strong></span> <span class='ocrx_word' id='word_1_354' title='bbox 3044 452 3059 490; x_wconf 88' lang='lat'><strong>:</strong></span> 
     </span>
    </p>
   </div>
   <div class='ocr_carea' id='block_1_67' title="bbox 3471 317 3582 382">
    <p class='ocr_par' dir='ltr' id='par_1_67' title="bbox 3471 317 3582 382">
     <span class='ocr_line' id='line_1_67' title="bbox 3471 317 3582 382; baseline 0.063 -7"><span class='ocrx_word' id='word_1_355' title='bbox 3471 317 3582 382; x_wconf 75' lang='lat'><strong>698</strong></span> 
     </span>
    </p>
   </div>
   <div class='ocr_carea' id='block_1_68' title="bbox 2006 527 3047 599">
    <p class='ocr_par' dir='ltr' id='par_1_68' title="bbox 2006 527 3047 599">
     <span class='ocr_line' id='line_1_68' title="bbox 2006 527 3047 599; baseline -0.001 -16"><span class='ocrx_word' id='word_1_356' title='bbox 2006 527 2142 583; x_wconf 89' lang='lat' dir='ltr'><strong>Cum</strong></span> <span class='ocrx_word' id='word_1_357' title='bbox 2175 537 2295 598; x_wconf 89' lang='lat' dir='ltr'><strong>post</strong></span> <span class='ocrx_word' id='word_1_358' title='bbox 2324 530 2421 583; x_wconf 91' lang='lat' dir='ltr'><strong>has</strong></span> <span class='ocrx_word' id='word_1_359' title='bbox 2445 530 2630 599; x_wconf 89' lang='lat' dir='ltr'><strong>epulas</strong></span> <span class='ocrx_word' id='word_1_360' title='bbox 2652 538 2874 599; x_wconf 89' lang='lat' dir='ltr'><strong>repente</strong></span> <span class='ocrx_word' id='word_1_361' title='bbox 2895 528 3047 583; x_wconf 81' lang='lat' dir='ltr'><strong>ﬂexis</strong></span> 
     </span>
    </p>
   </div>
   <div class='ocr_carea' id='block_1_69' title="bbox 2005 619 3032 687">
    <p class='ocr_par' dir='ltr' id='par_1_69' title="bbox 2005 619 3032 687">
     <span class='ocr_line' id='line_1_69' title="bbox 2005 619 3032 687; baseline 0.002 -14"><span class='ocrx_word' id='word_1_362' title='bbox 2005 619 2161 674; x_wconf 87' lang='lat' dir='ltr'><strong>Titan</strong></span> <span class='ocrx_word' id='word_1_363' title='bbox 2190 621 2434 675; x_wconf 90' lang='lat' dir='ltr'><strong>curribus</strong></span> <span class='ocrx_word' id='word_1_364' title='bbox 2461 622 2711 676; x_wconf 92' lang='lat' dir='ltr'><strong>occidens</strong></span> <span class='ocrx_word' id='word_1_365' title='bbox 2735 622 2802 675; x_wconf 88' lang='lat' dir='ltr'><strong>ad</strong></span> <span class='ocrx_word' id='word_1_366' title='bbox 2832 630 3032 687; x_wconf 89' lang='lat' dir='ltr'><strong>ortum,</strong></span> 
     </span>
    </p>
   </div>
   <div class='ocr_carea' id='block_1_70' title="bbox 2005 698 2969 782">
    <p class='ocr_par' dir='ltr' id='par_1_70' title="bbox 2005 698 2969 782">
     <span class='ocr_line' id='line_1_70' title="bbox 2005 698 2969 782; baseline -0.001 -16"><span class='ocrx_word' id='word_1_367' title='bbox 2005 711 2295 766; x_wconf 91' lang='lat' dir='ltr'><strong>Convivam</strong></span> <span class='ocrx_word' id='word_1_368' title='bbox 2323 698 2551 781; x_wconf 88' lang='lat' dir='ltr'><strong>fugeret,</strong></span> <span class='ocrx_word' id='word_1_369' title='bbox 2582 711 2723 767; x_wconf 90' lang='lat' dir='ltr'><strong>diem</strong></span> <span class='ocrx_word' id='word_1_370' title='bbox 2745 712 2969 782; x_wconf 79' lang='lat' dir='ltr'><strong>fugaret.</strong></span> 
     </span>
    </p>
   </div>
   <div class='ocr_carea' id='block_1_71' title="bbox 2077 803 3145 875">
    <p class='ocr_par' dir='ltr' id='par_1_71' title="bbox 2077 803 3145 875">
     <span class='ocr_line' id='line_1_71' title="bbox 2077 803 3145 875; baseline 0.005 -17"><span class='ocrx_word' id='word_1_371' title='bbox 2077 804 2185 860; x_wconf 85' lang='lat' dir='ltr'><strong>Nec</strong></span> <span class='ocrx_word' id='word_1_372' title='bbox 2209 803 2386 875; x_wconf 81' lang='lat' dir='ltr'><strong>Phryx</strong></span> <span class='ocrx_word' id='word_1_373' title='bbox 2411 813 2593 874; x_wconf 87' lang='lat' dir='ltr'><strong>pastor</strong></span> <span class='ocrx_word' id='word_1_374' title='bbox 2619 805 2720 859; x_wconf 92' lang='lat' dir='ltr'><strong>erit</strong></span> <span class='ocrx_word' id='word_1_375' title='bbox 2747 804 2841 861; x_wconf 91' lang='lat' dir='ltr'><strong>tibi</strong></span> <span class='ocrx_word' id='word_1_376' title='bbox 2870 804 3145 875; x_wconf 80' lang='lat' dir='ltr'><strong>legendus,</strong></span> 
     </span>
    </p>
   </div>
   <div class='ocr_carea' id='block_1_72' title="bbox 2012 896 2977 967">
    <p class='ocr_par' dir='ltr' id='par_1_72' title="bbox 2012 896 2977 967">
     <span class='ocr_line' id='line_1_72' title="bbox 2012 896 2977 967; baseline 0.001 -17"><span class='ocrx_word' id='word_1_377' title='bbox 2012 897 2339 952; x_wconf 87' lang='lat' dir='ltr'><strong>Decrescens</strong></span> <span class='ocrx_word' id='word_1_378' title='bbox 2368 897 2452 951; x_wconf 91' lang='lat' dir='ltr'><strong>cui</strong></span> <span class='ocrx_word' id='word_1_379' title='bbox 2485 896 2782 967; x_wconf 84' lang='lat' dir='ltr'><strong>Dindymon</strong></span> <span class='ocrx_word' id='word_1_380' title='bbox 2804 897 2977 952; x_wconf 89' lang='lat' dir='ltr'><strong>reciso</strong></span> 
     </span>
    </p>
   </div>
   <div class='ocr_carea' id='block_1_73' title="bbox 2008 990 2978 1054">
    <p class='ocr_par' dir='ltr' id='par_1_73' title="bbox 2008 990 2978 1054">
     <span class='ocr_line' id='line_1_73' title="bbox 2008 990 2978 1054; baseline 0 -11"><span class='ocrx_word' id='word_1_381' title='bbox 2008 990 2199 1045; x_wconf 82' lang='lat' dir='ltr'><strong>Fertur</strong></span> <span class='ocrx_word' id='word_1_382' title='bbox 2222 990 2423 1045; x_wconf 89' lang='lat' dir='ltr'><strong>vertice</strong></span> <span class='ocrx_word' id='word_1_383' title='bbox 2455 990 2691 1045; x_wconf 90' lang='lat' dir='ltr'><strong>texuisse</strong></span> <span class='ocrx_word' id='word_1_384' title='bbox 2712 990 2978 1054; x_wconf 87' lang='lat' dir='ltr'><strong>classem;</strong></span> 
     </span>
    </p>
   </div>
   <div class='ocr_carea' id='block_1_74' title="bbox 2007 1081 2985 1151">
    <p class='ocr_par' dir='ltr' id='par_1_74' title="bbox 2007 1081 2985 1151">
     <span class='ocr_line' id='line_1_74' title="bbox 2007 1081 2985 1151; baseline 0 -16"><span class='ocrx_word' id='word_1_385' title='bbox 2007 1082 2135 1136; x_wconf 82' lang='lat' dir='ltr'><strong>Cum</strong></span> <span class='ocrx_word' id='word_1_386' title='bbox 2162 1082 2319 1151; x_wconf 84' lang='lat' dir='ltr'><strong>jussu</strong></span> <span class='ocrx_word' id='word_1_387' title='bbox 2348 1081 2575 1137; x_wconf 82' lang='lat' dir='ltr'><strong>Veneris</strong></span> <span class='ocrx_word' id='word_1_388' title='bbox 2606 1082 2985 1151; x_wconf 87' lang='lat' dir='ltr'><strong>patrocinantis</strong></span> 
     </span>
    </p>
   </div>
   <div class='ocr_carea' id='block_1_75' title="bbox 2006 1175 2911 1245">
    <p class='ocr_par' dir='ltr' id='par_1_75' title="bbox 2006 1175 2911 1245">
     <span class='ocr_line' id='line_1_75' title="bbox 2006 1175 2911 1245; baseline 0 -15"><span class='ocrx_word' id='word_1_389' title='bbox 2006 1176 2202 1231; x_wconf 84' lang='lat' dir='ltr'><strong>Terras</strong></span> <span class='ocrx_word' id='word_1_390' title='bbox 2228 1175 2495 1243; x_wconf 84' lang='lat' dir='ltr'><strong>Oebalias,</strong></span> <span class='ocrx_word' id='word_1_391' title='bbox 2530 1185 2585 1230; x_wconf 91' lang='lat' dir='ltr'><strong>et</strong></span> <span class='ocrx_word' id='word_1_392' title='bbox 2619 1175 2911 1245; x_wconf 84' lang='lat' dir='ltr'><strong>hospitales</strong></span> 
     </span>
    </p>
   </div>
   <div class='ocr_carea' id='block_1_76' title="bbox 2008 1254 3093 1335">
    <p class='ocr_par' dir='ltr' id='par_1_76' title="bbox 2008 1254 3093 1335">
     <span class='ocr_line' id='line_1_76' title="bbox 2008 1254 3093 1335; baseline 0 -16"><span class='ocrx_word' id='word_1_393' title='bbox 2008 1266 2208 1334; x_wconf 69' lang='lat' dir='ltr'><strong>ltaptor</strong></span> <span class='ocrx_word' id='word_1_394' title='bbox 2236 1265 2590 1335; x_wconf 87' lang='lat' dir='ltr'><strong>depopulatus</strong></span> <span class='ocrx_word' id='word_1_395' title='bbox 2620 1275 2701 1320; x_wconf 90' lang='lat' dir='ltr'><strong>est</strong></span> <span class='ocrx_word' id='word_1_396' title='bbox 2720 1266 2991 1335; x_wconf 81' lang='lat' dir='ltr'><strong>Amyclas,</strong></span> <span class='ocrx_word' id='word_1_397' title='bbox 3090 1254 3093 1257; x_wconf 41' lang='grc'><strong>⁷</strong></span> 
     </span>
    </p>
   </div>
   <div class='ocr_carea' id='block_1_77' title="bbox 2006 1357 3214 1427">
    <p class='ocr_par' dir='ltr' id='par_1_77' title="bbox 2006 1357 3214 1427">
     <span class='ocr_line' id='line_1_77' title="bbox 2006 1357 3214 1427; baseline 0.001 -16"><span class='ocrx_word' id='word_1_398' title='bbox 2006 1357 2246 1411; x_wconf 82' lang='lat' dir='ltr'><strong>Praedam</strong></span> <span class='ocrx_word' id='word_1_399' title='bbox 2279 1366 2425 1412; x_wconf 91' lang='lat' dir='ltr'><strong>trans</strong></span> <span class='ocrx_word' id='word_1_400' title='bbox 2452 1357 2671 1427; x_wconf 87' lang='lat' dir='ltr'><strong>pelagus</strong></span> <span class='ocrx_word' id='word_1_401' title='bbox 2699 1366 2886 1426; x_wconf 89' lang='lat' dir='ltr'><strong>petens</strong></span> <span class='ocrx_word' id='word_1_402' title='bbox 2914 1370 3214 1426; x_wconf 89' lang='lat' dir='ltr'><strong>sequacem.</strong></span> 
     </span>
    </p>
   </div>
   <div class='ocr_carea' id='block_1_78' title="bbox 2005 1447 3198 1517">
    <p class='ocr_par' dir='ltr' id='par_1_78' title="bbox 2005 1447 3198 1517">
     <span class='ocr_line' id='line_1_78' title="bbox 2005 1447 3198 1517; baseline 0.002 -16"><span class='ocrx_word' id='word_1_403' title='bbox 2005 1447 2110 1501; x_wconf 88' lang='lat' dir='ltr'><strong>Sed</strong></span> <span class='ocrx_word' id='word_1_404' title='bbox 2139 1462 2238 1503; x_wconf 91' lang='lat' dir='ltr'><strong>nec</strong></span> <span class='ocrx_word' id='word_1_405' title='bbox 2269 1447 2546 1517; x_wconf 86' lang='lat' dir='ltr'><strong>Pergama,</strong></span> <span class='ocrx_word' id='word_1_406' title='bbox 2581 1463 2679 1503; x_wconf 86' lang='lat' dir='ltr'><strong>nec</strong></span> <span class='ocrx_word' id='word_1_407' title='bbox 2706 1449 2947 1503; x_wconf 89' lang='lat' dir='ltr'><strong>decenne</strong></span> <span class='ocrx_word' id='word_1_408' title='bbox 2977 1448 3198 1504; x_wconf 88' lang='lat' dir='ltr'><strong>bellum.</strong></span> 
     </span>
    </p>
   </div>
   <div class='ocr_carea' id='block_1_79' title="bbox 2005 1538 3104 1609">
    <p class='ocr_par' dir='ltr' id='par_1_79' title="bbox 2005 1538 3104 1609">
     <span class='ocr_line' id='line_1_79' title="bbox 2005 1538 3104 1609; baseline 0.001 -17"><span class='ocrx_word' id='word_1_409' title='bbox 2005 1538 2114 1594; x_wconf 79' lang='lat' dir='ltr'><strong>Nec</strong></span> <span class='ocrx_word' id='word_1_410' title='bbox 2134 1554 2304 1594; x_wconf 73' lang='lat' dir='ltr'><strong>saevas</strong></span> <span class='ocrx_word' id='word_1_411' title='bbox 2325 1540 2742 1609; x_wconf 82' lang='lat' dir='ltr'><strong>Agamemnonis</strong></span> <span class='ocrx_word' id='word_1_412' title='bbox 2770 1539 3060 1608; x_wconf 85' lang='lat' dir='ltr'><strong>phalangas</strong></span> <span class='ocrx_word' id='word_1_413' title='bbox 3091 1555 3104 1593; x_wconf 87' lang='lat'><strong>:</strong></span> 
     </span>
    </p>
   </div>
   <div class='ocr_carea' id='block_1_80' title="bbox 2005 1630 2962 1701">
    <p class='ocr_par' dir='ltr' id='par_1_80' title="bbox 2005 1630 2962 1701">
     <span class='ocr_line' id='line_1_80' title="bbox 2005 1630 2962 1701; baseline 0 -15"><span class='ocrx_word' id='word_1_414' title='bbox 2005 1630 2112 1686; x_wconf 85' lang='lat' dir='ltr'><strong>Nec</strong></span> <span class='ocrx_word' id='word_1_415' title='bbox 2141 1632 2369 1701; x_wconf 88' lang='lat' dir='ltr'><strong>perjuria</strong></span> <span class='ocrx_word' id='word_1_416' title='bbox 2403 1647 2696 1701; x_wconf 83' lang='lat' dir='ltr'><strong>persequar</strong></span> <span class='ocrx_word' id='word_1_417' title='bbox 2725 1632 2962 1698; x_wconf 89' lang='lat' dir='ltr'><strong>Sinonis,</strong></span> 
     </span>
    </p>
   </div>
   <div class='ocr_carea' id='block_1_81' title="bbox 2005 1726 2918 1795">
    <p class='ocr_par' dir='ltr' id='par_1_81' title="bbox 2005 1726 2918 1795">
     <span class='ocr_line' id='line_1_81' title="bbox 2005 1726 2918 1795; baseline 0 -16"><span class='ocrx_word' id='word_1_418' title='bbox 2005 1726 2115 1779; x_wconf 85' lang='lat' dir='ltr'><strong>Arx</strong></span> <span class='ocrx_word' id='word_1_419' title='bbox 2145 1741 2251 1795; x_wconf 92' lang='lat' dir='ltr'><strong>quo</strong></span> <span class='ocrx_word' id='word_1_420' title='bbox 2280 1726 2515 1781; x_wconf 83' lang='lat' dir='ltr'><strong>Palladio</strong></span> <span class='ocrx_word' id='word_1_421' title='bbox 2543 1726 2713 1780; x_wconf 88' lang='lat' dir='ltr'><strong>dicata</strong></span> <span class='ocrx_word' id='word_1_422' title='bbox 2743 1726 2918 1795; x_wconf 90' lang='lat' dir='ltr'><strong>signo,</strong></span> 
     </span>
    </p>
   </div>
   <div class='ocr_carea' id='block_1_82' title="bbox 1932 1814 2801 1889">
    <p class='ocr_par' dir='ltr' id='par_1_82' title="bbox 1932 1814 2801 1889">
     <span class='ocr_line' id='line_1_82' title="bbox 1932 1814 2801 1889; baseline -0.001 -15"><span class='ocrx_word' id='word_1_423' title='bbox 1932 1814 1982 1874; x_wconf 93' lang='lat' dir='ltr'><strong>B</strong></span> <span class='ocrx_word' id='word_1_424' title='bbox 2009 1816 2209 1873; x_wconf 85' lang='lat' dir='ltr'><strong>Pellaei</strong></span> <span class='ocrx_word' id='word_1_425' title='bbox 2240 1828 2471 1873; x_wconf 87' lang='lat' dir='ltr'><strong>reserata</strong></span> <span class='ocrx_word' id='word_1_426' title='bbox 2503 1819 2801 1889; x_wconf 89' lang='lat' dir='ltr'><strong>proditore,</strong></span> 
     </span>
    </p>
   </div>
   <div class='ocr_carea' id='block_1_83' title="bbox 2008 1909 3020 1980">
    <p class='ocr_par' dir='ltr' id='par_1_83' title="bbox 2008 1909 3020 1980">
     <span class='ocr_line' id='line_1_83' title="bbox 2008 1909 3020 1980; baseline 0.003 -18"><span class='ocrx_word' id='word_1_427' title='bbox 2008 1909 2315 1965; x_wconf 90' lang='lat' dir='ltr'><strong>Portantem</strong></span> <span class='ocrx_word' id='word_1_428' title='bbox 2348 1909 2553 1978; x_wconf 88' lang='lat' dir='ltr'><strong>pedites</strong></span> <span class='ocrx_word' id='word_1_429' title='bbox 2576 1924 2767 1979; x_wconf 88' lang='lat' dir='ltr'><strong>equum</strong></span> <span class='ocrx_word' id='word_1_430' title='bbox 2799 1911 3020 1980; x_wconf 86' lang='lat' dir='ltr'><strong>recepit.</strong></span> 
     </span>
    </p>
   </div>
   <div class='ocr_carea' id='block_1_84' title="bbox 2076 2003 3023 2072">
    <p class='ocr_par' dir='ltr' id='par_1_84' title="bbox 2076 2003 3023 2072">
     <span class='ocr_line' id='line_1_84' title="bbox 2076 2003 3023 2072; baseline 0.001 -15"><span class='ocrx_word' id='word_1_431' title='bbox 2076 2003 2194 2057; x_wconf 88' lang='lat' dir='ltr'><strong>Non</strong></span> <span class='ocrx_word' id='word_1_432' title='bbox 2223 2003 2307 2057; x_wconf 92' lang='lat' dir='ltr'><strong>hic</strong></span> <span class='ocrx_word' id='word_1_433' title='bbox 2336 2003 2571 2057; x_wconf 60' lang='lat' dir='ltr'><strong>Maroniae</strong></span> <span class='ocrx_word' id='word_1_434' title='bbox 2601 2004 2741 2072; x_wconf 91' lang='lat' dir='ltr'><strong>stylo</strong></span> <span class='ocrx_word' id='word_1_435' title='bbox 2767 2018 3023 2071; x_wconf 71' lang='lat' dir='ltr'><strong>camenae,</strong></span> 
     </span>
    </p>
   </div>
   <div class='ocr_carea' id='block_1_85' title="bbox 2008 2095 2946 2167">
    <p class='ocr_par' dir='ltr' id='par_1_85' title="bbox 2008 2095 2946 2167">
     <span class='ocr_line' id='line_1_85' title="bbox 2008 2095 2946 2167; baseline -0.002 -15"><span class='ocrx_word' id='word_1_436' title='bbox 2008 2095 2032 2133; x_wconf 74' lang='grc' dir='ltr'>ἀ</span> <span class='ocrx_word' id='word_1_437' title='bbox 2059 2096 2215 2152; x_wconf 76' lang='lat' dir='ltr'><strong>Civis-</strong></span> <span class='ocrx_word' id='word_1_438' title='bbox 2233 2096 2565 2167; x_wconf 90' lang='lat' dir='ltr'><strong>Dulichiique</strong></span> <span class='ocrx_word' id='word_1_439' title='bbox 2594 2096 2946 2166; x_wconf 85' lang='lat' dir='ltr'><strong>Thessalique</strong></span> 
     </span>
    </p>
   </div>
   <div class='ocr_carea' id='block_1_86' title="bbox 2010 2190 2906 2260">
    <p class='ocr_par' dir='ltr' id='par_1_86' title="bbox 2010 2190 2906 2260">
     <span class='ocr_line' id='line_1_86' title="bbox 2010 2190 2906 2260; baseline -0.001 -17"><span class='ocrx_word' id='word_1_440' title='bbox 2010 2190 2271 2245; x_wconf 86' lang='lat' dir='ltr'><strong>Virtutem</strong></span> <span class='ocrx_word' id='word_1_441' title='bbox 2303 2190 2705 2260; x_wconf 90' lang='lat' dir='ltr'><strong>sapentiatnque</strong></span> <span class='ocrx_word' id='word_1_442' title='bbox 2727 2204 2906 2244; x_wconf 90' lang='lat' dir='ltr'><strong>narro.</strong></span> 
     </span>
    </p>
   </div>
   <div class='ocr_carea' id='block_1_87' title="bbox 2006 2282 3041 2351">
    <p class='ocr_par' dir='ltr' id='par_1_87' title="bbox 2006 2282 3041 2351">
     <span class='ocr_line' id='line_1_87' title="bbox 2006 2282 3041 2351; baseline -0.003 -14"><span class='ocrx_word' id='word_1_443' title='bbox 2006 2286 2242 2351; x_wconf 84' lang='lat' dir='ltr'><strong>Quorum</strong></span> <span class='ocrx_word' id='word_1_444' title='bbox 2268 2283 2355 2337; x_wconf 90' lang='lat' dir='ltr'><strong>hic</strong></span> <span class='ocrx_word' id='word_1_445' title='bbox 2386 2282 2596 2337; x_wconf 90' lang='lat' dir='ltr'><strong>Peliaco</strong></span> <span class='ocrx_word' id='word_1_446' title='bbox 2627 2291 2841 2351; x_wconf 87' lang='lat' dir='ltr'><strong>putatur</strong></span> <span class='ocrx_word' id='word_1_447' title='bbox 2866 2290 3041 2343; x_wconf 86' lang='lat' dir='ltr'><strong>antro,</strong></span> 
     </span>
    </p>
   </div>
   <div class='ocr_carea' id='block_1_88' title="bbox 2008 2372 3078 2444">
    <p class='ocr_par' dir='ltr' id='par_1_88' title="bbox 2008 2372 3078 2444">
     <span class='ocr_line' id='line_1_88' title="bbox 2008 2372 3078 2444; baseline -0.005 -13"><span class='ocrx_word' id='word_1_448' title='bbox 2008 2377 2232 2440; x_wconf 84' lang='lat' dir='ltr'><strong>Venatu,</strong></span> <span class='ocrx_word' id='word_1_449' title='bbox 2262 2376 2477 2443; x_wconf 82' lang='lat' dir='ltr'><strong>fidibus,</strong></span> <span class='ocrx_word' id='word_1_450' title='bbox 2510 2375 2758 2444; x_wconf 57' lang='lat' dir='ltr'><strong>palaestra</strong></span> <span class='ocrx_word' id='word_1_451' title='bbox 2792 2383 2844 2428; x_wconf 92' lang='lat' dir='ltr'><strong>et</strong></span> <span class='ocrx_word' id='word_1_452' title='bbox 2874 2372 3078 2438; x_wconf 87' lang='lat' dir='ltr'><strong>herbis,</strong></span> 
     </span>
    </p>
   </div>
   <div class='ocr_carea' id='block_1_89' title="bbox 2006 2466 2982 2536">
    <p class='ocr_par' dir='ltr' id='par_1_89' title="bbox 2006 2466 2982 2536">
     <span class='ocr_line' id='line_1_89' title="bbox 2006 2466 2982 2536; baseline -0.006 -14"><span class='ocrx_word' id='word_1_453' title='bbox 2006 2466 2115 2523; x_wconf 90' lang='lat' dir='ltr'><strong>Sub</strong></span> <span class='ocrx_word' id='word_1_454' title='bbox 2147 2466 2498 2536; x_wconf 80' lang='lat' dir='ltr'><strong>Saturnigena</strong></span> <span class='ocrx_word' id='word_1_455' title='bbox 2532 2481 2661 2520; x_wconf 89' lang='lat' dir='ltr'><strong>sene</strong></span> <span class='ocrx_word' id='word_1_456' title='bbox 2691 2466 2982 2520; x_wconf 90' lang='lat' dir='ltr'><strong>institutus.</strong></span> 
     </span>
    </p>
   </div>
   <div class='ocr_carea' id='block_1_90' title="bbox 2011 2558 3171 2628">
    <p class='ocr_par' dir='ltr' id='par_1_90' title="bbox 2011 2558 3171 2628">
     <span class='ocr_line' id='line_1_90' title="bbox 2011 2558 3171 2628; baseline -0.001 -13"><span class='ocrx_word' id='word_1_457' title='bbox 2011 2562 2142 2615; x_wconf 88' lang='lat' dir='ltr'><strong>Dum</strong></span> <span class='ocrx_word' id='word_1_458' title='bbox 2175 2576 2316 2615; x_wconf 92' lang='lat' dir='ltr'><strong>nunc</strong></span> <span class='ocrx_word' id='word_1_459' title='bbox 2346 2560 2513 2614; x_wconf 93' lang='lat' dir='ltr'><strong>lustra</strong></span> <span class='ocrx_word' id='word_1_460' title='bbox 2547 2568 2726 2615; x_wconf 91' lang='lat' dir='ltr'><strong>terens</strong></span> <span class='ocrx_word' id='word_1_461' title='bbox 2758 2574 2888 2628; x_wconf 87' lang='lat' dir='ltr'><strong>puer</strong></span> <span class='ocrx_word' id='word_1_462' title='bbox 2920 2558 3171 2623; x_wconf 85' lang='lat' dir='ltr'><strong>ferarum,</strong></span> 
     </span>
    </p>
   </div>
   <div class='ocr_carea' id='block_1_91' title="bbox 2008 2650 3059 2720">
    <p class='ocr_par' dir='ltr' id='par_1_91' title="bbox 2008 2650 3059 2720">
     <span class='ocr_line' id='line_1_91' title="bbox 2008 2650 3059 2720; baseline -0.002 -15"><span class='ocrx_word' id='word_1_463' title='bbox 2008 2652 2215 2706; x_wconf 90' lang='lat' dir='ltr'><strong>Passim</strong></span> <span class='ocrx_word' id='word_1_464' title='bbox 2246 2667 2339 2720; x_wconf 90' lang='lat' dir='ltr'><strong>per</strong></span> <span class='ocrx_word' id='word_1_465' title='bbox 2370 2651 2607 2705; x_wconf 90' lang='lat' dir='ltr'><strong>Pholoen</strong></span> <span class='ocrx_word' id='word_1_466' title='bbox 2628 2650 2773 2718; x_wconf 87' lang='lat' dir='ltr'><strong>jacet</strong></span> <span class='ocrx_word' id='word_1_467' title='bbox 2796 2650 3059 2717; x_wconf 85' lang='lat' dir='ltr'><strong>nivosam,</strong></span> 
     </span>
    </p>
   </div>
   <div class='ocr_carea' id='block_1_92' title="bbox 2005 2743 3041 2814">
    <p class='ocr_par' dir='ltr' id='par_1_92' title="bbox 2005 2743 3041 2814">
     <span class='ocr_line' id='line_1_92' title="bbox 2005 2743 3041 2814; baseline -0.004 -15"><span class='ocrx_word' id='word_1_468' title='bbox 2005 2746 2153 2799; x_wconf 81' lang='lat' dir='ltr'><strong>Nune</strong></span> <span class='ocrx_word' id='word_1_469' title='bbox 2182 2745 2512 2814; x_wconf 74' lang='lat' dir='ltr'><strong>praesepibus</strong></span> <span class='ocrx_word' id='word_1_470' title='bbox 2538 2746 2803 2798; x_wconf 86' lang='lat' dir='ltr'><strong>accubans</strong></span> <span class='ocrx_word' id='word_1_471' title='bbox 2833 2743 3041 2805; x_wconf 88' lang='lat' dir='ltr'><strong>amatis,</strong></span> 
     </span>
    </p>
   </div>
   <div class='ocr_carea' id='block_1_93' title="bbox 2006 2833 2982 2903">
    <p class='ocr_par' dir='ltr' id='par_1_93' title="bbox 2006 2833 2982 2903">
     <span class='ocr_line' id='line_1_93' title="bbox 2006 2833 2982 2903; baseline -0.005 -12"><span class='ocrx_word' id='word_1_472' title='bbox 2006 2837 2211 2891; x_wconf 83' lang='lat' dir='ltr'><strong>Dormit</strong></span> <span class='ocrx_word' id='word_1_473' title='bbox 2239 2837 2453 2890; x_wconf 88' lang='lat' dir='ltr'><strong>mollius</strong></span> <span class='ocrx_word' id='word_1_474' title='bbox 2485 2836 2535 2889; x_wconf 93' lang='lat' dir='ltr'><strong>in</strong></span> <span class='ocrx_word' id='word_1_475' title='bbox 2564 2835 2692 2903; x_wconf 90' lang='lat' dir='ltr'><strong>juba</strong></span> <span class='ocrx_word' id='word_1_476' title='bbox 2724 2833 2982 2903; x_wconf 90' lang='lat' dir='ltr'><strong>magistri.</strong></span> 
     </span>
    </p>
   </div>
   <div class='ocr_carea' id='block_1_94' title="bbox 2006 2923 3104 2998">
    <p class='ocr_par' dir='ltr' id='par_1_94' title="bbox 2006 2923 3104 2998">
     <span class='ocr_line' id='line_1_94' title="bbox 2006 2923 3104 2998; baseline -0.009 -13"><span class='ocrx_word' id='word_1_477' title='bbox 2006 2928 2168 2998; x_wconf 81' lang='lat'><strong>356</strong></span> <span class='ocrx_word' id='word_1_478' title='bbox 2194 2926 2319 2980; x_wconf 91' lang='lat' dir='ltr'><strong>lnde</strong></span> <span class='ocrx_word' id='word_1_479' title='bbox 2350 2924 2663 2996; x_wconf 85' lang='lat' dir='ltr'><strong>Scyriadum</strong></span> <span class='ocrx_word' id='word_1_480' title='bbox 2688 2924 2843 2978; x_wconf 92' lang='lat' dir='ltr'><strong>datus</strong></span> <span class='ocrx_word' id='word_1_481' title='bbox 2872 2923 3104 2992; x_wconf 86' lang='lat' dir='ltr'><strong>parenti,</strong></span> 
     </span>
    </p>
   </div>
   <div class='ocr_carea' id='block_1_95' title="bbox 2006 3014 2995 3084">
    <p class='ocr_par' dir='ltr' id='par_1_95' title="bbox 2006 3014 2995 3084">
     <span class='ocr_line' id='line_1_95' title="bbox 2006 3014 2995 3084; baseline -0.007 -11"><span class='ocrx_word' id='word_1_482' title='bbox 2006 3018 2178 3073; x_wconf 66' lang='lat' dir='ltr'><strong>Falsa:</strong></span> <span class='ocrx_word' id='word_1_483' title='bbox 2202 3018 2415 3071; x_wconf 89' lang='lat' dir='ltr'><strong>nomina</strong></span> <span class='ocrx_word' id='word_1_484' title='bbox 2440 3017 2723 3084; x_wconf 88' lang='lat' dir='ltr'><strong>pertulisse</strong></span> <span class='ocrx_word' id='word_1_485' title='bbox 2756 3014 2995 3082; x_wconf 63' lang='lat' dir='ltr'><strong>Pyrrhae,</strong></span> 
     </span>
    </p>
   </div>
   <div class='ocr_carea' id='block_1_96' title="bbox 2006 3107 3113 3180">
    <p class='ocr_par' dir='ltr' id='par_1_96' title="bbox 2006 3107 3113 3180">
     <span class='ocr_line' id='line_1_96' title="bbox 2006 3107 3113 3180; baseline -0.004 -14"><span class='ocrx_word' id='word_1_486' title='bbox 2006 3114 2180 3180; x_wconf 87' lang='lat' dir='ltr'><strong>Atque</strong></span> <span class='ocrx_word' id='word_1_487' title='bbox 2220 3112 2360 3165; x_wconf 91' lang='lat' dir='ltr'><strong>inter</strong></span> <span class='ocrx_word' id='word_1_488' title='bbox 2389 3111 2592 3164; x_wconf 73' lang='lat' dir='ltr'><strong>tetriore</strong></span> <span class='ocrx_word' id='word_1_489' title='bbox 2622 3109 2817 3163; x_wconf 91' lang='lat' dir='ltr'><strong>choros</strong></span> <span class='ocrx_word' id='word_1_490' title='bbox 2842 3107 3113 3162; x_wconf 76' lang='lat' dir='ltr'><strong>Minervm.</strong></span> 
     </span>
    </p>
   </div>
   <div class='ocr_carea' id='block_1_97' title="bbox 1924 3186 2986 3271">
    <p class='ocr_par' dir='ltr' id='par_1_97' title="bbox 1924 3186 2986 3271">
     <span class='ocr_line' id='line_1_97' title="bbox 1924 3186 2986 3271; baseline -0.007 -11"><span class='ocrx_word' id='word_1_491' title='bbox 1924 3186 1972 3249; x_wconf 62' lang='grc' dir='ltr'>Ε</span> <span class='ocrx_word' id='word_1_492' title='bbox 2012 3204 2263 3259; x_wconf 90' lang='lat' dir='ltr'><strong>Occultos</strong></span> <span class='ocrx_word' id='word_1_493' title='bbox 2295 3204 2485 3258; x_wconf 85' lang='lat' dir='ltr'><strong>Veneri</strong></span> <span class='ocrx_word' id='word_1_494' title='bbox 2516 3212 2723 3257; x_wconf 87' lang='lat' dir='ltr'><strong>rotasse</strong></span> <span class='ocrx_word' id='word_1_495' title='bbox 2750 3200 2986 3271; x_wconf 85' lang='lat' dir='ltr'><strong>thyrsos.</strong></span> 
     </span>
    </p>
   </div>
   <div class='ocr_carea' id='block_1_98' title="bbox 2007 3290 3106 3365">
    <p class='ocr_par' dir='ltr' id='par_1_98' title="bbox 2007 3290 3106 3365">
     <span class='ocr_line' id='line_1_98' title="bbox 2007 3290 3106 3365; baseline -0.007 -13"><span class='ocrx_word' id='word_1_496' title='bbox 2007 3298 2289 3352; x_wconf 89' lang='lat' dir='ltr'><strong>Postremo</strong></span> <span class='ocrx_word' id='word_1_497' title='bbox 2315 3295 2380 3349; x_wconf 89' lang='lat' dir='ltr'><strong>ad</strong></span> <span class='ocrx_word' id='word_1_498' title='bbox 2404 3294 2656 3365; x_wconf 87' lang='lat' dir='ltr'><strong>Phrygiae</strong></span> <span class='ocrx_word' id='word_1_499' title='bbox 2684 3307 2879 3346; x_wconf 90' lang='lat' dir='ltr'><strong>sonum</strong></span> <span class='ocrx_word' id='word_1_500' title='bbox 2905 3290 3106 3358; x_wconf 71' lang='lat' dir='ltr'><strong>rapina:</strong></span> 
     </span>
    </p>
   </div>
   <div class='ocr_carea' id='block_1_99' title="bbox 2005 3381 3071 3444">
    <p class='ocr_par' dir='ltr' id='par_1_99' title="bbox 2005 3381 3071 3444">
     <span class='ocr_line' id='line_1_99' title="bbox 2005 3381 3071 3444; baseline -0.009 1"><span class='ocrx_word' id='word_1_501' title='bbox 2005 3390 2229 3444; x_wconf 83' lang='lat' dir='ltr'><strong>Tractus</strong></span> <span class='ocrx_word' id='word_1_502' title='bbox 2258 3387 2502 3441; x_wconf 88' lang='lat' dir='ltr'><strong>laudibus</strong></span> <span class='ocrx_word' id='word_1_503' title='bbox 2535 3385 2780 3440; x_wconf 78' lang='lat' dir='ltr'><strong>[lectoris</strong></span> <span class='ocrx_word' id='word_1_504' title='bbox 2807 3381 3071 3437; x_wconf 87' lang='lat' dir='ltr'><strong>trahendi.</strong></span> 
     </span>
    </p>
   </div>
   <div class='ocr_carea' id='block_1_100' title="bbox 2080 3478 3045 3546">
    <p class='ocr_par' dir='ltr' id='par_1_100' title="bbox 2080 3478 3045 3546">
     <span class='ocr_line' id='line_1_100' title="bbox 2080 3478 3045 3546; baseline -0.011 -8"><span class='ocrx_word' id='word_1_505' title='bbox 2080 3485 2178 3538; x_wconf 88' lang='lat' dir='ltr'><strong>Ast</strong></span> <span class='ocrx_word' id='word_1_506' title='bbox 2207 3482 2377 3546; x_wconf 89' lang='lat' dir='ltr'><strong>illum,</strong></span> <span class='ocrx_word' id='word_1_507' title='bbox 2409 3480 2492 3533; x_wconf 93' lang='lat' dir='ltr'><strong>cui</strong></span> <span class='ocrx_word' id='word_1_508' title='bbox 2519 3478 2741 3546; x_wconf 87' lang='lat' dir='ltr'><strong>contigit</strong></span> <span class='ocrx_word' id='word_1_509' title='bbox 2770 3484 3045 3545; x_wconf 82' lang='lat' dir='ltr'><strong>paternam</strong></span> 
     </span>
    </p>
   </div>
   <div class='ocr_carea' id='block_1_101' title="bbox 2005 3567 3152 3642">
    <p class='ocr_par' dir='ltr' id='par_1_101' title="bbox 2005 3567 3152 3642">
     <span class='ocr_line' id='line_1_101' title="bbox 2005 3567 3152 3642; baseline -0.009 -14"><span class='ocrx_word' id='word_1_510' title='bbox 2005 3575 2264 3642; x_wconf 85' lang='lat' dir='ltr'><strong>Quartum</strong></span> <span class='ocrx_word' id='word_1_511' title='bbox 2292 3580 2413 3641; x_wconf 88' lang='lat' dir='ltr'><strong>post</strong></span> <span class='ocrx_word' id='word_1_512' title='bbox 2438 3571 2670 3625; x_wconf 89' lang='lat' dir='ltr'><strong>Ithacam</strong></span> <span class='ocrx_word' id='word_1_513' title='bbox 2701 3568 2874 3623; x_wconf 90' lang='lat' dir='ltr'><strong>redire</strong></span> <span class='ocrx_word' id='word_1_514' title='bbox 2899 3567 3152 3632; x_wconf 87' lang='lat' dir='ltr'><strong>lustrum,</strong></span> 
     </span>
    </p>
   </div>
   <div class='ocr_carea' id='block_1_102' title="bbox 2011 3659 3104 3734">
    <p class='ocr_par' dir='ltr' id='par_1_102' title="bbox 2011 3659 3104 3734">
     <span class='ocr_line' id='line_1_102' title="bbox 2011 3659 3104 3734; baseline -0.01 -14"><span class='ocrx_word' id='word_1_515' title='bbox 2011 3666 2123 3720; x_wconf 76' lang='lat' dir='ltr'><strong>Nec</strong></span> <span class='ocrx_word' id='word_1_516' title='bbox 2146 3666 2389 3734; x_wconf 66' lang='lat' dir='ltr'><strong>Smyrnae</strong></span> <span class='ocrx_word' id='word_1_517' title='bbox 2421 3662 2551 3715; x_wconf 85' lang='lat' dir='ltr'><strong>satis</strong></span> <span class='ocrx_word' id='word_1_518' title='bbox 2572 3660 2805 3729; x_wconf 90' lang='lat' dir='ltr'><strong>explicat</strong></span> <span class='ocrx_word' id='word_1_519' title='bbox 2834 3659 3104 3712; x_wconf 86' lang='lat' dir='ltr'><strong>volumen.</strong></span> 
     </span>
    </p>
   </div>
   <div class='ocr_carea' id='block_1_103' title="bbox 2009 3752 2981 3827">
    <p class='ocr_par' dir='ltr' id='par_1_103' title="bbox 2009 3752 2981 3827">
     <span class='ocr_line' id='line_1_103' title="bbox 2009 3752 2981 3827; baseline -0.009 -14"><span class='ocrx_word' id='word_1_520' title='bbox 2009 3758 2140 3813; x_wconf 90' lang='lat' dir='ltr'><strong>Nam</strong></span> <span class='ocrx_word' id='word_1_521' title='bbox 2169 3758 2287 3827; x_wconf 90' lang='lat' dir='ltr'><strong>quis</strong></span> <span class='ocrx_word' id='word_1_522' title='bbox 2315 3756 2630 3810; x_wconf 82' lang='lat' dir='ltr'><strong>continuare</strong></span> <span class='ocrx_word' id='word_1_523' title='bbox 2660 3754 2829 3823; x_wconf 87' lang='lat' dir='ltr'><strong>possit</strong></span> <span class='ocrx_word' id='word_1_524' title='bbox 2857 3752 2981 3806; x_wconf 90' lang='lat' dir='ltr'><strong>illos</strong></span> 
     </span>
    </p>
   </div>
   <div class='ocr_carea' id='block_1_104' title="bbox 2005 3843 3025 3918">
    <p class='ocr_par' dir='ltr' id='par_1_104' title="bbox 2005 3843 3025 3918">
     <span class='ocr_line' id='line_1_104' title="bbox 2005 3843 3025 3918; baseline -0.013 -12"><span class='ocrx_word' id='word_1_525' title='bbox 2005 3852 2150 3918; x_wconf 83' lang='lat' dir='ltr'><strong>Quos</strong></span> <span class='ocrx_word' id='word_1_526' title='bbox 2169 3857 2312 3904; x_wconf 89' lang='lat' dir='ltr'><strong>terra</strong></span> <span class='ocrx_word' id='word_1_527' title='bbox 2341 3857 2395 3902; x_wconf 90' lang='lat' dir='ltr'><strong>et</strong></span> <span class='ocrx_word' id='word_1_528' title='bbox 2423 3848 2610 3916; x_wconf 89' lang='lat' dir='ltr'><strong>pelago</strong></span> <span class='ocrx_word' id='word_1_529' title='bbox 2632 3846 2750 3898; x_wconf 88' lang='lat' dir='ltr'><strong>tulit</strong></span> <span class='ocrx_word' id='word_1_530' title='bbox 2775 3844 2986 3898; x_wconf 90' lang='lat' dir='ltr'><strong>labores</strong></span> <span class='ocrx_word' id='word_1_531' title='bbox 3000 3843 3025 3893; x_wconf 66' lang='grc' dir='ltr'><em>Ἰ</em></span> 
     </span>
    </p>
   </div>
   <div class='ocr_carea' id='block_1_105' title="bbox 2007 3932 3208 4010">
    <p class='ocr_par' dir='ltr' id='par_1_105' title="bbox 2007 3932 3208 4010">
     <span class='ocr_line' id='line_1_105' title="bbox 2007 3932 3208 4010; baseline -0.009 -14"><span class='ocrx_word' id='word_1_532' title='bbox 2007 3943 2237 4010; x_wconf 84' lang='lat' dir='ltr'><strong>Raptum</strong></span> <span class='ocrx_word' id='word_1_533' title='bbox 2266 3938 2581 4000; x_wconf 87' lang='lat' dir='ltr'><strong>Palladium,</strong></span> <span class='ocrx_word' id='word_1_534' title='bbox 2617 3945 2891 4006; x_wconf 87' lang='lat' dir='ltr'><strong>repertum</strong></span> <span class='ocrx_word' id='word_1_535' title='bbox 2922 3932 3208 3997; x_wconf 86' lang='lat' dir='ltr'><strong>Achillem,</strong></span> 
     </span>
    </p>
   </div>
   <div class='ocr_carea' id='block_1_106' title="bbox 2004 4024 3070 4103">
    <p class='ocr_par' dir='ltr' id='par_1_106' title="bbox 2004 4024 3070 4103">
     <span class='ocr_line' id='line_1_106' title="bbox 2004 4024 3070 4103; baseline -0.01 -15"><span class='ocrx_word' id='word_1_536' title='bbox 2004 4033 2232 4103; x_wconf 88' lang='lat' dir='ltr'><strong>Captum</strong></span> <span class='ocrx_word' id='word_1_537' title='bbox 2265 4028 2588 4101; x_wconf 75' lang='lat' dir='ltr'><strong>praepetibus</strong></span> <span class='ocrx_word' id='word_1_538' title='bbox 2620 4028 2823 4082; x_wconf 91' lang='lat' dir='ltr'><strong>Dolona</strong></span> <span class='ocrx_word' id='word_1_539' title='bbox 2856 4024 3070 4096; x_wconf 88' lang='lat' dir='ltr'><strong>plantis,</strong></span> 
     </span>
    </p>
   </div>
   <div class='ocr_carea' id='block_1_107' title="bbox 2005 4118 3001 4191">
    <p class='ocr_par' dir='ltr' id='par_1_107' title="bbox 2005 4118 3001 4191">
     <span class='ocr_line' id='line_1_107' title="bbox 2005 4118 3001 4191; baseline -0.008 -12"><span class='ocrx_word' id='word_1_540' title='bbox 2005 4125 2073 4179; x_wconf 89' lang='lat' dir='ltr'><strong>Et</strong></span> <span class='ocrx_word' id='word_1_541' title='bbox 2094 4124 2277 4178; x_wconf 77' lang='lat' dir='ltr'><strong>Rhmsi</strong></span> <span class='ocrx_word' id='word_1_542' title='bbox 2307 4122 2488 4176; x_wconf 88' lang='lat' dir='ltr'><strong>niveas</strong></span> <span class='ocrx_word' id='word_1_543' title='bbox 2520 4122 2668 4191; x_wconf 90' lang='lat' dir='ltr'><strong>prius</strong></span> <span class='ocrx_word' id='word_1_544' title='bbox 2698 4118 3001 4188; x_wconf 84' lang='lat' dir='ltr'><strong>quadrigas.</strong></span> 
     </span>
    </p>
   </div>
   <div class='ocr_carea' id='block_1_108' title="bbox 2006 4206 3175 4283">
    <p class='ocr_par' dir='ltr' id='par_1_108' title="bbox 2006 4206 3175 4283">
     <span class='ocr_line' id='line_1_108' title="bbox 2006 4206 3175 4283; baseline -0.009 -12"><span class='ocrx_word' id='word_1_545' title='bbox 2006 4214 2202 4271; x_wconf 82' lang='lat' dir='ltr'><strong>Xanthi</strong></span> <span class='ocrx_word' id='word_1_546' title='bbox 2234 4228 2393 4283; x_wconf 87' lang='lat' dir='ltr'><strong>quam</strong></span> <span class='ocrx_word' id='word_1_547' title='bbox 2418 4212 2661 4267; x_wconf 88' lang='lat' dir='ltr'><strong>biberent</strong></span> <span class='ocrx_word' id='word_1_548' title='bbox 2694 4212 2910 4275; x_wconf 82' lang='lat' dir='ltr'><strong>fluenta,</strong></span> <span class='ocrx_word' id='word_1_549' title='bbox 2941 4206 3175 4263; x_wconf 70' lang='lat' dir='ltr'><strong>tractas?</strong></span> 
     </span>
    </p>
   </div>
   <div class='ocr_carea' id='block_1_109' title="bbox 2007 4302 3161 4375">
    <p class='ocr_par' dir='ltr' id='par_1_109' title="bbox 2007 4302 3161 4375">
     <span class='ocr_line' id='line_1_109' title="bbox 2007 4302 3161 4375; baseline -0.01 -12"><span class='ocrx_word' id='word_1_550' title='bbox 2007 4308 2258 4375; x_wconf 84' lang='lat' dir='ltr'><strong>Ereptam</strong></span> <span class='ocrx_word' id='word_1_551' title='bbox 2289 4320 2501 4375; x_wconf 90' lang='lat' dir='ltr'><strong>quoque</strong></span> <span class='ocrx_word' id='word_1_552' title='bbox 2531 4318 2688 4373; x_wconf 90' lang='lat' dir='ltr'><strong>quem</strong></span> <span class='ocrx_word' id='word_1_553' title='bbox 2723 4302 2854 4357; x_wconf 88' lang='lat' dir='ltr'><strong>deus</strong></span> <span class='ocrx_word' id='word_1_554' title='bbox 2886 4311 3161 4368; x_wconf 82' lang='lat' dir='ltr'><strong>patronus.</strong></span> 
     </span>
    </p>
   </div>
   <div class='ocr_carea' id='block_1_110' title="bbox 2005 4393 3291 4466">
    <p class='ocr_par' dir='ltr' id='par_1_110' title="bbox 2005 4393 3291 4466">
     <span class='ocr_line' id='line_1_110' title="bbox 2005 4393 3291 4466; baseline -0.009 -11"><span class='ocrx_word' id='word_1_555' title='bbox 2005 4400 2325 4463; x_wconf 85' lang='lat' dir='ltr'><strong>Philocteta,</strong></span> <span class='ocrx_word' id='word_1_556' title='bbox 2353 4399 2442 4452; x_wconf 90' lang='lat' dir='ltr'><strong>tibi</strong></span> <span class='ocrx_word' id='word_1_557' title='bbox 2469 4397 2618 4453; x_wconf 89' lang='lat' dir='ltr'><strong>dedit</strong></span> <span class='ocrx_word' id='word_1_558' title='bbox 2641 4396 2947 4466; x_wconf 77' lang='lat' dir='ltr'><strong>pharetram</strong></span> <span class='ocrx_word' id='word_1_559' title='bbox 2966 4393 2989 4446; x_wconf 83' lang='lat'><strong>?</strong></span> <span class='ocrx_word' id='word_1_560' title='bbox 3260 4404 3291 4430; x_wconf 71' lang='grc' dir='ltr'><strong>ο</strong></span> 
     </span>
    </p>
   </div>
   <div class='ocr_carea' id='block_1_111' title="bbox 2013 4488 2945 4561">
    <p class='ocr_par' dir='ltr' id='par_1_111' title="bbox 2013 4488 2945 4561">
     <span class='ocr_line' id='line_1_111' title="bbox 2013 4488 2945 4561; baseline -0.009 -14"><span class='ocrx_word' id='word_1_561' title='bbox 2013 4493 2228 4561; x_wconf 81' lang='lat' dir='ltr'><strong>Ajacem</strong></span> <span class='ocrx_word' id='word_1_562' title='bbox 2260 4490 2631 4545; x_wconf 88' lang='lat' dir='ltr'><strong>Telamonium</strong></span> <span class='ocrx_word' id='word_1_563' title='bbox 2656 4488 2945 4549; x_wconf 87' lang='lat' dir='ltr'><strong>furentem,</strong></span> 
     </span>
    </p>
   </div>
   <div class='ocr_carea' id='block_1_112' title="bbox 1928 4559 3083 4653">
    <p class='ocr_par' dir='ltr' id='par_1_112' title="bbox 1928 4559 3083 4653">
     <span class='ocr_line' id='line_1_112' title="bbox 1928 4559 3083 4653; baseline -0.011 -11"><span class='ocrx_word' id='word_1_564' title='bbox 1928 4566 1984 4627; x_wconf 80' lang='grc' dir='ltr'><strong>Ῑ)</strong></span> <span class='ocrx_word' id='word_1_565' title='bbox 2013 4585 2167 4653; x_wconf 87' lang='lat' dir='ltr'><strong>Quod</strong></span> <span class='ocrx_word' id='word_1_566' title='bbox 2191 4600 2310 4639; x_wconf 88' lang='lat' dir='ltr'><strong>sese</strong></span> <span class='ocrx_word' id='word_1_567' title='bbox 2331 4593 2455 4639; x_wconf 91' lang='lat' dir='ltr'><strong>aute</strong></span> <span class='ocrx_word' id='word_1_568' title='bbox 2485 4594 2627 4638; x_wconf 89' lang='lat' dir='ltr'><strong>rates</strong></span> <span class='ocrx_word' id='word_1_569' title='bbox 2656 4591 2847 4651; x_wconf 89' lang='lat' dir='ltr'><strong>agente</strong></span> <span class='ocrx_word' id='word_1_570' title='bbox 2870 4559 3083 4632; x_wconf 70' lang='lat' dir='ltr'><strong>causam</strong></span> 
     </span>
    </p>
   </div>
   <div class='ocr_carea' id='block_1_113' title="bbox 2014 4731 3450 4804">
    <p class='ocr_par' dir='ltr' id='par_1_113' title="bbox 2014 4731 3450 4804">
     <span class='ocr_line' id='line_1_113' title="bbox 2014 4731 3450 4804; baseline -0.013 0"><span class='ocrx_word' id='word_1_571' title='bbox 2014 4751 2246 4804; x_wconf 84' lang='lat' dir='ltr'><strong>luctator</strong></span> <span class='ocrx_word' id='word_1_572' title='bbox 2269 4746 2459 4799; x_wconf 85' lang='lat' dir='ltr'><strong>ﬂuvius</strong></span> <span class='ocrx_word' id='word_1_573' title='bbox 2489 4741 2757 4795; x_wconf 86' lang='lat' dir='ltr'><strong>Achelous</strong></span> <span class='ocrx_word' id='word_1_574' title='bbox 2790 4754 2804 4790; x_wconf 91' lang='lat'>:</span> <span class='ocrx_word' id='word_1_575' title='bbox 2837 4736 3040 4804; x_wconf 87' lang='lat' dir='ltr'><strong>reliqua</strong></span> <span class='ocrx_word' id='word_1_576' title='bbox 3068 4741 3192 4788; x_wconf 92' lang='lat' dir='ltr'><strong>sunt</strong></span> <span class='ocrx_word' id='word_1_577' title='bbox 3221 4731 3450 4788; x_wconf 81' lang='lat' dir='ltr'><strong>notiora.</strong></span> 
     </span>
    </p>
   </div>
   <div class='ocr_carea' id='block_1_114' title="bbox 2089 4804 3591 4882">
    <p class='ocr_par' dir='ltr' id='par_1_114' title="bbox 2089 4804 3591 4882">
     <span class='ocr_line' id='line_1_114' title="bbox 2089 4804 3591 4882; baseline -0.012 -9"><span class='ocrx_word' id='word_1_578' title='bbox 2089 4832 2110 4858; x_wconf 71' lang='grc' dir='ltr'><strong>ε</strong></span> <span class='ocrx_word' id='word_1_579' title='bbox 2145 4820 2198 4872; x_wconf 90' lang='lat' dir='ltr'><strong>Id</strong></span> <span class='ocrx_word' id='word_1_580' title='bbox 2225 4818 2421 4871; x_wconf 89' lang='lat' dir='ltr'><strong>rectius</strong></span> <span class='ocrx_word' id='word_1_581' title='bbox 2448 4827 2604 4882; x_wconf 90' lang='lat' dir='ltr'><strong>quam</strong></span> <span class='ocrx_word' id='word_1_582' title='bbox 2645 4808 2785 4880; x_wconf 89' lang='lat' dir='ltr'><strong>quod</strong></span> <span class='ocrx_word' id='word_1_583' title='bbox 2816 4809 2867 4862; x_wconf 91' lang='lat' dir='ltr'><strong>in</strong></span> <span class='ocrx_word' id='word_1_584' title='bbox 2898 4807 3147 4875; x_wconf 90' lang='lat' dir='ltr'><strong>vulgatis,</strong></span> <span class='ocrx_word' id='word_1_585' title='bbox 3199 4814 3370 4882; x_wconf 67' lang='lat' dir='ltr'><strong>notant</strong></span> <span class='ocrx_word' id='word_1_586' title='bbox 3410 4804 3591 4882; x_wconf 64' lang='lat' dir='ltr'><strong>nimis.</strong></span> 
     </span>
    </p>
   </div>
   <div class='ocr_carea' id='block_1_115' title="bbox 2012 4874 3593 4946">
    <p class='ocr_par' dir='ltr' id='par_1_115' title="bbox 2012 4874 3593 4946">
     <span class='ocr_line' id='line_1_115' title="bbox 2012 4874 3593 4946; baseline -0.014 0"><span class='ocrx_word' id='word_1_587' title='bbox 2012 4891 2219 4946; x_wconf 88' lang='lat' dir='ltr'><strong>Elidem</strong></span> <span class='ocrx_word' id='word_1_588' title='bbox 2259 4888 2333 4940; x_wconf 91' lang='lat' dir='ltr'><strong>ait</strong></span> <span class='ocrx_word' id='word_1_589' title='bbox 2364 4874 2676 4938; x_wconf 47' lang='lat' dir='ltr'><strong>non-minus</strong></span> <span class='ocrx_word' id='word_1_590' title='bbox 2720 4889 2896 4933; x_wconf 88' lang='lat' dir='ltr'><strong>notam</strong></span> <span class='ocrx_word' id='word_1_591' title='bbox 2923 4874 3043 4932; x_wconf 66' lang='lat' dir='ltr'><strong>esée</strong></span> <span class='ocrx_word' id='word_1_592' title='bbox 3082 4892 3146 4930; x_wconf 83' lang='lat' dir='ltr'><strong>ex</strong></span> <span class='ocrx_word' id='word_1_593' title='bbox 3192 4874 3593 4946; x_wconf 74' lang='lat' dir='ltr'><strong>fabulosisAl-</strong></span> 
     </span>
    </p>
   </div>
   <div class='ocr_carea' id='block_1_116' title="bbox 2014 4943 3589 5031">
    <p class='ocr_par' dir='ltr' id='par_1_116' title="bbox 2014 4943 3589 5031">
     <span class='ocr_line' id='line_1_116' title="bbox 2014 4943 3589 5031; baseline -0.013 -16"><span class='ocrx_word' id='word_1_594' title='bbox 2014 4943 2133 5031; x_wconf 67' lang='lat' dir='ltr'><strong>phei</strong></span> <span class='ocrx_word' id='word_1_595' title='bbox 2158 4970 2211 5014; x_wconf 93' lang='lat' dir='ltr'><strong>ct</strong></span> <span class='ocrx_word' id='word_1_596' title='bbox 2237 4958 2517 5012; x_wconf 61' lang='lat' dir='ltr'><strong>Arethusae</strong></span> <span class='ocrx_word' id='word_1_597' title='bbox 2545 4951 2818 5031; x_wconf 80' lang='lat' dir='ltr'><strong>amoribus</strong></span> <span class='ocrx_word' id='word_1_598' title='bbox 2848 4963 3005 5031; x_wconf 76' lang='lat' dir='ltr'><strong>quam</strong></span> <span class='ocrx_word' id='word_1_599' title='bbox 3028 4963 3092 5029; x_wconf 79' lang='lat' dir='ltr'><strong>ex</strong></span> <span class='ocrx_word' id='word_1_600' title='bbox 3116 4943 3589 5031; x_wconf 41' lang='lat' dir='ltr'><strong>ludis‘Olyntpieis;</strong></span> 
     </span>
    </p>
   </div>
   <div class='ocr_carea' id='block_1_117' title="bbox 2016 5013 3596 5097">
    <p class='ocr_par' dir='ltr' id='par_1_117' title="bbox 2016 5013 3596 5097">
     <span class='ocr_line' id='line_1_117' title="bbox 2016 5013 3596 5097; baseline -0.013 -9"><span class='ocrx_word' id='word_1_601' title='bbox 2016 5013 2373 5097; x_wconf 61' lang='lat' dir='ltr'><strong>Otroruniqne</strong></span> <span class='ocrx_word' id='word_1_602' title='bbox 2417 5026 2659 5097; x_wconf 83' lang='lat' dir='ltr'><strong>meminit</strong></span> <span class='ocrx_word' id='word_1_603' title='bbox 2713 5013 2881 5097; x_wconf 72' lang='lat' dir='ltr'><strong>etiam</strong></span> <span class='ocrx_word' id='word_1_604' title='bbox 2921 5019 3208 5097; x_wconf 75' lang='lat' dir='ltr'><strong>Luciauus.</strong></span> <span class='ocrx_word' id='word_1_605' title='bbox 3254 5013 3358 5097; x_wconf 75' lang='lat' dir='ltr'><strong>sed</strong></span> <span class='ocrx_word' id='word_1_606' title='bbox 3392 5013 3596 5097; x_wconf 50' lang='lat' dir='ltr'><strong>Alphei</strong></span> 
     </span>
    </p>
   </div>
   <div class='ocr_carea' id='block_1_118' title="bbox 2011 5082 3596 5166">
    <p class='ocr_par' dir='ltr' id='par_1_118' title="bbox 2011 5082 3596 5166">
     <span class='ocr_line' id='line_1_118' title="bbox 2011 5082 3596 5166; baseline -0.013 -9"><span class='ocrx_word' id='word_1_607' title='bbox 2011 5082 2467 5160; x_wconf 27' lang='lat' dir='ltr'><strong>atntii&#39;sﬁfabulam,</strong></span> <span class='ocrx_word' id='word_1_608' title='bbox 2504 5096 2721 5165; x_wconf 73' lang='grc' dir='ltr'><strong>Ἀλφειοῦ</strong></span> <span class='ocrx_word' id='word_1_609' title='bbox 2746 5092 2935 5166; x_wconf 63' lang='grc' dir='ltr'><strong>ἕρωςτᾳ,</strong></span> <span class='ocrx_word' id='word_1_610' title='bbox 2964 5089 3257 5166; x_wconf 43' lang='lat' dir='ltr'><strong>immediate</strong></span> <span class='ocrx_word' id='word_1_611' title='bbox 3283 5082 3596 5166; x_wconf 55' lang='grc' dir='ltr'><strong>ἀποδημίανε</strong></span> 
     </span>
    </p>
   </div>
   <div class='ocr_carea' id='block_1_119' title="bbox 2011 5153 3598 5242">
    <p class='ocr_par' dir='ltr' id='par_1_119' title="bbox 2011 5153 3598 5242">
     <span class='ocr_line' id='line_1_119' title="bbox 2011 5153 3598 5242; baseline -0.012 -13"><span class='ocrx_word' id='word_1_612' title='bbox 2011 5153 2355 5234; x_wconf 28' lang='lat' dir='ltr'><strong>Inﬁt—Etiam,</strong></span> <span class='ocrx_word' id='word_1_613' title='bbox 2382 5153 2703 5242; x_wconf 52' lang='grc' dir='ltr'><strong>ιη’τῖρὼιξους</strong></span> <span class='ocrx_word' id='word_1_614' title='bbox 2726 5153 2824 5242; x_wconf 71' lang='grc' dir='ltr'><strong><em>τῷν</em></strong></span> <span class='ocrx_word' id='word_1_615' title='bbox 2848 5153 3134 5242; x_wconf 49' lang='grc' dir='ltr'><strong>ἶΟλυμπίωῦ</strong></span> <span class='ocrx_word' id='word_1_616' title='bbox 3162 5153 3470 5242; x_wconf 45' lang='grc' dir='ltr'><strong>ἁγωινισίτΙὰςς</strong></span> <span class='ocrx_word' id='word_1_617' title='bbox 3501 5153 3598 5210; x_wconf 88' lang='lat' dir='ltr'><strong>sed</strong></span> 
     </span>
    </p>
   </div>
   <div class='ocr_carea' id='block_1_120' title="bbox 2012 5226 3593 5307">
    <p class='ocr_par' dir='ltr' id='par_1_120' title="bbox 2012 5226 3593 5307">
     <span class='ocr_line' id='line_1_120' title="bbox 2012 5226 3593 5307; baseline -0.014 -7"><span class='ocrx_word' id='word_1_618' title='bbox 2012 5226 2284 5301; x_wconf 68' lang='lat' dir='ltr'><strong>Arcadicos</strong></span> <span class='ocrx_word' id='word_1_619' title='bbox 2341 5226 2526 5294; x_wconf 72' lang='lat' dir='ltr'><strong>tribuit</strong></span> <span class='ocrx_word' id='word_1_620' title='bbox 2576 5226 2983 5307; x_wconf 34' lang='lat' dir='ltr'><strong>mythologize‘i</strong></span> <span class='ocrx_word' id='word_1_621' title='bbox 3023 5246 3087 5284; x_wconf 90' lang='lat' dir='ltr'><strong>eo</strong></span> <span class='ocrx_word' id='word_1_622' title='bbox 3137 5226 3278 5295; x_wconf 83' lang='lat' dir='ltr'><strong>quod</strong></span> <span class='ocrx_word' id='word_1_623' title='bbox 3330 5226 3593 5307; x_wconf 80' lang='lat' dir='ltr'><strong>Alpheus,</strong></span> 
     </span>
    </p>
   </div>
   <div class='ocr_carea' id='block_1_121' title="bbox 2021 5300 3597 5391">
    <p class='ocr_par' dir='ltr' id='par_1_121' title="bbox 2021 5300 3597 5391">
     <span class='ocr_line' id='line_1_121' title="bbox 2021 5300 3597 5391; baseline -0.011 -23"><span class='ocrx_word' id='word_1_624' title='bbox 2021 5300 2180 5386; x_wconf 65' lang='lat'><strong>138</strong></span> <span class='ocrx_word' id='word_1_625' title='bbox 2208 5316 2329 5367; x_wconf 88' lang='lat' dir='ltr'><strong>licet</strong></span> <span class='ocrx_word' id='word_1_626' title='bbox 2368 5310 2525 5391; x_wconf 74' lang='lat' dir='ltr'><strong>Elida</strong></span> <span class='ocrx_word' id='word_1_627' title='bbox 2549 5300 2892 5391; x_wconf 45' lang='lat' dir='ltr'><strong>pri-terllu‘at,</strong></span> <span class='ocrx_word' id='word_1_628' title='bbox 2925 5302 3099 5357; x_wconf 84' lang='lat' dir='ltr'><strong>fontes</strong></span> <span class='ocrx_word' id='word_1_629' title='bbox 3127 5309 3305 5354; x_wconf 86' lang='lat' dir='ltr'><strong>tamen</strong></span> <span class='ocrx_word' id='word_1_630' title='bbox 3330 5300 3597 5366; x_wconf 87' lang='lat' dir='ltr'><strong>primum-</strong></span> 
     </span>
    </p>
   </div>
   <div class='ocr_carea' id='block_1_122' title="bbox 2014 5376 3593 5524">
    <p class='ocr_par' dir='ltr' id='par_1_122' title="bbox 2014 5376 3593 5524">
     <span class='ocr_line' id='line_1_122' title="bbox 2014 5376 3525 5458; baseline -0.017 -16"><span class='ocrx_word' id='word_1_631' title='bbox 2014 5376 2357 5458; x_wconf 56' lang='lat' dir='ltr'><strong>q-uecursum</strong></span> <span class='ocrx_word' id='word_1_632' title='bbox 2389 5380 2533 5435; x_wconf 89' lang='lat' dir='ltr'><strong>ducit</strong></span> <span class='ocrx_word' id='word_1_633' title='bbox 2557 5396 2618 5432; x_wconf 87' lang='lat' dir='ltr'><strong>ex</strong></span> <span class='ocrx_word' id='word_1_634' title='bbox 2652 5376 2899 5432; x_wconf 74' lang='lat' dir='ltr'><strong>Arcadia.</strong></span> <span class='ocrx_word' id='word_1_635' title='bbox 3512 5434 3525 5446; x_wconf 47' lang='lat'><strong><em>.</em></strong></span> 
     </span>
     <span class='ocr_line' id='line_1_123' title="bbox 2084 5438 3593 5524; baseline -0.015 -12"><span class='ocrx_word' id='word_1_636' title='bbox 2084 5456 2109 5493; x_wconf 78' lang='grc' dir='ltr'>ά</span> <span class='ocrx_word' id='word_1_637' title='bbox 2145 5455 2347 5524; x_wconf 87' lang='lat' dir='ltr'><strong>Ulyssis</strong></span> <span class='ocrx_word' id='word_1_638' title='bbox 2367 5462 2421 5507; x_wconf 91' lang='lat' dir='ltr'><strong>et</strong></span> <span class='ocrx_word' id='word_1_639' title='bbox 2450 5450 2693 5524; x_wconf 71' lang='lat' dir='ltr'><strong>Achillis.</strong></span> <span class='ocrx_word' id='word_1_640' title='bbox 2744 5445 2943 5524; x_wconf 70' lang='lat' dir='ltr'><strong>Yerum</strong></span> <span class='ocrx_word' id='word_1_641' title='bbox 2972 5440 3198 5524; x_wconf 81' lang='lat' dir='ltr'><strong>Achillis</strong></span> <span class='ocrx_word' id='word_1_642' title='bbox 3241 5438 3593 5524; x_wconf 46' lang='lat' dir='ltr'><strong>gestanlevtus</strong></span> 
     </span>
    </p>
   </div>
   <div class='ocr_carea' id='block_1_123' title="bbox 2016 5506 3598 5591">
    <p class='ocr_par' dir='ltr' id='par_1_123' title="bbox 2016 5506 3598 5591">
     <span class='ocr_line' id='line_1_124' title="bbox 2016 5506 3598 5591; baseline -0.018 -7"><span class='ocrx_word' id='word_1_643' title='bbox 2016 5506 2556 5591; x_wconf 18' lang='lat' dir='ltr'><strong>deliba—ttnecﬁaliud</strong></span> <span class='ocrx_word' id='word_1_644' title='bbox 2600 5518 2819 5591; x_wconf 10' lang='lat' dir='ltr'><strong>attingit;</strong></span> <span class='ocrx_word' id='word_1_645' title='bbox 2853 5532 3012 5588; x_wconf 88' lang='lat' dir='ltr'><strong>quam</strong></span> <span class='ocrx_word' id='word_1_646' title='bbox 3061 5514 3178 5591; x_wconf 81' lang='lat' dir='ltr'><strong>ejus</strong></span> <span class='ocrx_word' id='word_1_647' title='bbox 3218 5506 3318 5591; x_wconf 75' lang='lat' dir='ltr'><strong>sub</strong></span> <span class='ocrx_word' id='word_1_648' title='bbox 3366 5506 3598 5591; x_wconf 61' lang='lat' dir='ltr'><strong>Chirone</strong></span> 
     </span>
    </p>
   </div>
   <div class='ocr_carea' id='block_1_124' title="bbox 2016 5574 3598 5655">
    <p class='ocr_par' dir='ltr' id='par_1_124' title="bbox 2016 5574 3598 5655">
     <span class='ocr_line' id='line_1_125' title="bbox 2016 5574 3598 5655; baseline -0.016 -1"><span class='ocrx_word' id='word_1_649' title='bbox 2016 5574 2698 5655; x_wconf 53' lang='lat' dir='ltr'><strong>E‘éiifitiid&#39;éauéhionem,</strong></span> <span class='ocrx_word' id='word_1_650' title='bbox 2729 5574 2784 5644; x_wconf 75' lang='grc' dir='ltr'><strong>ἔι</strong></span> <span class='ocrx_word' id='word_1_651' title='bbox 2810 5574 3065 5642; x_wconf 70' lang='grc' dir='ltr'><strong>Ιθίεηιθηι</strong></span> <span class='ocrx_word' id='word_1_652' title='bbox 3098 5574 3237 5639; x_wconf 79' lang='lat' dir='ltr'><strong>inter</strong></span> <span class='ocrx_word' id='word_1_653' title='bbox 3275 5574 3598 5655; x_wconf 52' lang='lat' dir='ltr'><strong>Lycomedis</strong></span> 
     </span>
    </p>
   </div>
   <div class='ocr_carea' id='block_1_125' title="bbox 2017 5646 3598 5734">
    <p class='ocr_par' dir='ltr' id='par_1_125' title="bbox 2017 5646 3598 5734">
     <span class='ocr_line' id='line_1_126' title="bbox 2017 5646 3598 5734; baseline -0.016 -8"><span class='ocrx_word' id='word_1_654' title='bbox 2017 5646 2155 5726; x_wconf 57' lang='lat' dir='ltr'><strong>filius</strong></span> <span class='ocrx_word' id='word_1_655' title='bbox 2578 5646 2845 5734; x_wconf 72' lang='grc' dir='ltr'><strong>’Λχίλλέως</strong></span> <span class='ocrx_word' id='word_1_656' title='bbox 2880 5662 2936 5734; x_wconf 34' lang='grc' dir='ltr'><strong>ἐν.</strong></span> <span class='ocrx_word' id='word_1_657' title='bbox 2959 5660 3127 5734; x_wconf 59' lang='grc' dir='ltr'>Σκύρῳ</span> <span class='ocrx_word' id='word_1_658' title='bbox 3156 5646 3489 5734; x_wconf 61' lang='grc' dir='ltr'><strong>παρθέὗευσις</strong></span> <span class='ocrx_word' id='word_1_659' title='bbox 3520 5646 3598 5701; x_wconf 86' lang='lat' dir='ltr'><strong>di-</strong></span> 
     </span>
    </p>
   </div>
   <div class='ocr_carea' id='block_1_126' title="bbox 2020 5681 3597 5808">
    <p class='ocr_par' dir='ltr' id='par_1_126' title="bbox 2020 5681 3597 5808">
     <span class='ocr_line' id='line_1_127' title="bbox 2020 5681 3597 5793; baseline -0.022 -70"><span class='ocrx_word' id='word_1_660' title='bbox 2020 5681 2155 5726; x_wconf 78' lang='lat' dir='ltr'><strong>llllas</strong></span> <span class='ocrx_word' id='word_1_661' title='bbox 2185 5682 2410 5731; x_wconf 87' lang='lat' dir='ltr'><strong>moram,</strong></span> <span class='ocrx_word' id='word_1_662' title='bbox 2436 5681 2556 5793; x_wconf 64' lang='grc' dir='ltr'><strong>ὓυω</strong></span> <span class='ocrx_word' id='word_1_663' title='bbox 2579 5681 2845 5734; x_wconf 80' lang='grc' dir='ltr'><strong>’ΛχιΛΛεως</strong></span> <span class='ocrx_word' id='word_1_664' title='bbox 2880 5681 2927 5713; x_wconf 82' lang='grc' dir='ltr'>εν</span> <span class='ocrx_word' id='word_1_665' title='bbox 2959 5681 3127 5737; x_wconf 54' lang='lat' dir='ltr'><strong>sxum)</strong></span> <span class='ocrx_word' id='word_1_666' title='bbox 3156 5681 3432 5727; x_wconf 72' lang='grc' dir='ltr'><strong>παρυινιυυ</strong></span> <span class='ocrx_word' id='word_1_667' title='bbox 3445 5681 3484 5730; x_wconf 44' lang='grc' dir='ltr'><strong>ι)</strong></span> <span class='ocrx_word' id='word_1_668' title='bbox 3520 5681 3597 5701; x_wconf 70' lang='grc' dir='ltr'><strong>ι..-</strong></span> 
     </span>
     <span class='ocr_line' id='line_1_128' title="bbox 2020 5726 3597 5808; baseline -0.014 -13"><span class='ocrx_word' id='word_1_669' title='bbox 2020 5750 2102 5795; x_wconf 91' lang='lat' dir='ltr'><strong>cta</strong></span> <span class='ocrx_word' id='word_1_670' title='bbox 2132 5740 2384 5795; x_wconf 83' lang='lat' dir='ltr'><strong>Luciauo.</strong></span> <span class='ocrx_word' id='word_1_671' title='bbox 2486 5736 2641 5808; x_wconf 87' lang='lat' dir='ltr'><strong>Iyssis</strong></span> <span class='ocrx_word' id='word_1_672' title='bbox 2686 5740 2877 5787; x_wconf 89' lang='lat' dir='ltr'><strong>contra</strong></span> <span class='ocrx_word' id='word_1_673' title='bbox 2925 5729 3200 5783; x_wconf 81' lang='lat' dir='ltr'><strong>historiam</strong></span> <span class='ocrx_word' id='word_1_674' title='bbox 3229 5726 3343 5777; x_wconf 89' lang='lat' dir='ltr'><strong>fere</strong></span> <span class='ocrx_word' id='word_1_675' title='bbox 3382 5734 3597 5808; x_wconf 66' lang='lat' dir='ltr'><strong>univer-</strong></span> 
     </span>
    </p>
   </div>
   <div class='ocr_carea' id='block_1_127' title="bbox 2020 5802 3597 5889">
    <p class='ocr_par' dir='ltr' id='par_1_127' title="bbox 2020 5802 3597 5889">
     <span class='ocr_line' id='line_1_129' title="bbox 2020 5802 3597 5889; baseline -0.013 -17"><span class='ocrx_word' id='word_1_676' title='bbox 2020 5826 2159 5889; x_wconf 81' lang='lat' dir='ltr'><strong>sam,</strong></span> <span class='ocrx_word' id='word_1_677' title='bbox 2200 5819 2312 5872; x_wconf 84' lang='lat' dir='ltr'><strong>tum</strong></span> <span class='ocrx_word' id='word_1_678' title='bbox 2339 5809 2466 5875; x_wconf 79' lang='lat' dir='ltr'><strong>belli</strong></span> <span class='ocrx_word' id='word_1_679' title='bbox 2506 5802 2619 5868; x_wconf 74' lang='lat' dir='ltr'><strong>tum</strong></span> <span class='ocrx_word' id='word_1_680' title='bbox 2665 5815 2931 5869; x_wconf 83' lang='lat' dir='ltr'><strong>errorum,</strong></span> <span class='ocrx_word' id='word_1_681' title='bbox 2955 5804 3203 5866; x_wconf 78' lang='lat' dir='ltr'><strong>accurate</strong></span> <span class='ocrx_word' id='word_1_682' title='bbox 3236 5802 3597 5881; x_wconf 70' lang='lat' dir='ltr'><strong>persequitur.</strong></span> 
     </span>
    </p>
   </div>
  </div>
