4072 6348
413 439 518 498 699

415 550 672 624 Pugnacis
698 551 816 606 tulit
852 551 1110 620 eloquens
1140 551 1435 606 coronam?

416 646 647 702 Vitatum
678 645 800 699 hinc
823 643 1213 714 Polyphemon,
1247 655 1408 714 atque
1433 645 1647 710 Circen,

415 739 483 794 Et
510 737 840 806 Laestrigonii
863 737 1056 792 famem
1086 738 1339 810 tyranni?

415 833 548 886 Tum
579 830 813 902 pomaria
840 829 1024 886 divitis
1046 829 1330 902 Calypsus,

414 926 632 980 Sirenas
651 925 998 994 pereuntibus
1029 926 1322 994 placentes,

417 1016 614 1072 Vitatas
641 1016 913 1083 tenebras,
946 1018 1220 1086 facemque
1245 1017 1460 1087 Naupli,

415 1109 477 1161 Et
503 1107 700 1178 Scyllae
733 1109 979 1178 rapidum
1007 1109 1214 1164 voracis
1246 1111 1458 1179 inguen,

415 1199 509 1253 Vel
531 1199 968 1265 Taurominitana
999 1217 1132 1271 quos
1172 1202 1468 1273 Charybdis

414 1290 641 1346 Ructato
670 1294 924 1361 scopulos
951 1303 1103 1348 cavat
1135 1293 1439 1362 profundo?

485 1384 600 1440 Non
634 1395 659 1422 ει
681 1386 833 1441 divos
863 1387 1186 1457 specialibus
1223 1388 1461 1444 faventes

415 1477 594 1546 Agris,
629 1476 872 1542 urbibus,
901 1477 1195 1548 insulisque
1224 1464 1425 1545 canto,‘

414 1569 572 1641 357
607 1568 896 1624 Saturnum
923 1569 1100 1636 Latio,
1131 1571 1427 1641 iovemque
1455 1570 1650 1640 Crette,

415 1660 785 1731 Junonemque
809 1665 991 1732 Samo,
1020 1664 1320 1736 Rhodoque
1350 1665 1552 1733 Solem,

416 1751 616 1807 Hennae
640 1753 1060 1822 Persephonem,
1087 1757 1374 1810 Minervam
1400 1756 1672 1828 Hymetto,

416 1843 708 1899 Vulcanum
738 1846 966 1914 Liparm,
999 1847 1182 1914 Papho
1207 1848 1451 1915 Dionem,

421 1935 580 2004 Argis
612 1936 830 2001 Persea,
863 1937 1159 2007 Lampsaco
1190 1940 1461 2010 Priapum,

417 2027 612 2083 Thebis
639 2029 868 2098 Evhion,
896 2030 1099 2101 Ilioque
1131 2033 1368 2098 Vestam,

417 2119 663 2191 Tymbrae
690 2120 901 2186 Delion,
943 2123 1205 2178 Arcadem
1236 2125 1444 2196 Lycmo,

415 2211 635 2267 Martem
661 2211 975 2277 Thracibus,
999 2230 1061 2268 ac
1084 2215 1296 2285 Scythis
1325 2217 1576 2276 Dianam:

415 2309 561 2377 Quos
588 2308 764 2363 fecere
793 2309 926 2364 deos
952 2309 1126 2364 dicata
1161 2313 1381 2380 templa,

419 2401 588 2470 Thus,
623 2401 724 2467 sal,
751 2401 846 2466 lar,
876 2403 1038 2468 mola,
1071 2403 1152 2458 vel
1188 2406 1576 2472 superfluarum

415 2493 761 2547 Consecratio
786 2495 1246 2548 caeremoniarum.

489 2581 516 2621 δ
554 2582 672 2637 Non
695 2597 814 2638 cum
839 2585 1172 2654 Triptolemo
1202 2588 1491 2643 verendam
1523 2590 1764 2659 Eleusin,

415 2673 517 2741 Qui
551 2673 752 2743 primas
783 2676 991 2744 populis
1015 2675 1213 2732 dedere
1244 2680 1442 2734 aristas

415 2765 591 2821 Pastis
614 2764 908 2821 Chaonium
941 2782 1036 2836 per
1066 2767 1322 2835 ilicetum,

419 2867 441 2895 ο
470 2857 586 2912 Νοη
616 2857 752 2927 Apin
781 2858 1124 2914 Mareoticum
1156 2865 1359 2916 sonabo

414 2947 499 3005 Ad
527 2949 864 3020 Memphitica
896 2950 1054 3006 sistra
1083 2954 1361 3007 concitari.

484 3100 516 3165 ﬁ
543 3067 1004 3165 Municipes/deos
1030 3092 1270 3165 appellat
1299 3092 1562 3148 Minucius
1605 3093 1752 3150 Felix
1786 3097 1873 3163 qui
1905 3112 1998 3165 pe-

414 3162 602 3218 culiari
649 3161 797 3218 cultu
839 3163 893 3216 in
940 3161 1167 3232 singulis
1218 3165 1526 3218 civitatibus
1572 3165 1657 3219 vel
1713 3161 2001 3234 provinciis

415 3234 713 3290 consecrati
752 3243 894 3290 sunt.
941 3234 1140 3287 llorum
1172 3237 1440 3304 catalogus
1470 3247 1656 3290 texunt
1683 3238 1841 3291 etiam
1874 3239 2000 3292 Ter-

1687 439 1928 495 SIDONII
1970 436 2415 496 APOLLINARIS

2020 549 2076 610 Α
2098 549 2210 605 Νοη
2241 554 2412 606 (licam
2448 552 2844 607 Lacedaemonis
2867 551 3143 621 juventam

3568 434 3684 502 10-3

2090 645 2286 700 Unctas
2309 645 2633 717 Tyndaridis
2661 644 2872 706 dicasse
2900 645 3092 710 luctas,

2092 739 2288 792 Doctus
2319 753 2453 807 quos
2476 739 2661 807 patriis
2693 737 2874 790 Palem
2894 736 3198 806 Therapnis

2092 829 2326 903 Cymnas
2359 831 2600 902 Bebrycii
2633 830 2814 885 tremit
2844 829 3066 885 theatri.

2093 923 2118 961 ἀ
2149 927 2264 980 Νοη
2293 935 2468 979 sortes
2494 925 2810 994 Lyciasque,
2833 921 3213 993 Caeritumque,

2098 1028 2121 1055 ο
2151 1017 2422 1087 Responsa
2456 1025 2545 1068 aut
2571 1014 2849 1069 Themidis
2878 1015 3056 1083 priora
3092 1013 3331 1085 Delphis.

2095 1109 2204 1164 Nec
2232 1124 2349 1178 quze
2381 1106 2599 1160 fulmine
2635 1106 2880 1161 Thuscus
2905 1107 3144 1176 expiato,

2097 1203 2315 1270 Septnm
2341 1201 2556 1254 numina
2589 1199 2780 1267 quaerit
2806 1199 2872 1252 ad
2897 1198 3160 1255 bidental.

2098 1295 2206 1350 Nec
2229 1309 2361 1363 quos
2385 1294 2690 1364 Euganeum
2724 1293 2912 1349 bibens
2941 1293 3220 1350 Timavum

2099 1387 2244 1440 Colle
2274 1388 2582 1441 Antenoreo
2617 1383 2635 1422 τ
2668 1385 2884 1439 videbat
2909 1401 3080 1454 augur

2103 1479 2262 1534 Divos
2290 1477 2654 1532 Thessalicam
2681 1493 2902 1534 movere
2926 1493 3178 1549 pugnam.

2099 1572 2208 1626 Nec
2231 1586 2366 1640 quos
2399 1571 2777 1639 Amphiaraus,
2801 1579 2851 1625 et
2892 1571 3204 1642 Melampus.

2105 1665 2176 1718 Ex
2211 1664 2339 1731 ipsis
2364 1663 2539 1732 rapuit
2569 1663 2698 1717 deos
2724 1663 2939 1728 favillis,

2104 1757 2203 1810 l‘er
2232 1758 2488 1824 templum
2516 1755 2654 1809 male
2679 1755 2966 1809 fluctuante
2989 1754 3220 1821 ﬂamma,

2103 1852 2263 1922 358
2302 1850 2554 1903 (laudetis
2586 1849 2785 1904 lumine
2831 1850 3038 1918 perdito
3063 1849 3328 1907 Metellus.

2176 1945 2288 2003 Non
2323 1943 2408 1997 hic
2433 1943 2728 2014 Cinyphius
2757 1952 2982 1996 canetur
3015 1945 3263 2010 Ammon,

2106 2037 2375 2090 Milratttut
2401 2043 2558 2100 caput
2586 2033 2804 2088 elevans
2831 2034 3029 2099 arenis,

2110 2128 2206 2182 Vix
2234 2144 2290 2182 se
2316 2139 2433 2197 post
2459 2137 2482 2173 ε
2523 2125 2899 2181 hecatombion
2927 2127 3133 2181 litatum

2106 2221 2302 2276 Suetus
2335 2235 2580 2288 ptomere
2613 2219 2846 2287 Syrtium
2877 2217 3148 2272 barathro.

2107 2312 2220 2366 Non
2253 2311 2339 2366 lt'c
2367 2311 2644 2381 Dindyma,
2682 2324 2778 2362 nec
2804 2318 3060 2377 crepante
3087 2309 3230 2365 buxo

2109 2407 2331 2460 Curetas
2363 2403 2766 2473 Berecynthiam
2792 2413 3065 2467 sonantes,

2109 2499 2220 2552 Non
2266 2497 2527 2549 Bacchum
2561 2494 2824 2548 trieterica
2856 2503 3194 2550 exserentem

2109 2591 2438 2650 Describam,
2473 2597 2526 2642 et
2553 2590 2806 2642 tremulas
2832 2588 3010 2641 furore
3038 2587 3179 2643 festo

2109 2683 2190 2736 lrc
2223 2683 2275 2735 in
2311 2679 2643 2744 Bassaridas,
2684 2679 2766 2732 vel
2799 2679 3050 2734 infulatos

2071 2774 2078 2780 ’
2111 2778 2270 2830 Aram
2303 2774 2364 2826 ad
2392 2773 2770 2828 tlturicremam
2796 2781 2973 2826 rotare
3001 2781 3223 2842 mystas.

2109 2869 2220 2922 Non
2255 2868 2339 2921 hic
2369 2864 2627 2918 llcsiodea
2657 2865 2870 2933 pinguis
2897 2872 3080 2918 Ascrae

2111 2960 2330 3028 Spectes
2363 2955 2617 3020 carmina,
2654 2954 2977 3024 Pindarique
3005 2956 3255 3014 chordas.

2112 3098 2175 3150 lit
2198 3096 2333 3161 Apin
2367 3091 2850 3164 Osiridisanituam
2872 3106 3009 3164 esse,
3026 3107 3091 3144 ex
3112 3091 3448 3164 sacerdotum
3473 3111 3688 3164 quoque]

2114 3158 2384 3233 mysteriis
2415 3164 2572 3216 tradit
2603 3158 2934 3233 Plutarchus.
2973 3163 3050 3214 Ex
3078 3163 3218 3216 Usiri
3257 3178 3412 3229 porro
3449 3158 3500 3216 et
3529 3158 3626 3233 Atti
3657 3181 3689 3224 a

2112 3225 2344 3292 Sesostri
2371 3252 2407 3286 rt
2427 3250 2515 3304 ge,
2543 3232 2860 3286 utClemens
2884 3233 3021 3305 idem
3046 3225 3429 3297 narrat,t'actus
3449 3225 3702 3305 Serapis;

417 3305 668 3377 tullianus
692 3304 1024 3377 Apologetici
1046 3320 1164 3374 cap.
1196 3306 1285 3370 2i,
1314 3306 1622 3360 Lactantius
1648 3307 1741 3361 lib.
1787 3325 1824 3373 ι,
1871 3310 1999 3364 l’ru-
2033 3317 2076 3377 ρ
2111 3311 2284 3374 Quare
2317 3307 2554 3377 Serapis,
2597 3305 2765 3358 Usuris
2796 3312 2851 3358 et.
2876 3304 3024 3372 Apis,
3066 3319 3204 3360 unus
3250 3306 3494 3375 idemque
3527 3304 3691 3363 neut-

419 3375 628 3449 dentius
657 3375 712 3428 in
747 3375 1135 3449 Symmachum
1187 3392 1240 3429 u.
1293 3377 1569 3440 Sidonius,
1627 3393 1730 3449 qua
1781 3381 1998 3436 excellit

419 3445 695 3511 brevitate,
746 3447 898 3500 binos
945 3447 1170 3516 singulis
1210 3449 1448 3503 versibus
1494 3445 1802 3503 conclusit:
1850 3461 1999 3506 vetus

421 3517 742 3588 epigramma
775 3516 1017 3585 singulos
1045 3519 1290 3588 singulis,
1326 3521 1377 3572 in
1409 3520 1548 3574 hunc
1578 3520 1826 3575 modum:
1945 3531 1954 3540 '

598 3609 800 3672 Dodoue
817 3609 929 3672 tibi,
956 3605 1200 3671 Juppitcr,
1228 3618 1412 3661 sacrata
1437 3617 1531 3672 est,

601 3671 779 3720 Junoni
805 3671 974 3720 Samos
996 3679 1051 3720 et
1071 3672 1270 3732 Hycena
1295 3672 1414 3729 Diti,

602 3732 753 3797 t_Jn_d:e
776 3733 1004 3797 Taenaros
1028 3737 1333 3797 aequorisque
1358 3736 1487 3797 regi.

599 3793 760 3857 Pallas
778 3795 1033 3855 Cecroliias
1063 3793 1228 3845 tuetur
1253 3793 1410 3857 arces,

601 3852 817 3919 Delphos
831 3852 1031 3918 Pythius
1052 3859 1184 3906 orbis
1208 3852 1504 3919 umbilicum,

606 3917 786 3981 Creten
807 3917 965 3981 Delia,
994 3919 1318 3981 Cynthiosque
1341 3917 1514 3977 colles,

606 3936 786 3968 hrcle“
807 3936 965 3979 uena,
994 3936 1236 3981 b_VllUthSt
1257 3936 1318 3970 uc
1341 3936 1514 3977 CO|ICS,

601 3979 795 4044 [annus
815 3980 1066 4044 Maenalon,
1093 3936 1436 4044 Arcatlumque
1459 3983 1622 4034 silvas.

600 4041 697 4105 Est
715 4043 868 4092 tutela
892 4041 1084 4092 Rhodos
1107 4044 1249 4093 beata
1274 4041 1414 4105 Solis,

601 4104 762 4169 Gades
781 4105 1028 4169 Herculis,
1051 4105 1401 4168 humidumquc
1418 4106 1592 4169 Tibur,

602 4163 800 4227 Cyllene
819 4166 970 4213 celeri
998 4167 1091 4214 deo
1116 4170 1298 4216 nitosa.

598 4226 758 4274 'l‘ardo
780 4229 962 4286 gratior
987 4234 1192 4275 aestuosa
1215 4227 1438 4278 Lemnos.

599 4286 759 4350 gnata:
780 4289 1017 4350 Cererem
1043 4301 1193 4336 nurus
1210 4288 1538 4350 frequentant.

599 4347 800 4409 Baptam
826 4348 1018 4409 Cyzicus
1035 4357 1250 4398 ostreosa
1274 4347 1452 4407 divam,

601 4407 879 4457 Formosam
899 4409 1148 4457 Venerem
1173 4411 1364 4470 ﬂuidos,
1395 4414 1698 4475 Paphosque.

483 4487 516 4528 ι)
551 4485 824 4564 Cererem.
859 4490 1119 4564 Firmicus
1159 4492 1428 4564 Maternus
1468 4495 1534 4549 de
1565 4495 1849 4551 Erroribus
1875 4512 1995 4564 pro-

423 4558 662 4634 fanarum
689 4562 867 4634 re_lig.,
907 4576 1026 4630 cap.
1061 4563 1089 4614 7
1118 4580 1128 4613 :
1161 4562 1242 4615 Ad
1263 4564 1446 4618 Attica:
1470 4565 1605 4619 urbis
1627 4567 1796 4620 locum
1822 4558 1994 4634 perve-

418 4630 523 4704 nit.
562 4628 1196 4704 Illicﬂltor'sipitiorecepta
1245 4634 1424 4688 incolis
1473 4637 1783 4704 incognitum
1822 4628 1992 4691 adhuc

417 4701 640 4753 triticum
668 4703 868 4776 dividit.
893 4704 1056 4776 Locus
1167 4706 1352 4776 patria,
1379 4717 1425 4758 et
1447 4723 1510 4760 ea:
1530 4701 1744 4760 adventu
1765 4709 1994 4764 mulieris
2022 4703 2074 4763 D

417 4786 599 4848 [tamen
643 4774 853 4848 accepit:
912 4774 1046 4828 Nam
1094 4773 1307 4829 Eleusin
1345 4776 1511 4831 dictus
1543 4786 1641 4838 est,
1682 4779 1818 4848 quod
1857 4780 1984 4834 illuc

322 4881 328 4887 .
417 4840 564 4896 Ceres
601 4844 780 4895 relicta
808 4843 958 4897 Enna
1002 4858 1223 4901 venerat.
1279 4848 1383 4902 Sed
1433 4840 1718 4904 verendam
1773 4850 1988 4905 Eleusin

417 4911 668 4990 Sidonius
693 4912 834 4990 digit
862 4931 968 4969 non
1001 4917 1184 4990 urbem
1209 4917 1420 4990 Atticae,
1453 4923 1505 4974 in
1531 4935 1630 4990 qua
1653 4920 1818 4975 Ceres
1849 4925 1992 4977 cole-

419 4982 596 5109 ἔειπ’,
621 4984 716 5038 sed
739 4985 994 5041 Cererem
1023 4987 1216 5056 ipsam,
1247 4982 1594 5044 Claudianuin
1618 5000 1832 5046 secutus
1856 4993 1951 5047 lib.
1974 5007 1990 5048 ι

457 5068 486 5108 e
561 5067 723 5109 antu:

457 5068 486 5108 e
513 5067 723 5126 ttaptu:

785 5127 1083 5193 sanctasque
1098 5127 1431 5193 facesattollit
1459 5131 1679 5193 Eleusin,

599 5188 801 5250 Angues
821 5188 1105 5251 Triptolemi
1129 5191 1354 5242 strident.

489 5276 512 5340 ἐ
537 5267 942 5340 Memphitarum
966 5273 1234 5340 proprium
1262 5291 1476 5330 numen.
1501 5276 1750 5332 Clemens
1767 5278 1996 5338 Alexan-

417 5337 602 5420 drinus
628 5337 979 5421 Protreptico,
1012 5337 1332 5421 interciloya.
1359 5356 1456 5400 τῶν
1485 5352 1624 5412 ζώων
1663 5349 1806 5421 apud
1833 5349 1995 5421 Atlgy-

415 5411 553 5488 pl_ios
580 5411 811 5484 κωμηδὸν
839 5419 918 5468 καὶ
943 5418 1071 5488 accrro}
1096 5411 1622 5488 rgolztc'conscct‘ata,
1658 5411 1994 5488 lleliopolilt'is

415 5480 824 5564 ichneumonem
849 5487 1084 5564 ascribit,
1107 5486 1268 5564 Saitis
1293 5480 1800 5564 et_'l:ltel)a3is'ti\'t'm,
1817 5480 1995 5564 Lyco-

414 5553 588 5627 politis
634 5554 850 5627 lupum,
905 5556 1059 5627 139
1103 5557 1437 5627 Cynopulitis
1499 5575 1720 5626 canent,
1784 5553 1993 5617 hircum

415 5624 1044 5703 diendesiis,_hietintttis
1069 5624 1227 5703 Apin,
1255 5624 1792 5703 idestEgyptiorum
1814 5634 1992 5703 lingua

412 5693 626 5818 atatem.
669 5693 910 5753 Tibullus
955 5698 1046 5754 lib.
1079 5693 1133 5764 ίξ
1181 5700 1348 5770 elegia
1390 5701 1442 5770 7,
1493 5693 1740 5758 eumdem
1772 5693 1994 5760 facitvac

509 5782 609 5818 nn.

459 5779 609 5820 Sll'ln.

533 5836 773 5905 Ttieanit,
803 5849 948 5905 atque
976 5855 1117 5890 suum
1149 5843 1302 5905 [uch
1327 5846 1525 5891 miratur
1549 5843 1709 5893 Osirin

593 5898 823 5959 Barbara.
848 5898 1158 5965 Memphitem
1185 5905 1418 5967 plangere
1442 5906 1584 5956 docta
1605 5907 1800 5958 bovem.

2127 3383 2371 3434 )ltitarutn
2405 3375 2555 3429 deus.

2109 3397 2371 3452 pllllﬂl'lilll
2405 3397 2555 3429 UUUS.

2175 3449 2199 3487 d
2242 3448 2427 3518 Lycias
2460 3457 2652 3508 SOI‘US,
2683 3443 2884 3518 Virgilii
2911 3445 3182 3514 exemplo,
3215 3446 3338 3502 dixit
3367 3447 3506 3501 aliud
3524 3464 3691 3518 genus

2107 3510 2334 3583 oraculi,
2378 3518 2514 3587 quod
2565 3532 2658 3584 per
2713 3510 3010 3585 Apollinem
3055 3510 3106 3571 in
3143 3519 3302 3588 Lycia
3343 3510 3687 3575 reddebatur.

2107 3593 2447 3647 AtCtrritum
2477 3599 2649 3661 sortes
2692 3589 2904 3655 proprie
2951 3589 3182 3652 fuerunt,
3225 3599 3283 3644 ut
3319 3590 3686 3661 Praenestina},

2105 3663 2414 3723 Antiatinte,
2475 3658 2774 3720 Falerinae,
2825 3662 3120 3726 Aponinze;
3181 3661 3390 3715 tabellae
3435 3658 3689 3716 nimirum

2108 3735 2319 3800 ligne:r,
2353 3731 2540 3784 litteris
2572 3730 2860 3797 inscriptm,
2905 3745 3034 3800 quas
3062 3732 3263 3784 oraculi
3299 3732 3410 3786 vice
3439 3733 3690 3787 Consule-

2106 3799 2656 3877 battt,_'/‘c_gtp.uare§a
2714 3812 2868 3852 vocat
2916 3799 3263 3877 Plutarchus,
3309 3803 3374 3857 de
3426 3803 3688 3877 Falerinis

2106 3890 2268 3942 agens
2295 3873 2559 3926 in'Fabio.
2592 3873 2707 3937 Quo
2742 3886 2940 3942 genere
2971 3873 3060 3938 qui
3095 3873 3406 3937 utebantur,
3448 3875 3688 3929 sortibus

2105 3940 2327 4000 sublatis
2351 3942 2546 4012 aliquid
2579 3957 2736 4011 agere
2765 3941 3098 3997 dicebantur.
3146 3944 3376 4012 Antiqua
3409 3946 3688 4014 inscriptio

2107 4015 2413 4079 Mediolani,
2437 4029 2601 4068 sacno
2629 4027 2768 4064 st‘SCl
2791 4029 2909 4079 rro,
2931 4027 3180 4067 son'rtuus
3205 4031 3469 4069 sunmus.
3495 4015 3687 4070 Cicero

2105 4087 2173 4141 de
2204 4086 2540 4140 Divinatione
2581 4081 2808 4137 Deorum
2834 4099 2890 4147 u,
2944 4086 3009 4138 de
3055 4085 3395 4141 Prtenestinis
3429 4103 3442 4140 :
3483 4085 3566 4139 Ex
3592 4085 3686 4140 illa

2105 4159 2218 4210 olea
2245 4172 2418 4209 arcam
2449 4173 2555 4208 esse
2574 4155 2782 4224 factum,
2823 4155 2877 4208 iu
2919 4171 3076 4226 eaque
3113 4158 3367 4224 conditas,
3394 4173 3510 4225 qua:
3532 4159 3686 4212 hodie

2111 4227 2356 4280 Fortuna:
2387 4226 2582 4278 monitu
2612 4225 2880 4278 tolluntur.

2179 4307 2202 4334 ο
2241 4300 2368 4365 Quae
2403 4299 2569 4369 prima
2603 4297 2839 4369 omnium
2881 4297 3100 4369 Delphis
3131 4299 3411 4353 vaticinata
3444 4299 3684 4369 fingitur,

2104 4369 2515 4438 Apollinemque
2553 4367 2724 4436 ipsum
2750 4366 3017 4421 docuisse.
3059 4369 3304 4438 Otphcus
3344 4371 3396 4424 in
3437 4366 3634 4442 hymno
3665 4366 3680 4424 ξ

2209 4537 2256 4577 Ἥ
2286 4527 2463 4597 πρώτη
2493 4521 2960 4599 κατέξειξεοβροτοῖς
2985 4529 3222 4599 μαντήϊον
3252 4525 3420 4597 ἁγνὸν,

2216 4594 2427 4664 Δελφίκῳ
2459 4596 2506 4664 ἐν
2534 4594 2778 4664 κευθμῶνι
2795 4594 3174 4662 ’θεμιστέύουσα
3201 4594 3362 4652 θεοῖσι

2208 4667 2372 4736 Πυθίῳ
2395 4667 2443 4717 ὲν
2471 4663 2710 4737 δοιττοὲδῳἈ
2735 4663 2987 4737 ὅτιμῐιυθοῐ
3008 4667 3394 4737 ἐμϐασίλευσεν·

2207 4747 2256 4790 ‘ll
2287 4733 2369 4789 mi
2395 4739 2572 4811 πρώτη
2600 4733 2772 4790 Φοῖϐον
2805 4733 2996 4792 ἄνακτα
3026 4733 3397 4808 θεμιστοσύνας
3425 4736 3642 4804 ἐδίδαξε.

2170 4909 2188 4948 ί
2232 4909 2510 4966 Cornelius
2538 4913 2791 4967 sacerdos
2815 4955 2829 4976 ,
2861 4914 2949 4984 qui
2984 4931 3171 4984 pugnae
3198 4915 3520 4971 Pharsalica;
3546 4917 3684 4970 ima-

2096 4982 2270 5050 ginem
2294 4985 2515 5049 absens,
2545 5000 2646 5050 qua
2689 4985 2819 5038 hora
2853 4982 3209 5054 pugnabatur,
3260 4997 3482 5054 repente
3525 4997 3673 5043 mota

2099 5065 2275 5124 mente
2307 5057 2649 5122 conSpexisse
2677 5066 2836 5124 atque
2865 5058 3175 5112 enuntiasse
3202 5057 3390 5111 fertur.
3426 5057 3676 5113 Lucanus

2099 5123 2193 5199 lib.
2225 5139 2293 5199 vn
2317 5127 2565 5199 ;_Cellius
2598 5126 2688 5178 lib.
2715 5123 2802 5191 xv,
2837 5143 2887 5199 ς.
2916 5128 3013 5192 18;
3037 5127 3210 5182 Julius
3226 5128 3539 5199 Obsequens
3563 5146 3683 5197 cap.

2099 5193 2166 5268 6i
2197 5213 2210 5250 :
2247 5195 2302 5248 (Σ.
2331 5195 2594 5249 Cornelius
2631 5213 2796 5268 augur
2838 5197 3117 5252 Pataviuus
3164 5216 3221 5252 eo
3267 5193 3530 5261 diefcum
3569 5193 3684 5253 aves

2100 5267 2446 5331 admitterent,
2471 5267 2802 5335 proclamavit
2830 5283 2936 5321 rem
2958 5271 3088 5338 geri,
3121 5279 3166 5322 et
3189 5270 3384 5324 uincere
3404 5269 3678 5324 Caesarem.

2175 5347 2199 5383 ες
2240 5338 2327 5390 Sic
2371 5338 2506 5390 liber
2554 5339 2767 5404 optima:
2796 5349 2957 5392 notae.
3013 5342 3235 5395 Rectum
3275 5353 3390 5396 erat
3433 5350 3490 5395 ut
3521 5344 3654 5397 hec.

2104 5408 2392 5483 tombueum
2425 5409 2712 5483 diceretur,
2739 5409 2877 5483 quod
2901 5420 2983 5465 est
3009 5413 3358 5483 ἑκατόμϐοιον,
3378 5425 3428 5467 ut
3455 5414 3682 5480 Euhma,

2101 5477 2450 5565 Stheneboea,
2481 5479 2710 5565 liuentia.
2733 5479 2837 5533 Sed
2864 5480 2914 5533 in
3020 5477 3375 5565 diphthongo,
3406 5492 3465 5538 ut
3504 5477 3685 5565 poste-

2101 5550 2301 5602 riorctn
2336 5549 2601 5601 interdum
2635 5549 2866 5625 litteram
2893 5549 3093 5625 auferri
3121 5570 3237 5608 mos
3261 5549 3369 5621 est,
3396 5565 3448 5608 ut
3485 5549 3684 5625 τὲοίημα

2102 5633 2310 5684 poema,
2346 5625 2557 5679 ποιητής
2589 5632 2780 5686 poeta:
2809 5623 2887 5677 sic
2915 5623 3144 5687 priorem
3187 5636 3371 5680 contra
3409 5626 3536 5681 elidi
3574 5623 3682 5678 non

2101 5690 2334 5764 insolens
2367 5690 2463 5743 fuit
2484 5705 2599 5764 tero
2617 5691 2891 5748 inferiore.
2919 5695 2992 5748 ita
3014 5700 3153 5750 enim
3181 5696 3512 5752 solicismum
3536 5697 3682 5764 apud

2100 5759 2422 5830 Ausonium,
2454 5772 2506 5815 et
2532 5761 2696 5816 miras
2720 5765 2857 5818 infra
2880 5768 3117 5821 carmine
3146 5767 3232 5833 l5,
3273 5777 3327 5823 et
3373 5759 3597 5822 meticos
3627 5770 3684 5822 in

2099 5833 2417 5918 panegyrico
2440 5833 2623 5918 Aeduo
2649 5835 2894 5905 legimus,
2929 5839 3071 5906 quod
3103 5838 3292 5896 Graece
3321 5849 3405 5897 est
3423 5840 3686 5900 σολοικισ·

2094 5907 2209 5973 μὸς,
2238 5912 2429 5976 μοῖραι,
2463 5907 2696 5977 μέτοικοι.
