4072 6348
336 411 452 471 ’201

337 529 470 587 Non
495 529 582 584 hic
608 527 855 583 socciferi
882 529 1034 598 jocos
1061 526 1356 590 Menandri,

337 622 467 679 Non
497 619 607 675 lassi
635 618 943 672 Archilochi
970 617 1112 672 feros
1138 617 1364 682 iambos,

343 715 448 770 Vel
475 713 588 782 plus
620 709 912 766 Stesichori
939 723 1128 779 graves
1150 723 1420 764 camenas.

346 813 458 864 Aut
485 805 626 876 quod
653 804 959 873 composuit
991 804 1164 870 puella
1188 803 1367 859 Lesbi.

342 901 466 956 Non
498 897 637 969 quod
667 897 876 951 Mantua
906 901 1191 950 contumax
1223 895 1479 966 Homero,

347 993 562 1064 Adjecit
583 989 886 1045 Latiaribus
917 987 1164 1057 loquelis,

339 1085 570 1155 JEquari
600 1083 815 1138 sibimet
842 1079 1068 1135 subinde
1094 1079 1264 1134 livens

341 1179 516 1233 Busto
546 1176 938 1242 Parthenopam
961 1171 1291 1226 Maroniano.

343 1271 468 1325 Non
496 1266 638 1339 quod
663 1280 760 1336 per
787 1271 997 1335 satyras
1027 1260 1440 1332 epistolarumﬁj

313 1343 322 1360 ’
347 1363 790 1428 Sermonumque
811 1357 972 1426 sales,
1002 1370 1308 1424 novumque
1331 1354 1560 1424 epodon,

343 1456 540 1511 Libros
569 1452 841 1518 carminis,
872 1464 936 1504 ac
964 1450 1234 1519 poeticam
1258 1456 1448 1513 artem,

342 1548 545 1604 thbi
573 1546 822 1600 laudibus
849 1552 903 1599 et
930 1529 1079 1614 vagae
1100 1543 1286 1598 Dianae

343 1641 683 1711 Conscriptis
705 1639 874 1694 voluit
899 1653 1093 1693 sonare
1120 1638 1365 1692 Flaccus.

343 1733 471 1789 Non
493 1732 634 1802 quod
665 1731 917 1801 Papinius
949 1738 1090 1793 tuus,
1121 1742 1396 1798 meusque,

345 1827 498 1882 Inter
519 1823 816 1879 Labdacios
845 1829 1002 1877 sonat
1029 1819 1258 1875 furores.

350 1924 460 1973 Aut
486 1932 607 1972 cum
637 1915 774 1969 forte
805 1913 998 1980 pedum
1029 1913 1238 1966 minore
1267 1911 1522 1982 rhythmo

350 2010 530 2080 Pingit
557 2021 799 2078 gemmea
828 2013 978 2075 prata
1005 2004 1340 2058 silvularum.

350 2103 516 2174 359
542 2110 568 2136 λ
599 2099 713 2153 Νοη
738 2097 878 2167 quod
903 2095 1151 2152 Corduba
1191 2103 1494 2163 prmpotens
1523 2094 1755 2149 alumnis

353 2192 664 2249 Facundum
694 2191 822 2259 ciet,
850 2189 938 2245 hic
968 2197 1121 2259 putes
1152 2179 1456 2263 legendum.

347 2285 593 2353 Quorum
622 2299 758 2338 unus
781 2282 912 2338 colit
943 2281 1214 2350 hispidum
1243 2277 1484 2346 Platona,

353 2379 735 2446 lncassumque
761 2390 916 2430 suum
948 2381 1128 2428 monet
1159 2372 1444 2428 Neronem.

350 2467 696 2524 Orchestram
725 2465 896 2535 quatit
917 2466 1053 2519 alter
1077 2463 1366 2529 Euripidis,

351 2561 562 2615 Pictum
588 2559 804 2614 faecibus
825 2556 1120 2628 [Eschylon
1153 2562 1394 2620 secutus,

353 2655 459 2709 Aut
485 2653 739 2724 plaustris
765 2652 980 2707 solitum
1011 2663 1203 2704 sonare
1229 2647 1485 2718 Thespin,

355 2747 459 2814 Qui
483 2756 601 2818 post
622 2746 823 2816 pulpita
845 2743 968 2798 trita
1000 2739 1100 2797 sub
1130 2743 1395 2796 cothurno

354 2836 630 2892 Ducebant
656 2835 813 2890 olida:
833 2848 1034 2888 marem
1063 2831 1306 2902 capelhn.

355 2928 594 2998 Pugnant
617 2927 805 2982 tertius
833 2926 919 2979 ille
947 2923 1211 2978 Gallicani

357 3021 504 3074 Dixit
529 3019 778 3085 Caesaris,
822 3025 880 3072 ut
915 3031 1081 3087 gener
1114 3031 1374 3084 socerque

357 3111 596 3182 Cognata
627 3109 938 3183 impulerint
965 3110 1019 3162 in
1055 3123 1201 3162 arma
1235 3108 1478 3162 Romam.

358 3201 589 3257 Tantum
619 3202 750 3255 dans
775 3200 1044 3270 lacrymas
1073 3201 1184 3253 suis
1213 3197 1497 3268 Philippis,

359 3291 434 3348 Ut
458 3294 640 3348 credat
661 3293 927 3346 Cremerae
951 3292 1119 3345 levem
1147 3290 1376 3355 ruinam,

361 3385 503 3441 Infra
532 3393 585 3439 et
616 3393 832 3438 censeat
862 3382 1054 3436 Alliam
1093 3381 1398 3448 dolendam,

357 3481 436 3536 Ac
465 3479 660 3534 Brenni
685 3478 734 3530 in
771 3480 966 3530 trutina
992 3474 1176 3531 Jovem
1214 3475 1547 3544 redemptum
1576 3496 1587 3529 :

357 3576 654 3643 Postponat
675 3573 946 3636 Trebiam,
970 3587 1265 3641 gravesque
1289 3571 1518 3635 Cannas,

361 3668 606 3736 Stragem
639 3680 736 3718 nec
760 3664 1216 3720 Thrasimeuicam
1251 3665 1514 3734 loquatur.

358 3759 574 3813 Fratres
606 3757 881 3826 Scipiadas
913 3757 1074 3824 pudet
1105 3757 1363 3822 silendos,

361 3851 507 3918 Quos
529 3850 869 3904 Tartesiacus
898 3856 1128 3902 retentat
1154 3849 1300 3903 orbis
1334 3867 1347 3902 :

360 3943 692 4012 Enphratem
728 3949 902 3996 taceat
924 3942 1061 3996 male
1095 3943 1408 4012 appetitum,

362 4037 679 4090 Crassorum
709 4045 761 4090 et
790 4035 1029 4088 madidas
1052 4050 1243 4089 cruore
1265 4034 1518 4102 Carrha=,

364 4125 463 4181 Vel
486 4142 619 4196 quos
648 4129 908 4197 Spartace
938 4128 1217 4182 consulum
1248 4128 1460 4182 solebas

366 4218 582 4274 Victrici
612 4219 815 4289 gladios
839 4218 1020 4289 fugare
1040 4220 1169 4283 sica,

369 4313 546 4389 Ipsum
578 4327 676 4366 nec
702 4313 825 4366 lleat
854 4312 943 4366 ille
974 4312 1092 4380 plus
1122 4312 1379 4376 duellum,

443 4437 471 4466 ⁸
493 4428 769 4485 Deiisdem
789 4429 1041 4484 Martialis
1060 4430 1153 4484 lib.
1173 4445 1208 4496 ι,
1241 4445 1358 4501 cap.
1386 4431 1478 4497 6'2,
1503 4432 1568 4485 ad
1593 4431 1953 4491 Licinianum:

557 4544 789 4606 Duosque
823 4544 1057 4606 Senecas,
1084 4547 1378 4608 unicumque
1400 4545 1647 4596 Lucanum

379 4606 536 4679 ιῖιο
554 4614 774 4664 Facunda
797 4616 1007 4678 loquitur
1031 4617 1271 4666 Corduba.

446 4717 713 4792 b_Lentuli
744 4717 981 4774 Gaetulici
1015 4731 1226 4774 exstant
1262 4722 1445 4776 Graeca
1485 4724 1867 4792 epigrammata
1904 4727 1953 4781 in

378 4789 720 4864 gnthologin.
758 4791 1012 4864 Martialis
1037 4793 1176 4844 inter
1198 4791 1444 4864 llaseivos
1471 4789 1654 4864 poetas
1686 4807 1950 4864 numerat,

379 4859 581 4932 Plinius
605 4863 742 4914 inter
772 4863 912 4915 viros
931 4877 1123 4930 graves
1151 4865 1237 4930 qui
1263 4859 1760 4932 ludicrascripsere
1781 4867 1874 4920 lib.
1900 4859 1954 4932 νς

381 4931 538 5005 epist.
567 4934 619 4986 5.
650 4932 895 5005 Meminit
910 4933 1150 4999 ejusdem
1181 4931 1430 5005 Sidonius
1460 4934 1548 4988 lib.
1584 4931 1640 4999 ti,
1667 4940 1826 5005 epist.
1867 4931 1952 4992 l0.

383 5001 670 5074 Domitium
693 5018 821 5058 vero
851 5001 1078 5056 Marsum
1123 5012 1175 5056 et
1206 5001 1496 5074 Pedonem,
1544 5001 1956 5074 epigrammato-

381 5071 600 5140 graphis
619 5089 828 5142 quoque
855 5083 1174 5128 annumerat
1202 5073 1341 5127 idem
1369 5071 1654 5129 Martialis:
1671 5077 1773 5131 Sed
1799 5079 1955 5132 Marsi

386 5143 576 5216 hodie,
619 5154 814 5216 praeter
842 5145 1036 5216 Cicuta:
1070 5144 1446 5213 fragmentum,
1494 5145 1622 5216 nihil
1664 5159 1950 5216 superest;

383 5212 440 5292 (ἐς
464 5213 703 5292 Pedonis
737 5214 1048 5292 Albinovani
1076 5212 1278 5285 aliqttot
1313 5216 1496 5292 elegia!
1536 5212 1808 5292 leguntur;
1837 5212 1958 5292 Stil-

385 5285 547 5363 p'tizc,
585 5299 748 5363 quam
781 5285 1051 5363 Martialis
1072 5302 1301 5363 quoque
1334 5286 1512 5339 laudat
1545 5288 1638 5340 lib.
1681 5305 1746 5356 χ,
1792 5289 1953 5343 satira

388 5355 538 5406 unica
567 5354 632 5408 de
665 5357 992 5423 temporibus
1023 5354 1324 5411 Domitiani.

460 5433 480 5458 α
519 5424 979 5498 Fratres‘fuerunt
1012 5427 1453 5494 Vespasiauorum
1499 5436 1796 5496 temporum
1826 5445 1954 5498 poe-

388 5503 486 5575 tic;
519 5495 605 5549 hic
631 5496 882 5575 tragicus,
918 5499 1006 5575 i_l_le
1047 5499 1311 5575 satiricus,
1350 5495 1656 5575 de_quibds
1703 5495 1960 5575 Martialis

389 5567 480 5618 lib.
522 5582 600 5639 xt,
644 5581 762 5634 cap.
795 5567 879 5621 il.
922 5568 1082 5621 Turni
1128 5583 1159 5620 e
1203 5572 1360 5622 satira
1412 5570 1699 5624 distichum
1757 5574 1962 5639 prol'ert

390 5647 542 5690 vetns
571 5637 836 5705 interpres
864 5639 1159 5704 .Inveualis;
1192 5639 1392 5694 Sczevze
1409 5642 1658 5695 Memoris
1682 5637 1957 5696 Herculem

392 5708 894 5780 tragmdiamucitat
929 5709 1122 5762 Fabius
1168 5709 1478 5777 Fulgentius
1525 5714 1590 5766 de
1629 5714 1807 5780 prisco
1848 5727 1963 5767 ser-

391 5792 570 5831 mone.
615 5778 792 5849 Stellae
817 5790 992 5834 autem
1023 5789 1192 5847 poetze
1240 5781 1420 5835 laudes
1461 5792 1513 5837 et
1557 5778 1959 5849 epithalamium

391 5849 586 5902 cecinit
616 5848 885 5916 Papinius.
916 5851 988 5903 De
1010 5853 1074 5904 Α.
1096 5850 1352 5918 Septimio
1381 5852 1546 5921 lyrico
1578 5848 1830 5910 Sidonius
1859 5857 1960 5910 ite-

396 5932 513 5972 rum
545 5921 594 5973 ili
624 5922 845 5990 epistola
871 5921 933 5976 ad
966 5922 1255 5978 Polctnium
1283 5925 1519 5978 carmine
1551 5923 1636 5980 U.

1771 413 2095 470 CARMINA.

1961 535 2014 593 Α
2040 531 2191 598 Quod
2219 543 2336 600 post
2360 531 2625 588 Cimbrica
2663 533 2907 588 turbidus
2933 541 3152 602 troprea,

1984 4757 2038 4817 D

3497 414 3604 468 702

2041 623 2108 677 Et
2136 625 2369 677 vinctum
2402 624 2777 679 Nasamonium
2802 625 3138 694 Jugurtham,

2039 717 2170 770 Dum
2195 717 2386 785 quaerit
2410 717 2819 772 Mithridaticum
2845 715 3190 786 triumphum,

2039 808 2458 880 Arpinasvvoluit
2488 822 2704 862 movere
2724 808 2907 878 Syllae.

2110 897 2136 935 δ
2175 897 2290 952 Non
2318 898 2606 953 Gaetulicus
2636 899 2723 953 hic
2751 899 2841 952 tibi
2874 900 3096 969 legetur,

2039 991 2201 1060 360
2229 990 2344 1044 Non
2375 991 2602 1054 Marsus,
2637 989 2804 1054 Pedo,
2829 989 3018 1055 Silius,
3041 989 3300 1044 Tibullus.

2036 1081 2153 1136 Non
2181 1081 2320 1151 quod
2344 1082 2591 1152 Sulpicia:
2616 1083 2774 1151 jocus
2800 1082 3000 1136 Thalia:

2038 1171 2266 1240 Scripsit
2291 1173 2689 1240 blandiloquum
2702 1161 2819 1227 ’δυο
2845 1173 3065 1227 (leleno.

2038 1263 2156 1317 Non
2179 1264 2328 1319 Persi
2358 1266 2520 1332 rigor,
2555 1274 2644 1317 aut
2673 1265 2818 1332 lepos
2842 1263 3102 1332 Properti,

2039 1357 2143 1412 Sed
2177 1375 2274 1412 nec
2295 1359 2617 1412 centimeter
2643 1358 3016 1412 Terentianus.

2039 1449 2154 1503 Non
2184 1449 2419 1503 Lucilius
2451 1450 2556 1512 hic,
2589 1449 2972 1519 Lucretiusque
3000 1458 3099 1503 est.

2044 1554 2065 1582 ο
2097 1542 2211 1596 Νοη
2235 1543 2468 1608 Turnus,
2500 1543 2726 1608 Memor,
2762 1541 2984 1609 Ennius,
3019 1541 3281 1607 Catullus,

2041 1640 2227 1705 Stella,
2253 1649 2305 1693 et
2335 1639 2650 1708 Septimius,
2681 1639 3090 1707 Petroniusque,

2043 1736 2154 1789 Aut
2180 1733 2402 1786 mordax
2434 1734 2548 1787 sine
2583 1733 2684 1786 line
2711 1731 2985 1786 Martialis.

2043 1826 2157 1881 Non
2187 1827 2274 1894 qui
2309 1835 2551 1893 tempore
2580 1823 2808 1879 Ctesaris
2833 1823 3051 1878 secundi

1968 1911 2015 1970 B
2045 1919 2271 1988 Alterum
2302 1917 2521 1971 incoluit
2543 1917 2741 1970 Tomos
2764 1925 2937 1971 reatu.

2039 2012 2147 2066 Nec
2177 2012 2266 2080 qtti
2292 2010 2559 2063 consimili
2583 2008 2776 2063 deinde
2803 2023 2950 2064 casn.

2038 2103 2118 2157 Ad
2147 2103 2285 2171 vulgi
2322 2113 2530 2155 tenuem
2556 2099 2850 2167 strepentis
2883 2114 3088 2163 auram,

2039 2193 2163 2248 lrati
2200 2193 2292 2246 fuit
2329 2190 2352 2226 ιι
2390 2191 2670 2245 histrionis
2700 2191 2873 2245 exsul.

2038 2284 2155 2339 Non
2184 2275 2460 2337 Pelusiaco
2489 2289 2635 2335 satus
2664 2281 2883 2347 CanOpo

2041 2377 2140 2445 Qui
2177 2378 2464 2445 ferruginei
2491 2387 2636 2430 toros
2665 2375 2864 2442 mariti,

2043 2469 2113 2523 Et
2136 2484 2285 2522 musa
2316 2467 2458 2521 canit
2489 2468 2684 2520 inferos
2714 2479 2965 2534 superna.

2115 2558 2223 2613 Nec
2249 2557 2338 2627 qui
2375 2557 2484 2626 jam
2512 2557 2754 2627 patribus
2789 2556 2936 2611 fuere
2961 2553 3162 2610 nostris

2040 2651 2220 2706 Primo
2247 2660 2486 2719 tempore
2516 2649 2738 2703 maximi
2771 2648 3001 2704 sodales.

2044 2754 2068 2781 ε
2094 2746 2329 2811 Quorum
2367 2759 2504 2797 unus
2530 2732 2856 2796 Bonifacium
2884 2749 3121 2809 secutus,

2043 2836 2157 2892 Nec
2186 2852 2292 2891 non
2317 2835 2646 2905 praecipitem
2672 2836 3069 2902 Shbastianum,

2041 2929 2257 2984 Natales
2288 2945 2422 2998 puer
2453 2929 2663 2983 horruit
2686 2928 2980 2994 Cadurcos,

2042 3021 2166 3074 Plus
2188 3019 2513 3074 Pandidnias
2543 3036 2729 3074 amans
2759 3019 3014 3074 Athenas.

2043 3111 2206 3181 Cujus
2237 3113 2281 3165 si
2314 3115 2519 3166 varium
2561 3113 2704 3180 legas
2737 3127 2947 3180 poema,

2041 3205 2179 3260 Tum
2205 3205 2493 3272 Phoebum,
2520 3206 2600 3259 vel
2627 3205 2881 3276 Hyantias
2913 3205 3139 3274 puellas,

1965 3293 2010 3356 G
2045 3297 2234 3352 Potato
2263 3297 2502 3352 madidas
2533 3299 2598 3351 ab
2629 3296 2988 3367 Hippocrene,

2044 3391 2191 3445 Tunc
2221 3390 2521 3459 Anphiona,
2551 3390 2825 3458 ﬁliumque
2851 3391 3022 3454 Maian,

2043 3483 2194 3537 Tunc
2219 3492 2394 3536 vatem
2424 3482 2794 3550 Rhodopeium
2823 3496 3018 3534 sonare

2045 3573 2254 3630 Collato
2282 3575 2642 3628 modulam‘ne
2665 3573 2962 3628 arbitreris.

2043 3670 2158 3723 Non
2186 3679 2237 3722 tu
2264 3669 2347 3722 hic
2370 3683 2509 3721 nunc
2537 3668 2744 3735 legeris,
2777 3674 3034 3733 tuumque
3063 3666 3284 3733 fulmen,

2047 3764 2204 3833 361
2235 3761 2279 3815 Ο
2307 3761 2616 3830 dignissime
2651 3757 2668 3794 τ
2702 3757 3021 3824 Quintianus
3049 3758 3202 3824 alter,

2048 3855 2319 3925 Spernens
2342 3850 2429 3922 qui
2460 3849 2711 3918 Ligurum
2735 3849 2910 3902 solum
2950 3857 3005 3902 et
3037 3856 3274 3917 penates,

2052 3948 2255 4003 Mutato
2286 3945 2396 3998 lare
2421 3943 2622 3997 Gallias
2650 3940 2860 4006 amasti,

2054 4041 2196 4095 Inter
2226 4036 2446 4092 classica
2475 4035 2648 4103 signa,
2684 4033 2812 4100 pila,
2847 4041 3074 4098 turmas,

2052 4132 2301 4187 Laudans
2329 4129 2560 4195 Actium,
2586 4139 2886 4194 vacansque
2911 4123 3070 4189 libro,

2057 4225 2111 4278 ltt
2141 4222 2330 4277 castris
2353 4219 2546 4273 hedera
2577 4227 2658 4272 ter
2683 4223 2962 4271 aureatus.
3045 4243 3056 4255 -

2057 4329 2082 4368 κ
2111 4317 2215 4373 Sed
2244 4329 2342 4370 nec
2368 4311 2555 4368 tertius
2585 4311 2673 4365 ille
2701 4324 2842 4364 nunc
2874 4297 3100 4378 legetur,

2133 4437 2159 4476 ἀ
2189 4435 2484 4493 Iuvenalis.
2516 4432 2760 4490 Ovidium
2790 4445 2917 4500 ergo
2947 4430 3013 4484 ab
3048 4427 3628 4500 exsiliilocodesigna.

2063 4511 2163 4575 vit;
2193 4508 2500 4564 Juvenalem
2532 4507 2598 4560 ab
2623 4514 2841 4575 auctore
2857 4499 3202 4575 calamitatis,
3233 4499 3421 4575 Paride
3449 4509 3630 4575 paulo.

2064 4569 2257 4646 inimo;
2288 4579 2634 4634 Claudianum
2659 4592 2688 4629 a
2715 4574 2879 4643 patria
2909 4573 3162 4642 Aigypto,
3212 4581 3266 4626 et
3303 4569 3634 4639 Proserpinru

2063 4663 2215 4721 raptu
2244 4649 2499 4721 carminis
2525 4653 2863 4721 argumento.

2137 4713 2159 4761 ί·
2198 4721 2423 4775 Cadurci
2457 4711 2612 4785 hujus
2650 4725 2821 4786 poeta:
2864 4713 2951 4782 qui
2982 4711 3468 4786 iBonilacio'cpmiti
3503 4711 3638 4780 ejus.

2062 4809 2166 4864 quc
2203 4808 2400 4864 genero
2443 4783 2700 4864 adhaesit,
2741 4800 2934 4864 nomen
2980 4785 3238 4864 ignotmn.
3309 4783 3637 4864 Principitem

2063 4852 2241 4918 autem
2272 4858 2640 4916 SebaSIianutu
2663 4855 2918 4924 appellat,
2953 4856 3022 4907 ob
3047 4854 3188 4907 varia
3230 4864 3284 4908 et
3313 4852 3483 4905 subita
3514 4868 3640 4905 cun-

2063 4937 2203 4995 silia,
2237 4948 2356 5002 qua:
2382 4945 2522 4998 sche
2552 4928 2793 5002 variavit.
2830 4927 3063 5002 Primum
3087 4924 3247 5002 enim,
3275 4934 3328 4976 ut
3355 4934 3538 5002 auctor
3564 4928 3642 5002 est

2067 4995 2279 5066 Idatins,
2323 4995 2708 5071 post'mortem
2739 4995 3148 5071 Bon_it'acii,_cui
3172 4997 3544 5071 successerat,
3579 4995 3643 5044 ab

2063 5076 2182 5129 aula
2219 5063 2549 5140 per'Aetium
2582 5071 2766 5138 pulsus
2794 5067 2860 5120 ad
2891 5068 3141 5136 palatium
3164 5063 3396 5118 Orientis
3425 5063 3641 5140 naviga:

2064 5149 2159 5200 vit.
2196 5134 2322 5199 litde
2370 5151 2487 5208 post
2533 5134 2734 5208 aliquot
2773 5134 3126 5208 annos,7cutn
3158 5149 3244 5208 res
3273 5147 3437 5208 novas
3457 5134 3646 5208 moliri

2066 5216 2339 5285 coepisset,
2371 5203 2553 5285 iugere
2579 5203 2833 5285 coactus,
2848 5207 2914 5262 ad
2931 5205 3325 5285 'l‘lteudoricum
3348 5203 3645 5285 Gothorum

2065 5276 2244 5356 regem
2269 5276 2572 5356 inGal'liznn
2593 5283 2762 5345 venit,
2803 5279 3262 5356 Barcinonemqne
3297 5283 3520 5356 repente
3558 5276 3648 5353 ho-

2068 5345 2165 5412 stis
2191 5358 2356 5410 factus
2395 5353 2604 5407 invasit.
2635 5357 2745 5416 Qua
2781 5350 2981 5417 eiectus
3011 5349 3075 5400 ad
3112 5346 3379 5400 Vandalos
3401 5345 3650 5417 migratit.

2066 5440 2119 5484 et
2143 5425 2523 5486 Geusericum;
2553 5438 2581 5476 a
2612 5412 2716 5491 quo
2751 5412 2962 5491 tandem
2990 5417 3132 5472 haud
3173 5419 3340 5491 multo
3369 5423 3496 5491 post
3531 5412 3650 5464 feli-

2067 5483 2214 5553 ciore
2244 5496 2409 5559 exitu,
2445 5483 2600 5564 quam
2630 5483 2760 5558 "vita,
2793 5491 2916 5560 quia
2944 5489 3065 5544 ﬁdei
3099 5483 3379 5544 catholicas
3413 5483 3554 5544 odio,
3593 5493 3648 5534 ul.

2068 5569 2254 5622 Victor
2282 5567 2466 5620 scribit
2485 5607 2500 5629 ,
2534 5574 2750 5617 necatus
2776 5571 2875 5614 est.

2145 5638 2159 5676 ί
2208 5639 2456 5691 Diversus
2482 5623 2563 5687 hic
2592 5650 2620 5687 a
2660 5632 2908 5694 Proculo,
2953 5631 3147 5698 Ligure
3192 5629 3314 5680 item
3363 5635 3538 5692 poeta,
3587 5623 3655 5677 de

2071 5725 2178 5779 quo
2203 5709 2402 5762 dictum
2433 5708 2524 5761 lib.
2561 5713 2823 5779 tx,ep:st.
2848 5700 2948 5779 15-ζ
2963 5706 3028 5779 ad
3059 5699 3350 5779 Gelasium.

2137 5791 2162 5828 κ
2205 5779 2337 5833 Vide
2380 5794 2444 5831 an
2493 5768 2858 5830 Taieruba'udes.
2911 5771 3031 5825 Fuit
3077 5770 3218 5821 enim
3261 5768 3346 5819 hic
3377 5775 3552 5836 poeta,
3603 5775 3656 5820 et

2067 5865 2187 5906 ortu
2218 5852 2506 5918 llispnnus,
2555 5858 2610 5900 ut
2638 5849 2881 5905 tradunt,
2914 5849 2964 5894 et
3015 5840 3231 5918 Asterii,
3281 5851 3388 5906 quo
3434 5838 3655 5917 consule.

2069 5923 2272 5980 Sidonii
2307 5911 2456 5990 pater
2491 5911 2864 5989 prtclecturam
2904 5911 3091 5982 gessit,
3140 5925 3324 5980 gener,
3375 5912 3654 5977 et,statuis
