4072 6348
345 284 460 349 709

347 408 426 467 Ex
456 405 557 458 hoc
586 397 879 456 barbaricis
907 396 1092 450 abacta
1121 393 1338 465 plectris

347 497 570 570 Spernit
598 492 906 563 senipedem
932 488 1126 562 stylum
1154 486 1357 547 Thalia,

350 594 433 649 Ex
456 605 564 662 quo
591 598 618 626 ι
649 586 951 658 septipedes
982 570 1125 637 videt
1156 588 1425 651 patronos.

349 683 558 739 Felices
588 679 773 736 oculos
804 686 922 731 tuos
952 684 1006 729 et
1031 688 1205 737 aures,

351 777 699 843 Felicemque
728 771 857 825 libet
883 782 1075 823 vocare
1102 780 1312 831 nasum,

351 868 450 924 Cui
480 881 586 920 non
614 864 759 929 allia,
794 860 1127 929 sordidusque
1154 872 1321 926 cepte,

353 960 589 1015 Ructant
616 972 771 1011 mane
802 969 939 1009 novo
970 950 1156 1006 decem
1185 958 1493 1023 apparatus.

355 1054 526 1121 Quem
555 1066 663 1105 non
690 1057 746 1102 ut
769 1046 1000 1101 vetulum
1034 1043 1197 1112 patris
1225 1049 1524 1110 parentem,

357 1141 697 1210 Nutricisque
722 1138 915 1200 virum,
941 1134 1027 1188 die
1052 1148 1151 1188 nec
1181 1140 1321 1197 orto,

357 1233 458 1289 Tot
492 1233 729 1299 tantique
760 1235 944 1297 petunt
970 1224 1126 1278 simul
1154 1222 1429 1291 Gigantes,

359 1324 510 1391 Quod
544 1324 631 1375 vix
662 1301 868 1374 Alcinoi
899 1317 1073 1371 culina
1106 1314 1288 1369 ferret.

359 1417 467 1475 Sed
489 1418 600 1485 jam
632 1414 777 1467 Musa
811 1419 969 1477 tacet,
1003 1418 1251 1476 tenetque
1275 1406 1511 1461 habenas

360 1508 551 1567 Paucis
578 1502 1032 1573 hendecasyllabis
1053 1501 1247 1570 iocata.

361 1598 391 1641 ι’
412 1600 491 1657 Nc
528 1599 803 1669 quisquam
833 1606 1067 1664 satyram
1098 1592 1180 1646 vel
1210 1592 1308 1643 hos
1337 1596 1571 1644 vocaret.

924 1704 1211 1763 CARMEN
1252 1702 1387 1758 XIII.

408 1818 429 1846 ³
465 1819 761 1861 EPIGRAMMA
798 1815 897 1865 QUO
937 1817 1001 1854 AB
1040 1812 1374 1852 lHPERATOBE
1412 1808 1705 1850 IAJOBIANO
1745 1807 1905 1846 TRIUM
1977 1771 2025 1831 B

696 1889 917 1929 CAPITUM
958 1884 1227 1925 BEMEDIUM
1268 1881 1625 1921 POSTULAVIT.

368 1966 887 2040 Amphitrioniadem
919 1964 1164 2036 perhibet
1191 1963 1496 2017 veneranda
1526 1970 1765 2016 vetustas

440 2064 573 2118 Dum
598 2062 799 2116 relevat
823 2068 1013 2124 terras,
1041 2055 1400 2126 promeruisse
1422 2051 1591 2122 polos.
1748 2038 1755 2046 ’

371 2158 577 2213 Etlicet
602 2156 657 2210 in
680 2154 819 2210 nuda
842 2162 1026 2208 torvus
1052 2135 1376 2219 confregerit
1399 2148 1521 2201 ulna

441 2252 535 2308 ille
562 2249 811 2309 Cicones:
835 2256 1046 2318 guttura
1073 2259 1233 2300 rauca
1275 2244 1421 2298 ferae.

371 2344 441 2401 Et
470 2357 771 2415 quanquam
800 2338 1008 2396 ardenti
1040 2338 1215 2409 gladio
1244 2337 1328 2392 vix
1355 2334 1607 2389 straverit
1633 2332 1878 2404 hydram,

443 2436 575 2491 Cum
601 2433 841 2504 duplices
865 2438 1073 2503 pareret
1097 2430 1315 2484 vulnere
1351 2441 1495 2481 mors
1527 2426 1730 2480 animas
1761 2441 1772 2475 :

372 2529 533 2600 370
582 2526 970 2597 Captivumque
1024 2522 1202 2577 ferens
1266 2520 1396 2574 silva
1454 2534 1518 2575 ex
1574 2512 1953 2589 Erymanthide

1528 2610 1847 2679 [monstrum

446 2696 731 2764 Exarmata
761 2707 857 2761 feri
898 2706 1076 2760 riserit
1102 2718 1192 2758 ora
1224 2701 1352 2758 suis.

376 2800 629 2869 Collaque
648 2798 1003 2867 ﬂammigeua:
1037 2794 1347 2862 dirumpens
1380 2791 1580 2846 fumida
1606 2789 1740 2846 iuris

447 2891 683 2946 Tandem
700 2889 931 2944 directas
958 2887 1176 2957 jusserit
1214 2887 1292 2939 ire
1324 2884 1488 2939 boves
1514 2901 1525 2936 :

379 2985 602 3048 Taurus,
634 2996 816 3050 cerva,
850 2982 1017 3051 gigas,
1049 2979 1265 3046 l105pis,
1295 2978 1546 3043 luctator,
1575 2975 1813 3029 Amazon
1833 3015 1849 3043 ,

450 3078 601 3144 Cres,
629 3076 801 3141 canis,
828 3072 1148 3143 liesperides
1170 3073 1274 3126 sint
1304 3072 1630 3125 monimenta
1658 3069 1778 3124 viri.

379 3168 530 3225 Nulla
563 3177 740 3222 tamen
771 3165 890 3221 fuso
919 3166 1064 3234 prior
1093 3173 1174 3219 est
1202 3164 1447 3233 Geryone
1469 3176 1641 3232 pugna
1659 3201 1673 3227 ,

460 3262 562 3317 Uni
589 3259 937 3332 tergeminum
960 3259 1046 3313 cui
1095 3257 1213 3312 tulit
1242 3258 1330 3311 ille
1355 3266 1533 3326 caput.

384 3358 510 3413 ﬂare
538 3356 801 3427 quondam
834 3352 1078 3418 Alcides;
1110 3361 1163 3406 at
1191 3361 1243 3406 tu
1274 3351 1586 3423 Tirynthius
1619 3350 1782 3416 alter,

453 3448 558 3504 Sed
592 3448 837 3517 princeps
862 3446 1044 3515 magni
1068 3443 1297 3498 maxima
1320 3458 1449 3496 cura
1482 3443 1608 3508 Dei,

386 3541 552 3608 Quem
578 3538 775 3606 draco,
798 3551 988 3594 cervus
1011 3579 1025 3604 ,
1058 3551 1184 3607 aper
1205 3578 1218 3602 ,
1252 3535 1470 3605 paribus
1493 3549 1711 3590 sensere
1732 3535 1959 3606 sagittis,

456 3629 591 3685 Cum
618 3629 781 3698 dens,
810 3644 931 3684 cum
962 3628 1109 3682 virus
1131 3668 1146 3694 ,
1171 3641 1292 3681 cum
1322 3625 1440 3696 fuga
1471 3626 1545 3680 nil
1569 3625 1752 3681 valuit.

388 3720 661 3792 Geryones
689 3735 788 3776 nos
812 3735 931 3777 esse
960 3729 1108 3790 puta,
1128 3726 1533 3788 monstrumque
1567 3718 1821 3772 tributum
1849 3735 1864 3773 :

460 3930 805 4003 tlBurgundio
826 3930 1061 4003 septiges,
1080 3927 1172 3982 lib.
1207 3942 1281 4003 rx,
1306 3926 1555 4003 epi_s_t._ad
1584 3926 1967 4003 Lampridium.

396 4003 561 4058 Varro
592 3996 1030 4056 t'liebdomadum
1059 4045 1072 4066 ,
1120 3998 1334 4053 modum
1381 3996 1511 4052 dixit
1542 4012 1806 4050 sumtmmi
1840 4000 1970 4053 ado-

394 4073 627 4129 lescendi
680 4074 894 4125 humani
942 4071 1183 4139 corporis
1233 4069 1697 4139 septempedes.
1726 4069 1971 4123 Einartus

396 4154 570 4199 tamen
614 4143 811 4213 justum
857 4138 1087 4195 censuit.
1132 4142 1221 4195 Sic
1259 4141 1399 4193 enim
1439 4138 1504 4191 de
1548 4138 1740 4191 Carolo
1784 4140 1970 4209 Magno

396 4214 584 4269 scribit
609 4212 623 4267 ἑ
649 4213 862 4269 Statura
893 4213 991 4283 fuit
1021 4212 1279 4271 eminenti,
1318 4226 1430 4280 qua:
1462 4221 1625 4283 tamen
1645 4212 1843 4281 justam
1870 4229 1967 4264 non

397 4286 675 4340 excederet.
727 4282 864 4337 Nam
893 4280 1091 4353 septem
1138 4298 1346 4335 suorum
1390 4280 1573 4349 pedum
1618 4282 1969 4350 proceritatem

397 4372 511 4409 eum
537 4364 729 4408 constat
762 4354 995 4407 habuisse
1020 4354 1257 4421 ﬁgurant.

472 4427 497 4465 ι’
525 4426 590 4481 L't
616 4425 859 4480 Paeonius
884 4466 898 4487 ,
941 4425 1007 4479 de
1038 4439 1141 4493 quo
1184 4424 1272 4476 lili.
1310 4440 1322 4475 l
1353 4421 1575 4493 epistola
1614 4421 1694 4473 ll.
1730 4422 1807 4476 Eo
1834 4423 1974 4477 enim

398 4497 608 4553 alludit.
642 4496 816 4564 Quare
846 4492 1117 4563 Maioriani
1154 4493 1484 4563 temporibus
1515 4492 1626 4545 1]ωο
1654 4493 1938 4564 scribebat.

474 4580 496 4607 ε
557 4563 802 4622 ῡθίιιορ
869 4566 1095 4633 duplicis
1155 4566 1307 4617 metri
1392 4574 1580 4623 acuto,
1642 4563 1977 4632 elegantique

399 4640 783 4763 epigrammate
833 4637 1049 4691 dubium
1100 4652 1202 4688 non
1245 4644 1325 4688 est
1360 4637 1484 4704 quin
1537 4633 1825 4701 Majoriano
1866 4644 1976 4689 tum

400 4724 435 4763 ο
475 4711 637 4763 latum
684 4709 902 4762 sitcum
943 4708 987 4761 is
1032 4706 1343 4763 Lugdunum
1388 4712 1505 4763 post
1536 4715 1804 4763 receptam
1836 4706 1976 4759 illam

400 4706 637 4764 oblatum
684 4709 902 4762 sitcum
943 4708 987 4761 is
1032 4706 1343 4774 Lugdunum
1388 4712 1505 4771 post
1536 4715 1804 4771 receptam
1836 4706 1977 4759 illam

399 4781 588 4834 urbem
638 4781 800 4832 venit.
863 4780 975 4843 Qua
1032 4778 1098 4829 de
1148 4792 1204 4828 re
1261 4776 1485 4846 dictum,
1515 4784 1596 4828 est
1635 4775 1684 4826 in
1737 4778 1977 4846 l’anegy-

404 4852 518 4905 rieo
550 4868 561 4902 :
596 4849 847 4903 Remedia
893 4850 1209 4901 tributorum
1252 4854 1374 4897 sunt
1402 4844 1762 4911 indulgentia.
1800 4844 1977 4901 Enno-

404 4921 523 4974 dius
551 4920 602 4973 in
630 4920 745 4973 Vita
780 4918 1059 4987 Epiphanii
1094 4938 1105 4969 ;
1135 4916 1301 4968 Fessis
1334 4916 1479 4987 urbis
1509 4915 1874 4987 habitatoribus
1904 4933 1983 4970 re-

404 4992 689 5044 mediorum
734 4984 952 5042 utilitate
1004 4988 1282 5057 prospexit.
1327 4984 1462 5038 Nam
1512 4986 1705 5057 directa
1734 4987 1983 5057 legatione

405 5062 475 5114 ad
509 5060 788 5114 Odoacrem
809 5056 1134 5131 quinquennii
1166 5056 1745 5131 vacationemfiscalium
1770 5056 1980 5111 tributo-

404 5148 521 5186 rum
548 5126 849 5202 impetravit".
873 5126 1053 5199 Capita
1078 5126 1610 5202 quorum‘remeditnn
1624 5128 1836 5194 quaerit,
1861 5136 1985 5181 sunt

408 5196 626 5257 tributa'
652 5217 769 5271 qua:
800 5202 851 5253 in
892 5196 1109 5270 singula'
1137 5199 1313 5267 capita
1355 5196 1743 5271 indicebantur.
1779 5197 1983 5252 Glossm

408 5283 646 5344 veteres,
669 5269 681 5271 “
704 5269 997 5344 Tributunt’
1034 5271 1316 5344 capitularc
1347 5309 1361 5334 ,
1406 5269 1757 5344 Διξτῖικεῖκίιλαιος
1815 5271 1979 5344 φόρος.

410 5342 784 5413 Panegyristes
825 5342 1030 5396 AEduus
1055 5358 1070 5396 :
1096 5339 1307 5411 Septem
1348 5339 1509 5391 millia
1536 5339 1760 5404 capitum
1790 5339 1984 5413 remisi-

413 5415 498 5481 sti,
529 5409 761 5484 quartam
789 5413 1007 5483 amplius
1057 5409 1248 5478 partem
1292 5418 1579 5464 nostrorum
1608 5424 1871 5484 _censu_um.
1903 5409 1986 5465 Si-

413 5478 602 5565 donius
633 5486 767 5565 tria,
814 5478 1058 5565 quaestio
1106 5484 1187 5538 vel
1214 5497 1430 5538 suorum
1478 5480 1692 5536 nomine
1737 5478 1985 5550 debebat,

414 5555 513 5625 sibi
542 5556 739 5610 remitti
778 5554 1027 5625 postulat.

485 5623 515 5663 ⁴
557 5628 689 5701 liinc
730 5622 910 5681 videre
952 5632 1034 5678 est
1063 5624 1471 5701 quinquennalia
1504 5666 1519 5689 ,
1558 5622 1868 5701 decennalia
1895 5662 1910 5687 ,
1937 5629 1991 5701 et

417 5693 611 5778 (uetera
638 5698 688 5750 id
710 5711 899 5778 genus,
941 5710 1045 5749 non
1070 5696 1285 5750 ineunte
1283 5695 1401 5778 Ased
1418 5704 1649 5778 peracto
1670 5693 1982 5778 uitimilanni

418 5769 619 5825 circulo
644 5762 903 5824 celebrari
942 5779 1253 5823 consuesse.
1281 5762 1448 5831 Quod
1468 5765 1625 5823 docet
1650 5764 1812 5821 etiam
1843 5762 1993 5819 locus

1806 273 2137 343 CARMINA.

1967 389 2019 447 A

3518 257 3628 321 710

2117 381 2217 437 ilic
2243 378 2452 450 capita,
2483 384 2540 434 ut
2562 376 2761 445 vivam,
2796 384 2853 432 tu
2872 376 3003 432 mihi
3033 376 3161 433 tolle
3181 376 3305 431 tria.

2116 543 2224 598 llas
2246 540 2473 610 supplex
2494 537 2728 595 famulus
2755 550 2946 608 preces
2971 535 3205 601 dicavit,

2043 636 2382 703 Responsum
2409 629 2697 701 opperiens
2721 629 2868 698 pium
2893 643 2958 683 ac
2986 627 3200 683 salubre
3216 665 3234 697 ,

2044 727 2116 785 Ut
2142 726 2334 783 reddas
2360 725 2611 797 patriam,
2635 724 2905 795 simulque
2932 724 3130 794 vitam,

2046 820 2361 891 Lugdunum
2389 832 2692 874 exonerans
2719 817 2833 872 suis
2864 817 3052 873 ruinis.

2046 914 2160 969 Hoc
2180 924 2231 969 te
2257 912 2510 968 Sidonius
2538 919 2661 965 tuus
2691 917 2962 979 precatur.

2044 1006 2136 1062 Sic
2168 1016 2221 1061 te
2249 1004 2473 1060 Sidonio
2499 1010 2713 1057 recocta
2741 1000 2865 1055 fuco
2883 1040 2900 1067 ,

2049 1098 2242 1153 Multos
2268 1110 2501 1167 purpura
2536 1092 2731 1149 vestiat
2760 1107 2851 1161 per
2878 1105 3069 1145 annos.

2049 1188 2183 1245 Sicd
2215 1189 2386 1243 lustro
2418 1186 2627 1256 imperii
2667 1184 2915 1253 perennis
2943 1190 3061 1237 acto
3081 1222 3097 1250 ,

2048 1278 2479 1350 Quinquenualia
2506 1278 2737 1333 fascibus
2763 1275 3029 1330 dicentur.

2047 1372 2138 1428 Sic
2158 1373 2287 1442 ripa:
2323 1370 2551 1440 duplicis
2583 1378 2796 1424 tumore
2826 1367 3029 1430 fracto,

2052 1467 2313 1521 Detonsus
2342 1462 2621 1519 Vachalim
2644 1462 2793 1516 bibat
2815 1459 3114 1515 Sicamber.

2022 1555 2201 1625 .Quod
2232 1556 2276 1609 si
2304 1553 2598 1610 contuleris
2624 1562 2715 1607 tuo
2744 1562 2919 1622 poetae
2946 1591 2961 1616 ,

2054 1648 2294 1702 llatidem
2334 1646 2606 1717 perpetuis
2634 1642 2854 1713 legenda
2886 1640 3069 1706 lastis;

2053 1743 2396 1810 Quaecunque
2426 1738 2657 1808 egregiis
2677 1737 2820 1806 geris
2856 1733 3160 1802 triumphis.

2051 1835 2183 1889 Nam
2219 1846 2358 1888 nunc
2381 1830 2526 1886 Musa
2552 1830 2744 1899 loquax
2774 1835 2916 1883 tacet
2948 1826 3175 1891 tributo,

2052 1928 2208 1998 371
2240 1926 2369 1997 Quae
2401 1938 2499 1994 pro
2519 1920 2746 1992 Virgilio
2785 1919 3175 1988 Terentioque,

2055 2019 2340 2075 Sextantes
2366 2017 2495 2087 legit
2522 2016 2816 2083 unciasque
2847 2012 2959 2066 ﬁsci
2984 2053 2999 2078 ,

2056 2121 2079 2148 °
2123 2112 2454 2181 Marsyaeque
2478 2110 2630 2162 timet
2657 2122 2870 2160 mnuum
2898 2120 2960 2159 ac
2982 2104 3285 2172 rudentem,

2054 2204 2151 2272 Qui
2178 2202 2362 2257 thbi
2391 2217 2455 2256 ex
2486 2200 2611 2254 odio
2632 2197 2933 2252 vetustiore

2052 2294 2203 2350 Nunc
2232 2292 2517 2363 suspendia
2546 2290 2757 2345 vatibus
2786 2289 3041 2342 minatur.

2374 2405 2622 2460 Sidonius
2656 2400 2675 2439 τ
2705 2400 2940 2455 Polemio
2969 2414 3060 2453 suo
3082 2396 3322 2452 salutem.

2129 2523 2265 2577 Dant
2310 2532 2423 2591 post
2481 2516 2846 2589 profectionem
2890 2523 3050 2579 luant,
3096 2511 3164 2563 mi
3213 2508 3438 2578 Polemi,
3482 2510 3637 2577 frater

2055 2615 2425 2680 amantissime,
2450 2625 2643 2665 mecum
2666 2606 2926 2678 granditer
2946 2612 3149 2674 reputo,
3169 2601 3409 2673 quatinus
3438 2600 3491 2651 iu
3521 2600 3645 2653 votis

2058 2709 2158 2762 tuis
2191 2704 2478 2776 pltilosOpIti
2522 2700 2815 2771 fescennina
2839 2705 3095 2750 cantarem
3121 2738 3134 2762 ,
3160 2694 3379 2763 obrepsit
3400 2690 3611 2745 materia
3629 2729 3645 2756 ,

2057 2816 2159 2869 qua
2180 2800 2393 2852 decursa
2426 2797 2577 2866 facile
2597 2790 2827 2862 dignosci
2850 2799 2874 2837 ti
2908 2788 3037 2843 valet
3056 2830 3071 2853 ,
3105 2787 3269 2855 magis
3299 2800 3377 2837 me
3402 2780 3647 2836 doctrina:

2056 2909 2212 2961 quam
2258 2905 2426 2945 causa:
2465 2897 2564 2940 tuae
2621 2886 2855 2938 habuisse
2910 2882 3180 2934 rationem.
3233 2878 3435 2932 Omissa
3481 2876 3649 2947 itaque

2061 2983 2374 3056 epithalamii
2405 2979 2761 3044 teneritudine,
2790 2992 2879 3046 per
2895 2974 3204 3045 asperrimas
3231 2968 3572 3041 philosOpltia:
3599 2976 3649 3021 et

2061 3075 2489 3131 salebrosissimas
2517 3070 2717 3142 regulas
2737 3066 2927 3138 stylum
2950 3065 3102 3120 traxi.
3132 3064 3360 3130 Quarum
3381 3060 3497 3113 talis
3523 3058 3648 3111 ordo

1987 3144 2034 3206 Ο
2064 3178 2158 3236 est,
2181 3169 2354 3223 utsine
2370 3154 2601 3237 plurimis
2629 3164 2767 3216 novis
2789 3160 2949 3215 verbis
2966 3174 3097 3229 quas,
3114 3157 3328 3229 prtefata
3342 3170 3466 3226 pace
3491 3152 3652 3222 pluri-

2064 3280 2264 3319 morum
2286 3263 2629 3331 eloquentum,
2649 3254 2933 3327 specialiter
2947 3254 3035 3307 tibi
3060 3262 3105 3306 et
3129 3248 3515 3317 complafonicis
3553 3250 3653 3300 tuis

2064 3366 2187 3411 nota
2222 3364 2376 3419 sunt,
2410 3367 2558 3423 nuga:
2586 3354 2710 3419 ipsw
2742 3364 2843 3403 non
2874 3345 3127 3399 valuerint
3155 3339 3404 3413 expediri.
3444 3336 3648 3393 Videris

2065 3460 2235 3503 utrum
2258 3462 2407 3500 aures
2436 3442 2776 3514 quorumdam
2816 3456 2905 3513 per
2940 3437 3250 3508 imperitiam
3285 3445 3469 3487 temere
3508 3447 3647 3485 men-

2066 3542 2254 3595 tionem
2298 3538 2493 3602 centri,
2528 3534 2906 3606 preportionis,
2938 3532 3318 3593 diastematum,
3358 3526 3648 3589 climatum,

2071 3635 2145 3689 vel
2176 3632 2205 3670 ¹ι
2230 3634 2506 3695 mirarum,
2552 3626 2883 3698 epithalamio
2918 3622 3285 3678 conducibilem
3330 3636 3431 3673 non
3462 3626 3656 3683 putent.

2078 3727 2220 3783 Illud
2247 3734 2383 3781 certe
2417 3722 2675 3779 consulari
2706 3722 2811 3773 viro
2860 3734 2973 3772 vere
3014 3731 3219 3789 magno,
3249 3712 3518 3785 qutestorio
3553 3711 3657 3765 viro

2082 3916 2371 3985 Marcellini
2424 3927 2491 3980 i5
2523 3942 2536 3978 :
2573 3922 2781 3977 Arelate
2831 3920 3043 3971 hiemem
3095 3930 3248 3986 agens
3285 3910 3656 3986 Constantius.

2080 3982 2190 4070 post
2207 3982 2218 3984 ἡ
2231 3996 2499 4051 theatrales
2512 3994 2685 4070 _ludos
2721 4000 2881 4070 atque
2893 3982 3149 4070 ‘circlenses
3182 3983 3452 4066 ambitioso
3477 3982 3660 4062 "editos

2079 4051 2343 4140 apparatu
2382 4070 2444 4121 A.
2609 4079 2666 4140 _\'t
2715 4051 3121 4140 idus-Octobres,
3172 4056 3255 4135 qui
3287 4051 3506 4140 'imperii
3541 4051 3660 4140 [eius

2382 4118 2703 4190 terminabat.
2730 4132 2981 4199 Designat
3005 4129 3144 4180 enim
3181 4118 3513 4199 iricennalia.
3540 4118 3657 4173 Cte-

2081 4223 2252 4266 terum
2295 4208 2449 4280 145
2485 4195 3086 4280 lliajorianurquinlt‘um
3116 4195 3326 4266 imperii
3355 4206 3555 4280 artuum
3579 4198 3662 4244 at-

2080 4264 2213 4352 [ig—ii
2240 4264 2447 4336 tant—iiii:
2478 4320 2491 4343 ,
2527 4264 2632 4331 non
2683 4264 2929 4329 absolvit.
2965 4269 3140 4335 Quare
3169 4264 3319 4321 cassa
3352 4264 3502 4318 luere
3531 4270 3656 4319 vota

2081 4354 2306 4409 Sidonii.
3336 4396 3341 4401 .

2154 4405 2439 4490 {lii—arsyae
2462 4426 2661 4490 .statua
2702 4424 2818 4471 erat
2857 4410 3078 4490 iuniore.
3116 4410 3380 4490 Romano,
3414 4405 3478 4459 ad
3506 4408 3664 4490 quam

2088 4475 2570 4563 lites—agebantur,
2630 4488 2696 4542 de
2719 4500 2863 4563 __qua_
2902 4482 3146 4563 iioratius
3175 4495 3212 4546 ι,
3248 4480 3567 4534 Sermonum
3609 4475 3663 4546 6,

2008 4601 2054 4660 ι)
2081 4553 2337 4623 obeundus
2372 4553 2615 4632 Marsya;
2637 4569 2690 4615 et
2716 4554 2970 4611 Martialis
3003 4568 3061 4619 ιι,
3086 4553 3153 4607 64
3185 4567 3199 4611 ;

2573 4718 2697 4768 Fora
2720 4717 2887 4766 litibus
2912 4715 3072 4763 omnia
3096 4713 3308 4773 fervent,

2361 4782 2474 4843 Ipse
2498 4788 2659 4844 potest
2680 4779 2784 4828 ﬁeri
2806 4776 2990 4840 Marsya
3013 4774 3303 4825 causidicus.

2085 4912 2226 4968 Scite
2248 4923 2377 4978 ergo
2402 4908 2686 4978 Marsyam,
2713 4904 2816 4959 hoc
2841 4911 2924 4960 est
2946 4903 3327 4978 vadimonium,
3356 4900 3455 4978 sibi
3470 4910 3658 4978 poetae,

2088 4984 2131 5036 si
2189 4971 2388 5036 tributa
2428 4971 2679 5041 ditl‘e'rat,
2742 4975 3085 5031 metuendum
3140 4974 3252 5037 ait,
3299 4972 3440 5041 quod
3498 4971 3669 5037 poetis

2090 5062 2306 5176 prpﬁter
2336 5049 2637 5120 Apollinem
2667 5047 2755 5117 qui
2795 5046 2937 5101 victo
2964 5045 3103 5115 pelle
3150 5043 3409 5110 detraxit,
3443 5041 3670 5097 infestus

2090 5138 2131 5176 su
2206 5136 2435 5176 ‘tll‘SVaS.

2088 5133 2157 5178 Sil
2180 5133 2435 5190 Marsyas.

2164 5194 2181 5231 ί
2226 5181 2463 5246 Polemio
2483 5189 2653 5243 eidem
2679 5188 2951 5243 biennium
2971 5185 3079 5256 jam
3105 5184 3357 5253 prmieeto
3374 5181 3669 5256 Galliarum

2091 5273 2269 5335 postea
2296 5260 2511 5335 scripsit
2527 5263 2813 5335 epistolam
2836 5258 2929 5335 it,
2960 5254 3133 5335 lib._v,
3166 5271 3231 5309 ex
3268 5270 3370 5335 qua
3400 5254 3582 5335 itidem
3614 5260 3673 5304 ut

2090 5324 2156 5390 ex
2181 5336 2276 5387 hac
2309 5324 2451 5401 ipsa,
2481 5324 2769 5384 Platonicae
2801 5327 3483 5401 philosophia}studiosum
3506 5324 3668 5401 fuisse

2091 5413 2272 5474 patet:
2313 5393 2500 5456 utnon
2545 5393 2824 5474 i_mmeri_tt_i_
2859 5393 3109 5474 Sidonius
3148 5399 3215 5474 in_
3247 5396 3523 5466 pangendo
3555 5393 3670 5459 ejus

2094 5468 2481 5557 epithalamio,
2518 5471 2658 5553 .dmn
2718 5470 3147 5554 pitiiosoplticum
3203 5468 3395 5545 lemma
3456 5472 3666 5557 tractlat,

2095 5530 2210 5614 eius
2261 5560 2320 5600 se
2362 5530 2619 5598 doctrinae
2662 5530 2837 5612 potius
2880 5530 3041 5612 quam
3082 5554 3256 5597 causa:
3288 5539 3544 5591 rationem
3576 5530 3671 5585 ha-

2097 5617 2275 5672 buisse
2300 5617 2465 5671 dicat.

2169 5697 2193 5735 s
2235 5686 2433 5742 Savaro
2456 5697 2508 5739 et
2539 5684 2806 5749 Labbeus,
2836 5684 3043 5739 valeret.

2238 5758 2365 5814 Vide
2394 5756 2528 5814 inira
2550 5756 2943 5813 adnotationem
2967 5756 3030 5808 ad
3060 5767 3200 5808 vers.
3228 5749 3318 5808 66.
