4072 6348
510 329 607 385 7H

1713 328 1955 387 SIDONll
1996 328 2450 389 APOLLINARIS

3674 330 3782 392 ἨΞ

508 407 787 513 Domnulo,
813 445 1074 516 spectabili
1100 446 1206 498 viro
1230 444 1397 498 Leone
1426 442 1639 497 ducibus
1670 443 1916 497 audacter
1932 446 2084 515 afﬁr-
2114 450 2165 511 Α
2192 448 2353 503 Audit
2381 456 2532 517 pacta
2563 448 2775 519 Pelops,
2807 462 2909 504 nec
2939 446 3309 519 insequentem

506 553 617 606 mo,
651 538 896 592 musicam
925 546 971 590 et
999 536 1327 606 astrologiam
1354 576 1369 602 ,
1398 552 1511 605 qua:
1531 544 1647 589 sunt
1678 536 1813 605 infra
1838 538 2084 592 arithme-

507 631 658 684 ticam
709 628 1065 699 consequentia
1109 627 1330 681 membra
1372 626 1741 698 philosophice,
1798 627 2086 683 nullatenus

508 737 652 791 posse
676 720 784 774 sine
830 718 1270 772 hiscenominibus
1300 717 1539 772 indicari.
1592 718 1719 783 Qua:
1762 719 1805 772 si
1831 720 2089 788 quispiam

505 821 561 866 ut
591 811 792 875 Graeca,
822 813 951 865 sicut
978 819 1115 875 sunt,
1158 821 1203 864 et
1225 811 1493 881 peregrina
1526 812 1678 864 verba
1712 813 2086 879 contempserit,

506 904 697 957 nouerit
746 903 904 974 372
936 903 1029 955 sibi
1058 914 1146 956 aut
1176 918 1327 972 super
1354 902 1663 972 ejuscemodi
1692 903 1815 955 artis
1839 904 2088 956 mentione

504 994 954 1062 supersedendum,
999 1005 1089 1047 aut
1118 994 1246 1046 nihil
1272 995 1476 1047 omnino
1513 1009 1566 1047 se
1587 1034 1601 1058 ,
1625 1003 1713 1047 aut
1742 990 1877 1047 certe
1898 1011 1999 1047 non
2020 994 2087 1046 ad

503 1102 689 1153 assem,
717 1085 916 1139 Latiari
947 1085 1121 1155 lingua
1146 1084 1265 1138 hinc
1278 1101 1422 1154 posse
1448 1086 1717 1138 disserere.
1751 1085 1900 1151 Quod
1920 1086 1965 1139 si
1987 1084 2091 1137 ali-

503 1179 619 1248 quis
666 1193 811 1231 secus
854 1187 1004 1248 atque
1048 1192 1253 1246 assero,
1292 1194 1399 1230 rem
1425 1193 1477 1231 se
1504 1177 1685 1232 habere
1714 1178 1992 1243 censuerit,
2024 1177 2090 1230 do

503 1272 709 1342 quidem
728 1272 909 1325 absens
933 1269 1349 1324 obtrectatoribus
1369 1286 1581 1331 manus;
1610 1270 1698 1323 sed
1724 1270 1951 1323 noverint
1976 1286 2092 1323 sen-

507 1365 716 1419 tentiam
744 1380 908 1418 meam
950 1364 1291 1433 discrepantia
1315 1363 1583 1418 sentientes
1603 1364 1711 1417 sine
1737 1363 1917 1417 Marco
1958 1363 2089 1416 Var-

504 1472 659 1523 rone,
686 1456 793 1510 sine
826 1464 852 1492 ει
896 1454 1121 1523 Sereno,
1159 1470 1262 1509 non
1308 1454 1580 1524 Septimio,
1612 1455 1700 1510 sed
1742 1455 2088 1521 Sammonico,

504 1547 613 1601 sine
640 1545 922 1600 Censorino
940 1585 956 1612 ,
988 1546 1076 1615 qui
1102 1547 1163 1598 de
1184 1545 1267 1599 die
1293 1544 1458 1598 natali
1486 1545 1721 1599 volumen
1745 1546 1943 1600 illustre
1971 1562 2091 1599 coa—

505 1638 626 1710 fecit
648 1678 664 1703 ,
694 1653 795 1691 non
824 1652 972 1707 posse
991 1637 1249 1690 damnari.
1279 1637 1524 1691 Lecturus
1550 1654 1601 1691 es
1626 1636 1709 1689 hic
1731 1638 1885 1691 etiam
1908 1654 2087 1691 novum

503 1727 730 1793 uerbum,
754 1727 809 1781 id
830 1736 902 1782 est
927 1768 942 1793 ,
971 1728 1241 1782 essentiam
1271 1744 1289 1781 :
1318 1729 1408 1781 sed
1436 1729 1564 1783 scias
1585 1729 1680 1781 hoc
1707 1730 1874 1799 ipsum
1902 1730 2089 1783 dixisse

2193 538 2402 605 Pallens
2432 538 2792 609 Hippomenes
2828 539 2894 595 ad
2926 540 3030 594 ima
3063 546 3219 594 meta:

2190 628 2392 685 Tardat
2420 630 2711 687 Schoenida
2748 640 2829 687 ter
2855 632 3080 687 cadente
3112 646 3288 701 pomo.

2191 719 2308 775 Non
2341 720 2427 776 hic
2453 721 2740 778 Herculeas
2764 722 2909 777 videt
2938 723 3211 792 palaestras

2192 812 2372 867 IEtola
2400 813 2639 884 Calydon
2669 822 2890 883 stupens
2918 813 2985 867 ab
3011 829 3167 881 arce,

2191 904 2323 960 Cum
2354 920 2520 960 cornu
2543 906 2693 961 ﬂuvii
2721 906 3078 975 superbientis

2192 995 2408 1051 Alcides
2438 1005 2724 1066 premeret,
2754 996 2980 1052 subinde
3010 997 3208 1053 fessum

2195 1084 2411 1141 Undoso
2440 1085 2690 1142 refovens
2720 1086 2786 1142 ab
2812 1085 2969 1142 hoste
2990 1096 3197 1158 pectus.

2194 1174 2302 1232 Sed
2330 1174 2520 1232 doctus
2546 1174 2797 1245 juvenis,
2830 1176 3134 1249 decensque
3170 1178 3351 1250 virgo,

2197 1278 2219 1307 ο
2247 1258 2379 1324 Ortu
2406 1269 2637 1326 culmina
2663 1270 2846 1326 Galliae
2879 1279 3126 1328 tenentes
3161 1291 3173 1325 :

2195 1358 2498 1430 Junguntur
2519 1376 2534 1427 ;
2554 1360 2662 1417 cito
2682 1361 2815 1417 Diva
2846 1372 3000 1418 necte
3021 1363 3278 1429 chordas;

2204 1449 2315 1506 Nec
2338 1452 2482 1522 quod
2513 1453 2755 1509 detonuit
2781 1468 3023 1511 eamoena
3040 1455 3213 1525 major
3230 1499 3244 1524 ,

2190 1540 2437 1597 Nostram
2476 1546 2782 1613 pauperiem
2810 1544 2971 1601 silere
2991 1561 3171 1617 cogas.

2190 1633 2260 1686 At
2281 1632 2445 1688 taedas
2474 1634 2736 1702 Thetidis,
2772 1638 3033 1707 probante
3061 1638 3289 1709 Phtebo,

2190 1721 2262 1779 Et
2288 1724 2487 1782 Chiron
2513 1728 2707 1783 cecinit
2736 1728 2943 1784 minore
2962 1729 3166 1797 plectro
3196 1746 3208 1782 :

504 1816 820 1873 Ciceronem.
849 1817 988 1873 Nam
1010 1816 1040 1857 ι)
1084 1819 1354 1873 essentiam
1376 1857 1389 1880 ,
1446 1836 1537 1873 nec
1582 1836 1684 1872 non
1709 1828 1755 1873 et
1786 1820 2090 1873 indoloriam
2121 1830 2167 1889 Β
2192 1812 2301 1870 Nec
2331 1817 2449 1871 risit
2468 1818 2550 1885 pia
2583 1818 2736 1874 turba
2768 1820 3143 1887 rusticantem,

505 1910 814 1977 nominavit,
847 1908 1043 1964 addens
1067 1949 1082 1976 ,
1115 1909 1262 1965 Licet
1288 1910 1430 1965 enim
1461 1910 1614 1970 novis
1638 1910 1799 1965 rebus
1828 1925 1963 1966 nova
1995 1926 2091 1966 no-

503 2001 647 2057 mina
681 2002 956 2071 imponere
988 2017 1001 2055 :
1033 2010 1081 2056 et
1114 2011 1247 2056 recte
1274 2003 1428 2055 dixit.
1464 2002 1602 2055 Nam
1624 2002 1753 2056 sicut
1780 2003 1842 2054 ab
1873 2020 1929 2056 eo
1955 2002 2089 2073 quod

501 2101 609 2160 est,
637 2092 771 2146 verbi
800 2093 970 2162 gratia
990 2132 1006 2159 ,
1052 2108 1231 2160 sapere
1264 2102 1314 2147 et
1353 2093 1635 2162 intelligere
1658 2132 1673 2157 ,
1705 2093 2005 2163 sapientiam
2045 2103 2091 2146 et

502 2188 889 2257 intelligentiam
914 2187 1258 2253 nominamus,
1292 2187 1597 2257 regulariter
1621 2187 1753 2240 etab
1775 2204 1831 2240 eo
1856 2187 1993 2257 quod
2016 2198 2088 2242 est

500 2296 628 2348 esse,
662 2280 930 2334 essentiam
951 2295 1054 2333 non
1086 2287 1332 2333 tacemus.
1368 2277 1537 2349 Igitur
1566 2280 1804 2347 quoniam
1833 2280 1907 2332 tui
1948 2297 2090 2333 amo-

498 2371 572 2424 ris
601 2370 1031 2425 studioinductus
1055 2372 1205 2425 homo
1224 2370 1427 2439 Gallus,
1461 2369 1649 2424 scltolte
1675 2371 1969 2440 s0pltistica:
2002 2372 2085 2423 in-

501 2464 701 2518 tromisi
726 2464 1010 2527 materiam,
1044 2464 1121 2517 vel
1150 2472 1195 2516 te
1222 2463 1540 2533 potissimum
1573 2465 1695 2532 [acti
1718 2464 1815 2515 mei
1846 2463 2088 2530 depreca-

499 2563 665 2610 torem
704 2556 931 2625 requiro.
975 2553 1067 2607 Illi
1103 2552 1271 2607 Venus
1296 2594 1311 2619 ,
1358 2552 1436 2606 vel
1470 2555 1715 2606 Amorum
1748 2555 2085 2608 commentitia

498 2645 756 2716 pigmenta
806 2645 1123 2709 tribuantur,
1167 2644 1251 2697 cui
1294 2644 1509 2713 defuerit
1553 2644 1624 2698 sic
1664 2660 1809 2716 posse
1858 2647 2082 2701 laudari.

504 2734 659 2794 Vale.

1062 2806 1345 2861 CABMEN
1375 2806 1512 2861 XIV.

495 2914 771 2958 ΡΒΕΡΑΤΙΟ
817 2916 1158 2956 BPITIIALAIII
1205 2915 1432 2957 ΡοιΕιιιο
1471 2916 1540 2957 ΕΤ
1582 2916 1874 2959 ΑΒΑΝεοιιε
1918 2917 2077 2959 DlCTI.

495 3013 730 3085 Prosper
768 3014 1036 3071 connubio
1056 3014 1171 3070 dies
1198 3024 1477 3084 coruscat,

495 3108 665 3176 Quem
694 3111 886 3168 Clotho
914 3111 1085 3167 niveis
1115 3111 1340 3182 benigna
1373 3114 1573 3183 pensis,

494 3201 663 3258 Albus
691 3218 850 3273 quem
880 3202 1017 3272 picei
1049 3202 1261 3271 lapillus
1292 3203 1405 3257 Indi

492 3292 664 3360 Quem
690 3293 835 3362 pacis
862 3294 1021 3348 simul
1046 3292 1208 3347 arbor
1236 3301 1290 3346 et
1314 3293 1581 3361 juventae,

492 3382 651 3454 373
672 3380 1062 3454 IEternumque
1088 3382 1271 3438 virens
1299 3383 1437 3438 oliva
1454 3384 1648 3454 signet.

493 3472 612 3542 Eia,
640 3473 902 3544 CalliOpe,
935 3474 1137 3529 nitente
1158 3473 1331 3543 palma
1353 3515 1368 3539 ,

491 3565 569 3621 Da
592 3564 729 3621 sacri
758 3564 929 3621 laticis
959 3565 1334 3635 loquacitatem
1351 3608 1368 3634 ,

489 3660 659 3729 Quem
683 3659 814 3715 fodit
834 3661 969 3731 pede
989 3658 1228 3730 Pegasus
1254 3662 1484 3730 volanti,

489 3753 727 3826 Cognato
756 3742 998 3811 madidus
1015 3755 1201 3825 jubam
1226 3772 1457 3814 veneno.

488 3845 604 3902 Non
625 3847 712 3903 hic
734 3847 999 3923 impietas,
1026 3861 1126 3903 nec
1158 3848 1295 3904 hanc
1325 3850 1560 3920 puellam

488 3940 662 3996 Donat
682 3940 945 3998 mortibus
974 3941 1204 3998 ambitus
1230 3957 1533 4013 procorum.

486 4033 603 4090 Non
633 4033 722 4093 hic
747 4033 1011 4093 (Enomai
1037 4045 1261 4093 cruenta
1282 4038 1428 4094 circo

560 4243 588 4271 ιι
625 4233 814 4289 Sereni
841 4235 1128 4304 crgointer
1154 4235 1444 4303 scriptores
1495 4236 1618 4289 duo.
1668 4239 1735 4291 Α.
1781 4236 2071 4292 Summus

486 4306 766 4374 Summus,
800 4304 997 4374 lyricus
1042 4313 1229 4372 poeta,
1280 4304 1723 4374 Vespasianorum
1786 4323 1900 4361 navo
1955 4310 2068 4363 cla-

398 4447 403 4451 .
487 4389 601 4430 rus.
656 4372 851 4451 Neque
882 4374 1048 4451 enim,
1104 4375 1244 4443 quod
1298 4376 1350 4427 in
1391 4372 1783 4451 'concinnantlis
1828 4388 2069 4451 veterum

561 4452 769 4516 clarum
802 4444 1039 4498 historiis
1066 4484 1081 4508 ,
1111 4459 1402 4516 eorumque
1433 4446 1741 4514 fragmentis
1774 4448 1931 4516 vulgo
1978 4450 2065 4515 lit,

534 4513 783 4584 eptimius
825 4529 853 4567 a
884 4515 1089 4584 Sereno
1129 4514 1381 4583 distingui
1427 4513 1625 4569 debet:
1668 4531 1787 4570 cum
1820 4513 2071 4572 Sidonius

487 4583 780 4650 reClamet,
834 4594 888 4638 ct
935 4583 1133 4638 Marius
1171 4584 1473 4639 Victorinus
1507 4586 1597 4639 lib.
1653 4602 1709 4640 ιιι
1741 4587 1805 4640 de
1848 4587 2073 4644 Ratione

488 4656 805 4727 carminum,
838 4671 902 4709 ac
928 4655 1281 4710 Terentianus
1310 4656 1454 4725 ipse,
1486 4658 1572 4725 qui
1604 4667 1830 4727 utroque
1858 4662 2072 4715 nomine

488 4726 743 4796 appellat,
764 4727 1007 4799 rurisque
1032 4728 1284 4793 opuscula
1317 4744 1346 4780 e
1378 4727 1637 4799 Septimio
1668 4726 1815 4797 citat,
1842 4746 2071 4799 quorum

489 4797 868 4851 auctorcmalii
896 4797 1155 4853 Serenum
1186 4800 1481 4852 nominant.
1524 4798 1675 4853 Alter
1719 4800 1783 4867 Q.
1828 4797 2075 4857 Sencsus

488 4868 855 4932 SAIIMONICUS,
913 4869 1001 4938 qui
1054 4870 1235 4923 Severi
1292 4873 1428 4938 Aug.
1472 4881 1628 4925 aetate
1684 4871 1897 4937 llnt‘tlil,
1940 4883 1995 4927 et
2041 4892 2071 4928 a

418 4941 438 5008 ς
488 4939 759 4994 Caracalla
806 4940 920 5008 ejus
948 4938 1061 4992 lilio
1083 4982 1097 4998 .
1132 4950 1187 4993 ut
1216 4940 1550 5006 Lampridius
1582 4951 1801 5007 narrat,
1856 4955 2073 4999 necatus

416 4999 437 5079 ξ
488 5018 592 5065 est.
636 5011 799 5079 Cujus
826 4999 1039 5079 quidem
1072 5010 1192 5063 libri
1224 4999 1433 5078 plurimi
1462 5014 1589 5065 olim
1620 4999 1877 5068 luerunt:
1932 5032 2072 5070 nunc

491 5082 679 5135 unicus
722 5089 888 5135 restat
935 5080 1143 5134 libellus
1181 5084 1401 5135 metrice
1432 5084 1767 5149 conscriptus
1809 5086 1876 5138 de
1906 5087 2071 5140 Medi-

413 5204 421 5217 ,
490 5152 631 5205 cina.
684 5152 981 5207 Macrobius
1036 5152 1360 5205 Sammonici
1417 5153 1614 5207 Rerum
1671 5156 2066 5210 reconditarum

490 5221 656 5292 libros
675 5222 853 5276 laudat
881 5224 971 5276 lib.
1002 5238 1053 5275 ιιι
1085 5222 1470 5289 Saturnalium,
1493 5239 1626 5292 quos
1656 5242 1682 5276 a
1716 5226 1939 5280 Sidonio
1968 5228 2067 5282 hoc

488 5291 607 5364 loco
648 5292 873 5363 intelligi
911 5292 1199 5348 verisimile
1239 5305 1340 5347 est.
1379 5291 1565 5347 Filium
1611 5296 1654 5347 is
1692 5299 2066 5364 cognominem

489 5362 703 5432 reliquit
745 5363 1004 5418 Serenum
1046 5364 1481 5429 Sammonicum,
1510 5362 1892 5433 pl'mct'pltit‘cm
1927 5368 2066 5422 Cni-

490 5433 633 5488 diani
660 5434 887 5489 minoris
911 5474 926 5498 ,
967 5437 1050 5488 cui
1082 5435 1317 5488 moriens
1362 5436 1529 5503 patris
1560 5440 1638 5488 sui
1692 5439 2066 5492 tiililiotlictraut

489 5505 713 5576 legavit,
737 5521 853 5575 quae
879 5505 946 5559 ad
974 5505 1042 5559 62
1071 5505 1235 5558 millia
1289 5506 1545 5559 librorum
1569 5509 1906 5561 censebatur.
1939 5514 2067 5576 Quae

492 5575 611 5632 ideo
640 5578 806 5630 fusius
837 5575 1150 5646 explicanda
1178 5578 1405 5636 fuerunt,
1438 5577 1577 5643 quod
1603 5578 1743 5631 hunc
1770 5575 2061 5645 contrario,

488 5662 646 5719 quam
681 5650 730 5702 in
761 5646 1019 5717 Septimio
1042 5647 1267 5714 Sereno,
1299 5660 1484 5700 errore
1509 5648 1743 5700 nonnulli
1775 5664 1892 5703 cum
1918 5652 2065 5705 Sam-

491 5720 703 5788 monico
735 5730 882 5788 patre
914 5719 1261 5773 confut'nlant.

561 5787 864 5845 bEssen'tia:
898 5788 1209 5847 vocabulum
1236 5788 1304 5843 Μ.
1329 5788 1506 5844 Tullio
1524 5790 1755 5846 asseruit
1778 5792 1938 5847 etiam
1971 5793 2066 5848 Sc-

2196 1904 2449 1973 Quamvis
2478 1924 2621 1977 saepe
2642 1925 2807 1966 senex
2838 1909 3079 1967 biformis
3098 1912 3207 1967 illic

2190 1997 2420 2054 Carmen
2452 2010 2730 2072 rumperet
2758 2001 3038 2060 hinniente
3058 2015 3240 2060 cantu.

2660 2135 2823 2207 374
2858 2136 3141 2192 cannea
3181 2138 3296 2192 xv.

2298 2262 2693 2304 ΕΡιτιιΑιΑιιιυιι
2742 2266 2970 2307 Ροιειιιο
3009 2270 3075 2307 ΕΤ
3118 2269 3407 2310 ΑΠΛΝΕΟιᾸί
3448 2271 3666 2312 ItICTUl.

2190 2380 2352 2438 Forte
2377 2384 2663 2453 procellosi
2690 2400 2938 2441 remeans
2958 2402 3023 2443 ex
3054 2402 3178 2443 arce
3199 2388 3486 2463 Capharei,

2189 2474 2496 2533 Phoebados
2518 2476 2691 2533 Iliacae
2715 2490 2922 2549 raptum
2954 2481 3083 2535 satis
3112 2482 3220 2535 ulta
3252 2484 3531 2551 pudorem.

2189 2568 2385 2637 Pallas,
2414 2571 2720 2628 Erichthaeo
2753 2573 3020 2628 Xanthum
3048 2576 3285 2630 mutabat
3304 2575 3552 2647 Hymetto
3582 2594 3593 2630 :

2187 2663 2389 2719 Aurato
2411 2666 2571 2720 micat
2592 2681 2700 2721 aere
2724 2676 2904 2737 caput,
2932 2668 3208 2738 majusque
3241 2683 3490 2724 serenum
3528 2688 3543 2700 -

2191 2756 2264 2809 De
2282 2766 2487 2810 terrore
2516 2757 2658 2826 capit
2689 2774 2703 2810 :
2736 2760 2912 2827 posito
2940 2774 3061 2813 nam
3091 2758 3314 2815 fulmine
3335 2760 3559 2815 necdum

2186 2845 2450 2917 Cinyphio
2480 2847 2701 2903 Tritone
2733 2859 2909 2905 truces
2932 2851 3255 2923 hilaraverat
3282 2861 3451 2907 artus.

2185 2939 2358 3011 Gorgo
2391 2948 2535 2996 tenet
2556 2951 2739 3011 pectus
2768 2942 2999 2997 medium
3026 2985 3040 3008 ,
3066 2943 3268 2999 factura
3289 2943 3487 2999 videnti

2185 3032 2251 3086 Et
2284 3040 2524 3087 truncata
2554 3046 2768 3087 moras:
2802 3034 2935 3089 nitet
2964 3033 3220 3089 insidiosa
3253 3033 3541 3103 superbum

2188 3124 2434 3197 Efﬁgies,
2464 3126 2704 3196 vivitque
2729 3125 2905 3181 anima
2938 3136 3197 3197 pereunte
3228 3135 3490 3183 venustas.

2109 3208 2156 3271 C
2186 3216 2306 3272 Alta
2329 3226 2659 3273 cerastarum
2693 3218 2853 3288 spiris
2882 3228 3046 3288 caput
3073 3228 3290 3290 asperat
3313 3230 3487 3275 atrum

2186 3312 2512 3379 Congeries;
2541 3322 2754 3383 torquet
2784 3312 3061 3368 maculosa
3091 3314 3362 3369 volumina
3392 3314 3609 3370 mordax

2185 3400 2387 3467 Crinis,
2415 3413 2471 3458 et
2500 3402 2621 3458 irati
2648 3402 2778 3457 dant
2798 3405 2955 3459 sibila
2988 3414 3123 3460 tetra
3144 3406 3344 3477 capilli.

2184 3495 2482 3565 Squameus
2511 3495 2580 3550 ad
2626 3495 2858 3550 mediam
2904 3496 3096 3552 thorax
3127 3514 3231 3554 non
3264 3499 3508 3569 pervenit
3539 3496 3713 3552 alvum

2185 3586 2313 3641 Post
2338 3586 2617 3658 chalybem
2650 3589 2918 3658 pendente
2960 3590 3147 3660 peplo;
3194 3592 3327 3663 tegit
3362 3592 3559 3648 extima
3584 3589 3612 3628 (ι
3641 3590 3765 3646 limi

2183 3676 2383 3733 Circite
2412 3680 2551 3748 palla
2580 3681 2766 3751 pedes,
2795 3683 2886 3751 qui
2914 3698 3037 3737 cum
3062 3684 3161 3738 sub
3190 3691 3342 3740 veste
3363 3690 3669 3749 moventur,

2181 3771 2433 3839 Crispato
2458 3773 2642 3841 rigidae
2670 3775 2936 3845 crepitant
2961 3776 3014 3830 in
3041 3788 3277 3848 syrmate
3305 3793 3468 3848 rugae.

2182 3862 2395 3919 Laevam
2429 3879 2610 3933 parma
2643 3867 2793 3937 tegit,
2823 3867 3084 3938 Phlegraei
3113 3868 3267 3937 plena
3297 3869 3577 3926 tumultus.

2184 3952 2282 4007 llic
2306 3963 2449 4008 rotat
2474 3968 2761 4011 excussum
2793 3958 3006 4013 vibrans
3036 3959 3090 4013 in
3115 3958 3292 4015 sidera
3313 3960 3540 4017 Pindum

2184 4044 2502 4112 Enceladus,
2538 4046 2724 4117 rapido
2754 4047 2813 4102 lit
2841 4049 3061 4105 missilis
3091 4053 3225 4106 Ossa
3255 4050 3523 4123 Typhteo.

2180 4257 2332 4309 neca,
2368 4253 2425 4299 ut
2448 4254 2597 4321 recte
2622 4248 2928 4305 observavit
2955 4251 3196 4307 Muretus
3225 4252 3322 4309 ιιι).
3366 4269 3434 4308 xv
3459 4248 3763 4321 Variarum,

2177 4324 2444 4395 extremo.
2468 4316 2608 4372 Idem
2636 4332 2765 4373 mox
2794 4321 3254 4395 nonindoloriam,
3280 4326 3373 4379 sed
3408 4316 3766 4395 indolentiam,

2178 4385 2519 4464 scribendum
2549 4400 2753 4455 censet,
2779 4392 2920 4459 quod
2948 4393 3019 4464 ita
3062 4385 3251 4449 Cicero
3277 4410 3381 4450 non
3410 4397 3577 4451 semel
3608 4385 3764 4451 usuri

2179 4455 2337 4539 parit.
2378 4455 2483 4539 Nos
2527 4472 2647 4539 cum
2679 4455 2887 4539 veteres
2940 4462 3149 4539 Sidonii
3188 4465 3343 4537 146
3389 4467 3554 4539 libros
3610 4482 3766 4523 eom-

2177 4526 2719 4608 pluresviderimus,
2771 4534 2986 4608 unicum
3016 4538 3154 4589 nacti
3178 4526 3370 4608 muns
3401 4538 3452 4592 in
3484 4553 3589 4608 quo
3613 4539 3767 4594 inde.

2176 4596 2335 4649 tentia
2366 4596 2656 4680 legeretur,
2688 4600 2739 4654 in
2774 4605 2995 4674 reliquis
3021 4607 3271 4680 ouinibus
3299 4596 3557 4680 indoloria
3587 4624 3605 4663 .·
3639 4626 3767 4680 quas

2098 4684 2150 4744 Ι)
2178 4680 2286 4746 vos
2336 4669 2475 4746 apud
2523 4670 2835 4746 Ciceronem
2885 4669 3096 4746 quoque
3128 4677 3218 4731 lib.
3263 4695 3298 4733 ιι
3344 4679 3410 4733 de
3458 4669 3677 4735 Finibus
3706 4681 3768 4739 in

2179 4738 2497 4821 quibusdam
2523 4743 2781 4821 .at‘iti‘quis
2823 4738 3222 4821 citemplarihus
3271 4759 3484 4805 exstare
3523 4738 3763 4821 dicitur,

2179 4807 2266 4862 ubi
2298 4810 2494 4879 vulgati
2517 4807 2853 4868 indolentiam
2878 4807 3074 4879 legunt.

2205 4833 2266 4862 ιω
2299 4833 2494 4879 vurgau
2517 4833 2853 4868 maosenttam
2878 4833 2925 4872 le
2963 4833 3074 4872 unt.

2205 4950 2216 4965 ἱ
2255 4890 2276 4915 ο
2323 4880 2495 4965 Prima
2524 4899 2553 4937 c
2602 4885 2878 4965 nobilitate
3168 4890 3387 4965 Polemii
3426 4892 3685 4962 originem
3728 4912 3765 4949 a

2176 4952 2425 5035 Cornelio
2458 4970 2626 5021 usque
2652 4956 2837 5011 Tacito
2860 4959 3082 5035 repetiit
3107 4954 3337 5035 epistola
3370 4952 3759 5035 suprascripta.

2178 5023 2457 5094 Araneolae
2489 5039 2743 5094 proavum
2767 5023 3043 5083 consulem
3073 5023 3209 5085 infra
3235 5023 3502 5087 ostendet.

2251 5090 2537 5172 d.0bliqu’o
2558 5098 2723 5173 vestis
2746 5099 2889 5173 ﬂexu
2912 5115 2975 5154 ac
3000 5103 3247 5156 circuitu.
3273 5104 3395 5159 Iltcc
3422 5106 3609 5173 optimi
3638 5106 3764 5161 libri

2178 5161 2359 5239 lectio,
2398 5161 2527 5239 qua:
2573 5167 2746 5235 aptior
2790 5171 3002 5225 videtur
3045 5187 3201 5239 quam
3252 5174 3293 5227 si
3334 5161 3473 5228 cum.
3503 5178 3620 5230 aliis
3651 5176 3764 5230 limi

2176 5234 2341 5314 legas.
2398 5236 2577 5314 Limus
2607 5241 2747 5314 enim
2788 5256 2954 5314 genus
2987 5234 3151 5297 vestis
3196 5246 3354 5312 quale
3379 5261 3409 5299 a
3442 5246 3631 5301 Servio
3661 5249 3764 5302 dc-

2174 5307 2442 5384 :cribztur,
2559 5309 2892 5384 tunbilicoad
2921 5313 3079 5384 pedes
3114 5307 3472 5384 propendens,
3502 5332 3606 5372 non
3628 5320 3764 5373 satis

2174 5376 2421 5456 convenit
2454 5377 2724 5457 Minervae,
2771 5380 2871 5434 nisi
2920 5381 3055 5438 forte
3102 5376 3284 5457 limum
3315 5386 3420 5442 dici
3460 5376 3587 5457 'quis
3632 5391 3764 5446 velit

2176 5459 2291 5528 eam
2311 5448 2433 5528 ἐξίει)
2471 5448 2625 5515 pallae
2657 5460 2861 5528 partem
2904 5468 3023 5528 quae
3052 5456 3166 5509 sola
3194 5456 3332 5511 infra
3374 5448 3646 5513 thoracem
3679 5460 3764 5513 in-

2175 5525 2287 5597 star
2310 5516 2420 5597 limi
2453 5516 2762 5597 apparebat.
2795 5516 3042 5597 C_i_rci_tem
3069 5536 3245 5597 autem
3278 5543 3375 5597 pro
3412 5530 3613 5583 circulo
3640 5530 3764 5586 aliis

2177 5588 2336 5638 etiam
2370 5587 2500 5641 locis
2530 5589 2665 5643 dixit
2692 5609 2703 5642 :
2737 5600 2794 5646 ut
2817 5592 3014 5650 Marius
3045 5596 3215 5652 victor
3243 5587 3337 5653 lib.
3369 5614 3425 5653 ιιι
3455 5598 3523 5654 de
3552 5598 3713 5656 Iride.

2303 5743 2556 5813 PIlTundam
2583 5747 2835 5813 radios,ret
2860 5749 3112 5813 pulchrum
3139 5755 3309 5804 circite
3332 5768 3519 5809 summo

2305 5807 2478 5856 Arcum
2498 5821 2643 5861 curva
2662 5807 2781 5863 mihi
2807 5807 3060 5867 décorabit
3083 5813 3213 5867 Solis
3229 5818 3408 5881 imago.
