4072 6348
263 368 374 427 ⁸115
1717 363 1871 423 CAR]

1953 365 2050 421 NA.
3054 413 3067 423 .
3458 375 3561 431 7N

268 487 608 560 Porphyrion
635 484 865 557 Pangaea
887 484 1047 555 rapit,
1076 481 1475 553 Rhodopenque
1496 479 1863 536 Adamasthor
1886 483 1943 545 Α
1968 479 2026 536 Si
2054 494 2190 549 quos
2214 494 2343 551 ergo
2371 481 2580 553 chelys,
2602 483 2647 539 si
2674 500 2813 554 quos
2842 486 2977 556 lyra,
3003 486 3131 543 tibia
3152 488 3197 544 si
3223 504 3360 559 quos

268 582 583 654 Strymonio
612 596 733 636 cum
767 580 916 635 fonte
946 579 1105 644 levat,
1137 578 1466 647 veniensque
1492 590 1729 646 superne
1972 570 2253 627 Ediderint
2280 587 2402 627 cum
2431 588 2564 630 voce
2590 576 2799 642 modos,
2834 579 3108 649 exemplar
3129 579 3197 634 ad
3232 582 3377 637 istud

270 677 479 731 lntorto
505 671 741 728 calidum
770 669 1055 739 restinguit
1081 668 1301 724 ﬂumine
1328 666 1556 723 fulmen.
1970 662 2311 719 Ponderibus
2341 665 2549 734 positis,
2579 679 2837 736 quantum
2871 672 3147 739 proportio
3170 674 3381 739 suadet,

269 768 373 823 Hic
402 765 579 823 Pallas
604 764 849 819 Pallanta
880 763 1032 834 petit,
1065 761 1151 817 cui
1172 762 1423 832 Gorgone
1448 760 1560 819 visa
1970 756 2262 812 Intervalla
2289 757 2441 827 sequi
2466 760 2675 827 septeni
2706 759 2904 815 sideris
2923 762 3053 817 edit.

269 861 483 918 Invenit
513 857 748 915 solidum
776 856 887 925 jam
918 856 1103 911 lancea
1132 854 1283 911 tarda
1313 854 1563 910 cadaver.
1972 847 2315 903 Harmoniam
2342 847 2529 905 dicens
2558 848 2740 911 etiam,
2774 851 2915 919 quod
2944 861 3173 923 quatuor
3200 853 3316 910 istis

269 954 438 1029 375
476 952 575 1009 Hic
610 950 855 1007 Lemnon
898 963 996 1020 pro
1032 948 1202 1005 fratre
1239 948 1423 1003 Mimas
1463 954 1653 1001 contra
1698 941 1869 1016 :egida
1971 942 2063 999 Sic
2088 943 2314 1001 sedeant
2342 943 2611 999 elementa
2641 944 2836 1009 modis,
2861 955 2918 1000 ut
2946 947 3186 1015 pondere
3211 947 3420 1018 magnis

1534 1036 1793 1108 [torquet,
1973 1039 2058 1095 Sit
2087 1039 2240 1094 locus
2269 1038 2492 1093 inferior
2521 1054 2534 1091 :
2562 1037 2736 1093 media
2765 1038 2953 1094 tellure
2976 1040 3117 1108 quod
3146 1049 3325 1096 autem

275 1138 681 1211 lmpulsumque
710 1134 885 1206 quatit
905 1131 1228 1205 jaculabulis
1255 1131 1427 1187 insula
1456 1129 1676 1185 ctelum.
1952 1128 2218 1187 'Perfecte
2248 1128 2484 1184 medium
2515 1138 2618 1195 est,
2653 1128 2818 1184 imum
2850 1139 2996 1199 patet
3023 1147 3145 1187 esse
3175 1134 3416 1198 rotundi,

274 1230 556 1287 Plurimus
584 1226 673 1283 hic
704 1226 959 1282 Briareus
982 1224 1240 1296 populoso
1267 1236 1493 1292 corpore
1524 1230 1742 1291 pugnat,
1978 1222 2115 1279 Hinc
2145 1221 2284 1288 ﬁeri,
2313 1234 2367 1277 ut
2402 1231 2594 1277 terram
2632 1223 2801 1279 levior
2831 1227 3193 1294 superemicet
3220 1226 3425 1293 undas;

275 1326 577 1393 Cognatam
612 1329 834 1389 portans
864 1319 1057 1383 aciem,
1085 1316 1173 1372 cui
1203 1314 1406 1369 vertice
1429 1313 1498 1367 ab
1525 1328 1633 1367 uno
1972 1317 2151 1373 Altior
2180 1317 2263 1373 his
2288 1330 2502 1388 quoque
2528 1316 2617 1381 sit,
2649 1318 2737 1385 qui
2772 1319 2957 1386 purior
2981 1319 3180 1375 eminet
3203 1335 3327 1384 aer;

275 1418 485 1471 Cernas
515 1411 744 1467 ramosis
775 1411 980 1481 palmas
1010 1408 1263 1463 fruticare
1284 1406 1522 1461 lacertis.
1974 1411 2163 1467 omnia
2187 1410 2472 1467 concludat
2495 1411 2693 1467 cmlum
2725 1411 2944 1465 levitate
2970 1426 3259 1483 supr-enm,

278 1505 392 1559 Nec
421 1504 632 1574 species
654 1502 797 1558 solas
824 1502 1103 1569 monstris,
1133 1498 1283 1554 dedit
1320 1508 1433 1552 arte
1460 1500 1693 1552 furorem
1976 1502 2214 1559 Pendeat
2240 1512 2296 1559 et
2323 1512 2490 1558 totum
2522 1504 2683 1558 simul
2711 1503 2816 1558 hoc
2837 1503 2905 1558 ab
2925 1504 3133 1573 origine
3158 1506 3351 1562 centri.

280 1596 569 1663 Mulciber,
604 1604 764 1665 atque
791 1595 937 1663 ipSas
966 1593 1142 1648 timuit
1164 1605 1299 1659 uuas
1328 1591 1559 1646 ﬁnxerat
1589 1590 1716 1643 iras.
2047 1594 2243 1651 Thales
2272 1595 2357 1650 hic
2385 1595 2546 1650 etiam
2575 1596 2817 1650 numeris
2845 1595 3109 1665 perquirit
3133 1606 3187 1650 et
3212 1597 3395 1661 astris,

280 1686 502 1742 Hastam
529 1685 719 1742 dextra
749 1694 917 1751 tenet,
964 1699 1134 1755 nuper
1157 1697 1318 1753 quam
1350 1691 1385 1719 ει·
1407 1682 1546 1737 valle
1578 1678 1872 1751 Aracynthi
1981 1685 2256 1743 Defectum
2290 1695 2347 1740 ut
2372 1685 2582 1749 thbi,
2610 1700 2709 1740 nec
2740 1700 2845 1739 non
2870 1684 3116 1753 lunaeque
3145 1687 3385 1743 laborem

284 1780 407 1851 Ipsa
436 1778 539 1834 sibi
562 1779 734 1847 posita
758 1777 933 1834 Pallas
962 1776 1230 1847 protraxit
1255 1776 1414 1830 oliva.
1976 1776 2197 1833 Nuntiet
2224 1778 2499 1841 anterius;
2533 1778 2627 1832 sed
2663 1777 2826 1832 rebus
2854 1777 3044 1833 inutile
3073 1779 3218 1847 ponit

282 1871 403 1927 Hoc
430 1879 657 1926 steterat
683 1869 862 1939 genio,
893 1882 1057 1937 super
1086 1876 1143 1922 nt
1168 1866 1388 1936 vestigia
1421 1865 1556 1920 ditce
1907 1856 1955 1917 Β
1982 1868 2332 1938 Principium,
2363 1869 2490 1923 dum
2516 1868 2691 1923 credit
2720 1869 2873 1939 aquis
2901 1869 3198 1926 subsistere
3228 1871 3505 1928 mundum.

288 1962 556 2019 Labeates
585 1968 767 2017 teneat
785 1958 1114 2015 Marathonia
1136 1958 1299 2013 bacca
1333 1966 1584 2025 trapetas.
1975 1959 2145 2029 Hujus
2169 1959 2415 2029 discipuli
2441 1973 2595 2015 versa
2619 1968 2703 2015 est
2737 1961 3023 2025 sententia,
3052 1961 3238 2018 dicens

360 2056 457 2111 llic
477 2056 585 2110 duo
608 2054 804 2122 templa
831 2054 1050 2119 micant,
1079 2066 1306 2121 quorum
1338 2052 1703 2121 supereminet
1735 2065 1872 2107 unus
1974 2051 2261 2122 Principiis
2283 2053 2511 2122 propriis
2540 2068 2756 2122 semper
2784 2068 2875 2109 res
2913 2070 3153 2125 quasque
3180 2059 3371 2112 creari.

285 2149 359 2206 lit
381 2147 608 2210 meritis,
640 2146 719 2200 sic
748 2144 881 2201 sede
897 2144 1066 2210 locus,
1098 2144 1187 2214 qui
1214 2143 1459 2199 continet
1481 2145 1586 2196 alta
1975 2144 2136 2214 377
2162 2143 2376 2213 Singula
2407 2143 2495 2213 qui
2522 2143 2782 2214 quosdam
2816 2144 2991 2200 fontes
3017 2146 3257 2203 decernit
3282 2147 3482 2207 habere

285 2244 607 2300 Scrutantes
638 2238 845 2293 ratione
869 2238 1038 2301 viros,
1069 2236 1195 2305 quid
1226 2236 1473 2290 machina
1504 2236 1647 2299 coeli,
1978 2235 2261 2291 Eternunt
2293 2235 2541 2305 irriguos,
2570 2250 2632 2290 ac
2663 2252 2841 2291 rerum
2868 2240 3072 2291 semine
3103 2238 3312 2308 plenos,

286 2335 428 2404 Quid
460 2333 639 2398 tellus,
670 2329 799 2400 quid
829 2330 970 2384 fossa
999 2328 1183 2392 maris,
1212 2328 1338 2398 quid
1366 2326 1609 2381 turbidus
1637 2341 1751 2389 aer,
1982 2327 2138 2382 Hunc
2168 2328 2331 2383 etiam
2357 2328 2601 2397 sequitur
2625 2327 2717 2398 qui
2742 2329 2960 2397 gignere
2981 2339 3172 2384 cuncta
3201 2330 3422 2399 putabat

286 2425 431 2496 Quid
459 2422 633 2481 noctis
662 2420 1103 2492 lucisque_vices,
1136 2419 1264 2490 quid
1297 2428 1573 2473 menstrua
1604 2418 1743 2472 luna:
1982 2421 2137 2476 Hune
2158 2436 2360 2483 aerem,
2396 2421 2701 2491 pariterque
2722 2421 2854 2476 deos
2888 2423 2967 2477 sic
2992 2429 3233 2477 autumat
3262 2432 3431 2480 ortos.

286 2518 624 2573 Incrementa
653 2519 863 2584 parent,
897 2509 1119 2564 totidem
1145 2522 1240 2563 cur
1267 2508 1462 2562 damna
1488 2516 1798 2578 sequantur.
1980 2515 2212 2581 Quartus
2236 2516 2588 2586 Anaxagoras
2618 2515 2898 2571 Thaletica
2927 2516 3174 2587 dogmata
3205 2530 3403 2573 servat.
3467 2547 3471 2552 -

290 2610 440 2665 Ilicet
469 2605 557 2660 hic
587 2602 782 2661 summi
805 2601 1048 2658 resident
1075 2610 1280 2670 septem
1308 2602 1600 2669 sapientes,
1986 2607 2093 2661 Sed
2122 2607 2364 2662 divinum
2394 2607 2632 2662 animum
2662 2607 2848 2675 sentit,
2882 2608 2973 2677 qui
2999 2610 3182 2664 fecerit
3208 2610 3415 2666 orbem.

290 2696 763 2756 lnnumerabilium
789 2694 1079 2764 primordia
1104 2694 1570 2763 pttilosOphorum.
1985 2698 2173 2754 Junior
2204 2700 2328 2755 huic
2349 2701 2571 2769 junctus
2599 2700 2798 2755 residet
2826 2700 3070 2771 collega;
3098 2702 3191 2756 sed
3217 2702 3358 2759 idem

290 2793 491 2848 Thales
521 2791 704 2846 Mileto
731 2788 947 2859 genitus
974 2786 1275 2841 vadimonia
1306 2786 1543 2855 damnat,
1985 2792 2263 2846 Materiam
2292 2793 2498 2846 cunctis
2528 2794 2791 2847 creaturis
2816 2808 2939 2847 acra
2967 2793 3213 2858 credens,

289 2884 498 2958 Lyndie
525 2892 580 2938 tu
608 2880 869 2938 Cleobule
896 2879 1053 2949 jubes
1078 2879 1269 2934 modus
1299 2882 1533 2948 Optimus
1562 2888 1619 2934 ut
1643 2880 1731 2943 sil,
1985 2886 2200 2942 Judicat
2232 2882 2354 2939 inde
2386 2886 2556 2940 Deum
2588 2885 2790 2940 faceret
2817 2901 2923 2955 quo
2950 2898 3141 2942 cuneta
3170 2888 3377 2943 tulisse.

290 2975 374 3033 Tu
404 2974 670 3032 meditans
714 2981 888 3028 totum
918 2971 1145 3027 decoras
1180 2971 1479 3028 Periandre
1514 2971 1835 3036 Corinthon,
1986 2977 2109 3029 Post
2140 2976 2237 3029 hos
2263 2978 2530 3030 Arcesilas
2556 2976 2735 3029 divina
2776 2987 2955 3031 mente
2981 2986 3214 3045 paratam

290 3068 501 3124 Atticus
528 3066 652 3122 inde
681 3065 851 3121 Solon
881 3080 949 3119 ne
976 3064 1100 3133 quid
1132 3062 1291 3119 nimis
1318 3066 1579 3135 approbat
1607 3079 1793 3133 unum,
1983 3064 2211 3135 Conjicit
2242 3065 2379 3119 hanc
2408 3066 2631 3131 molem,
2662 3067 2957 3122 confectam
2988 3068 3224 3136 partibus
3252 3070 3356 3125 illis

289 3159 538 3215 Prienaee
567 3157 678 3223 Bia,
711 3156 917 3227 plureis
946 3156 1025 3209 ais
1055 3170 1176 3209 esse
1208 3156 1491 3231 malignos,
1922 3226 1952 3231 _
1984 3159 2129 3226 Quas
2154 3168 2364 3214 atomos
2391 3170 2548 3212 vocat
2575 3160 2689 3222 ipse
2719 3159 2877 3214 leves.
2908 3158 2935 3195 ἀ
2966 3158 3240 3215 Socratica
3277 3173 3397 3231 post
3425 3165 3566 3223 hunc

290 3249 376 3305 'l‘u
408 3248 659 3319 Mitylene
689 3226 837 3303 satus
857 3249 1136 3316 cognoscis
1170 3247 1372 3302 Pittace
1402 3226 1631 3317 tempus,
1908 3226 1955 3290 Ο
1985 3251 2143 3307 Secta
2176 3251 2359 3317 micat,
2386 3265 2507 3319 quae
2533 3250 2603 3304 de
2635 3259 2836 3304 natura:
2867 3250 3106 3320 pondere
3134 3226 3369 3322 migrans

292 3342 533 3398 Nascere
559 3354 678 3395 sese
706 3340 877 3409 ipsum
904 3337 1097 3393 Chilon
1123 3338 1386 3409 Spartane
1410 3338 1662 3395 docebas.
1986 3345 2073 3401 Ad
2102 3360 2277 3400 mores
2311 3346 2585 3400 hominum
2620 3345 2884 3400 limandos
2916 3348 3187 3401 transtulit
3219 3363 3394 3403 usum.

296 3433 504 3489 Asserit
535 3432 622 3488 hic
641 3431 850 3488 Samius
870 3441 987 3501 ροει
1008 3432 1164 3486 dOCIa
1197 3434 1406 3488 Silentia
1436 3434 1587 3487 lustri
1988 3438 2139 3494 llattc
2167 3450 2367 3494 sectam
2392 3440 2677 3507 perhibent
2698 3453 2962 3493 summum
2990 3440 3295 3497 excoluisse
3319 3443 3553 3517 Platona,

290 3524 648 3599 Pythagoras,
680 3526 909 3580 solidum
942 3526 1195 3596 princeps
1223 3526 1365 3594 quod
1389 3527 1591 3582 musica
1624 3527 1877 3583 mundum
1986 3531 2095 3587 Sed
2127 3531 2321 3600 triplici
2356 3530 2619 3585 formasse
2650 3529 2831 3593 modo,
2859 3529 2985 3584 dum
3011 3531 3215 3599 primus
3241 3542 3294 3587 et
3324 3549 3458 3588 unus

292 3619 604 3692 Temperet,
635 3628 689 3676 et
717 3621 882 3675 certis
908 3628 1229 3674 concentum
1261 3618 1452 3674 reddat
1477 3620 1546 3673 ab
1573 3620 1757 3685 astris,
1987 3621 2215 3692 Physica
2246 3621 2330 3675 vel
2362 3620 2554 3689 logico,
2590 3621 2819 3689 logicum
2854 3620 2935 3676 vel
2961 3622 3134 3691 jungit
3165 3624 3233 3676 ad
3265 3624 3441 3679 ethos.

294 3712 569 3782 Signaque
592 3710 854 3766 Zodiacus
882 3726 1003 3780 quae
1031 3712 1262 3765 circulus
1292 3728 1391 3768 ate
1416 3724 1668 3780 supremo
1988 3711 2202 3767 Invenit
2228 3711 2314 3765 hic
2344 3712 2593 3780 princeps
2623 3712 2747 3780 quid
2783 3712 2949 3780 prima
2981 3715 3212 3767 essentia
3241 3716 3401 3772 distet

295 3803 461 3877 376
476 3803 650 3859 Terna
668 3812 858 3874 quater
876 3804 1089 3865 retinet,
1114 3804 1329 3871 proprio
1350 3818 1455 3856 non
1476 3817 1695 3859 currere
1709 3813 1877 3874 motu,
1988 3807 2035 3861 Α
2064 3820 2273 3859 summo
2295 3814 2557 3873 sextoque
2589 3804 2756 3868 bono;
2781 3818 2903 3858 cum
2933 3806 3165 3874 denique
3192 3823 3319 3861 saxa

294 3894 493 3965 Aquis
520 3895 659 3950 inter
689 3909 748 3949 se
772 3893 959 3963 spatiis
984 3904 1161 3971 tamen
1187 3910 1307 3949 esse
1339 3896 1534 3949 locata.
1990 3899 2111 3956 Sint
2138 3906 2367 3962 tantum,
2406 3896 2719 3964 penitusque
2766 3896 2894 3949 nihil
2939 3896 3039 3950 nisi
3085 3911 3205 3951 esse
3244 3901 3573 3968 probentur:

294 3988 539 4059 Fixaque
566 3986 824 4057 signifero
854 3988 1052 4055 pariter
1079 4001 1293 4055 quoque
1323 4001 1520 4042 cernua
1545 3986 1690 4054 ferri,
1990 3992 2239 4048 Proxima
2271 3989 2583 4054 succedant,
2612 3988 2803 4057 quibus
2832 4002 2955 4041 esse
2985 3998 3038 4041 et
3068 3988 3249 4043 vivere
3270 4002 3575 4060 promptum

293 4076 744 4149 Pmcipuumque
772 4078 933 4133 etiam
961 4087 1167 4148 septem
1197 4094 1324 4149 vaga
1359 4079 1534 4134 sidera
1561 4092 1774 4135 cantum
3378 4082 3502 4153 [est,

297 4172 441 4228 Ilinc
456 4172 606 4237 dare,
624 4172 892 4241 perfectus
909 4184 1163 4225 numerus
1186 4170 1325 4239 quod
1349 4180 1571 4241 uterque
1594 4172 1879 4227 habeatur:
1991 4173 2206 4231 Addere
2234 4173 2352 4243 quis
2378 4172 2549 4242 possis
2577 4169 2650 4225 nil
2679 4169 2907 4239 amplius
2932 4171 3125 4224 :irhore
3147 4178 3202 4225 et
3228 4169 3430 4236 herba;

299 4266 419 4319 Hoc
447 4277 671 4318 numero
696 4261 992 4328 afﬁrmans,
1024 4263 1125 4317 hoc
1150 4263 1341 4317 ordine
1369 4272 1558 4319 cuncta
1589 4266 1774 4320 rotari.
1992 4266 2172 4321 Tertia
2200 4264 2270 4318 sit
2302 4276 2579 4331 pecorum,
2611 4274 2836 4329 quorum
2863 4274 2982 4313 e~se
3008 4269 3064 4314 et
3090 4261 3271 4316 vivere
3298 4271 3446 4316 motu

297 4354 547 4412 Falciferi
572 4352 601 4392 δ
622 4354 836 4409 Cronon
869 4357 947 4410 ire
974 4355 1120 4409 senis
1152 4370 1248 4424 per
1274 4371 1482 4411 summa
1510 4358 1775 4426 polorum,
1991 4360 2108 4415 Non
2136 4366 2283 4414 caret
2307 4365 2363 4412 ct
2389 4369 2585 4419 sensu;
2616 4352 2870 4408 mortales
2898 4361 3086 4421 quarta
3108 4353 3305 4407 deinde

301 4449 488 4506 Martis
515 4451 850 4520 contiguum,
881 4449 1059 4505 medio
1087 4452 1242 4515 Jove,
1271 4458 1492 4521 pergere
1524 4452 1691 4517 sidus,
1994 4449 2267 4519 Respiciat
2296 4448 2503 4504 factura
2534 4459 2682 4510 suos,
2710 4444 2905 4513 quibus
2934 4460 3076 4512 esse,
3104 4446 3355 4510 moveri,-

300 4540 437 4597 Post
463 4540 583 4607 bos,
605 4541 715 4610 jam
742 4550 931 4610 quarto
954 4554 1015 4595 se
1040 4541 1260 4597 flectere
1288 4541 1502 4597 tramite
1528 4543 1720 4611 solem,
1916 4609 1947 4611 _
1994 4545 2213 4607 Vivere,
2246 4556 2368 4598 cum
2398 4554 2559 4595 sensu
2590 4539 2771 4599 datur,
2801 4546 2855 4592 et
2881 4536 3249 4603 supereminet.
3269 4537 3397 4592 illud

300 4634 392 4689 Sic
419 4609 682 4702 placidam
710 4609 944 4703 Paphien
975 4647 1193 4688 servare
1220 4632 1479 4688 diastema
1502 4609 1768 4704 quintum,
1914 4609 1971 4672 D
1995 4637 2146 4707 Quod
2178 4635 2410 4704 sapiunt,
2442 4646 2677 4701 veroque
2704 4629 2886 4685 valent
2913 4629 3215 4684 discernere
3242 4630 3432 4685 falsum
3463 4649 3477 4685 :

301 4726 594 4784 Arcadium
623 4736 798 4791 εθλιο.
822 4726 1013 4781 lunam
1040 4726 1121 4780 Sic
1146 4725 1279 4781 orbe
1308 4740 1561 4794 Supremo
1996 4731 2191 4798 Quinta
2222 4736 2499 4783 creaturas
2525 4736 2750 4789 superas
2779 4720 3073 4774 substantia
3098 4719 3308 4787 prodat,

309 4830 331 4857 ε
359 4818 401 4872 Τ
405 4833 464 4873 er
488 4817 656 4873 denas
678 4817 884 4887 tropico
908 4831 1075 4887 prope
1095 4831 1314 4872 currere
1342 4818 1556 4872 climate
1582 4818 1762 4873 miras.
1997 4822 2141 4888 Quas
2170 4817 2384 4889 quidam
2415 4813 2602 4869 dixere
2622 4811 2770 4879 deos,
2803 4810 2926 4880 quia
2958 4806 3184 4880 Corpora
3210 4824 3425 4867 sumant

381 5012 406 5040 ι
442 5002 636 5057 Montis
673 5000 893 5057 licentia:
918 4998 1094 5055 :unde
1125 4998 1478 5070 Aracynthias
1508 5001 1628 5056 dea.
1662 5001 1901 5060 lthianus
2016 5073 2055 5078 __
2078 4999 2105 5038 ά
2134 4997 2433 5078 Secundam
2468 4994 2732 5078 produxit,
2764 5002 2825 5075 ut
2852 4991 3173 5078 Prudentius
3202 4992 3401 5078 Ityn-tuo
3440 4996 3502 5049 t0
3533 4997 3584 5051 in

304 5082 356 5132 ὲν
389 5079 557 5148 γήμῃς
1268 5063 1284 5070 ⁷
2005 5070 2375 5148 Hippocrenen
2403 5068 2667 5148 tertiam‘:
2699 5065 2834 5148 quia
2852 5064 2905 5117 in
2944 5064 3191 5118 Socrates
3220 5073 3274 5148 et
3297 5063 3590 5148 Hippocra—

940 5278 952 5289 -
1027 5235 1037 5240 ⁷
1330 5276 1342 5288 .
1511 5235 1521 5238 ⁷
2004 5235 2187 5290 Σωκραει

384 5279 411 5318 h
437 5285 677 5358 saivgvra
704 5279 911 5353 κρόνου,
939 5277 991 5331 td
1022 5286 1107 5332 est
1132 5276 1343 5358 Saturni
1373 5276 1604 5332 Stellam.
1718 5348 1730 5358 ι
1766 5349 1797 5358 Α
2002 5285 2089 5358 sia
2120 5285 2145 5339 ί
2172 5300 2187 5339 ε

387 5363 416 5435 ε.
439 5349 666 5419 Quidam
694 5348 880 5435 ηξωνέξ
924 5358 1207 5435 reponunt,
1256 5351 1475 5430 μοίραςε
1510 5348 1897 5435 ut_apu10en-

1880 5379 1897 5389 ‘
2003 5348 2031 5358 ν
2098 5374 2202 5424 Hoc
2219 5384 2415 5435 quoque
2448 5370 2675 5435 virtutum
2697 5366 2933 5435 quondam
2956 5366 3224 5435 certamine
3248 5378 3479 5431 magnum

308 5423 549 5495 sorimlm
575 5436 695 5489 caP-
811 5419 1112 5495 Ει,(ιιείάθηι
1139 5420 1209 5474 Ῐίθ
1240 5434 1325 5474 res
1343 5419 1618 5495 ἐξίὲθῦτιῑο
1635 5419 1694 5475 γει
1713 5420 1897 5476 91⁸20³
2099 5419 2408 5485 “Socratem
2433 5432 2639 5495 palmam
2662 5419 2996 5493 promeruisse
3019 5426 3202 5479 ferunt.

309 5488 699 5566 diphthongus.
718 5490 839 5566 Sed
865 5488 935 5544 de
956 5489 1055 5544 hoc
1077 5504 1274 5566 genere
1299 5491 1586 5566 scriptura;
1600 5506 1759 5561 supra
1782 5508 1902 5546 car—
2010 5561 2047 5566 __
2110 5561 2138 5566 _
2221 5559 2253 5566 __
2433 5488 2444 5495 ’
2502 5565 2505 5566 ν
2612 5488 2677 5566 η’
2726 5555 2739 5566 _

310 5553 459 5621 mine
488 5564 522 5618 9
559 5553 669 5633 jam
701 5562 904 5633 dictum
933 5569 1018 5633 est
1044 5553 1110 5615 ad
1141 5553 1509 5616 hecatombion.
1556 5553 1693 5617 Sunt
1720 5571 1899 5617 autem
2010 5561 2075 5615 Et
2105 5559 2578 5633 Paulinusauctor
2610 5553 2963 5633 Ettcltaristici
2996 5572 3019 5633 :_
3039 5553 3590 5633 Dogmata-Socrates,

310 5644 489 5711 μοῖραι
513 5624 747 5711 αἱμορὶᾳ
775 5631 978 5711 Graecis
993 5633 1353 5711 astronomis,
1375 5650 1493 5711 qua:
1517 5644 1693 5711 partes
1724 5636 1904 5703 signo—
2007 5643 2055 5685 et
2096 5629 2276 5711 bellica
2323 5629 2574 5711 plasmata
2606 5626 2865 5711 ﬂameri.
2920 5624 3594 5711 littjn’sgygeneristetjalia

311 5693 457 5771 rum,
505 5716 561 5760 et
590 5693 807 5774 'gr'adus
831 5703 1057 5775 Latinis.
1109 5693 1423 5758 Ambrosius
1461 5693 1900 5760 in'hexaemEron
2010 5703 2205 5775 passim
2252 5693 2390 5775 apud
2434 5698 2711 5775 Sidonium
2756 5716 2767 5751 ;
2813 5707 2871 5775 ut
2911 5694 3259 5775 Agthiopsft
3294 5693 3597 5775 Euripides

311 5763 347 5834 λ
376 5797 390 5833 :
421 5763 485 5832 l'n
508 5763 1108 5850 triginta_portiuncttlas,
1131 5775 1489 5850 quasptpida;
1509 5786 1705 5839 vocant,
1725 5792 1906 5831 uuam-
2011 5763 2300 5850 pettultitna
2344 5773 2497 5850 longa
2525 5789 2536 5821 :
2563 5773 2776 5850 Aratus,
2813 5765 3115 5850 Phaedpnis,
3167 5763 3457 5844 diaStema,
3486 5783 3597 5822 rna-

314 5835 873 5921 qunmqueuduod'ecim
900 5835 1104 5897 illorunt
1132 5835 1441 5900 distribuant
1476 5835 1777 5915 portionem.
2013 5835 2203 5912 thesis,
2234 5835 2545 5910 Heraclitus,
2574 5840 2860 5912 sapphirus
2887 5836 3074 5892 eadem
3099 5835 3270 5890 brevi.

565 5943 839 6009 PATBOL.
889 5937 1104 6021 LVII}.
1918 5960 1966 5978 θ
2046 5966 2059 5975 ι

1918 5960 1966 5978 α
2046 5966 2059 5975 ρ
3229 5928 3306 5994 23
