  <div class='ocr_page' id='page_1' title='image "/cluster/home/n/w/nwhite01/storage/ocr_20150623/58/hvd.32044073505240/393.png"; bbox 0 0 4072 6348; ppageno 0'>
   <div class='ocr_carea' id='block_1_1' title="bbox 470 317 574 375">
    <p class='ocr_par' dir='ltr' id='par_1_1' title="bbox 470 317 574 375">
     <span class='ocr_line' id='line_1_1' title="bbox 470 317 574 375; baseline 0 -1"><span class='ocrx_word' id='word_1_1' title='bbox 470 317 574 375; x_wconf 74' lang='grc'><strong>718</strong></span> 
     </span>
    </p>
   </div>
   <div class='ocr_carea' id='block_1_2' title="bbox 469 422 1984 500">
    <p class='ocr_par' dir='ltr' id='par_1_2' title="bbox 469 422 1984 500">
     <span class='ocr_line' id='line_1_2' title="bbox 469 422 1984 500; baseline -0.005 -14"><span class='ocrx_word' id='word_1_2' title='bbox 469 426 889 500; x_wconf 86' lang='lat' dir='ltr'><strong>Contemplanda</strong></span> <span class='ocrx_word' id='word_1_3' title='bbox 917 424 1139 491; x_wconf 84' lang='lat' dir='ltr'><strong>homini,</strong></span> <span class='ocrx_word' id='word_1_4' title='bbox 1170 422 1327 493; x_wconf 88' lang='lat' dir='ltr'><strong>paulo</strong></span> <span class='ocrx_word' id='word_1_5' title='bbox 1358 430 1480 494; x_wconf 89' lang='lat' dir='ltr'><strong>post</strong></span> <span class='ocrx_word' id='word_1_6' title='bbox 1505 423 1622 497; x_wconf 85' lang='lat' dir='ltr'><strong>ipsa</strong></span> <span class='ocrx_word' id='word_1_7' title='bbox 1652 425 1984 499; x_wconf 78' lang='lat' dir='ltr'><strong>relinquant,</strong></span> 
     </span>
    </p>
   </div>
   <div class='ocr_carea' id='block_1_3' title="bbox 471 514 2049 592">
    <p class='ocr_par' dir='ltr' id='par_1_3' title="bbox 471 514 2049 592">
     <span class='ocr_line' id='line_1_3' title="bbox 471 514 2049 592; baseline -0.004 -14"><span class='ocrx_word' id='word_1_8' title='bbox 471 518 836 592; x_wconf 69' lang='lat' dir='ltr'><strong>3781mm</strong></span> <span class='ocrx_word' id='word_1_9' title='bbox 876 530 1026 571; x_wconf 87' lang='lat' dir='ltr'><strong>suam</strong></span> <span class='ocrx_word' id='word_1_10' title='bbox 1069 514 1312 578; x_wconf 87' lang='lat' dir='ltr'><strong>redeant,</strong></span> <span class='ocrx_word' id='word_1_11' title='bbox 1357 517 1400 569; x_wconf 92' lang='lat' dir='ltr'><strong>si</strong></span> <span class='ocrx_word' id='word_1_12' title='bbox 1433 530 1533 587; x_wconf 87' lang='lat' dir='ltr'><strong>qua</strong></span> <span class='ocrx_word' id='word_1_13' title='bbox 1581 526 1665 572; x_wconf 92' lang='lat' dir='ltr'><strong>est</strong></span> <span class='ocrx_word' id='word_1_14' title='bbox 1713 517 2049 583; x_wconf 82' lang='lat' dir='ltr'><strong>tenuissima,</strong></span> 
     </span>
    </p>
   </div>
   <div class='ocr_carea' id='block_1_4' title="bbox 1681 608 1980 683">
    <p class='ocr_par' dir='ltr' id='par_1_4' title="bbox 1681 608 1980 683">
     <span class='ocr_line' id='line_1_4' title="bbox 1681 608 1980 683; baseline 0.003 -19"><span class='ocrx_word' id='word_1_15' title='bbox 1681 608 1937 683; x_wconf 82' lang='lat' dir='ltr'><strong>[formam</strong></span> <span class='ocrx_word' id='word_1_16' title='bbox 1965 626 1980 665; x_wconf 89' lang='lat'><strong>:</strong></span> 
     </span>
    </p>
   </div>
   <div class='ocr_carea' id='block_1_5' title="bbox 474 699 1830 769">
    <p class='ocr_par' dir='ltr' id='par_1_5' title="bbox 474 699 1830 769">
     <span class='ocr_line' id='line_1_5' title="bbox 474 699 1830 769; baseline -0.004 -7"><span class='ocrx_word' id='word_1_17' title='bbox 474 705 565 762; x_wconf 90' lang='lat' dir='ltr'><strong>Sic</strong></span> <span class='ocrx_word' id='word_1_18' title='bbox 593 702 707 759; x_wconf 82' lang='lat' dir='ltr'><strong>ﬁeri</strong></span> <span class='ocrx_word' id='word_1_19' title='bbox 733 707 791 756; x_wconf 84' lang='lat' dir='ltr'><strong>ut</strong></span> <span class='ocrx_word' id='word_1_20' title='bbox 810 707 991 769; x_wconf 86' lang='lat' dir='ltr'><strong>pateat</strong></span> <span class='ocrx_word' id='word_1_21' title='bbox 1018 699 1313 755; x_wconf 73' lang='lat' dir='ltr'><strong>substantia</strong></span> <span class='ocrx_word' id='word_1_22' title='bbox 1344 715 1549 755; x_wconf 90' lang='lat' dir='ltr'><strong>summa</strong></span> <span class='ocrx_word' id='word_1_23' title='bbox 1581 713 1792 757; x_wconf 87' lang='lat' dir='ltr'><strong>creator</strong></span> <span class='ocrx_word' id='word_1_24' title='bbox 1817 720 1830 757; x_wconf 93' lang='lat'><strong>:</strong></span> 
     </span>
    </p>
   </div>
   <div class='ocr_carea' id='block_1_6' title="bbox 477 790 1982 865">
    <p class='ocr_par' dir='ltr' id='par_1_6' title="bbox 477 790 1982 865">
     <span class='ocr_line' id='line_1_6' title="bbox 477 790 1982 865; baseline -0.005 -11"><span class='ocrx_word' id='word_1_25' title='bbox 477 798 641 854; x_wconf 82' lang='lat' dir='ltr'><strong>Sexta</strong></span> <span class='ocrx_word' id='word_1_26' title='bbox 672 804 869 860; x_wconf 87' lang='lat' dir='ltr'><strong>tamen,</strong></span> <span class='ocrx_word' id='word_1_27' title='bbox 900 806 1167 860; x_wconf 83' lang='lat' dir='ltr'><strong>supraque</strong></span> <span class='ocrx_word' id='word_1_28' title='bbox 1197 790 1348 854; x_wconf 86' lang='lat' dir='ltr'><strong>nihil,</strong></span> <span class='ocrx_word' id='word_1_29' title='bbox 1382 792 1473 847; x_wconf 87' lang='lat' dir='ltr'><strong>sed</strong></span> <span class='ocrx_word' id='word_1_30' title='bbox 1503 803 1691 846; x_wconf 89' lang='lat' dir='ltr'><strong>cuncta</strong></span> <span class='ocrx_word' id='word_1_31' title='bbox 1719 792 1818 847; x_wconf 88' lang='lat' dir='ltr'><strong>sub</strong></span> <span class='ocrx_word' id='word_1_32' title='bbox 1848 792 1982 865; x_wconf 88' lang='lat' dir='ltr'><strong>ipso.</strong></span> 
     </span>
    </p>
   </div>
   <div class='ocr_carea' id='block_1_7' title="bbox 476 882 1691 955">
    <p class='ocr_par' dir='ltr' id='par_1_7' title="bbox 476 882 1691 955">
     <span class='ocr_line' id='line_1_7' title="bbox 476 882 1691 955; baseline -0.007 -11"><span class='ocrx_word' id='word_1_33' title='bbox 476 889 591 944; x_wconf 85' lang='lat' dir='ltr'><strong>Hoc</strong></span> <span class='ocrx_word' id='word_1_34' title='bbox 619 886 674 941; x_wconf 89' lang='lat' dir='ltr'><strong>in</strong></span> <span class='ocrx_word' id='word_1_35' title='bbox 699 884 979 955; x_wconf 80' lang='lat' dir='ltr'><strong>gymnasio</strong></span> <span class='ocrx_word' id='word_1_36' title='bbox 1009 882 1207 937; x_wconf 85' lang='lat' dir='ltr'><strong>Polemi</strong></span> <span class='ocrx_word' id='word_1_37' title='bbox 1238 882 1497 952; x_wconf 75' lang='lat' dir='ltr'><strong>sapientia</strong></span> <span class='ocrx_word' id='word_1_38' title='bbox 1532 882 1691 936; x_wconf 84' lang='lat' dir='ltr'><strong>vitam</strong></span> 
     </span>
    </p>
   </div>
   <div class='ocr_carea' id='block_1_8' title="bbox 478 972 1850 1045">
    <p class='ocr_par' dir='ltr' id='par_1_8' title="bbox 478 972 1850 1045">
     <span class='ocr_line' id='line_1_8' title="bbox 478 972 1850 1045; baseline -0.008 -8"><span class='ocrx_word' id='word_1_39' title='bbox 478 978 711 1044; x_wconf 73' lang='lat' dir='ltr'><strong>Excolit,</strong></span> <span class='ocrx_word' id='word_1_40' title='bbox 743 975 1156 1045; x_wconf 86' lang='lat' dir='ltr'><strong>adjunctamque</strong></span> <span class='ocrx_word' id='word_1_41' title='bbox 1184 988 1282 1027; x_wconf 90' lang='lat' dir='ltr'><strong>suo</strong></span> <span class='ocrx_word' id='word_1_42' title='bbox 1309 972 1454 1028; x_wconf 89' lang='lat' dir='ltr'><strong>fovet</strong></span> <span class='ocrx_word' id='word_1_43' title='bbox 1484 974 1594 1043; x_wconf 90' lang='lat' dir='ltr'><strong>ipsa</strong></span> <span class='ocrx_word' id='word_1_44' title='bbox 1622 973 1850 1028; x_wconf 89' lang='lat' dir='ltr'><strong>Platoni.</strong></span> 
     </span>
    </p>
   </div>
   <div class='ocr_carea' id='block_1_9' title="bbox 477 1065 1766 1139">
    <p class='ocr_par' dir='ltr' id='par_1_9' title="bbox 477 1065 1766 1139">
     <span class='ocr_line' id='line_1_9' title="bbox 477 1065 1766 1139; baseline -0.006 -11"><span class='ocrx_word' id='word_1_45' title='bbox 477 1072 672 1128; x_wconf 86' lang='lat' dir='ltr'><strong>Obviet</strong></span> <span class='ocrx_word' id='word_1_46' title='bbox 698 1077 753 1126; x_wconf 87' lang='lat' dir='ltr'><strong>et</strong></span> <span class='ocrx_word' id='word_1_47' title='bbox 780 1082 1081 1139; x_wconf 84' lang='lat' dir='ltr'><strong>quanquam</strong></span> <span class='ocrx_word' id='word_1_48' title='bbox 1116 1068 1242 1120; x_wconf 87' lang='lat' dir='ltr'><strong>totis</strong></span> <span class='ocrx_word' id='word_1_49' title='bbox 1270 1066 1556 1121; x_wconf 82' lang='lat' dir='ltr'><strong>Academia</strong></span> <span class='ocrx_word' id='word_1_50' title='bbox 1586 1065 1766 1131; x_wconf 91' lang='lat' dir='ltr'><strong>sectis,</strong></span> 
     </span>
    </p>
   </div>
   <div class='ocr_carea' id='block_1_10' title="bbox 479 1156 1885 1234">
    <p class='ocr_par' dir='ltr' id='par_1_10' title="bbox 479 1156 1885 1234">
     <span class='ocr_line' id='line_1_10' title="bbox 479 1156 1885 1234; baseline -0.006 -15"><span class='ocrx_word' id='word_1_51' title='bbox 479 1165 653 1234; x_wconf 87' lang='lat' dir='ltr'><strong>Atque</strong></span> <span class='ocrx_word' id='word_1_52' title='bbox 683 1170 841 1231; x_wconf 83' lang='lat' dir='ltr'><strong>neget</strong></span> <span class='ocrx_word' id='word_1_53' title='bbox 864 1174 1074 1223; x_wconf 90' lang='lat' dir='ltr'><strong>verum,</strong></span> <span class='ocrx_word' id='word_1_54' title='bbox 1106 1157 1247 1213; x_wconf 82' lang='lat' dir='ltr'><strong>vcris</strong></span> <span class='ocrx_word' id='word_1_55' title='bbox 1277 1157 1414 1211; x_wconf 88' lang='lat' dir='ltr'><strong>hunc</strong></span> <span class='ocrx_word' id='word_1_56' title='bbox 1440 1156 1683 1212; x_wconf 86' lang='lat' dir='ltr'><strong>laudibus</strong></span> <span class='ocrx_word' id='word_1_57' title='bbox 1713 1166 1885 1213; x_wconf 90' lang='lat' dir='ltr'><strong>ornat.</strong></span> 
     </span>
    </p>
   </div>
   <div class='ocr_carea' id='block_1_11' title="bbox 479 1246 1768 1322">
    <p class='ocr_par' dir='ltr' id='par_1_11' title="bbox 479 1246 1768 1322">
     <span class='ocr_line' id='line_1_11' title="bbox 479 1246 1768 1322; baseline -0.006 -13"><span class='ocrx_word' id='word_1_58' title='bbox 479 1252 657 1309; x_wconf 86' lang='lat' dir='ltr'><strong>Stoica</strong></span> <span class='ocrx_word' id='word_1_59' title='bbox 686 1260 811 1322; x_wconf 89' lang='lat' dir='ltr'><strong>post</strong></span> <span class='ocrx_word' id='word_1_60' title='bbox 838 1250 988 1316; x_wconf 88' lang='lat' dir='ltr'><strong>istos,</strong></span> <span class='ocrx_word' id='word_1_61' title='bbox 1019 1248 1112 1303; x_wconf 85' lang='lat' dir='ltr'><strong>sed</strong></span> <span class='ocrx_word' id='word_1_62' title='bbox 1144 1247 1589 1302; x_wconf 82' lang='lat' dir='ltr'><strong>concordantibus</strong></span> <span class='ocrx_word' id='word_1_63' title='bbox 1618 1246 1768 1317; x_wconf 81' lang='lat' dir='ltr'><strong>ipsis,</strong></span> 
     </span>
    </p>
   </div>
   <div class='ocr_carea' id='block_1_12' title="bbox 478 1340 1897 1415">
    <p class='ocr_par' dir='ltr' id='par_1_12' title="bbox 478 1340 1897 1415">
     <span class='ocr_line' id='line_1_12' title="bbox 478 1340 1897 1415; baseline -0.006 -15"><span class='ocrx_word' id='word_1_64' title='bbox 478 1343 833 1415; x_wconf 81' lang='lat' dir='ltr'><strong>Chrysippus,</strong></span> <span class='ocrx_word' id='word_1_65' title='bbox 865 1340 1154 1408; x_wconf 83' lang='lat' dir='ltr'><strong>Zenonque</strong></span> <span class='ocrx_word' id='word_1_66' title='bbox 1185 1340 1376 1392; x_wconf 87' lang='lat' dir='ltr'><strong>docent</strong></span> <span class='ocrx_word' id='word_1_67' title='bbox 1402 1349 1663 1408; x_wconf 73' lang='lat' dir='ltr'><strong>prmcepta</strong></span> <span class='ocrx_word' id='word_1_68' title='bbox 1694 1346 1897 1395; x_wconf 90' lang='lat' dir='ltr'><strong>tenere.</strong></span> 
     </span>
    </p>
   </div>
   <div class='ocr_carea' id='block_1_13' title="bbox 482 1430 1845 1503">
    <p class='ocr_par' dir='ltr' id='par_1_13' title="bbox 482 1430 1845 1503">
     <span class='ocr_line' id='line_1_13' title="bbox 482 1430 1845 1503; baseline -0.006 -11"><span class='ocrx_word' id='word_1_69' title='bbox 482 1435 699 1492; x_wconf 80' lang='lat' dir='ltr'><strong>Exclusi</strong></span> <span class='ocrx_word' id='word_1_70' title='bbox 729 1447 895 1503; x_wconf 82' lang='lat' dir='ltr'><strong>prope</strong></span> <span class='ocrx_word' id='word_1_71' title='bbox 913 1434 1020 1501; x_wconf 86' lang='lat' dir='ltr'><strong>jam</strong></span> <span class='ocrx_word' id='word_1_72' title='bbox 1047 1430 1255 1502; x_wconf 87' lang='lat' dir='ltr'><strong>Cynici,</strong></span> <span class='ocrx_word' id='word_1_73' title='bbox 1285 1430 1381 1486; x_wconf 90' lang='lat' dir='ltr'><strong>sed</strong></span> <span class='ocrx_word' id='word_1_74' title='bbox 1412 1431 1598 1485; x_wconf 89' lang='lat' dir='ltr'><strong>limine</strong></span> <span class='ocrx_word' id='word_1_75' title='bbox 1621 1438 1845 1500; x_wconf 85' lang='lat' dir='ltr'><strong>restant,</strong></span> 
     </span>
    </p>
   </div>
   <div class='ocr_carea' id='block_1_14' title="bbox 482 1520 1656 1595">
    <p class='ocr_par' dir='ltr' id='par_1_14' title="bbox 482 1520 1656 1595">
     <span class='ocr_line' id='line_1_14' title="bbox 482 1520 1656 1595; baseline -0.006 -14"><span class='ocrx_word' id='word_1_76' title='bbox 482 1529 583 1583; x_wconf 89' lang='lat' dir='ltr'><strong>Ast</strong></span> <span class='ocrx_word' id='word_1_77' title='bbox 613 1527 908 1595; x_wconf 85' lang='lat' dir='ltr'><strong>Epicureos</strong></span> <span class='ocrx_word' id='word_1_78' title='bbox 938 1522 1178 1577; x_wconf 86' lang='lat' dir='ltr'><strong>eliminat</strong></span> <span class='ocrx_word' id='word_1_79' title='bbox 1202 1520 1440 1591; x_wconf 87' lang='lat' dir='ltr'><strong>undique</strong></span> <span class='ocrx_word' id='word_1_80' title='bbox 1468 1522 1656 1576; x_wconf 85' lang='lat' dir='ltr'><strong>virtus.</strong></span> 
     </span>
    </p>
   </div>
   <div class='ocr_carea' id='block_1_15' title="bbox 555 1613 1795 1687">
    <p class='ocr_par' dir='ltr' id='par_1_15' title="bbox 555 1613 1795 1687">
     <span class='ocr_line' id='line_1_15' title="bbox 555 1613 1795 1687; baseline -0.006 -14"><span class='ocrx_word' id='word_1_81' title='bbox 555 1620 621 1674; x_wconf 85' lang='lat' dir='ltr'><strong>At</strong></span> <span class='ocrx_word' id='word_1_82' title='bbox 652 1626 803 1687; x_wconf 87' lang='lat' dir='ltr'><strong>parte</strong></span> <span class='ocrx_word' id='word_1_83' title='bbox 832 1631 900 1671; x_wconf 81' lang='lat' dir='ltr'><strong>ex</strong></span> <span class='ocrx_word' id='word_1_84' title='bbox 928 1614 1030 1668; x_wconf 87' lang='lat' dir='ltr'><strong>alia</strong></span> <span class='ocrx_word' id='word_1_85' title='bbox 1059 1615 1291 1669; x_wconf 74' lang='lat' dir='ltr'><strong>teXIrino</strong></span> <span class='ocrx_word' id='word_1_86' title='bbox 1325 1614 1493 1680; x_wconf 88' lang='lat' dir='ltr'><strong>prima</strong></span> <span class='ocrx_word' id='word_1_87' title='bbox 1520 1613 1795 1668; x_wconf 67' lang='lat' dir='ltr'><strong>Minervaz.</strong></span> 
     </span>
    </p>
   </div>
   <div class='ocr_carea' id='block_1_16' title="bbox 488 1705 1729 1777">
    <p class='ocr_par' dir='ltr' id='par_1_16' title="bbox 488 1705 1729 1777">
     <span class='ocr_line' id='line_1_16' title="bbox 488 1705 1729 1777; baseline -0.006 -10"><span class='ocrx_word' id='word_1_88' title='bbox 488 1713 633 1767; x_wconf 82' lang='lat' dir='ltr'><strong>Palla</strong></span> <span class='ocrx_word' id='word_1_89' title='bbox 666 1710 812 1766; x_wconf 67' lang='lat' dir='ltr'><strong>lovis</strong></span> <span class='ocrx_word' id='word_1_90' title='bbox 832 1707 1037 1777; x_wconf 83' lang='lat' dir='ltr'><strong>rutilat,</strong></span> <span class='ocrx_word' id='word_1_91' title='bbox 1064 1708 1216 1775; x_wconf 88' lang='lat' dir='ltr'><strong>cujus</strong></span> <span class='ocrx_word' id='word_1_92' title='bbox 1240 1706 1319 1761; x_wconf 86' lang='lat' dir='ltr'><strong>bis</strong></span> <span class='ocrx_word' id='word_1_93' title='bbox 1344 1714 1529 1761; x_wconf 90' lang='lat' dir='ltr'><strong>coctus</strong></span> <span class='ocrx_word' id='word_1_94' title='bbox 1554 1705 1729 1761; x_wconf 88' lang='lat' dir='ltr'><strong>aheno</strong></span> 
     </span>
    </p>
   </div>
   <div class='ocr_carea' id='block_1_17' title="bbox 482 1799 1692 1860">
    <p class='ocr_par' dir='ltr' id='par_1_17' title="bbox 482 1799 1692 1860">
     <span class='ocr_line' id='line_1_17' title="bbox 482 1799 1692 1860; baseline -0.007 0"><span class='ocrx_word' id='word_1_95' title='bbox 482 1802 664 1860; x_wconf 87' lang='lat' dir='ltr'><strong>Serica</strong></span> <span class='ocrx_word' id='word_1_96' title='bbox 694 1800 947 1857; x_wconf 87' lang='lat' dir='ltr'><strong>Sidonius</strong></span> <span class='ocrx_word' id='word_1_97' title='bbox 977 1799 1191 1854; x_wconf 85' lang='lat' dir='ltr'><strong>fucabat</strong></span> <span class='ocrx_word' id='word_1_98' title='bbox 1219 1799 1450 1853; x_wconf 87' lang='lat' dir='ltr'><strong>stamina</strong></span> <span class='ocrx_word' id='word_1_99' title='bbox 1477 1811 1692 1853; x_wconf 80' lang='lat' dir='ltr'><strong>murex.</strong></span> 
     </span>
    </p>
   </div>
   <div class='ocr_carea' id='block_1_18' title="bbox 483 1891 1727 1963">
    <p class='ocr_par' dir='ltr' id='par_1_18' title="bbox 483 1891 1727 1963">
     <span class='ocr_line' id='line_1_18' title="bbox 483 1891 1727 1963; baseline -0.005 -13"><span class='ocrx_word' id='word_1_100' title='bbox 483 1896 641 1952; x_wconf 88' lang='lat' dir='ltr'><strong>Ebria</strong></span> <span class='ocrx_word' id='word_1_101' title='bbox 673 1909 772 1950; x_wconf 90' lang='lat' dir='ltr'><strong>nec</strong></span> <span class='ocrx_word' id='word_1_102' title='bbox 801 1894 972 1949; x_wconf 90' lang='lat' dir='ltr'><strong>solum</strong></span> <span class='ocrx_word' id='word_1_103' title='bbox 1001 1894 1165 1963; x_wconf 88' lang='lat' dir='ltr'><strong>spirat</strong></span> <span class='ocrx_word' id='word_1_104' title='bbox 1190 1891 1471 1963; x_wconf 79' lang='lat' dir='ltr'><strong>conchylia</strong></span> <span class='ocrx_word' id='word_1_105' title='bbox 1501 1891 1690 1963; x_wconf 79' lang='lat' dir='ltr'><strong>sandix</strong></span> <span class='ocrx_word' id='word_1_106' title='bbox 1716 1910 1727 1944; x_wconf 91' lang='lat'>:</span> 
     </span>
    </p>
   </div>
   <div class='ocr_carea' id='block_1_19' title="bbox 484 1982 1758 2053">
    <p class='ocr_par' dir='ltr' id='par_1_19' title="bbox 484 1982 1758 2053">
     <span class='ocr_line' id='line_1_19' title="bbox 484 1982 1758 2053; baseline -0.004 -11"><span class='ocrx_word' id='word_1_107' title='bbox 484 1989 743 2042; x_wconf 90' lang='lat' dir='ltr'><strong>Insertum</strong></span> <span class='ocrx_word' id='word_1_108' title='bbox 778 1999 896 2040; x_wconf 81' lang='lat' dir='ltr'><strong>ram</strong></span> <span class='ocrx_word' id='word_1_109' title='bbox 925 1983 1101 2053; x_wconf 77' lang='lat' dir='ltr'><strong>fulgur</strong></span> <span class='ocrx_word' id='word_1_110' title='bbox 1130 1982 1309 2047; x_wconf 86' lang='lat' dir='ltr'><strong>habet,</strong></span> <span class='ocrx_word' id='word_1_111' title='bbox 1339 1982 1537 2050; x_wconf 85' lang='lat' dir='ltr'><strong>Illoque</strong></span> <span class='ocrx_word' id='word_1_112' title='bbox 1565 1982 1758 2052; x_wconf 78' lang='lat' dir='ltr'><strong>rigenti</strong></span> 
     </span>
    </p>
   </div>
   <div class='ocr_carea' id='block_1_20' title="bbox 484 2074 1917 2149">
    <p class='ocr_par' dir='ltr' id='par_1_20' title="bbox 484 2074 1917 2149">
     <span class='ocr_line' id='line_1_20' title="bbox 484 2074 1917 2149; baseline -0.005 -14"><span class='ocrx_word' id='word_1_113' title='bbox 484 2080 721 2136; x_wconf 86' lang='lat' dir='ltr'><strong>Ardebat</strong></span> <span class='ocrx_word' id='word_1_114' title='bbox 747 2078 1023 2149; x_wconf 88' lang='lat' dir='ltr'><strong>gravidum</strong></span> <span class='ocrx_word' id='word_1_115' title='bbox 1048 2078 1115 2131; x_wconf 91' lang='lat' dir='ltr'><strong>de</strong></span> <span class='ocrx_word' id='word_1_116' title='bbox 1144 2076 1403 2146; x_wconf 74' lang='lat' dir='ltr'><strong>fragmine</strong></span> <span class='ocrx_word' id='word_1_117' title='bbox 1430 2074 1665 2130; x_wconf 77' lang='lat' dir='ltr'><strong>fulminis</strong></span> <span class='ocrx_word' id='word_1_118' title='bbox 1691 2082 1917 2130; x_wconf 90' lang='lat' dir='ltr'><strong>ostrum.</strong></span> 
     </span>
    </p>
   </div>
   <div class='ocr_carea' id='block_1_21' title="bbox 483 2167 1818 2239">
    <p class='ocr_par' dir='ltr' id='par_1_21' title="bbox 483 2167 1818 2239">
     <span class='ocr_line' id='line_1_21' title="bbox 483 2167 1818 2239; baseline -0.004 -14"><span class='ocrx_word' id='word_1_119' title='bbox 483 2172 581 2226; x_wconf 85' lang='lat' dir='ltr'><strong>Hie</strong></span> <span class='ocrx_word' id='word_1_120' title='bbox 606 2168 792 2224; x_wconf 86' lang='lat' dir='ltr'><strong>viridis</strong></span> <span class='ocrx_word' id='word_1_121' title='bbox 822 2168 996 2239; x_wconf 88' lang='lat' dir='ltr'><strong>patrio</strong></span> <span class='ocrx_word' id='word_1_122' title='bbox 1025 2167 1256 2224; x_wconf 84' lang='lat' dir='ltr'><strong>Glaucus</strong></span> <span class='ocrx_word' id='word_1_123' title='bbox 1288 2167 1552 2236; x_wconf 89' lang='lat' dir='ltr'><strong>pendebat</strong></span> <span class='ocrx_word' id='word_1_124' title='bbox 1582 2168 1781 2224; x_wconf 90' lang='lat' dir='ltr'><strong>amictu</strong></span> <span class='ocrx_word' id='word_1_125' title='bbox 1807 2186 1818 2219; x_wconf 89' lang='lat'><strong>:</strong></span> 
     </span>
    </p>
   </div>
   <div class='ocr_carea' id='block_1_22' title="bbox 556 2389 2065 2461">
    <p class='ocr_par' dir='ltr' id='par_1_22' title="bbox 556 2389 2065 2461">
     <span class='ocr_line' id='line_1_22' title="bbox 556 2389 2065 2461; baseline -0.001 -13"><span class='ocrx_word' id='word_1_126' title='bbox 556 2404 581 2431; x_wconf 74' lang='grc' dir='ltr'>ἰ</span> <span class='ocrx_word' id='word_1_127' title='bbox 610 2392 851 2448; x_wconf 86' lang='lat' dir='ltr'><strong>Turbato</strong></span> <span class='ocrx_word' id='word_1_128' title='bbox 880 2404 1037 2445; x_wconf 87' lang='lat' dir='ltr'><strong>antea</strong></span> <span class='ocrx_word' id='word_1_129' title='bbox 1069 2405 1255 2456; x_wconf 89' lang='lat' dir='ltr'><strong>sensu,</strong></span> <span class='ocrx_word' id='word_1_130' title='bbox 1290 2396 1433 2461; x_wconf 82' lang='lat' dir='ltr'><strong>pater</strong></span> <span class='ocrx_word' id='word_1_131' title='bbox 1461 2406 1565 2459; x_wconf 90' lang='lat' dir='ltr'><strong>qua</strong></span> <span class='ocrx_word' id='word_1_132' title='bbox 1588 2391 1788 2445; x_wconf 79' lang='lat' dir='ltr'><strong>consul.</strong></span> <span class='ocrx_word' id='word_1_133' title='bbox 1820 2389 2065 2446; x_wconf 82' lang='lat' dir='ltr'><strong>Araneo-</strong></span> 
     </span>
    </p>
   </div>
   <div class='ocr_carea' id='block_1_23' title="bbox 486 2461 2071 2534">
    <p class='ocr_par' dir='ltr' id='par_1_23' title="bbox 486 2461 2071 2534">
     <span class='ocr_line' id='line_1_23' title="bbox 486 2461 2071 2534; baseline -0.003 -15"><span class='ocrx_word' id='word_1_134' title='bbox 486 2467 550 2519; x_wconf 66' lang='grc' dir='ltr'><strong>ιω</strong></span> <span class='ocrx_word' id='word_1_135' title='bbox 572 2479 826 2534; x_wconf 86' lang='lat' dir='ltr'><strong>proavus,</strong></span> <span class='ocrx_word' id='word_1_136' title='bbox 858 2461 947 2534; x_wconf 86' lang='lat' dir='ltr'><strong>qui</strong></span> <span class='ocrx_word' id='word_1_137' title='bbox 978 2462 1236 2534; x_wconf 84' lang='lat' dir='ltr'><strong>et_patris</strong></span> <span class='ocrx_word' id='word_1_138' title='bbox 1258 2475 1424 2534; x_wconf 86' lang='lat' dir='ltr'><strong>avus,_</strong></span> <span class='ocrx_word' id='word_1_139' title='bbox 1457 2462 1701 2527; x_wconf 82' lang='lat' dir='ltr'><strong>Agricola</strong></span> <span class='ocrx_word' id='word_1_140' title='bbox 1742 2462 2071 2534; x_wconf 64' lang='lat' dir='ltr'><strong>consuline-</strong></span> 
     </span>
    </p>
   </div>
   <div class='ocr_carea' id='block_1_24' title="bbox 483 2530 2064 2602">
    <p class='ocr_par' dir='ltr' id='par_1_24' title="bbox 483 2530 2064 2602">
     <span class='ocr_line' id='line_1_24' title="bbox 483 2530 2064 2602; baseline -0.003 -14"><span class='ocrx_word' id='word_1_141' title='bbox 483 2530 590 2588; x_wconf 65' lang='grc' dir='ltr'><strong>ηιξ</strong></span> <span class='ocrx_word' id='word_1_142' title='bbox 611 2535 837 2602; x_wconf 84' lang='lat' dir='ltr'><strong>Optabat</strong></span> <span class='ocrx_word' id='word_1_143' title='bbox 863 2532 953 2584; x_wconf 90' lang='lat' dir='ltr'><strong>illa</strong></span> <span class='ocrx_word' id='word_1_144' title='bbox 978 2530 1264 2602; x_wconf 84' lang='lat' dir='ltr'><strong>palmatam</strong></span> <span class='ocrx_word' id='word_1_145' title='bbox 1288 2530 1427 2598; x_wconf 88' lang='lat' dir='ltr'><strong>patri</strong></span> <span class='ocrx_word' id='word_1_146' title='bbox 1452 2539 1657 2602; x_wconf 80' lang='lat' dir='ltr'><strong>texens,</strong></span> <span class='ocrx_word' id='word_1_147' title='bbox 1682 2539 1736 2583; x_wconf 90' lang='lat' dir='ltr'><strong>ut</strong></span> <span class='ocrx_word' id='word_1_148' title='bbox 1763 2538 1912 2597; x_wconf 86' lang='lat' dir='ltr'><strong>pater</strong></span> <span class='ocrx_word' id='word_1_149' title='bbox 1938 2532 2064 2584; x_wconf 87' lang='lat' dir='ltr'><strong>item</strong></span> 
     </span>
    </p>
   </div>
   <div class='ocr_carea' id='block_1_25' title="bbox 485 2600 2069 2669">
    <p class='ocr_par' dir='ltr' id='par_1_25' title="bbox 485 2600 2069 2669">
     <span class='ocr_line' id='line_1_25' title="bbox 485 2600 2069 2669; baseline -0.001 -12"><span class='ocrx_word' id='word_1_150' title='bbox 485 2600 671 2659; x_wconf 81' lang='lat' dir='ltr'><strong>consul</strong></span> <span class='ocrx_word' id='word_1_151' title='bbox 700 2603 871 2663; x_wconf 82' lang='lat' dir='ltr'><strong>fieret,</strong></span> <span class='ocrx_word' id='word_1_152' title='bbox 916 2615 1021 2669; x_wconf 89' lang='lat' dir='ltr'><strong>quo</strong></span> <span class='ocrx_word' id='word_1_153' title='bbox 1050 2600 1144 2655; x_wconf 86' lang='lat' dir='ltr'><strong>lilii</strong></span> <span class='ocrx_word' id='word_1_154' title='bbox 1173 2603 1426 2667; x_wconf 83' lang='lat' dir='ltr'><strong>deinceps</strong></span> <span class='ocrx_word' id='word_1_155' title='bbox 1455 2615 1562 2654; x_wconf 91' lang='lat' dir='ltr'><strong>non</strong></span> <span class='ocrx_word' id='word_1_156' title='bbox 1600 2601 1832 2655; x_wconf 80' lang='lat' dir='ltr'><strong>abavum</strong></span> <span class='ocrx_word' id='word_1_157' title='bbox 1874 2602 2069 2666; x_wconf 88' lang='lat' dir='ltr'><strong>solum,</strong></span> 
     </span>
    </p>
   </div>
   <div class='ocr_carea' id='block_1_26' title="bbox 489 2672 2074 2740">
    <p class='ocr_par' dir='ltr' id='par_1_26' title="bbox 489 2672 2074 2740">
     <span class='ocr_line' id='line_1_26' title="bbox 489 2672 2074 2740; baseline -0.001 -12"><span class='ocrx_word' id='word_1_158' title='bbox 489 2677 582 2730; x_wconf 81' lang='lat' dir='ltr'><strong>sed</strong></span> <span class='ocrx_word' id='word_1_159' title='bbox 613 2688 768 2729; x_wconf 88' lang='lat' dir='ltr'><strong>avum</strong></span> <span class='ocrx_word' id='word_1_160' title='bbox 794 2672 957 2727; x_wconf 84' lang='lat' dir='ltr'><strong>etiam</strong></span> <span class='ocrx_word' id='word_1_161' title='bbox 987 2685 1142 2724; x_wconf 90' lang='lat' dir='ltr'><strong>suum</strong></span> <span class='ocrx_word' id='word_1_162' title='bbox 1170 2673 1446 2740; x_wconf 85' lang='lat' dir='ltr'><strong>consulem</strong></span> <span class='ocrx_word' id='word_1_163' title='bbox 1476 2672 1619 2725; x_wconf 89' lang='lat' dir='ltr'><strong>ciere</strong></span> <span class='ocrx_word' id='word_1_164' title='bbox 1649 2682 1886 2738; x_wconf 84' lang='lat' dir='ltr'><strong>possent.</strong></span> <span class='ocrx_word' id='word_1_165' title='bbox 1920 2674 2074 2740; x_wconf 83' lang='lat' dir='ltr'><strong>Agri-</strong></span> 
     </span>
    </p>
   </div>
   <div class='ocr_carea' id='block_1_27' title="bbox 487 2739 2066 2864">
    <p class='ocr_par' dir='ltr' id='par_1_27' title="bbox 487 2739 2066 2864">
     <span class='ocr_line' id='line_1_27' title="bbox 487 2739 2066 2864; baseline -0.003 -63"><span class='ocrx_word' id='word_1_166' title='bbox 487 2747 606 2801; x_wconf 77' lang='lat' dir='ltr'><strong>Cola</strong></span> <span class='ocrx_word' id='word_1_167' title='bbox 662 2743 896 2798; x_wconf 65' lang='lat' dir='ltr'><strong>Honorio</strong></span> <span class='ocrx_word' id='word_1_168' title='bbox 934 2740 1232 2810; x_wconf 85' lang='lat' dir='ltr'><strong>imperante</strong></span> <span class='ocrx_word' id='word_1_169' title='bbox 1278 2739 1428 2864; x_wconf 47' lang='grc' dir='ltr'><strong>ιᾳῚ</strong></span> <span class='ocrx_word' id='word_1_170' title='bbox 1472 2741 1659 2795; x_wconf 82' lang='lat' dir='ltr'><strong>consul</strong></span> <span class='ocrx_word' id='word_1_171' title='bbox 1705 2756 1823 2795; x_wconf 91' lang='lat' dir='ltr'><strong>cum</strong></span> <span class='ocrx_word' id='word_1_172' title='bbox 1876 2743 2066 2796; x_wconf 86' lang='lat' dir='ltr'><strong>Eusta—</strong></span> 
     </span>
     <span class='ocr_line' id='line_1_28' title="bbox 488 2810 2063 2864; baseline 0.001 -2"><span class='ocrx_word' id='word_1_173' title='bbox 488 2818 599 2864; x_wconf 68' lang='lat' dir='ltr'><strong>thio</strong></span> <span class='ocrx_word' id='word_1_174' title='bbox 641 2814 812 2864; x_wconf 81' lang='lat' dir='ltr'><strong>fuerat</strong></span> <span class='ocrx_word' id='word_1_175' title='bbox 855 2826 994 2864; x_wconf 88' lang='lat' dir='ltr'><strong>anno</strong></span> <span class='ocrx_word' id='word_1_176' title='bbox 1039 2811 1163 2864; x_wconf 67' lang='grc'><strong>421.</strong></span> <span class='ocrx_word' id='word_1_177' title='bbox 1218 2811 1334 2864; x_wconf 67' lang='lat' dir='ltr'><strong>Prae</strong></span> <span class='ocrx_word' id='word_1_178' title='bbox 1361 2820 1600 2864; x_wconf 85' lang='lat' dir='ltr'><strong>ecturam</strong></span> <span class='ocrx_word' id='word_1_179' title='bbox 1641 2810 1781 2864; x_wconf 89' lang='lat' dir='ltr'><strong>idem</strong></span> <span class='ocrx_word' id='word_1_180' title='bbox 1830 2814 2063 2864; x_wconf 72' lang='lat' dir='ltr'><strong>nrmtorii</strong></span> 
     </span>
    </p>
   </div>
   <div class='ocr_carea' id='block_1_28' title="bbox 488 2810 2063 2880">
    <p class='ocr_par' dir='ltr' id='par_1_28' title="bbox 488 2810 2063 2880">
     <span class='ocr_line' id='line_1_29' title="bbox 488 2810 2063 2880; baseline -0.002 -11"><span class='ocrx_word' id='word_1_181' title='bbox 488 2818 599 2869; x_wconf 66' lang='lat' dir='ltr'><strong>nhio</strong></span> <span class='ocrx_word' id='word_1_182' title='bbox 640 2814 812 2868; x_wconf 89' lang='lat' dir='ltr'><strong>fuerat</strong></span> <span class='ocrx_word' id='word_1_183' title='bbox 855 2826 994 2866; x_wconf 89' lang='lat' dir='ltr'><strong>anno</strong></span> <span class='ocrx_word' id='word_1_184' title='bbox 1039 2811 1163 2865; x_wconf 66' lang='lat'><strong>421.</strong></span> <span class='ocrx_word' id='word_1_185' title='bbox 1218 2810 1600 2865; x_wconf 56' lang='lat' dir='ltr'><strong>Priefecturam</strong></span> <span class='ocrx_word' id='word_1_186' title='bbox 1641 2810 1781 2865; x_wconf 91' lang='lat' dir='ltr'><strong>idem</strong></span> <span class='ocrx_word' id='word_1_187' title='bbox 1830 2814 2063 2880; x_wconf 81' lang='lat' dir='ltr'><strong>praetorii</strong></span> 
     </span>
    </p>
   </div>
   <div class='ocr_carea' id='block_1_29' title="bbox 428 2878 2066 2951">
    <p class='ocr_par' dir='ltr' id='par_1_29' title="bbox 428 2878 2066 2951">
     <span class='ocr_line' id='line_1_30' title="bbox 428 2878 2066 2951; baseline -0.002 -10"><span class='ocrx_word' id='word_1_188' title='bbox 428 2878 431 2883; x_wconf 52' lang='grc'><strong><em>“</em></strong></span> <span class='ocrx_word' id='word_1_189' title='bbox 487 2887 779 2941; x_wconf 80' lang='lat' dir='ltr'><strong>Galliarum</strong></span> <span class='ocrx_word' id='word_1_190' title='bbox 810 2882 1238 2950; x_wconf 70' lang='lat' dir='ltr'><strong>praecedentibus</strong></span> <span class='ocrx_word' id='word_1_191' title='bbox 1263 2885 1418 2935; x_wconf 89' lang='lat' dir='ltr'><strong>annis</strong></span> <span class='ocrx_word' id='word_1_192' title='bbox 1452 2878 1856 2936; x_wconf 79' lang='lat' dir='ltr'><strong>adminiSIrarat</strong></span> <span class='ocrx_word' id='word_1_193' title='bbox 1882 2902 1896 2937; x_wconf 89' lang='lat'><strong>:</strong></span> <span class='ocrx_word' id='word_1_194' title='bbox 1922 2886 2066 2951; x_wconf 76' lang='lat' dir='ltr'><strong>quod</strong></span> 
     </span>
    </p>
   </div>
   <div class='ocr_carea' id='block_1_30' title="bbox 485 2951 2069 3026">
    <p class='ocr_par' dir='ltr' id='par_1_30' title="bbox 485 2951 2069 3026">
     <span class='ocr_line' id='line_1_31' title="bbox 485 2951 2069 3026; baseline -0.001 -15"><span class='ocrx_word' id='word_1_195' title='bbox 485 2966 631 3026; x_wconf 88' lang='lat' dir='ltr'><strong>patet</strong></span> <span class='ocrx_word' id='word_1_196' title='bbox 662 2971 725 3010; x_wconf 83' lang='lat' dir='ltr'><strong>ex</strong></span> <span class='ocrx_word' id='word_1_197' title='bbox 758 2955 936 3010; x_wconf 87' lang='lat' dir='ltr'><strong>edicto</strong></span> <span class='ocrx_word' id='word_1_198' title='bbox 966 2955 1155 3026; x_wconf 78' lang='lat' dir='ltr'><strong>ipsius,</strong></span> <span class='ocrx_word' id='word_1_199' title='bbox 1196 2962 1254 3026; x_wconf 8' lang='lat' dir='ltr'><strong>et?</strong></span> <span class='ocrx_word' id='word_1_200' title='bbox 1279 2951 1501 3026; x_wconf 80' lang='lat' dir='ltr'><strong>Palladii</strong></span> <span class='ocrx_word' id='word_1_201' title='bbox 1534 2954 1771 3019; x_wconf 65' lang='lat' dir='ltr'><strong>praefecti</strong></span> <span class='ocrx_word' id='word_1_202' title='bbox 1812 2954 1971 3007; x_wconf 62' lang='lat' dir='ltr'><strong>Italiae</strong></span> <span class='ocrx_word' id='word_1_203' title='bbox 2001 2955 2069 3009; x_wconf 87' lang='lat' dir='ltr'><strong>de</strong></span> 
     </span>
    </p>
   </div>
   <div class='ocr_carea' id='block_1_31' title="bbox 485 3023 2070 3096">
    <p class='ocr_par' dir='ltr' id='par_1_31' title="bbox 485 3023 2070 3096">
     <span class='ocr_line' id='line_1_32' title="bbox 485 3023 2070 3096; baseline -0.004 -15"><span class='ocrx_word' id='word_1_204' title='bbox 485 3023 677 3081; x_wconf 74' lang='lat' dir='ltr'><strong>exsilio</strong></span> <span class='ocrx_word' id='word_1_205' title='bbox 702 3026 898 3096; x_wconf 81' lang='lat' dir='ltr'><strong>Pelagii</strong></span> <span class='ocrx_word' id='word_1_206' title='bbox 935 3038 996 3077; x_wconf 91' lang='lat' dir='ltr'><strong>ac</strong></span> <span class='ocrx_word' id='word_1_207' title='bbox 1024 3023 1283 3088; x_wconf 81' lang='lat' dir='ltr'><strong>Caelestii,</strong></span> <span class='ocrx_word' id='word_1_208' title='bbox 1306 3024 1739 3096; x_wconf 81' lang='lat' dir='ltr'><strong>quodinsertum</strong></span> <span class='ocrx_word' id='word_1_209' title='bbox 1773 3036 1853 3077; x_wconf 80' lang='lat' dir='ltr'><strong>est</strong></span> <span class='ocrx_word' id='word_1_210' title='bbox 1890 3027 2070 3096; x_wconf 80' lang='lat' dir='ltr'><strong>Anna-</strong></span> 
     </span>
    </p>
   </div>
   <div class='ocr_carea' id='block_1_32' title="bbox 1670 310 2401 375">
    <p class='ocr_par' dir='ltr' id='par_1_32' title="bbox 1670 310 2401 375">
     <span class='ocr_line' id='line_1_33' title="bbox 1670 310 2401 375; baseline -0.001 -3"><span class='ocrx_word' id='word_1_211' title='bbox 1670 310 1912 373; x_wconf 79' lang='lat' dir='ltr'><strong>SIDONII</strong></span> <span class='ocrx_word' id='word_1_212' title='bbox 1950 312 2401 375; x_wconf 71' lang='lat' dir='ltr'><strong>APOLLINARIS</strong></span> 
     </span>
    </p>
   </div>
   <div class='ocr_carea' id='block_1_33' title="bbox 2074 422 3387 497">
    <p class='ocr_par' dir='ltr' id='par_1_33' title="bbox 2074 422 3387 497">
     <span class='ocr_line' id='line_1_34' title="bbox 2074 422 3387 497; baseline -0.002 -12"><span class='ocrx_word' id='word_1_213' title='bbox 2074 429 2129 495; x_wconf 80' lang='grc' dir='ltr'>Λ</span> <span class='ocrx_word' id='word_1_214' title='bbox 2154 424 2438 485; x_wconf 87' lang='lat' dir='ltr'><strong>Undabant</strong></span> <span class='ocrx_word' id='word_1_215' title='bbox 2463 423 2551 480; x_wconf 87' lang='lat' dir='ltr'><strong>hic</strong></span> <span class='ocrx_word' id='word_1_216' title='bbox 2577 430 2694 481; x_wconf 82' lang='lat' dir='ltr'><strong>arte</strong></span> <span class='ocrx_word' id='word_1_217' title='bbox 2723 422 2895 492; x_wconf 82' lang='lat' dir='ltr'><strong>sinus,</strong></span> <span class='ocrx_word' id='word_1_218' title='bbox 2920 423 3152 497; x_wconf 79' lang='lat' dir='ltr'><strong>ﬁctoque</strong></span> <span class='ocrx_word' id='word_1_219' title='bbox 3176 430 3387 483; x_wconf 85' lang='lat' dir='ltr'><strong>tumore</strong></span> 
     </span>
    </p>
   </div>
   <div class='ocr_carea' id='block_1_34' title="bbox 3635 309 3760 376">
    <p class='ocr_par' dir='ltr' id='par_1_34' title="bbox 3635 309 3760 376">
     <span class='ocr_line' id='line_1_35' title="bbox 3635 309 3760 376; baseline 0.032 -3"><span class='ocrx_word' id='word_1_220' title='bbox 3635 309 3760 376; x_wconf 69' lang='grc' dir='ltr'><strong>ἠσ</strong></span> 
     </span>
    </p>
   </div>
   <div class='ocr_carea' id='block_1_35' title="bbox 2161 515 3421 589">
    <p class='ocr_par' dir='ltr' id='par_1_35' title="bbox 2161 515 3421 589">
     <span class='ocr_line' id='line_1_36' title="bbox 2161 515 3421 589; baseline -0.002 -15"><span class='ocrx_word' id='word_1_221' title='bbox 2161 518 2425 574; x_wconf 80' lang='lat' dir='ltr'><strong>Mersabat</strong></span> <span class='ocrx_word' id='word_1_222' title='bbox 2457 516 2658 589; x_wconf 85' lang='lat' dir='ltr'><strong>pandas</strong></span> <span class='ocrx_word' id='word_1_223' title='bbox 2686 524 2977 589; x_wconf 85' lang='lat' dir='ltr'><strong>tempestas</strong></span> <span class='ocrx_word' id='word_1_224' title='bbox 3006 523 3154 572; x_wconf 78' lang='lat' dir='ltr'><strong>texts</strong></span> <span class='ocrx_word' id='word_1_225' title='bbox 3185 515 3421 585; x_wconf 83' lang='lat' dir='ltr'><strong>carinas.</strong></span> 
     </span>
    </p>
   </div>
   <div class='ocr_carea' id='block_1_36' title="bbox 2162 607 3347 683">
    <p class='ocr_par' dir='ltr' id='par_1_36' title="bbox 2162 607 3347 683">
     <span class='ocr_line' id='line_1_37' title="bbox 2162 607 3347 683; baseline -0.003 -18"><span class='ocrx_word' id='word_1_226' title='bbox 2162 607 2627 679; x_wconf 84' lang='lat' dir='ltr'><strong>Amphitryoniadi</strong></span> <span class='ocrx_word' id='word_1_227' title='bbox 2664 608 2921 683; x_wconf 85' lang='lat' dir='ltr'><strong>surgebat</strong></span> <span class='ocrx_word' id='word_1_228' title='bbox 2948 608 3105 663; x_wconf 87' lang='lat' dir='ltr'><strong>tertia</strong></span> <span class='ocrx_word' id='word_1_229' title='bbox 3131 608 3301 665; x_wconf 85' lang='lat' dir='ltr'><strong>vestis</strong></span> <span class='ocrx_word' id='word_1_230' title='bbox 3334 625 3347 662; x_wconf 87' lang='lat'><strong>:</strong></span> 
     </span>
    </p>
   </div>
   <div class='ocr_carea' id='block_1_37' title="bbox 2162 698 3571 770">
    <p class='ocr_par' dir='ltr' id='par_1_37' title="bbox 2162 698 3571 770">
     <span class='ocr_line' id='line_1_38' title="bbox 2162 698 3571 770; baseline 0.004 -16"><span class='ocrx_word' id='word_1_231' title='bbox 2162 698 2423 754; x_wconf 90' lang='lat' dir='ltr'><strong>Parvulus</strong></span> <span class='ocrx_word' id='word_1_232' title='bbox 2445 698 2533 753; x_wconf 88' lang='lat' dir='ltr'><strong>hic</strong></span> <span class='ocrx_word' id='word_1_233' title='bbox 2556 698 2769 768; x_wconf 84' lang='lat' dir='ltr'><strong>gemino</strong></span> <span class='ocrx_word' id='word_1_234' title='bbox 2789 699 2996 755; x_wconf 87' lang='lat' dir='ltr'><strong>cinctus</strong></span> <span class='ocrx_word' id='word_1_235' title='bbox 3023 707 3275 768; x_wconf 83' lang='lat' dir='ltr'><strong>serpente</strong></span> <span class='ocrx_word' id='word_1_236' title='bbox 3301 712 3571 770; x_wconf 57' lang='lat' dir='ltr'><strong>noverca,</strong></span> 
     </span>
    </p>
   </div>
   <div class='ocr_carea' id='block_1_38' title="bbox 2165 788 3496 859">
    <p class='ocr_par' dir='ltr' id='par_1_38' title="bbox 2165 788 3496 859">
     <span class='ocr_line' id='line_1_39' title="bbox 2165 788 3496 859; baseline 0.003 -16"><span class='ocrx_word' id='word_1_237' title='bbox 2165 790 2369 845; x_wconf 92' lang='lat' dir='ltr'><strong>Inscius</strong></span> <span class='ocrx_word' id='word_1_238' title='bbox 2392 789 2595 844; x_wconf 91' lang='lat' dir='ltr'><strong>arridet</strong></span> <span class='ocrx_word' id='word_1_239' title='bbox 2623 789 2903 852; x_wconf 90' lang='lat' dir='ltr'><strong>monstris,</strong></span> <span class='ocrx_word' id='word_1_240' title='bbox 2937 788 3228 859; x_wconf 88' lang='lat' dir='ltr'><strong>ludumque</strong></span> <span class='ocrx_word' id='word_1_241' title='bbox 3258 790 3496 859; x_wconf 86' lang='lat' dir='ltr'><strong>putando</strong></span> 
     </span>
    </p>
   </div>
   <div class='ocr_carea' id='block_1_39' title="bbox 2172 880 3520 953">
    <p class='ocr_par' dir='ltr' id='par_1_39' title="bbox 2172 880 3520 953">
     <span class='ocr_line' id='line_1_40' title="bbox 2172 880 3520 953; baseline 0 -18"><span class='ocrx_word' id='word_1_242' title='bbox 2172 881 2396 935; x_wconf 90' lang='lat' dir='ltr'><strong>Insidias</strong></span> <span class='ocrx_word' id='word_1_243' title='bbox 2425 880 2550 935; x_wconf 90' lang='lat' dir='ltr'><strong>dum</strong></span> <span class='ocrx_word' id='word_1_244' title='bbox 2585 881 2758 936; x_wconf 88' lang='lat' dir='ltr'><strong>nescit</strong></span> <span class='ocrx_word' id='word_1_245' title='bbox 2784 891 2947 947; x_wconf 89' lang='lat' dir='ltr'><strong>amat,</strong></span> <span class='ocrx_word' id='word_1_246' title='bbox 2990 881 3249 953; x_wconf 82' lang='lat' dir='ltr'><strong>vultuque</strong></span> <span class='ocrx_word' id='word_1_247' title='bbox 3286 882 3520 949; x_wconf 79' lang='lat' dir='ltr'><strong>dolentis</strong></span> 
     </span>
    </p>
   </div>
   <div class='ocr_carea' id='block_1_40' title="bbox 2171 973 3468 1047">
    <p class='ocr_par' dir='ltr' id='par_1_40' title="bbox 2171 973 3468 1047">
     <span class='ocr_line' id='line_1_41' title="bbox 2171 973 3468 1047; baseline 0.003 -18"><span class='ocrx_word' id='word_1_248' title='bbox 2171 973 2451 1047; x_wconf 81' lang='lat' dir='ltr'><strong>Exstingui</strong></span> <span class='ocrx_word' id='word_1_249' title='bbox 2479 974 2644 1029; x_wconf 84' lang='lat' dir='ltr'><strong>deﬂet</strong></span> <span class='ocrx_word' id='word_1_250' title='bbox 2678 989 2813 1045; x_wconf 90' lang='lat' dir='ltr'><strong>quos</strong></span> <span class='ocrx_word' id='word_1_251' title='bbox 2840 975 2953 1042; x_wconf 84' lang='lat' dir='ltr'><strong>ipse</strong></span> <span class='ocrx_word' id='word_1_252' title='bbox 2976 975 3226 1031; x_wconf 78' lang='lat' dir='ltr'><strong>interficit</strong></span> <span class='ocrx_word' id='word_1_253' title='bbox 3247 991 3468 1047; x_wconf 80' lang='lat' dir='ltr'><strong>angues.</strong></span> 
     </span>
    </p>
   </div>
   <div class='ocr_carea' id='block_1_41' title="bbox 2164 1062 3460 1143">
    <p class='ocr_par' dir='ltr' id='par_1_41' title="bbox 2164 1062 3460 1143">
     <span class='ocr_line' id='line_1_42' title="bbox 2164 1062 3460 1143; baseline 0.002 -20"><span class='ocrx_word' id='word_1_254' title='bbox 2164 1062 2432 1124; x_wconf 82' lang='lat' dir='ltr'><strong>Praeterea</strong></span> <span class='ocrx_word' id='word_1_255' title='bbox 2464 1067 2666 1138; x_wconf 87' lang='lat' dir='ltr'><strong>sparsis</strong></span> <span class='ocrx_word' id='word_1_256' title='bbox 2689 1077 2814 1129; x_wconf 89' lang='lat' dir='ltr'><strong>sunt</strong></span> <span class='ocrx_word' id='word_1_257' title='bbox 2844 1068 2957 1129; x_wconf 52' lang='lat' dir='ltr'><strong>haec</strong></span> <span class='ocrx_word' id='word_1_258' title='bbox 2987 1068 3226 1143; x_wconf 83' lang='lat' dir='ltr'><strong>subjecta</strong></span> <span class='ocrx_word' id='word_1_259' title='bbox 3252 1068 3460 1142; x_wconf 79' lang='lat' dir='ltr'><strong>ﬁguris,</strong></span> 
     </span>
    </p>
   </div>
   <div class='ocr_carea' id='block_1_42' title="bbox 2165 1162 3753 1237">
    <p class='ocr_par' dir='ltr' id='par_1_42' title="bbox 2165 1162 3753 1237">
     <span class='ocr_line' id='line_1_43' title="bbox 2165 1162 3753 1237; baseline 0.003 -20"><span class='ocrx_word' id='word_1_260' title='bbox 2165 1162 2290 1227; x_wconf 90' lang='lat' dir='ltr'><strong>Sus,</strong></span> <span class='ocrx_word' id='word_1_261' title='bbox 2307 1162 2413 1228; x_wconf 90' lang='lat' dir='ltr'><strong>leo,</strong></span> <span class='ocrx_word' id='word_1_262' title='bbox 2433 1176 2613 1229; x_wconf 89' lang='lat' dir='ltr'><strong>cerva,</strong></span> <span class='ocrx_word' id='word_1_263' title='bbox 2637 1163 2807 1234; x_wconf 88' lang='lat' dir='ltr'><strong>gigas,</strong></span> <span class='ocrx_word' id='word_1_264' title='bbox 2833 1171 3039 1229; x_wconf 89' lang='lat' dir='ltr'><strong>taurus,</strong></span> <span class='ocrx_word' id='word_1_265' title='bbox 3064 1164 3211 1233; x_wconf 79' lang='lat' dir='ltr'><strong>iuga,</strong></span> <span class='ocrx_word' id='word_1_266' title='bbox 3235 1162 3528 1232; x_wconf 81' lang='lat' dir='ltr'><strong>Cerberus,</strong></span> <span class='ocrx_word' id='word_1_267' title='bbox 3554 1162 3753 1237; x_wconf 78' lang='lat' dir='ltr'><strong>hydra,</strong></span> 
     </span>
    </p>
   </div>
   <div class='ocr_carea' id='block_1_43' title="bbox 2165 1251 3753 1325">
    <p class='ocr_par' dir='ltr' id='par_1_43' title="bbox 2165 1251 3753 1325">
     <span class='ocr_line' id='line_1_44' title="bbox 2165 1251 3753 1325; baseline 0.003 -18"><span class='ocrx_word' id='word_1_268' title='bbox 2165 1252 2404 1322; x_wconf 85' lang='lat' dir='ltr'><strong>Hospes,</strong></span> <span class='ocrx_word' id='word_1_269' title='bbox 2448 1254 2677 1321; x_wconf 73' lang='lat' dir='ltr'><strong>Nessus,</strong></span> <span class='ocrx_word' id='word_1_270' title='bbox 2731 1252 2905 1323; x_wconf 84' lang='lat' dir='ltr'><strong>Eryx,</strong></span> <span class='ocrx_word' id='word_1_271' title='bbox 2962 1251 3248 1322; x_wconf 79' lang='lat' dir='ltr'><strong>volucres,</strong></span> <span class='ocrx_word' id='word_1_272' title='bbox 3297 1253 3501 1325; x_wconf 76' lang='lat' dir='ltr'><strong>Thrax,</strong></span> <span class='ocrx_word' id='word_1_273' title='bbox 3545 1255 3753 1318; x_wconf 86' lang='lat' dir='ltr'><strong>Cacus.</strong></span> 
     </span>
    </p>
   </div>
   <div class='ocr_carea' id='block_1_44' title="bbox 3393 1342 3680 1419">
    <p class='ocr_par' dir='ltr' id='par_1_44' title="bbox 3393 1342 3680 1419">
     <span class='ocr_line' id='line_1_45' title="bbox 3393 1342 3680 1419; baseline 0.003 -18"><span class='ocrx_word' id='word_1_274' title='bbox 3393 1342 3680 1419; x_wconf 68' lang='lat' dir='ltr'><strong>[Amazom</strong></span> 
     </span>
    </p>
   </div>
   <div class='ocr_carea' id='block_1_45' title="bbox 2168 1432 3753 1507">
    <p class='ocr_par' dir='ltr' id='par_1_45' title="bbox 2168 1432 3753 1507">
     <span class='ocr_line' id='line_1_46' title="bbox 2168 1432 3753 1507; baseline 0.003 -19"><span class='ocrx_word' id='word_1_275' title='bbox 2168 1433 2318 1499; x_wconf 86' lang='lat' dir='ltr'><strong>Cres,</strong></span> <span class='ocrx_word' id='word_1_276' title='bbox 2345 1432 2561 1498; x_wconf 83' lang='lat' dir='ltr'><strong>ﬂuvius,</strong></span> <span class='ocrx_word' id='word_1_277' title='bbox 2593 1432 2739 1495; x_wconf 82' lang='lat' dir='ltr'><strong>Libs,</strong></span> <span class='ocrx_word' id='word_1_278' title='bbox 2762 1448 2945 1502; x_wconf 84' lang='lat' dir='ltr'><strong>poma,</strong></span> <span class='ocrx_word' id='word_1_279' title='bbox 2980 1434 3171 1506; x_wconf 78' lang='lat' dir='ltr'><strong>Lycus,</strong></span> <span class='ocrx_word' id='word_1_280' title='bbox 3195 1434 3367 1507; x_wconf 84' lang='lat' dir='ltr'><strong>virgo,</strong></span> <span class='ocrx_word' id='word_1_281' title='bbox 3396 1438 3574 1506; x_wconf 84' lang='lat' dir='ltr'><strong>potus,</strong></span> <span class='ocrx_word' id='word_1_282' title='bbox 3596 1438 3753 1493; x_wconf 83' lang='lat' dir='ltr'><strong>Oete.</strong></span> 
     </span>
    </p>
   </div>
   <div class='ocr_carea' id='block_1_46' title="bbox 2241 1523 3752 1597">
    <p class='ocr_par' dir='ltr' id='par_1_46' title="bbox 2241 1523 3752 1597">
     <span class='ocr_line' id='line_1_47' title="bbox 2241 1523 3752 1597; baseline 0.002 -22"><span class='ocrx_word' id='word_1_283' title='bbox 2241 1523 2350 1578; x_wconf 92' lang='lat' dir='ltr'><strong>Iloc</strong></span> <span class='ocrx_word' id='word_1_284' title='bbox 2370 1537 2524 1593; x_wconf 90' lang='lat' dir='ltr'><strong>opus,</strong></span> <span class='ocrx_word' id='word_1_285' title='bbox 2544 1532 2598 1578; x_wconf 92' lang='lat' dir='ltr'><strong>et</strong></span> <span class='ocrx_word' id='word_1_286' title='bbox 2628 1525 2670 1579; x_wconf 90' lang='lat' dir='ltr'><strong>si</strong></span> <span class='ocrx_word' id='word_1_287' title='bbox 2699 1524 2827 1593; x_wconf 89' lang='lat' dir='ltr'><strong>quid</strong></span> <span class='ocrx_word' id='word_1_288' title='bbox 2854 1534 3122 1596; x_wconf 87' lang='lat' dir='ltr'><strong>superest,</strong></span> <span class='ocrx_word' id='word_1_289' title='bbox 3143 1525 3285 1597; x_wconf 89' lang='lat' dir='ltr'><strong>quod</strong></span> <span class='ocrx_word' id='word_1_290' title='bbox 3313 1527 3533 1581; x_wconf 87' lang='lat' dir='ltr'><strong>nomina</strong></span> <span class='ocrx_word' id='word_1_291' title='bbox 3554 1527 3752 1591; x_wconf 82' lang='lat' dir='ltr'><strong>nescit,</strong></span> 
     </span>
    </p>
   </div>
   <div class='ocr_carea' id='block_1_47' title="bbox 2189 1612 3751 1689">
    <p class='ocr_par' dir='ltr' id='par_1_47' title="bbox 2189 1612 3751 1689">
     <span class='ocr_line' id='line_1_48' title="bbox 2189 1612 3751 1689; baseline 0.001 -20"><span class='ocrx_word' id='word_1_292' title='bbox 2189 1613 2353 1689; x_wconf 80' lang='lat'><strong>379</strong></span> <span class='ocrx_word' id='word_1_293' title='bbox 2379 1612 2657 1685; x_wconf 60' lang='lat' dir='ltr'><strong>Virginem,</strong></span> <span class='ocrx_word' id='word_1_294' title='bbox 2671 1629 2897 1685; x_wconf 90' lang='lat' dir='ltr'><strong>posuere</strong></span> <span class='ocrx_word' id='word_1_295' title='bbox 2923 1630 3148 1683; x_wconf 85' lang='lat' dir='ltr'><strong>manus;</strong></span> <span class='ocrx_word' id='word_1_296' title='bbox 3176 1618 3270 1673; x_wconf 88' lang='lat' dir='ltr'><strong>sed</strong></span> <span class='ocrx_word' id='word_1_297' title='bbox 3306 1617 3358 1673; x_wconf 91' lang='lat' dir='ltr'><strong>in</strong></span> <span class='ocrx_word' id='word_1_298' title='bbox 3381 1617 3596 1689; x_wconf 75' lang='lat' dir='ltr'><strong>agmine</strong></span> <span class='ocrx_word' id='word_1_299' title='bbox 3640 1626 3751 1677; x_wconf 81' lang='lat' dir='ltr'><strong>tetu</strong></span> 
     </span>
    </p>
   </div>
   <div class='ocr_carea' id='block_1_48' title="bbox 2171 1705 3344 1779">
    <p class='ocr_par' dir='ltr' id='par_1_48' title="bbox 2171 1705 3344 1779">
     <span class='ocr_line' id='line_1_49' title="bbox 2171 1705 3344 1779; baseline 0.003 -20"><span class='ocrx_word' id='word_1_300' title='bbox 2171 1706 2313 1762; x_wconf 88' lang='lat' dir='ltr'><strong>Inter</strong></span> <span class='ocrx_word' id='word_1_301' title='bbox 2329 1705 2620 1776; x_wconf 83' lang='lat' dir='ltr'><strong>Cecropias</strong></span> <span class='ocrx_word' id='word_1_302' title='bbox 2638 1707 3113 1779; x_wconf 84' lang='lat' dir='ltr'><strong>Ephyreiadasque</strong></span> <span class='ocrx_word' id='word_1_303' title='bbox 3141 1709 3344 1779; x_wconf 87' lang='lat' dir='ltr'><strong>puellas</strong></span> 
     </span>
    </p>
   </div>
   <div class='ocr_carea' id='block_1_49' title="bbox 2088 1800 3462 1872">
    <p class='ocr_par' dir='ltr' id='par_1_49' title="bbox 2088 1800 3462 1872">
     <span class='ocr_line' id='line_1_50' title="bbox 2088 1800 3462 1872; baseline 0 -16"><span class='ocrx_word' id='word_1_304' title='bbox 2088 1809 2144 1872; x_wconf 70' lang='grc' dir='ltr'><strong>,Β</strong></span> <span class='ocrx_word' id='word_1_305' title='bbox 2172 1800 2435 1856; x_wconf 88' lang='lat' dir='ltr'><strong>Araneola</strong></span> <span class='ocrx_word' id='word_1_306' title='bbox 2461 1805 2623 1854; x_wconf 67' lang='lat' dir='ltr'><strong>micat</strong></span> <span class='ocrx_word' id='word_1_307' title='bbox 2653 1816 2669 1856; x_wconf 89' lang='lat'><strong>:</strong></span> <span class='ocrx_word' id='word_1_308' title='bbox 2702 1801 2947 1871; x_wconf 89' lang='lat' dir='ltr'><strong>proprias</strong></span> <span class='ocrx_word' id='word_1_309' title='bbox 2981 1801 3228 1855; x_wconf 86' lang='lat' dir='ltr'><strong>conferre</strong></span> <span class='ocrx_word' id='word_1_310' title='bbox 3258 1801 3462 1861; x_wconf 75' lang='lat' dir='ltr'><strong>laborat</strong></span> 
     </span>
    </p>
   </div>
   <div class='ocr_carea' id='block_1_50' title="bbox 2172 1891 3673 1963">
    <p class='ocr_par' dir='ltr' id='par_1_50' title="bbox 2172 1891 3673 1963">
     <span class='ocr_line' id='line_1_51' title="bbox 2172 1891 3673 1963; baseline 0.001 -16"><span class='ocrx_word' id='word_1_311' title='bbox 2172 1893 2287 1961; x_wconf 89' lang='lat' dir='ltr'><strong>Ipsa</strong></span> <span class='ocrx_word' id='word_1_312' title='bbox 2321 1891 2559 1947; x_wconf 80' lang='lat' dir='ltr'><strong>Minerva</strong></span> <span class='ocrx_word' id='word_1_313' title='bbox 2585 1907 2796 1959; x_wconf 91' lang='lat' dir='ltr'><strong>manus,</strong></span> <span class='ocrx_word' id='word_1_314' title='bbox 2828 1892 3158 1963; x_wconf 86' lang='lat' dir='ltr'><strong>calathisque</strong></span> <span class='ocrx_word' id='word_1_315' title='bbox 3186 1893 3359 1951; x_wconf 82' lang='lat' dir='ltr'><strong>evicta</strong></span> <span class='ocrx_word' id='word_1_316' title='bbox 3391 1894 3673 1961; x_wconf 81' lang='lat' dir='ltr'><strong>recedens,</strong></span> 
     </span>
    </p>
   </div>
   <div class='ocr_carea' id='block_1_51' title="bbox 2170 1982 3606 2055">
    <p class='ocr_par' dir='ltr' id='par_1_51' title="bbox 2170 1982 3606 2055">
     <span class='ocr_line' id='line_1_52' title="bbox 2170 1982 3606 2055; baseline 0.003 -17"><span class='ocrx_word' id='word_1_317' title='bbox 2170 1984 2303 2038; x_wconf 89' lang='lat' dir='ltr'><strong>Cum</strong></span> <span class='ocrx_word' id='word_1_318' title='bbox 2335 1991 2482 2038; x_wconf 87' lang='lat' dir='ltr'><strong>tenet</strong></span> <span class='ocrx_word' id='word_1_319' title='bbox 2505 1982 2620 2037; x_wconf 83' lang='lat' dir='ltr'><strong>haec</strong></span> <span class='ocrx_word' id='word_1_320' title='bbox 2648 1984 2803 2051; x_wconf 88' lang='lat' dir='ltr'><strong>telas,</strong></span> <span class='ocrx_word' id='word_1_321' title='bbox 2835 1984 2951 2037; x_wconf 85' lang='lat' dir='ltr'><strong>vult</strong></span> <span class='ocrx_word' id='word_1_322' title='bbox 2980 1983 3095 2038; x_wconf 64' lang='lat' dir='ltr'><strong>hate</strong></span> <span class='ocrx_word' id='word_1_323' title='bbox 3115 1984 3232 2055; x_wconf 91' lang='lat' dir='ltr'><strong>plus</strong></span> <span class='ocrx_word' id='word_1_324' title='bbox 3269 1984 3374 2045; x_wconf 82' lang='lat' dir='ltr'><strong>tela</strong></span> <span class='ocrx_word' id='word_1_325' title='bbox 3403 1994 3606 2043; x_wconf 88' lang='lat' dir='ltr'><strong>tenere.</strong></span> 
     </span>
    </p>
   </div>
   <div class='ocr_carea' id='block_1_52' title="bbox 2170 2074 3425 2145">
    <p class='ocr_par' dir='ltr' id='par_1_52' title="bbox 2170 2074 3425 2145">
     <span class='ocr_line' id='line_1_53' title="bbox 2170 2074 3425 2145; baseline 0 -15"><span class='ocrx_word' id='word_1_326' title='bbox 2170 2075 2267 2131; x_wconf 85' lang='lat' dir='ltr'><strong>Hic</strong></span> <span class='ocrx_word' id='word_1_327' title='bbox 2293 2074 2453 2144; x_wconf 79' lang='lat' dir='ltr'><strong>igitur</strong></span> <span class='ocrx_word' id='word_1_328' title='bbox 2483 2074 2665 2145; x_wconf 88' lang='lat' dir='ltr'><strong>proavi</strong></span> <span class='ocrx_word' id='word_1_329' title='bbox 2697 2074 2908 2129; x_wconf 78' lang='lat' dir='ltr'><strong>trabeas</strong></span> <span class='ocrx_word' id='word_1_330' title='bbox 2938 2074 3141 2139; x_wconf 80' lang='lat' dir='ltr'><strong>imitata</strong></span> <span class='ocrx_word' id='word_1_331' title='bbox 3171 2074 3425 2144; x_wconf 82' lang='lat' dir='ltr'><strong>rigentes,</strong></span> 
     </span>
    </p>
   </div>
   <div class='ocr_carea' id='block_1_53' title="bbox 2173 2163 3647 2236">
    <p class='ocr_par' dir='ltr' id='par_1_53' title="bbox 2173 2163 3647 2236">
     <span class='ocr_line' id='line_1_54' title="bbox 2173 2163 3647 2236; baseline 0.002 -15"><span class='ocrx_word' id='word_1_332' title='bbox 2173 2176 2197 2202; x_wconf 74' lang='grc' dir='ltr'><strong>οι</strong></span> <span class='ocrx_word' id='word_1_333' title='bbox 2226 2165 2521 2221; x_wconf 86' lang='lat' dir='ltr'><strong>Palmatam</strong></span> <span class='ocrx_word' id='word_1_334' title='bbox 2555 2172 2706 2234; x_wconf 83' lang='lat' dir='ltr'><strong>parat</strong></span> <span class='ocrx_word' id='word_1_335' title='bbox 2727 2164 2839 2235; x_wconf 88' lang='lat' dir='ltr'><strong>ipsa</strong></span> <span class='ocrx_word' id='word_1_336' title='bbox 2874 2163 3036 2236; x_wconf 87' lang='lat' dir='ltr'><strong>patri,</strong></span> <span class='ocrx_word' id='word_1_337' title='bbox 3064 2181 3170 2236; x_wconf 85' lang='lat' dir='ltr'><strong>qua</strong></span> <span class='ocrx_word' id='word_1_338' title='bbox 3209 2167 3398 2223; x_wconf 88' lang='lat' dir='ltr'><strong>consul</strong></span> <span class='ocrx_word' id='word_1_339' title='bbox 3427 2176 3481 2223; x_wconf 89' lang='lat' dir='ltr'><strong>et</strong></span> <span class='ocrx_word' id='word_1_340' title='bbox 3507 2169 3647 2224; x_wconf 84' lang='lat' dir='ltr'><strong>idem</strong></span> 
     </span>
    </p>
   </div>
   <div class='ocr_carea' id='block_1_54' title="bbox 2179 2392 3755 2463">
    <p class='ocr_par' dir='ltr' id='par_1_54' title="bbox 2179 2392 3755 2463">
     <span class='ocr_line' id='line_1_55' title="bbox 2179 2392 3755 2463; baseline 0.005 -20"><span class='ocrx_word' id='word_1_341' title='bbox 2179 2400 2365 2459; x_wconf 78' lang='lat' dir='ltr'><strong>prwter</strong></span> <span class='ocrx_word' id='word_1_342' title='bbox 2393 2392 2716 2445; x_wconf 76' lang='lat' dir='ltr'><strong>necessitates</strong></span> <span class='ocrx_word' id='word_1_343' title='bbox 2762 2392 3018 2462; x_wconf 87' lang='lat' dir='ltr'><strong>publicas,</strong></span> <span class='ocrx_word' id='word_1_344' title='bbox 3050 2393 3199 2446; x_wconf 87' lang='lat' dir='ltr'><strong>etiam</strong></span> <span class='ocrx_word' id='word_1_345' title='bbox 3241 2392 3480 2448; x_wconf 65' lang='lat' dir='ltr'><strong>humanm</strong></span> <span class='ocrx_word' id='word_1_346' title='bbox 3518 2396 3619 2463; x_wconf 83' lang='lat' dir='ltr'><strong>ipsi</strong></span> <span class='ocrx_word' id='word_1_347' title='bbox 3643 2413 3755 2452; x_wconf 62' lang='lat' dir='ltr'><strong>eam</strong></span> 
     </span>
    </p>
   </div>
   <div class='ocr_carea' id='block_1_55' title="bbox 2178 2462 3752 2533">
    <p class='ocr_par' dir='ltr' id='par_1_55' title="bbox 2178 2462 3752 2533">
     <span class='ocr_line' id='line_1_56' title="bbox 2178 2462 3752 2533; baseline 0.006 -19"><span class='ocrx_word' id='word_1_348' title='bbox 2178 2463 2575 2533; x_wconf 76' lang='lat' dir='ltr'><strong>versationinon</strong></span> <span class='ocrx_word' id='word_1_349' title='bbox 2605 2478 2787 2531; x_wconf 87' lang='lat' dir='ltr'><strong>parum</strong></span> <span class='ocrx_word' id='word_1_350' title='bbox 2812 2462 3068 2517; x_wconf 82' lang='lat' dir='ltr'><strong>credimus</strong></span> <span class='ocrx_word' id='word_1_351' title='bbox 3092 2465 3468 2520; x_wconf 75' lang='lat' dir='ltr'><strong>commoditatis</strong></span> <span class='ocrx_word' id='word_1_352' title='bbox 3493 2462 3752 2533; x_wconf 77' lang='lat' dir='ltr'><strong>accedere,</strong></span> 
     </span>
    </p>
   </div>
   <div class='ocr_carea' id='block_1_56' title="bbox 2178 2524 3754 2616">
    <p class='ocr_par' dir='ltr' id='par_1_56' title="bbox 2178 2524 3754 2616">
     <span class='ocr_line' id='line_1_57' title="bbox 2178 2524 3754 2616; baseline 0.006 -31"><span class='ocrx_word' id='word_1_353' title='bbox 2178 2532 2389 2616; x_wconf 71' lang='lat' dir='ltr'><strong>quodin</strong></span> <span class='ocrx_word' id='word_1_354' title='bbox 2430 2524 2778 2616; x_wconf 35' lang='lat' dir='ltr'><strong>Constantina.</strong></span> <span class='ocrx_word' id='word_1_355' title='bbox 2807 2533 2931 2616; x_wconf 81' lang='lat' dir='ltr'><strong>urbe</strong></span> <span class='ocrx_word' id='word_1_356' title='bbox 2951 2533 3195 2616; x_wconf 68' lang='lat' dir='ltr'><strong>jubemus</strong></span> <span class='ocrx_word' id='word_1_357' title='bbox 3225 2538 3375 2615; x_wconf 81' lang='lat' dir='ltr'><strong>annis</strong></span> <span class='ocrx_word' id='word_1_358' title='bbox 3404 2538 3620 2607; x_wconf 77' lang='lat' dir='ltr'><strong>singulis</strong></span> <span class='ocrx_word' id='word_1_359' title='bbox 3649 2524 3754 2594; x_wconf 60' lang='lat' dir='ltr'><strong>eaad</strong></span> 
     </span>
    </p>
   </div>
   <div class='ocr_carea' id='block_1_57' title="bbox 2179 2601 3752 2673">
    <p class='ocr_par' dir='ltr' id='par_1_57' title="bbox 2179 2601 3752 2673">
     <span class='ocr_line' id='line_1_58' title="bbox 2179 2601 3752 2673; baseline 0.004 -18"><span class='ocrx_word' id='word_1_360' title='bbox 2179 2604 2476 2659; x_wconf 81' lang='lat' dir='ltr'><strong>concilium.</strong></span> <span class='ocrx_word' id='word_1_361' title='bbox 2513 2601 2677 2656; x_wconf 73' lang='lat' dir='ltr'><strong>Tanta</strong></span> <span class='ocrx_word' id='word_1_362' title='bbox 2700 2604 2833 2655; x_wconf 82' lang='lat' dir='ltr'><strong>enim</strong></span> <span class='ocrx_word' id='word_1_363' title='bbox 2864 2601 2965 2657; x_wconf 79' lang='lat' dir='ltr'><strong>lori</strong></span> <span class='ocrx_word' id='word_1_364' title='bbox 2991 2609 3366 2673; x_wconf 77' lang='lat' dir='ltr'><strong>opportunitas,</strong></span> <span class='ocrx_word' id='word_1_365' title='bbox 3400 2601 3541 2660; x_wconf 78' lang='lat' dir='ltr'><strong>tanta</strong></span> <span class='ocrx_word' id='word_1_366' title='bbox 3565 2620 3637 2661; x_wconf 86' lang='lat' dir='ltr'><strong>est</strong></span> <span class='ocrx_word' id='word_1_367' title='bbox 3667 2626 3752 2661; x_wconf 85' lang='lat' dir='ltr'><strong>co-</strong></span> 
     </span>
    </p>
   </div>
   <div class='ocr_carea' id='block_1_58' title="bbox 2180 2674 3753 2745">
    <p class='ocr_par' dir='ltr' id='par_1_58' title="bbox 2180 2674 3753 2745">
     <span class='ocr_line' id='line_1_59' title="bbox 2180 2674 3753 2745; baseline 0.001 -20"><span class='ocrx_word' id='word_1_368' title='bbox 2180 2675 2265 2740; x_wconf 86' lang='lat' dir='ltr'><strong>pia</strong></span> <span class='ocrx_word' id='word_1_369' title='bbox 2307 2674 2758 2745; x_wconf 81' lang='lat' dir='ltr'><strong>commerciorum,</strong></span> <span class='ocrx_word' id='word_1_370' title='bbox 2794 2684 2936 2726; x_wconf 89' lang='lat' dir='ltr'><strong>tanta</strong></span> <span class='ocrx_word' id='word_1_371' title='bbox 2984 2674 3092 2727; x_wconf 82' lang='lat' dir='ltr'><strong>illic</strong></span> <span class='ocrx_word' id='word_1_372' title='bbox 3135 2676 3421 2745; x_wconf 72' lang='lat' dir='ltr'><strong>frequentia</strong></span> <span class='ocrx_word' id='word_1_373' title='bbox 3468 2694 3753 2731; x_wconf 80' lang='lat' dir='ltr'><strong>commean.</strong></span> 
     </span>
    </p>
   </div>
   <div class='ocr_carea' id='block_1_59' title="bbox 2180 2744 3753 2812">
    <p class='ocr_par' dir='ltr' id='par_1_59' title="bbox 2180 2744 3753 2812">
     <span class='ocr_line' id='line_1_60' title="bbox 2180 2744 3753 2812; baseline 0.005 -17"><span class='ocrx_word' id='word_1_374' title='bbox 2180 2745 2327 2809; x_wconf 81' lang='lat' dir='ltr'><strong>tium,</strong></span> <span class='ocrx_word' id='word_1_375' title='bbox 2373 2752 2424 2795; x_wconf 90' lang='lat' dir='ltr'><strong>ut</strong></span> <span class='ocrx_word' id='word_1_376' title='bbox 2455 2744 2705 2812; x_wconf 83' lang='lat' dir='ltr'><strong>quidquid</strong></span> <span class='ocrx_word' id='word_1_377' title='bbox 2749 2761 2963 2811; x_wconf 78' lang='lat' dir='ltr'><strong>usquam</strong></span> <span class='ocrx_word' id='word_1_378' title='bbox 3005 2744 3249 2809; x_wconf 82' lang='lat' dir='ltr'><strong>nascitur,</strong></span> <span class='ocrx_word' id='word_1_379' title='bbox 3294 2746 3401 2801; x_wconf 86' lang='lat' dir='ltr'><strong>illic</strong></span> <span class='ocrx_word' id='word_1_380' title='bbox 3438 2748 3753 2803; x_wconf 64' lang='lat' dir='ltr'><strong>commoditd</strong></span> 
     </span>
    </p>
   </div>
   <div class='ocr_carea' id='block_1_60' title="bbox 2178 2814 3753 2887">
    <p class='ocr_par' dir='ltr' id='par_1_60' title="bbox 2178 2814 3753 2887">
     <span class='ocr_line' id='line_1_61' title="bbox 2178 2814 3753 2887; baseline 0.006 -21"><span class='ocrx_word' id='word_1_381' title='bbox 2178 2814 2515 2887; x_wconf 77' lang='lat' dir='ltr'><strong>distrahatur.</strong></span> <span class='ocrx_word' id='word_1_382' title='bbox 2592 2816 2748 2887; x_wconf 71' lang='grc'><strong>148</strong></span> <span class='ocrx_word' id='word_1_383' title='bbox 2792 2814 2972 2879; x_wconf 83' lang='lat' dir='ltr'><strong>Neque</strong></span> <span class='ocrx_word' id='word_1_384' title='bbox 3012 2817 3144 2869; x_wconf 82' lang='lat' dir='ltr'><strong>enim</strong></span> <span class='ocrx_word' id='word_1_385' title='bbox 3208 2816 3317 2869; x_wconf 89' lang='lat' dir='ltr'><strong>ulla</strong></span> <span class='ocrx_word' id='word_1_386' title='bbox 3362 2819 3623 2887; x_wconf 80' lang='lat' dir='ltr'><strong>provincia</strong></span> <span class='ocrx_word' id='word_1_387' title='bbox 3682 2824 3753 2876; x_wconf 80' lang='lat' dir='ltr'><strong>ita</strong></span> 
     </span>
    </p>
   </div>
   <div class='ocr_carea' id='block_1_61' title="bbox 2174 2885 3753 2961">
    <p class='ocr_par' dir='ltr' id='par_1_61' title="bbox 2174 2885 3753 2961">
     <span class='ocr_line' id='line_1_62' title="bbox 2174 2885 3753 2961; baseline 0.004 -24"><span class='ocrx_word' id='word_1_388' title='bbox 2174 2886 2426 2961; x_wconf 33' lang='lat' dir='ltr'><strong>peculiari.</strong></span> <span class='ocrx_word' id='word_1_389' title='bbox 2445 2885 2640 2961; x_wconf 77' lang='lat' dir='ltr'><strong>[ructus</strong></span> <span class='ocrx_word' id='word_1_390' title='bbox 2663 2885 2739 2961; x_wconf 65' lang='lat' dir='ltr'><strong>sui</strong></span> <span class='ocrx_word' id='word_1_391' title='bbox 2774 2886 3012 2961; x_wconf 71' lang='lat' dir='ltr'><strong>felicitate</strong></span> <span class='ocrx_word' id='word_1_392' title='bbox 3040 2888 3262 2961; x_wconf 60' lang='lat' dir='ltr'><strong>laxatur,</strong></span> <span class='ocrx_word' id='word_1_393' title='bbox 3288 2885 3474 2961; x_wconf 79' lang='lat' dir='ltr'><strong>utnon</strong></span> <span class='ocrx_word' id='word_1_394' title='bbox 3504 2887 3753 2961; x_wconf 73' lang='lat' dir='ltr'><strong>hcccpro~</strong></span> 
     </span>
    </p>
   </div>
   <div class='ocr_carea' id='block_1_62' title="bbox 2174 2954 3751 3029">
    <p class='ocr_par' dir='ltr' id='par_1_62' title="bbox 2174 2954 3751 3029">
     <span class='ocr_line' id='line_1_63' title="bbox 2174 2954 3751 3029; baseline 0.004 -22"><span class='ocrx_word' id='word_1_395' title='bbox 2174 2956 2287 3029; x_wconf 86' lang='lat' dir='ltr'><strong>pria</strong></span> <span class='ocrx_word' id='word_1_396' title='bbox 2308 2954 2615 3029; x_wconf 65' lang='lat' dir='ltr'><strong>Arelatensi~</strong></span> <span class='ocrx_word' id='word_1_397' title='bbox 2641 2956 2737 3008; x_wconf 84' lang='lat' dir='ltr'><strong>soli</strong></span> <span class='ocrx_word' id='word_1_398' title='bbox 2767 2954 3003 3029; x_wconf 81' lang='lat' dir='ltr'><strong>credatur</strong></span> <span class='ocrx_word' id='word_1_399' title='bbox 3031 2974 3135 3011; x_wconf 83' lang='lat' dir='ltr'><strong>esse</strong></span> <span class='ocrx_word' id='word_1_400' title='bbox 3155 2958 3461 3027; x_wconf 78' lang='lat' dir='ltr'><strong>fecunditas.</strong></span> <span class='ocrx_word' id='word_1_401' title='bbox 3491 2954 3751 3029; x_wconf 79' lang='lat' dir='ltr'><strong>Quidquid</strong></span> 
     </span>
    </p>
   </div>
   <div class='ocr_carea' id='block_1_63' title="bbox 2175 3024 3754 3099">
    <p class='ocr_par' dir='ltr' id='par_1_63' title="bbox 2175 3024 3754 3099">
     <span class='ocr_line' id='line_1_64' title="bbox 2175 3024 3754 3099; baseline 0.004 -21"><span class='ocrx_word' id='word_1_402' title='bbox 2175 3028 2309 3099; x_wconf 84' lang='lat' dir='ltr'><strong>enim</strong></span> <span class='ocrx_word' id='word_1_403' title='bbox 2339 3026 2480 3099; x_wconf 74' lang='lat' dir='ltr'><strong>diues</strong></span> <span class='ocrx_word' id='word_1_404' title='bbox 2499 3024 2705 3099; x_wconf 82' lang='lat' dir='ltr'><strong>Oriens,</strong></span> <span class='ocrx_word' id='word_1_405' title='bbox 2734 3027 2980 3099; x_wconf 85' lang='lat' dir='ltr'><strong>quidquid</strong></span> <span class='ocrx_word' id='word_1_406' title='bbox 3010 3024 3256 3081; x_wconf 83' lang='lat' dir='ltr'><strong>odoratus</strong></span> <span class='ocrx_word' id='word_1_407' title='bbox 3283 3029 3466 3089; x_wconf 74' lang='lat' dir='ltr'><strong>Arabe,</strong></span> <span class='ocrx_word' id='word_1_408' title='bbox 3505 3024 3754 3099; x_wconf 72' lang='lat' dir='ltr'><strong>quidquid</strong></span> 
     </span>
    </p>
   </div>
   <div class='ocr_carea' id='block_1_64' title="bbox 486 3094 3754 3170">
    <p class='ocr_par' dir='ltr' id='par_1_64' title="bbox 486 3094 3754 3170">
     <span class='ocr_line' id='line_1_65' title="bbox 486 3094 3754 3170; baseline 0.001 -19"><span class='ocrx_word' id='word_1_409' title='bbox 486 3099 627 3152; x_wconf 82' lang='lat' dir='ltr'><strong>libus</strong></span> <span class='ocrx_word' id='word_1_410' title='bbox 668 3094 1073 3170; x_wconf 75' lang='lat' dir='ltr'><strong>ecclesiasticis;</strong></span> <span class='ocrx_word' id='word_1_411' title='bbox 1107 3102 1162 3148; x_wconf 88' lang='lat' dir='ltr'><strong>et</strong></span> <span class='ocrx_word' id='word_1_412' title='bbox 1202 3094 1681 3170; x_wconf 72' lang='lat' dir='ltr'><strong>ex_co_r_tstitutione</strong></span> <span class='ocrx_word' id='word_1_413' title='bbox 1726 3095 2069 3170; x_wconf 78' lang='lat' dir='ltr'><strong>imperatoria</strong></span> <span class='ocrx_word' id='word_1_414' title='bbox 2098 3105 2144 3168; x_wconf 76' lang='grc' dir='ltr'>ο</span> <span class='ocrx_word' id='word_1_415' title='bbox 2176 3097 2429 3170; x_wconf 73' lang='lat' dir='ltr'><strong>delicatus</strong></span> <span class='ocrx_word' id='word_1_416' title='bbox 2450 3097 2709 3170; x_wconf 79' lang='lat' dir='ltr'><strong>Assyrius,</strong></span> <span class='ocrx_word' id='word_1_417' title='bbox 2740 3094 2879 3170; x_wconf 73' lang='lat' dir='ltr'><strong>quod</strong></span> <span class='ocrx_word' id='word_1_418' title='bbox 2911 3099 3087 3169; x_wconf 83' lang='lat' dir='ltr'><strong>Africa</strong></span> <span class='ocrx_word' id='word_1_419' title='bbox 3116 3100 3322 3170; x_wconf 61' lang='lat' dir='ltr'><strong>fertilis,</strong></span> <span class='ocrx_word' id='word_1_420' title='bbox 3348 3102 3481 3169; x_wconf 90' lang='lat' dir='ltr'><strong>quod</strong></span> <span class='ocrx_word' id='word_1_421' title='bbox 3515 3094 3754 3169; x_wconf 74' lang='lat' dir='ltr'><strong>speciosa</strong></span> 
     </span>
    </p>
   </div>
   <div class='ocr_carea' id='block_1_65' title="bbox 488 3163 2073 3235">
    <p class='ocr_par' dir='ltr' id='par_1_65' title="bbox 488 3163 2073 3235">
     <span class='ocr_line' id='line_1_66' title="bbox 488 3163 2073 3235; baseline -0.001 -14"><span class='ocrx_word' id='word_1_422' title='bbox 488 3169 554 3223; x_wconf 89' lang='lat' dir='ltr'><strong>ad</strong></span> <span class='ocrx_word' id='word_1_423' title='bbox 586 3169 887 3235; x_wconf 79' lang='lat' dir='ltr'><strong>Agricolam</strong></span> <span class='ocrx_word' id='word_1_424' title='bbox 913 3165 1222 3233; x_wconf 69' lang='lat' dir='ltr'><strong>praelectum</strong></span> <span class='ocrx_word' id='word_1_425' title='bbox 1252 3163 1543 3217; x_wconf 87' lang='lat' dir='ltr'><strong>Galliarum</strong></span> <span class='ocrx_word' id='word_1_426' title='bbox 1569 3165 1863 3233; x_wconf 67' lang='lat' dir='ltr'><strong>dqagendo</strong></span> <span class='ocrx_word' id='word_1_427' title='bbox 1890 3168 2073 3233; x_wconf 74' lang='lat' dir='ltr'><strong>singu-</strong></span> 
     </span>
    </p>
   </div>
   <div class='ocr_carea' id='block_1_66' title="bbox 490 3234 2070 3303">
    <p class='ocr_par' dir='ltr' id='par_1_66' title="bbox 490 3234 2070 3303">
     <span class='ocr_line' id='line_1_67' title="bbox 490 3234 2070 3303; baseline -0.003 -11"><span class='ocrx_word' id='word_1_428' title='bbox 490 3239 555 3292; x_wconf 88' lang='lat' dir='ltr'><strong>Iis</strong></span> <span class='ocrx_word' id='word_1_429' title='bbox 586 3234 739 3292; x_wconf 79' lang='lat' dir='ltr'><strong>annis</strong></span> <span class='ocrx_word' id='word_1_430' title='bbox 778 3238 991 3291; x_wconf 87' lang='lat' dir='ltr'><strong>Arelate</strong></span> <span class='ocrx_word' id='word_1_431' title='bbox 1021 3243 1288 3287; x_wconf 85' lang='lat' dir='ltr'><strong>conventu</strong></span> <span class='ocrx_word' id='word_1_432' title='bbox 1324 3235 1353 3286; x_wconf 91' lang='lat'><strong>7</strong></span> <span class='ocrx_word' id='word_1_433' title='bbox 1384 3234 1800 3302; x_wconf 87' lang='lat' dir='ltr'><strong>provinciarum,</strong></span> <span class='ocrx_word' id='word_1_434' title='bbox 1829 3252 1986 3303; x_wconf 89' lang='lat' dir='ltr'><strong>quam</strong></span> <span class='ocrx_word' id='word_1_435' title='bbox 2020 3238 2070 3288; x_wconf 89' lang='lat' dir='ltr'><strong>in</strong></span> 
     </span>
    </p>
   </div>
   <div class='ocr_carea' id='block_1_67' title="bbox 489 3303 2075 3375">
    <p class='ocr_par' dir='ltr' id='par_1_67' title="bbox 489 3303 2075 3375">
     <span class='ocr_line' id='line_1_68' title="bbox 489 3303 2075 3375; baseline 0.001 -15"><span class='ocrx_word' id='word_1_436' title='bbox 489 3310 661 3361; x_wconf 80' lang='lat' dir='ltr'><strong>lucem</strong></span> <span class='ocrx_word' id='word_1_437' title='bbox 694 3308 848 3375; x_wconf 81' lang='lat' dir='ltr'><strong>primi</strong></span> <span class='ocrx_word' id='word_1_438' title='bbox 886 3306 1145 3375; x_wconf 87' lang='lat' dir='ltr'><strong>dederunt</strong></span> <span class='ocrx_word' id='word_1_439' title='bbox 1172 3303 1422 3375; x_wconf 83' lang='lat' dir='ltr'><strong>Nicolaus</strong></span> <span class='ocrx_word' id='word_1_440' title='bbox 1450 3303 1685 3375; x_wconf 24' lang='lat' dir='ltr'><strong>deACusa</strong></span> <span class='ocrx_word' id='word_1_441' title='bbox 1721 3306 1814 3359; x_wconf 87' lang='lat' dir='ltr'><strong>lib.</strong></span> <span class='ocrx_word' id='word_1_442' title='bbox 1851 3321 1906 3360; x_wconf 86' lang='lat' dir='ltr'><strong>tu</strong></span> <span class='ocrx_word' id='word_1_443' title='bbox 1932 3308 2075 3361; x_wconf 86' lang='lat' dir='ltr'><strong>Cou-</strong></span> 
     </span>
    </p>
   </div>
   <div class='ocr_carea' id='block_1_68' title="bbox 489 3373 2075 3441">
    <p class='ocr_par' dir='ltr' id='par_1_68' title="bbox 489 3373 2075 3441">
     <span class='ocr_line' id='line_1_69' title="bbox 489 3373 2075 3441; baseline -0.001 -12"><span class='ocrx_word' id='word_1_444' title='bbox 489 3373 994 3430; x_wconf 28' lang='lat' dir='ltr'><strong>cortliae‘catholirm</strong></span> <span class='ocrx_word' id='word_1_445' title='bbox 1022 3373 1111 3435; x_wconf 79' lang='grc'><strong>55,</strong></span> <span class='ocrx_word' id='word_1_446' title='bbox 1146 3384 1199 3426; x_wconf 93' lang='lat' dir='ltr'><strong>et</strong></span> <span class='ocrx_word' id='word_1_447' title='bbox 1228 3374 1495 3441; x_wconf 83' lang='lat' dir='ltr'><strong>Josephus</strong></span> <span class='ocrx_word' id='word_1_448' title='bbox 1516 3373 1757 3441; x_wconf 72' lang='lat' dir='ltr'><strong>Scaliger</strong></span> <span class='ocrx_word' id='word_1_449' title='bbox 1786 3377 1835 3427; x_wconf 91' lang='lat' dir='ltr'><strong>in</strong></span> <span class='ocrx_word' id='word_1_450' title='bbox 1868 3375 2075 3430; x_wconf 83' lang='lat' dir='ltr'><strong>Lectio-</strong></span> 
     </span>
    </p>
   </div>
   <div class='ocr_carea' id='block_1_69' title="bbox 492 3442 2072 3515">
    <p class='ocr_par' dir='ltr' id='par_1_69' title="bbox 492 3442 2072 3515">
     <span class='ocr_line' id='line_1_70' title="bbox 492 3442 2072 3515; baseline -0.001 -15"><span class='ocrx_word' id='word_1_451' title='bbox 492 3448 649 3500; x_wconf 90' lang='lat' dir='ltr'><strong>nibus</strong></span> <span class='ocrx_word' id='word_1_452' title='bbox 703 3445 1022 3515; x_wconf 17' lang='lat' dir='ltr'><strong>Ausoniainis</strong></span> <span class='ocrx_word' id='word_1_453' title='bbox 1052 3443 1146 3515; x_wconf 86' lang='lat' dir='ltr'><strong>lib.</strong></span> <span class='ocrx_word' id='word_1_454' title='bbox 1179 3459 1219 3509; x_wconf 84' lang='grc' dir='ltr'><strong>ι,</strong></span> <span class='ocrx_word' id='word_1_455' title='bbox 1260 3456 1382 3509; x_wconf 84' lang='lat' dir='ltr'><strong>cup.</strong></span> <span class='ocrx_word' id='word_1_456' title='bbox 1414 3442 1506 3515; x_wconf 62' lang='grc' dir='ltr'><strong>ει,</strong></span> <span class='ocrx_word' id='word_1_457' title='bbox 1554 3444 1648 3497; x_wconf 78' lang='lat' dir='ltr'><strong>sed</strong></span> <span class='ocrx_word' id='word_1_458' title='bbox 1680 3444 1810 3515; x_wconf 80' lang='lat' dir='ltr'><strong>falsa</strong></span> <span class='ocrx_word' id='word_1_459' title='bbox 1852 3456 2072 3515; x_wconf 79' lang='lat' dir='ltr'><strong>uterque</strong></span> 
     </span>
    </p>
   </div>
   <div class='ocr_carea' id='block_1_70' title="bbox 493 3514 2076 3584">
    <p class='ocr_par' dir='ltr' id='par_1_70' title="bbox 493 3514 2076 3584">
     <span class='ocr_line' id='line_1_71' title="bbox 493 3514 2076 3584; baseline 0 -13"><span class='ocrx_word' id='word_1_460' title='bbox 493 3518 865 3584; x_wconf 74' lang='lat' dir='ltr'><strong>inscriptione.</strong></span> <span class='ocrx_word' id='word_1_461' title='bbox 908 3514 1003 3568; x_wconf 87' lang='lat' dir='ltr'><strong>Est</strong></span> <span class='ocrx_word' id='word_1_462' title='bbox 1042 3514 1207 3578; x_wconf 90' lang='lat' dir='ltr'><strong>enim,</strong></span> <span class='ocrx_word' id='word_1_463' title='bbox 1257 3528 1362 3567; x_wconf 90' lang='lat' dir='ltr'><strong>non</strong></span> <span class='ocrx_word' id='word_1_464' title='bbox 1408 3514 1748 3569; x_wconf 87' lang='lat' dir='ltr'><strong>Constantini</strong></span> <span class='ocrx_word' id='word_1_465' title='bbox 1791 3514 1995 3583; x_wconf 76' lang='lat' dir='ltr'><strong>Magni,</strong></span> <span class='ocrx_word' id='word_1_466' title='bbox 2019 3525 2076 3571; x_wconf 87' lang='lat' dir='ltr'><strong>ut</strong></span> 
     </span>
    </p>
   </div>
   <div class='ocr_carea' id='block_1_71' title="bbox 490 3583 2068 3655">
    <p class='ocr_par' dir='ltr' id='par_1_71' title="bbox 490 3583 2068 3655">
     <span class='ocr_line' id='line_1_72' title="bbox 490 3583 2068 3655; baseline 0 -14"><span class='ocrx_word' id='word_1_467' title='bbox 490 3583 734 3641; x_wconf 87' lang='lat' dir='ltr'><strong>Cusanus</strong></span> <span class='ocrx_word' id='word_1_468' title='bbox 760 3586 986 3648; x_wconf 87' lang='lat' dir='ltr'><strong>censuit,</strong></span> <span class='ocrx_word' id='word_1_469' title='bbox 1022 3599 1193 3651; x_wconf 86' lang='lat' dir='ltr'><strong>neque</strong></span> <span class='ocrx_word' id='word_1_470' title='bbox 1218 3583 1556 3655; x_wconf 82' lang='lat' dir='ltr'><strong>Constantini</strong></span> <span class='ocrx_word' id='word_1_471' title='bbox 1590 3588 1819 3655; x_wconf 85' lang='lat' dir='ltr'><strong>tyranni,</strong></span> <span class='ocrx_word' id='word_1_472' title='bbox 1852 3595 1910 3640; x_wconf 90' lang='lat' dir='ltr'><strong>ut</strong></span> <span class='ocrx_word' id='word_1_473' title='bbox 1937 3588 2068 3642; x_wconf 86' lang='lat' dir='ltr'><strong>Sca-</strong></span> 
     </span>
    </p>
   </div>
   <div class='ocr_carea' id='block_1_72' title="bbox 491 3654 2075 3727">
    <p class='ocr_par' dir='ltr' id='par_1_72' title="bbox 491 3654 2075 3727">
     <span class='ocr_line' id='line_1_73' title="bbox 491 3654 2075 3727; baseline 0.001 -17"><span class='ocrx_word' id='word_1_474' title='bbox 491 3660 659 3727; x_wconf 83' lang='lat' dir='ltr'><strong>ligero</strong></span> <span class='ocrx_word' id='word_1_475' title='bbox 687 3659 855 3710; x_wconf 88' lang='lat' dir='ltr'><strong>visum</strong></span> <span class='ocrx_word' id='word_1_476' title='bbox 888 3662 989 3718; x_wconf 91' lang='lat' dir='ltr'><strong>est,</strong></span> <span class='ocrx_word' id='word_1_477' title='bbox 1021 3655 1113 3708; x_wconf 89' lang='lat' dir='ltr'><strong>sed</strong></span> <span class='ocrx_word' id='word_1_478' title='bbox 1142 3654 1374 3727; x_wconf 19' lang='lat' dir='ltr'><strong>AHonorii</strong></span> <span class='ocrx_word' id='word_1_479' title='bbox 1402 3654 1645 3727; x_wconf 83' lang='lat' dir='ltr'><strong>Augusti,</strong></span> <span class='ocrx_word' id='word_1_480' title='bbox 1675 3658 1755 3709; x_wconf 91' lang='lat' dir='ltr'><strong>vel</strong></span> <span class='ocrx_word' id='word_1_481' title='bbox 1790 3656 2075 3711; x_wconf 88' lang='lat' dir='ltr'><strong>Hincmaro</strong></span> 
     </span>
    </p>
   </div>
   <div class='ocr_carea' id='block_1_73' title="bbox 493 3725 2074 3796">
    <p class='ocr_par' dir='ltr' id='par_1_73' title="bbox 493 3725 2074 3796">
     <span class='ocr_line' id='line_1_74' title="bbox 493 3725 2074 3796; baseline 0 -15"><span class='ocrx_word' id='word_1_482' title='bbox 493 3725 628 3783; x_wconf 64' lang='lat' dir='ltr'><strong>teste</strong></span> <span class='ocrx_word' id='word_1_483' title='bbox 659 3728 710 3782; x_wconf 87' lang='lat' dir='ltr'><strong>in</strong></span> <span class='ocrx_word' id='word_1_484' title='bbox 740 3729 897 3796; x_wconf 84' lang='lat' dir='ltr'><strong>epist.</strong></span> <span class='ocrx_word' id='word_1_485' title='bbox 930 3727 963 3779; x_wconf 86' lang='lat'><strong>6</strong></span> <span class='ocrx_word' id='word_1_486' title='bbox 985 3734 1037 3779; x_wconf 91' lang='lat' dir='ltr'><strong>et</strong></span> <span class='ocrx_word' id='word_1_487' title='bbox 1057 3725 1243 3796; x_wconf 82' lang='lat' dir='ltr'><strong>codice</strong></span> <span class='ocrx_word' id='word_1_488' title='bbox 1269 3726 1491 3790; x_wconf 86' lang='lat' dir='ltr'><strong>antiquo</strong></span> <span class='ocrx_word' id='word_1_489' title='bbox 1518 3726 1843 3790; x_wconf 85' lang='lat' dir='ltr'><strong>Arelatensi,</strong></span> <span class='ocrx_word' id='word_1_490' title='bbox 1878 3742 1943 3781; x_wconf 83' lang='lat' dir='ltr'><strong>ex</strong></span> <span class='ocrx_word' id='word_1_491' title='bbox 1969 3742 2074 3795; x_wconf 90' lang='lat' dir='ltr'><strong>quo</strong></span> 
     </span>
    </p>
   </div>
   <div class='ocr_carea' id='block_1_74' title="bbox 491 3795 2075 3868">
    <p class='ocr_par' dir='ltr' id='par_1_74' title="bbox 491 3795 2075 3868">
     <span class='ocr_line' id='line_1_75' title="bbox 491 3795 2075 3868; baseline -0.003 -15"><span class='ocrx_word' id='word_1_492' title='bbox 491 3801 754 3868; x_wconf 85' lang='lat' dir='ltr'><strong>integrum</strong></span> <span class='ocrx_word' id='word_1_493' title='bbox 780 3795 1193 3868; x_wconf 82' lang='lat' dir='ltr'><strong>constitutionis</strong></span> <span class='ocrx_word' id='word_1_494' title='bbox 1231 3797 1558 3868; x_wconf 79' lang='lat' dir='ltr'><strong>exemplum,</strong></span> <span class='ocrx_word' id='word_1_495' title='bbox 1592 3799 1730 3864; x_wconf 85' lang='lat' dir='ltr'><strong>quod</strong></span> <span class='ocrx_word' id='word_1_496' title='bbox 1772 3796 1835 3868; x_wconf 15' lang='grc' dir='ltr'><strong>νγ.</strong></span> <span class='ocrx_word' id='word_1_497' title='bbox 1884 3800 1943 3849; x_wconf 79' lang='grc' dir='ltr'><strong>Ο.</strong></span> <span class='ocrx_word' id='word_1_498' title='bbox 1984 3799 2075 3851; x_wconf 83' lang='lat' dir='ltr'><strong>Ni-</strong></span> 
     </span>
    </p>
   </div>
   <div class='ocr_carea' id='block_1_75' title="bbox 491 3866 2075 3938">
    <p class='ocr_par' dir='ltr' id='par_1_75' title="bbox 491 3866 2075 3938">
     <span class='ocr_line' id='line_1_76' title="bbox 491 3866 2075 3938; baseline -0.001 -13"><span class='ocrx_word' id='word_1_499' title='bbox 491 3866 626 3925; x_wconf 79' lang='lat' dir='ltr'><strong>colai</strong></span> <span class='ocrx_word' id='word_1_500' title='bbox 662 3868 888 3924; x_wconf 88' lang='lat' dir='ltr'><strong>Fabricii</strong></span> <span class='ocrx_word' id='word_1_501' title='bbox 923 3866 1197 3922; x_wconf 86' lang='lat' dir='ltr'><strong>Pereschii</strong></span> <span class='ocrx_word' id='word_1_502' title='bbox 1220 3867 1486 3938; x_wconf 83' lang='lat' dir='ltr'><strong>senatoris</strong></span> <span class='ocrx_word' id='word_1_503' title='bbox 1517 3869 1785 3938; x_wconf 80' lang='lat' dir='ltr'><strong>Aquensis</strong></span> <span class='ocrx_word' id='word_1_504' title='bbox 1815 3867 2075 3933; x_wconf 83' lang='lat' dir='ltr'><strong>beneﬁcio</strong></span> 
     </span>
    </p>
   </div>
   <div class='ocr_carea' id='block_1_76' title="bbox 491 3936 2074 4008">
    <p class='ocr_par' dir='ltr' id='par_1_76' title="bbox 491 3936 2074 4008">
     <span class='ocr_line' id='line_1_77' title="bbox 491 3936 2074 4008; baseline -0.001 -13"><span class='ocrx_word' id='word_1_505' title='bbox 491 3949 680 3995; x_wconf 84' lang='lat' dir='ltr'><strong>nactus</strong></span> <span class='ocrx_word' id='word_1_506' title='bbox 719 3955 857 4006; x_wconf 68' lang='lat' dir='ltr'><strong>sum,</strong></span> <span class='ocrx_word' id='word_1_507' title='bbox 903 3938 1003 3991; x_wconf 83' lang='lat' dir='ltr'><strong>huc</strong></span> <span class='ocrx_word' id='word_1_508' title='bbox 1052 3938 1166 3991; x_wconf 88' lang='lat' dir='ltr'><strong>loco</strong></span> <span class='ocrx_word' id='word_1_509' title='bbox 1214 3936 1520 4005; x_wconf 86' lang='lat' dir='ltr'><strong>subjiciam,</strong></span> <span class='ocrx_word' id='word_1_510' title='bbox 1573 3936 1712 4008; x_wconf 83' lang='lat' dir='ltr'><strong>quod</strong></span> <span class='ocrx_word' id='word_1_511' title='bbox 1754 3939 1807 3993; x_wconf 89' lang='lat' dir='ltr'><strong>in</strong></span> <span class='ocrx_word' id='word_1_512' title='bbox 1850 3952 1914 3993; x_wconf 91' lang='lat' dir='ltr'><strong>e0</strong></span> <span class='ocrx_word' id='word_1_513' title='bbox 1970 3955 2074 3993; x_wconf 89' lang='lat' dir='ltr'><strong>non</strong></span> 
     </span>
    </p>
   </div>
   <div class='ocr_carea' id='block_1_77' title="bbox 491 4007 2079 4082">
    <p class='ocr_par' dir='ltr' id='par_1_77' title="bbox 491 4007 2079 4082">
     <span class='ocr_line' id='line_1_78' title="bbox 491 4007 2079 4082; baseline -0.001 -18"><span class='ocrx_word' id='word_1_514' title='bbox 491 4026 657 4082; x_wconf 85' lang='lat' dir='ltr'><strong>pauca</strong></span> <span class='ocrx_word' id='word_1_515' title='bbox 694 4010 823 4076; x_wconf 89' lang='lat' dir='ltr'><strong>sint,</strong></span> <span class='ocrx_word' id='word_1_516' title='bbox 860 4024 1017 4080; x_wconf 83' lang='lat' dir='ltr'><strong>quant</strong></span> <span class='ocrx_word' id='word_1_517' title='bbox 1058 4008 1113 4062; x_wconf 92' lang='lat' dir='ltr'><strong>in</strong></span> <span class='ocrx_word' id='word_1_518' title='bbox 1146 4008 1405 4063; x_wconf 88' lang='lat' dir='ltr'><strong>hactenus</strong></span> <span class='ocrx_word' id='word_1_519' title='bbox 1436 4007 1614 4076; x_wconf 79' lang='lat' dir='ltr'><strong>editis,</strong></span> <span class='ocrx_word' id='word_1_520' title='bbox 1644 4009 1863 4063; x_wconf 89' lang='lat' dir='ltr'><strong>meliora</strong></span> <span class='ocrx_word' id='word_1_521' title='bbox 1894 4021 1947 4065; x_wconf 91' lang='lat' dir='ltr'><strong>et</strong></span> <span class='ocrx_word' id='word_1_522' title='bbox 1982 4025 2079 4063; x_wconf 88' lang='lat' dir='ltr'><strong>au-</strong></span> 
     </span>
    </p>
   </div>
   <div class='ocr_carea' id='block_1_78' title="bbox 490 4084 679 4137">
    <p class='ocr_par' dir='ltr' id='par_1_78' title="bbox 490 4084 679 4137">
     <span class='ocr_line' id='line_1_79' title="bbox 490 4084 679 4137; baseline -0.005 -1"><span class='ocrx_word' id='word_1_523' title='bbox 490 4084 679 4137; x_wconf 85' lang='lat' dir='ltr'><strong>ctiora.</strong></span> 
     </span>
    </p>
   </div>
   <div class='ocr_carea' id='block_1_79' title="bbox 564 4176 2004 4230">
    <p class='ocr_par' dir='ltr' id='par_1_79' title="bbox 564 4176 2004 4230">
     <span class='ocr_line' id='line_1_80' title="bbox 564 4176 2004 4230; baseline -0.001 -2"><span class='ocrx_word' id='word_1_524' title='bbox 564 4189 819 4230; x_wconf 73' lang='lat' dir='ltr'><strong>HONORIUS</strong></span> <span class='ocrx_word' id='word_1_525' title='bbox 855 4188 922 4226; x_wconf 79' lang='grc' dir='ltr'><strong>Ετ</strong></span> <span class='ocrx_word' id='word_1_526' title='bbox 958 4185 1280 4225; x_wconf 70' lang='lat' dir='ltr'><strong>THEODOSIUS</strong></span> <span class='ocrx_word' id='word_1_527' title='bbox 1314 4176 1537 4226; x_wconf 71' lang='lat' dir='ltr'><strong>AUGUBT.</strong></span> <span class='ocrx_word' id='word_1_528' title='bbox 1568 4186 1621 4226; x_wconf 75' lang='grc' dir='ltr'><strong>ν.</strong></span> <span class='ocrx_word' id='word_1_529' title='bbox 1655 4186 1693 4224; x_wconf 85' lang='grc'><strong>1.</strong></span> <span class='ocrx_word' id='word_1_530' title='bbox 1729 4187 2004 4227; x_wconf 56' lang='grc' dir='ltr'><strong>Αςκιεοιθε</strong></span> 
     </span>
    </p>
   </div>
   <div class='ocr_carea' id='block_1_80' title="bbox 956 4256 1603 4297">
    <p class='ocr_par' dir='ltr' id='par_1_80' title="bbox 956 4256 1603 4297">
     <span class='ocr_line' id='line_1_81' title="bbox 956 4256 1603 4297; baseline 0.002 -4"><span class='ocrx_word' id='word_1_531' title='bbox 956 4256 1254 4297; x_wconf 66' lang='lat' dir='ltr'><strong>PBEFECTO</strong></span> <span class='ocrx_word' id='word_1_532' title='bbox 1277 4256 1603 4297; x_wconf 73' lang='lat' dir='ltr'><strong>GALLIABUI.</strong></span> 
     </span>
    </p>
   </div>
   <div class='ocr_carea' id='block_1_81' title="bbox 570 4351 2080 4422">
    <p class='ocr_par' dir='ltr' id='par_1_81' title="bbox 570 4351 2080 4422">
     <span class='ocr_line' id='line_1_82' title="bbox 570 4351 2080 4422; baseline -0.001 -12"><span class='ocrx_word' id='word_1_533' title='bbox 570 4354 921 4410; x_wconf 88' lang='lat' dir='ltr'><strong>Saluberrima</strong></span> <span class='ocrx_word' id='word_1_534' title='bbox 949 4351 1337 4422; x_wconf 74' lang='lat' dir='ltr'><strong>magniﬁcentia:</strong></span> <span class='ocrx_word' id='word_1_535' title='bbox 1368 4360 1469 4405; x_wconf 79' lang='lat' dir='ltr'><strong>tute</strong></span> <span class='ocrx_word' id='word_1_536' title='bbox 1502 4355 1824 4422; x_wconf 82' lang='lat' dir='ltr'><strong>suggestione</strong></span> <span class='ocrx_word' id='word_1_537' title='bbox 1850 4356 1980 4408; x_wconf 87' lang='lat' dir='ltr'><strong>inter</strong></span> <span class='ocrx_word' id='word_1_538' title='bbox 2004 4371 2080 4408; x_wconf 89' lang='lat' dir='ltr'><strong>re-</strong></span> 
     </span>
    </p>
   </div>
   <div class='ocr_carea' id='block_1_82' title="bbox 496 4421 2076 4493">
    <p class='ocr_par' dir='ltr' id='par_1_82' title="bbox 496 4421 2076 4493">
     <span class='ocr_line' id='line_1_83' title="bbox 496 4421 2076 4493; baseline 0 -15"><span class='ocrx_word' id='word_1_539' title='bbox 496 4424 664 4493; x_wconf 87' lang='lat' dir='ltr'><strong>liquas</strong></span> <span class='ocrx_word' id='word_1_540' title='bbox 684 4422 900 4486; x_wconf 86' lang='lat' dir='ltr'><strong>reipubl.</strong></span> <span class='ocrx_word' id='word_1_541' title='bbox 930 4422 1176 4493; x_wconf 84' lang='lat' dir='ltr'><strong>utilitates</strong></span> <span class='ocrx_word' id='word_1_542' title='bbox 1196 4421 1456 4493; x_wconf 70' lang='lat' dir='ltr'><strong>euidenter</strong></span> <span class='ocrx_word' id='word_1_543' title='bbox 1486 4423 1739 4487; x_wconf 85' lang='lat' dir='ltr'><strong>instructi,</strong></span> <span class='ocrx_word' id='word_1_544' title='bbox 1763 4424 2076 4479; x_wconf 78' lang='lat' dir='ltr'><strong>observanda</strong></span> 
     </span>
    </p>
   </div>
   <div class='ocr_carea' id='block_1_83' title="bbox 496 4490 2069 4566">
    <p class='ocr_par' dir='ltr' id='par_1_83' title="bbox 496 4490 2069 4566">
     <span class='ocr_line' id='line_1_84' title="bbox 496 4490 2069 4566; baseline 0.001 -19"><span class='ocrx_word' id='word_1_545' title='bbox 496 4490 893 4566; x_wconf 74' lang='lat' dir='ltr'><strong>provincialibus</strong></span> <span class='ocrx_word' id='word_1_546' title='bbox 937 4492 1143 4556; x_wconf 84' lang='lat' dir='ltr'><strong>nostris,</strong></span> <span class='ocrx_word' id='word_1_547' title='bbox 1186 4490 1357 4566; x_wconf 83' lang='lat' dir='ltr'><strong>id_est</strong></span> <span class='ocrx_word' id='word_1_548' title='bbox 1398 4508 1487 4566; x_wconf 81' lang='lat' dir='ltr'><strong>per</strong></span> <span class='ocrx_word' id='word_1_549' title='bbox 1529 4500 1723 4566; x_wconf 85' lang='lat' dir='ltr'><strong>septem</strong></span> <span class='ocrx_word' id='word_1_550' title='bbox 1763 4493 2069 4566; x_wconf 78' lang='lat' dir='ltr'><strong>provincias,</strong></span> 
     </span>
    </p>
   </div>
   <div class='ocr_carea' id='block_1_84' title="bbox 494 4560 2073 4635">
    <p class='ocr_par' dir='ltr' id='par_1_84' title="bbox 494 4560 2073 4635">
     <span class='ocr_line' id='line_1_85' title="bbox 494 4560 2073 4635; baseline 0.001 -17"><span class='ocrx_word' id='word_1_551' title='bbox 494 4560 739 4618; x_wconf 79' lang='lat' dir='ltr'><strong>mansura</strong></span> <span class='ocrx_word' id='word_1_552' title='bbox 778 4563 831 4614; x_wconf 89' lang='lat' dir='ltr'><strong>in</strong></span> <span class='ocrx_word' id='word_1_553' title='bbox 862 4577 1023 4635; x_wconf 75' lang='lat' dir='ltr'><strong>tecum</strong></span> <span class='ocrx_word' id='word_1_554' title='bbox 1070 4560 1384 4635; x_wconf 72' lang='lat' dir='ltr'><strong>auctoritate</strong></span> <span class='ocrx_word' id='word_1_555' title='bbox 1404 4561 1743 4635; x_wconf 80' lang='lat' dir='ltr'><strong>decernimus,</strong></span> <span class='ocrx_word' id='word_1_556' title='bbox 1765 4560 1911 4635; x_wconf 78' lang='lat' dir='ltr'><strong>quod</strong></span> <span class='ocrx_word' id='word_1_557' title='bbox 1958 4560 2073 4635; x_wconf 83' lang='lat' dir='ltr'><strong>spc-</strong></span> 
     </span>
    </p>
   </div>
   <div class='ocr_carea' id='block_1_85' title="bbox 492 4631 2069 4703">
    <p class='ocr_par' dir='ltr' id='par_1_85' title="bbox 492 4631 2069 4703">
     <span class='ocr_line' id='line_1_86' title="bbox 492 4631 2069 4703; baseline 0.001 -16"><span class='ocrx_word' id='word_1_558' title='bbox 492 4636 604 4687; x_wconf 88' lang='lat' dir='ltr'><strong>rari</strong></span> <span class='ocrx_word' id='word_1_559' title='bbox 643 4635 795 4703; x_wconf 82' lang='lat' dir='ltr'><strong>plane</strong></span> <span class='ocrx_word' id='word_1_560' title='bbox 822 4633 883 4684; x_wconf 88' lang='lat' dir='ltr'><strong>ab</strong></span> <span class='ocrx_word' id='word_1_561' title='bbox 908 4632 1035 4699; x_wconf 86' lang='lat' dir='ltr'><strong>ipsis</strong></span> <span class='ocrx_word' id='word_1_562' title='bbox 1063 4631 1459 4703; x_wconf 71' lang='lat' dir='ltr'><strong>prouincialibus</strong></span> <span class='ocrx_word' id='word_1_563' title='bbox 1483 4631 1752 4703; x_wconf 79' lang='lat' dir='ltr'><strong>debuisset.</strong></span> <span class='ocrx_word' id='word_1_564' title='bbox 1786 4631 1927 4695; x_wconf 76' lang='lat' dir='ltr'><strong>Nam</strong></span> <span class='ocrx_word' id='word_1_565' title='bbox 1952 4631 2069 4689; x_wconf 82' lang='lat' dir='ltr'><strong>cum</strong></span> 
     </span>
    </p>
   </div>
   <div class='ocr_carea' id='block_1_86' title="bbox 494 4700 2071 4776">
    <p class='ocr_par' dir='ltr' id='par_1_86' title="bbox 494 4700 2071 4776">
     <span class='ocr_line' id='line_1_87' title="bbox 494 4700 2071 4776; baseline 0.004 -21"><span class='ocrx_word' id='word_1_566' title='bbox 494 4700 704 4776; x_wconf 75' lang='lat' dir='ltr'><strong>propter</strong></span> <span class='ocrx_word' id='word_1_567' title='bbox 734 4705 957 4772; x_wconf 86' lang='lat' dir='ltr'><strong>privatas</strong></span> <span class='ocrx_word' id='word_1_568' title='bbox 1002 4719 1063 4776; x_wconf 87' lang='lat' dir='ltr'><strong>ac</strong></span> <span class='ocrx_word' id='word_1_569' title='bbox 1091 4700 1321 4776; x_wconf 77' lang='lat' dir='ltr'><strong>publicas</strong></span> <span class='ocrx_word' id='word_1_570' title='bbox 1370 4702 1711 4776; x_wconf 74' lang='lat' dir='ltr'><strong>necessitates,</strong></span> <span class='ocrx_word' id='word_1_571' title='bbox 1736 4704 1815 4776; x_wconf 9' lang='lat' dir='ltr'><strong>Vde</strong></span> <span class='ocrx_word' id='word_1_572' title='bbox 1849 4706 2071 4775; x_wconf 79' lang='lat' dir='ltr'><strong>singulis</strong></span> 
     </span>
    </p>
   </div>
   <div class='ocr_carea' id='block_1_87' title="bbox 493 4773 2065 4843">
    <p class='ocr_par' dir='ltr' id='par_1_87' title="bbox 493 4773 2065 4843">
     <span class='ocr_line' id='line_1_88' title="bbox 493 4773 2065 4843; baseline 0.003 -15"><span class='ocrx_word' id='word_1_573' title='bbox 493 4773 801 4839; x_wconf 79' lang='lat' dir='ltr'><strong>ciuitatibus,</strong></span> <span class='ocrx_word' id='word_1_574' title='bbox 828 4790 927 4827; x_wconf 88' lang='lat' dir='ltr'><strong>non</strong></span> <span class='ocrx_word' id='word_1_575' title='bbox 956 4774 1121 4827; x_wconf 88' lang='lat' dir='ltr'><strong>solum</strong></span> <span class='ocrx_word' id='word_1_576' title='bbox 1168 4774 1231 4829; x_wconf 86' lang='lat' dir='ltr'><strong>de</strong></span> <span class='ocrx_word' id='word_1_577' title='bbox 1266 4773 1544 4843; x_wconf 86' lang='lat' dir='ltr'><strong>provinciis</strong></span> <span class='ocrx_word' id='word_1_578' title='bbox 1571 4773 1806 4843; x_wconf 86' lang='lat' dir='ltr'><strong>singulis,</strong></span> <span class='ocrx_word' id='word_1_579' title='bbox 1840 4778 1908 4830; x_wconf 90' lang='lat' dir='ltr'><strong>ad</strong></span> <span class='ocrx_word' id='word_1_580' title='bbox 1934 4773 2065 4832; x_wconf 70' lang='lat' dir='ltr'><strong>exa-</strong></span> 
     </span>
    </p>
   </div>
   <div class='ocr_carea' id='block_1_88' title="bbox 492 4844 2067 4915">
    <p class='ocr_par' dir='ltr' id='par_1_88' title="bbox 492 4844 2067 4915">
     <span class='ocr_line' id='line_1_89' title="bbox 492 4844 2067 4915; baseline 0.003 -18"><span class='ocrx_word' id='word_1_581' title='bbox 492 4860 610 4898; x_wconf 88' lang='lat' dir='ltr'><strong>men</strong></span> <span class='ocrx_word' id='word_1_582' title='bbox 654 4844 1043 4912; x_wconf 78' lang='lat' dir='ltr'><strong>magnificentite</strong></span> <span class='ocrx_word' id='word_1_583' title='bbox 1084 4854 1184 4896; x_wconf 74' lang='lat' dir='ltr'><strong>tua:</strong></span> <span class='ocrx_word' id='word_1_584' title='bbox 1225 4845 1302 4897; x_wconf 85' lang='lat' dir='ltr'><strong>vel</strong></span> <span class='ocrx_word' id='word_1_585' title='bbox 1337 4844 1613 4897; x_wconf 89' lang='lat' dir='ltr'><strong>honoratos</strong></span> <span class='ocrx_word' id='word_1_586' title='bbox 1654 4848 1940 4915; x_wconf 85' lang='lat' dir='ltr'><strong>con/luere,</strong></span> <span class='ocrx_word' id='word_1_587' title='bbox 1988 4850 2067 4902; x_wconf 87' lang='lat' dir='ltr'><strong>vel</strong></span> 
     </span>
    </p>
   </div>
   <div class='ocr_carea' id='block_1_89' title="bbox 492 4915 2063 4985">
    <p class='ocr_par' dir='ltr' id='par_1_89' title="bbox 492 4915 2063 4985">
     <span class='ocr_line' id='line_1_90' title="bbox 492 4915 2063 4985; baseline 0.002 -16"><span class='ocrx_word' id='word_1_588' title='bbox 492 4916 625 4969; x_wconf 84' lang='lat' dir='ltr'><strong>mitti</strong></span> <span class='ocrx_word' id='word_1_589' title='bbox 652 4917 865 4985; x_wconf 87' lang='lat' dir='ltr'><strong>legatos,</strong></span> <span class='ocrx_word' id='word_1_590' title='bbox 898 4922 986 4967; x_wconf 89' lang='lat' dir='ltr'><strong>aut</strong></span> <span class='ocrx_word' id='word_1_591' title='bbox 1016 4930 1363 4982; x_wconf 83' lang='lat' dir='ltr'><strong>possessorum</strong></span> <span class='ocrx_word' id='word_1_592' title='bbox 1394 4915 1607 4979; x_wconf 88' lang='lat' dir='ltr'><strong>utilitas,</strong></span> <span class='ocrx_word' id='word_1_593' title='bbox 1638 4926 1727 4968; x_wconf 90' lang='lat' dir='ltr'><strong>aut</strong></span> <span class='ocrx_word' id='word_1_594' title='bbox 1748 4917 2063 4984; x_wconf 86' lang='lat' dir='ltr'><strong>publicarum</strong></span> 
     </span>
    </p>
   </div>
   <div class='ocr_carea' id='block_1_90' title="bbox 491 4986 2066 5058">
    <p class='ocr_par' dir='ltr' id='par_1_90' title="bbox 491 4986 2066 5058">
     <span class='ocr_line' id='line_1_91' title="bbox 491 4986 2066 5058; baseline -0.006 -18"><span class='ocrx_word' id='word_1_595' title='bbox 491 4988 626 5041; x_wconf 85' lang='lat' dir='ltr'><strong>ratio</strong></span> <span class='ocrx_word' id='word_1_596' title='bbox 655 4990 832 5058; x_wconf 68' lang='lat' dir='ltr'><strong>exigat</strong></span> <span class='ocrx_word' id='word_1_597' title='bbox 852 4987 1173 5053; x_wconf 75' lang='lat' dir='ltr'><strong>{auctionum</strong></span> <span class='ocrx_word' id='word_1_598' title='bbox 1202 4999 1221 5037; x_wconf 88' lang='lat'><strong><em>:</em></strong></span> <span class='ocrx_word' id='word_1_599' title='bbox 1243 4986 1464 5038; x_wconf 71' lang='lat' dir='ltr'><strong>maxime</strong></span> <span class='ocrx_word' id='word_1_600' title='bbox 1503 4998 1847 5058; x_wconf 67' lang='lat' dir='ltr'><strong>opportunum</strong></span> <span class='ocrx_word' id='word_1_601' title='bbox 1869 4998 1917 5041; x_wconf 68' lang='grc' dir='ltr'><strong>ει</strong></span> <span class='ocrx_word' id='word_1_602' title='bbox 1945 5004 2066 5042; x_wconf 73' lang='lat' dir='ltr'><strong>con-</strong></span> 
     </span>
    </p>
   </div>
   <div class='ocr_carea' id='block_1_91' title="bbox 492 5055 2067 5128">
    <p class='ocr_par' dir='ltr' id='par_1_91' title="bbox 492 5055 2067 5128">
     <span class='ocr_line' id='line_1_92' title="bbox 492 5055 2067 5128; baseline 0.003 -19"><span class='ocrx_word' id='word_1_603' title='bbox 492 5058 713 5111; x_wconf 86' lang='lat' dir='ltr'><strong>ducibile</strong></span> <span class='ocrx_word' id='word_1_604' title='bbox 729 5055 1025 5127; x_wconf 68' lang='lat' dir='ltr'><strong>judicamus</strong></span> <span class='ocrx_word' id='word_1_605' title='bbox 1060 5063 1136 5128; x_wconf 79' lang='lat' dir='ltr'><strong>ut,</strong></span> <span class='ocrx_word' id='word_1_606' title='bbox 1176 5064 1377 5108; x_wconf 77' lang='lat' dir='ltr'><strong>seruata</strong></span> <span class='ocrx_word' id='word_1_607' title='bbox 1402 5055 1610 5128; x_wconf 81' lang='lat' dir='ltr'><strong>posthac</strong></span> <span class='ocrx_word' id='word_1_608' title='bbox 1652 5058 1802 5111; x_wconf 85' lang='lat' dir='ltr'><strong>annis</strong></span> <span class='ocrx_word' id='word_1_609' title='bbox 1850 5060 2067 5128; x_wconf 79' lang='lat' dir='ltr'><strong>singulis</strong></span> 
     </span>
    </p>
   </div>
   <div class='ocr_carea' id='block_1_92' title="bbox 491 5126 2067 5196">
    <p class='ocr_par' dir='ltr' id='par_1_92' title="bbox 491 5126 2067 5196">
     <span class='ocr_line' id='line_1_93' title="bbox 491 5126 2067 5196; baseline 0.001 -17"><span class='ocrx_word' id='word_1_610' title='bbox 491 5126 877 5190; x_wconf 85' lang='lat' dir='ltr'><strong>consuetudine,</strong></span> <span class='ocrx_word' id='word_1_611' title='bbox 905 5126 1181 5178; x_wconf 84' lang='lat' dir='ltr'><strong>constituto</strong></span> <span class='ocrx_word' id='word_1_612' title='bbox 1219 5137 1441 5193; x_wconf 86' lang='lat' dir='ltr'><strong>tempore</strong></span> <span class='ocrx_word' id='word_1_613' title='bbox 1477 5127 1530 5179; x_wconf 87' lang='lat' dir='ltr'><strong>in</strong></span> <span class='ocrx_word' id='word_1_614' title='bbox 1565 5126 1979 5196; x_wconf 73' lang='lat' dir='ltr'><strong>metropolitano,</strong></span> <span class='ocrx_word' id='word_1_615' title='bbox 2012 5130 2067 5183; x_wconf 86' lang='lat' dir='ltr'><strong>id</strong></span> 
     </span>
    </p>
   </div>
   <div class='ocr_carea' id='block_1_93' title="bbox 489 5196 2067 5266">
    <p class='ocr_par' dir='ltr' id='par_1_93' title="bbox 489 5196 2067 5266">
     <span class='ocr_line' id='line_1_94' title="bbox 489 5196 2067 5266; baseline 0.003 -18"><span class='ocrx_word' id='word_1_616' title='bbox 489 5206 562 5249; x_wconf 84' lang='lat' dir='ltr'><strong>est</strong></span> <span class='ocrx_word' id='word_1_617' title='bbox 601 5198 654 5249; x_wconf 89' lang='lat' dir='ltr'><strong>in</strong></span> <span class='ocrx_word' id='word_1_618' title='bbox 685 5196 979 5266; x_wconf 67' lang='lat' dir='ltr'><strong>Arelatensi</strong></span> <span class='ocrx_word' id='word_1_619' title='bbox 1001 5198 1140 5257; x_wconf 85' lang='lat' dir='ltr'><strong>urbe,</strong></span> <span class='ocrx_word' id='word_1_620' title='bbox 1174 5196 1423 5263; x_wconf 75' lang='lat' dir='ltr'><strong>incipiant</strong></span> <span class='ocrx_word' id='word_1_621' title='bbox 1448 5206 1637 5264; x_wconf 87' lang='lat' dir='ltr'><strong>septem</strong></span> <span class='ocrx_word' id='word_1_622' title='bbox 1664 5200 1940 5266; x_wconf 76' lang='lat' dir='ltr'><strong>provincia</strong></span> <span class='ocrx_word' id='word_1_623' title='bbox 1968 5200 2067 5253; x_wconf 84' lang='lat' dir='ltr'><strong>ha-</strong></span> 
     </span>
    </p>
   </div>
   <div class='ocr_carea' id='block_1_94' title="bbox 491 5263 2069 5338">
    <p class='ocr_par' dir='ltr' id='par_1_94' title="bbox 491 5263 2069 5338">
     <span class='ocr_line' id='line_1_95' title="bbox 491 5263 2069 5338; baseline 0.004 -21"><span class='ocrx_word' id='word_1_624' title='bbox 491 5268 604 5338; x_wconf 87' lang='lat' dir='ltr'><strong>bere</strong></span> <span class='ocrx_word' id='word_1_625' title='bbox 624 5267 915 5320; x_wconf 85' lang='lat' dir='ltr'><strong>concilium.</strong></span> <span class='ocrx_word' id='word_1_626' title='bbox 949 5263 1015 5318; x_wconf 87' lang='lat' dir='ltr'><strong>In</strong></span> <span class='ocrx_word' id='word_1_627' title='bbox 1038 5282 1138 5338; x_wconf 87' lang='lat' dir='ltr'><strong>quo</strong></span> <span class='ocrx_word' id='word_1_628' title='bbox 1162 5265 1315 5338; x_wconf 70' lang='lat' dir='ltr'><strong>plane</strong></span> <span class='ocrx_word' id='word_1_629' title='bbox 1336 5276 1440 5318; x_wconf 87' lang='lat' dir='ltr'><strong>tam</strong></span> <span class='ocrx_word' id='word_1_630' title='bbox 1469 5263 1684 5337; x_wconf 83' lang='lat' dir='ltr'><strong>singulis</strong></span> <span class='ocrx_word' id='word_1_631' title='bbox 1713 5284 1866 5338; x_wconf 88' lang='lat' dir='ltr'><strong>quam</strong></span> <span class='ocrx_word' id='word_1_632' title='bbox 1901 5273 2069 5324; x_wconf 80' lang='lat' dir='ltr'><strong>omni-</strong></span> 
     </span>
    </p>
   </div>
   <div class='ocr_carea' id='block_1_95' title="bbox 492 5333 2066 5408">
    <p class='ocr_par' dir='ltr' id='par_1_95' title="bbox 492 5333 2066 5408">
     <span class='ocr_line' id='line_1_96' title="bbox 492 5333 2066 5408; baseline 0.004 -20"><span class='ocrx_word' id='word_1_633' title='bbox 492 5336 582 5388; x_wconf 87' lang='lat' dir='ltr'><strong>bus</strong></span> <span class='ocrx_word' id='word_1_634' title='bbox 614 5352 879 5408; x_wconf 81' lang='lat' dir='ltr'><strong>commune</strong></span> <span class='ocrx_word' id='word_1_635' title='bbox 902 5333 1235 5408; x_wconf 78' lang='lat' dir='ltr'><strong>comulimus.</strong></span> <span class='ocrx_word' id='word_1_636' title='bbox 1268 5333 1501 5390; x_wconf 85' lang='lat' dir='ltr'><strong>Primum</strong></span> <span class='ocrx_word' id='word_1_637' title='bbox 1527 5333 1578 5393; x_wconf 41' lang='lat' dir='ltr'><strong>u’t</strong></span> <span class='ocrx_word' id='word_1_638' title='bbox 1611 5333 1917 5408; x_wconf 83' lang='lat' dir='ltr'><strong>optimorum</strong></span> <span class='ocrx_word' id='word_1_639' title='bbox 1944 5357 2066 5399; x_wconf 81' lang='lat' dir='ltr'><strong>con-</strong></span> 
     </span>
    </p>
   </div>
   <div class='ocr_carea' id='block_1_96' title="bbox 493 5406 2063 5477">
    <p class='ocr_par' dir='ltr' id='par_1_96' title="bbox 493 5406 2063 5477">
     <span class='ocr_line' id='line_1_97' title="bbox 493 5406 2063 5477; baseline 0.003 -17"><span class='ocrx_word' id='word_1_640' title='bbox 493 5417 641 5460; x_wconf 87' lang='lat' dir='ltr'><strong>ventu</strong></span> <span class='ocrx_word' id='word_1_641' title='bbox 668 5406 760 5460; x_wconf 86' lang='lat' dir='ltr'><strong>sub</strong></span> <span class='ocrx_word' id='word_1_642' title='bbox 783 5406 968 5463; x_wconf 85' lang='lat' dir='ltr'><strong>illustri</strong></span> <span class='ocrx_word' id='word_1_643' title='bbox 990 5407 1259 5474; x_wconf 79' lang='lat' dir='ltr'><strong>prtessntia</strong></span> <span class='ocrx_word' id='word_1_644' title='bbox 1278 5411 1617 5477; x_wconf 77' lang='lat' dir='ltr'><strong>prtefecturw,</strong></span> <span class='ocrx_word' id='word_1_645' title='bbox 1638 5406 1682 5462; x_wconf 81' lang='lat' dir='ltr'><strong>si</strong></span> <span class='ocrx_word' id='word_1_646' title='bbox 1706 5410 1760 5463; x_wconf 87' lang='lat' dir='ltr'><strong>id</strong></span> <span class='ocrx_word' id='word_1_647' title='bbox 1783 5421 1952 5465; x_wconf 90' lang='lat' dir='ltr'><strong>tamen</strong></span> <span class='ocrx_word' id='word_1_648' title='bbox 1974 5429 2063 5465; x_wconf 88' lang='lat' dir='ltr'><strong>ra-</strong></span> 
     </span>
    </p>
   </div>
   <div class='ocr_carea' id='block_1_97' title="bbox 493 5476 2059 5547">
    <p class='ocr_par' dir='ltr' id='par_1_97' title="bbox 493 5476 2059 5547">
     <span class='ocr_line' id='line_1_98' title="bbox 493 5476 2059 5547; baseline 0.004 -18"><span class='ocrx_word' id='word_1_649' title='bbox 493 5478 562 5529; x_wconf 89' lang='lat' dir='ltr'><strong>tio</strong></span> <span class='ocrx_word' id='word_1_650' title='bbox 590 5477 808 5547; x_wconf 78' lang='lat' dir='ltr'><strong>publica:</strong></span> <span class='ocrx_word' id='word_1_651' title='bbox 837 5477 1184 5546; x_wconf 84' lang='lat' dir='ltr'><strong>dispositionis</strong></span> <span class='ocrx_word' id='word_1_652' title='bbox 1215 5476 1475 5540; x_wconf 86' lang='lat' dir='ltr'><strong>obtulerit,</strong></span> <span class='ocrx_word' id='word_1_653' title='bbox 1509 5480 1843 5534; x_wconf 86' lang='lat' dir='ltr'><strong>saluberrima</strong></span> <span class='ocrx_word' id='word_1_654' title='bbox 1869 5483 1931 5535; x_wconf 90' lang='lat' dir='ltr'><strong>de</strong></span> <span class='ocrx_word' id='word_1_655' title='bbox 1958 5485 2059 5536; x_wconf 85' lang='lat' dir='ltr'><strong>sin-</strong></span> 
     </span>
    </p>
   </div>
   <div class='ocr_carea' id='block_1_98' title="bbox 492 5547 2065 5620">
    <p class='ocr_par' dir='ltr' id='par_1_98' title="bbox 492 5547 2065 5620">
     <span class='ocr_line' id='line_1_99' title="bbox 492 5547 2065 5620; baseline 0.004 -20"><span class='ocrx_word' id='word_1_656' title='bbox 492 5550 627 5620; x_wconf 87' lang='lat' dir='ltr'><strong>gulis</strong></span> <span class='ocrx_word' id='word_1_657' title='bbox 637 5548 782 5603; x_wconf 73' lang='lat' dir='ltr'><strong>rebus</strong></span> <span class='ocrx_word' id='word_1_658' title='bbox 800 5550 991 5618; x_wconf 85' lang='lat' dir='ltr'><strong>possint</strong></span> <span class='ocrx_word' id='word_1_659' title='bbox 1010 5562 1118 5600; x_wconf 87' lang='lat' dir='ltr'><strong>esse</strong></span> <span class='ocrx_word' id='word_1_660' title='bbox 1129 5549 1361 5620; x_wconf 76' lang='lat' dir='ltr'><strong>consilia.</strong></span> <span class='ocrx_word' id='word_1_661' title='bbox 1384 5547 1512 5600; x_wconf 88' lang='lat' dir='ltr'><strong>Tum</strong></span> <span class='ocrx_word' id='word_1_662' title='bbox 1527 5550 1772 5618; x_wconf 84' lang='lat' dir='ltr'><strong>quidquid</strong></span> <span class='ocrx_word' id='word_1_663' title='bbox 1794 5562 2065 5607; x_wconf 84' lang='lat' dir='ltr'><strong>tractatum</strong></span> 
     </span>
    </p>
   </div>
   <div class='ocr_carea' id='block_1_99' title="bbox 497 5619 2065 5688">
    <p class='ocr_par' dir='ltr' id='par_1_99' title="bbox 497 5619 2065 5688">
     <span class='ocr_line' id='line_1_100' title="bbox 497 5619 2065 5688; baseline 0.005 -17"><span class='ocrx_word' id='word_1_664' title='bbox 497 5619 670 5688; x_wconf 57' lang='lat' dir='ltr'><strong>fuerit,</strong></span> <span class='ocrx_word' id='word_1_665' title='bbox 713 5627 759 5672; x_wconf 75' lang='lat' dir='ltr'><strong>et</strong></span> <span class='ocrx_word' id='word_1_666' title='bbox 790 5620 1032 5675; x_wconf 80' lang='lat' dir='ltr'><strong>discussis</strong></span> <span class='ocrx_word' id='word_1_667' title='bbox 1070 5619 1354 5671; x_wconf 89' lang='lat' dir='ltr'><strong>ratiociniis</strong></span> <span class='ocrx_word' id='word_1_668' title='bbox 1391 5622 1740 5684; x_wconf 81' lang='lat' dir='ltr'><strong>constitutum,</strong></span> <span class='ocrx_word' id='word_1_669' title='bbox 1774 5639 1864 5676; x_wconf 89' lang='lat' dir='ltr'><strong>nec</strong></span> <span class='ocrx_word' id='word_1_670' title='bbox 1909 5626 2065 5679; x_wconf 87' lang='lat' dir='ltr'><strong>latere</strong></span> 
     </span>
    </p>
   </div>
   <div class='ocr_carea' id='block_1_100' title="bbox 496 5690 2062 5760">
    <p class='ocr_par' dir='ltr' id='par_1_100' title="bbox 496 5690 2062 5760">
     <span class='ocr_line' id='line_1_101' title="bbox 496 5690 2062 5760; baseline 0.008 -23"><span class='ocrx_word' id='word_1_671' title='bbox 496 5692 716 5760; x_wconf 69' lang='lat' dir='ltr'><strong>potiores</strong></span> <span class='ocrx_word' id='word_1_672' title='bbox 741 5690 1030 5760; x_wconf 84' lang='lat' dir='ltr'><strong>provincias</strong></span> <span class='ocrx_word' id='word_1_673' title='bbox 1053 5691 1252 5759; x_wconf 81' lang='lat' dir='ltr'><strong>poterit,</strong></span> <span class='ocrx_word' id='word_1_674' title='bbox 1288 5702 1335 5741; x_wconf 90' lang='lat' dir='ltr'><strong>et</strong></span> <span class='ocrx_word' id='word_1_675' title='bbox 1376 5704 1553 5757; x_wconf 87' lang='lat' dir='ltr'><strong>parem</strong></span> <span class='ocrx_word' id='word_1_676' title='bbox 1598 5707 1794 5746; x_wconf 66' lang='lat' dir='ltr'><strong>necesse</strong></span> <span class='ocrx_word' id='word_1_677' title='bbox 1828 5704 1899 5747; x_wconf 80' lang='lat' dir='ltr'><strong>est</strong></span> <span class='ocrx_word' id='word_1_678' title='bbox 1930 5698 2062 5749; x_wconf 86' lang='lat' dir='ltr'><strong>inter</strong></span> 
     </span>
    </p>
   </div>
   <div class='ocr_carea' id='block_1_101' title="bbox 495 5759 2064 5834">
    <p class='ocr_par' dir='ltr' id='par_1_101' title="bbox 495 5759 2064 5834">
     <span class='ocr_line' id='line_1_102' title="bbox 495 5759 2064 5834; baseline 0.006 -23"><span class='ocrx_word' id='word_1_679' title='bbox 495 5759 721 5814; x_wconf 76' lang='lat' dir='ltr'><strong>absentes</strong></span> <span class='ocrx_word' id='word_1_680' title='bbox 740 5762 989 5828; x_wconf 78' lang='lat' dir='ltr'><strong>aquitatis</strong></span> <span class='ocrx_word' id='word_1_681' title='bbox 1012 5762 1229 5830; x_wconf 83' lang='lat' dir='ltr'><strong>formam</strong></span> <span class='ocrx_word' id='word_1_682' title='bbox 1243 5763 1553 5831; x_wconf 53' lang='lat' dir='ltr'><strong>iustitiaque</strong></span> <span class='ocrx_word' id='word_1_683' title='bbox 1580 5765 1787 5816; x_wconf 81' lang='lat' dir='ltr'><strong>servari.</strong></span> <span class='ocrx_word' id='word_1_684' title='bbox 1815 5766 1887 5816; x_wconf 77' lang='lat' dir='ltr'><strong>Ac</strong></span> <span class='ocrx_word' id='word_1_685' title='bbox 1915 5768 2064 5834; x_wconf 85' lang='lat' dir='ltr'><strong>plane</strong></span> 
     </span>
    </p>
   </div>
   <div class='ocr_carea' id='block_1_102' title="bbox 2182 3166 3748 3242">
    <p class='ocr_par' dir='ltr' id='par_1_102' title="bbox 2182 3166 3748 3242">
     <span class='ocr_line' id='line_1_103' title="bbox 2182 3166 3748 3242; baseline 0.004 -24"><span class='ocrx_word' id='word_1_686' title='bbox 2182 3166 2631 3242; x_wconf 76' lang='lat' dir='ltr'><strong>Hispania,_quod</strong></span> <span class='ocrx_word' id='word_1_687' title='bbox 2659 3167 2806 3242; x_wconf 74' lang='lat' dir='ltr'><strong>fortis</strong></span> <span class='ocrx_word' id='word_1_688' title='bbox 2840 3166 3011 3220; x_wconf 79' lang='lat' dir='ltr'><strong>Gallia</strong></span> <span class='ocrx_word' id='word_1_689' title='bbox 3038 3166 3200 3238; x_wconf 81' lang='lat' dir='ltr'><strong>potest</strong></span> <span class='ocrx_word' id='word_1_690' title='bbox 3222 3166 3402 3222; x_wconf 80' lang='lat' dir='ltr'><strong>habere</strong></span> <span class='ocrx_word' id='word_1_691' title='bbox 3422 3166 3748 3242; x_wconf 73' lang='lat' dir='ltr'><strong>prteclarum,</strong></span> 
     </span>
    </p>
   </div>
   <div class='ocr_carea' id='block_1_103' title="bbox 2178 3236 3749 3311">
    <p class='ocr_par' dir='ltr' id='par_1_103' title="bbox 2178 3236 3749 3311">
     <span class='ocr_line' id='line_1_104' title="bbox 2178 3236 3749 3311; baseline 0.004 -22"><span class='ocrx_word' id='word_1_692' title='bbox 2178 3239 2251 3289; x_wconf 86' lang='lat' dir='ltr'><strong>ita</strong></span> <span class='ocrx_word' id='word_1_693' title='bbox 2280 3237 2403 3311; x_wconf 68' lang='lat' dir='ltr'><strong>illic</strong></span> <span class='ocrx_word' id='word_1_694' title='bbox 2426 3236 2625 3302; x_wconf 71' lang='lat' dir='ltr'><strong>alfalim</strong></span> <span class='ocrx_word' id='word_1_695' title='bbox 2661 3237 2925 3303; x_wconf 77' lang='lat' dir='ltr'><strong>exuberat,</strong></span> <span class='ocrx_word' id='word_1_696' title='bbox 2954 3236 3107 3311; x_wconf 83' lang='lat' dir='ltr'><strong>quasi</strong></span> <span class='ocrx_word' id='word_1_697' title='bbox 3152 3242 3219 3292; x_wconf 85' lang='lat' dir='ltr'><strong>ibi</strong></span> <span class='ocrx_word' id='word_1_698' title='bbox 3241 3236 3537 3311; x_wconf 76' lang='lat' dir='ltr'><strong>nascantur&quot;</strong></span> <span class='ocrx_word' id='word_1_699' title='bbox 3559 3236 3749 3311; x_wconf 64' lang='lat' dir='ltr'><strong>omnia,</strong></span> 
     </span>
    </p>
   </div>
   <div class='ocr_carea' id='block_1_104' title="bbox 2177 3307 3753 3380">
    <p class='ocr_par' dir='ltr' id='par_1_104' title="bbox 2177 3307 3753 3380">
     <span class='ocr_line' id='line_1_105' title="bbox 2177 3307 3753 3380; baseline 0.005 -21"><span class='ocrx_word' id='word_1_700' title='bbox 2177 3323 2291 3380; x_wconf 56' lang='lat' dir='ltr'><strong>quis</strong></span> <span class='ocrx_word' id='word_1_701' title='bbox 2320 3307 2501 3380; x_wconf 53' lang='lat' dir='ltr'><strong>ubique</strong></span> <span class='ocrx_word' id='word_1_702' title='bbox 2526 3318 2723 3380; x_wconf 68' lang='lat' dir='ltr'><strong>cgnstut</strong></span> <span class='ocrx_word' id='word_1_703' title='bbox 2764 3324 2871 3363; x_wconf 88' lang='lat' dir='ltr'><strong>esse</strong></span> <span class='ocrx_word' id='word_1_704' title='bbox 2900 3310 3192 3380; x_wconf 78' lang='lat' dir='ltr'><strong>magniﬁca.</strong></span> <span class='ocrx_word' id='word_1_705' title='bbox 3222 3309 3253 3362; x_wconf 88' lang='lat' dir='ltr'><strong><em>J</em></strong></span> <span class='ocrx_word' id='word_1_706' title='bbox 3262 3327 3344 3363; x_wconf 90' lang='lat' dir='ltr'><strong>am</strong></span> <span class='ocrx_word' id='word_1_707' title='bbox 3375 3326 3489 3365; x_wconf 79' lang='lat' dir='ltr'><strong>vero</strong></span> <span class='ocrx_word' id='word_1_708' title='bbox 3510 3307 3753 3368; x_wconf 79' lang='lat' dir='ltr'><strong>decursus</strong></span> 
     </span>
    </p>
   </div>
   <div class='ocr_carea' id='block_1_105' title="bbox 2182 3376 3753 3443">
    <p class='ocr_par' dir='ltr' id='par_1_105' title="bbox 2182 3376 3753 3443">
     <span class='ocr_line' id='line_1_106' title="bbox 2182 3376 3753 3443; baseline 0.008 -15"><span class='ocrx_word' id='word_1_709' title='bbox 2182 3376 2448 3442; x_wconf 82' lang='lat' dir='ltr'><strong>Rhodani,</strong></span> <span class='ocrx_word' id='word_1_710' title='bbox 2481 3384 2526 3430; x_wconf 85' lang='lat' dir='ltr'><strong>et</strong></span> <span class='ocrx_word' id='word_1_711' title='bbox 2553 3376 2792 3432; x_wconf 83' lang='lat' dir='ltr'><strong>Tirrheni</strong></span> <span class='ocrx_word' id='word_1_712' title='bbox 2820 3376 3085 3443; x_wconf 71' lang='lat' dir='ltr'><strong>recursus,</strong></span> <span class='ocrx_word' id='word_1_713' title='bbox 3104 3398 3299 3437; x_wconf 55' lang='lat' dir='ltr'><strong>necesse</strong></span> <span class='ocrx_word' id='word_1_714' title='bbox 3328 3391 3402 3435; x_wconf 82' lang='lat' dir='ltr'><strong>est</strong></span> <span class='ocrx_word' id='word_1_715' title='bbox 3446 3398 3499 3435; x_wconf 84' lang='lat' dir='ltr'><strong>ut</strong></span> <span class='ocrx_word' id='word_1_716' title='bbox 3531 3383 3753 3440; x_wconf 80' lang='lat' dir='ltr'><strong>vicinum</strong></span> 
     </span>
    </p>
   </div>
   <div class='ocr_carea' id='block_1_106' title="bbox 2180 3447 3751 3523">
    <p class='ocr_par' dir='ltr' id='par_1_106' title="bbox 2180 3447 3751 3523">
     <span class='ocr_line' id='line_1_107' title="bbox 2180 3447 3751 3523; baseline 0.006 -26"><span class='ocrx_word' id='word_1_717' title='bbox 2180 3447 2393 3523; x_wconf 74' lang='lat' dir='ltr'><strong>faciant,</strong></span> <span class='ocrx_word' id='word_1_718' title='bbox 2419 3465 2478 3499; x_wconf 90' lang='lat' dir='ltr'><strong>ac</strong></span> <span class='ocrx_word' id='word_1_719' title='bbox 2503 3451 3034 3523; x_wconf 69' lang='lat' dir='ltr'><strong>peneconterminum,</strong></span> <span class='ocrx_word' id='word_1_720' title='bbox 3062 3450 3139 3505; x_wconf 83' lang='lat' dir='ltr'><strong>vel</strong></span> <span class='ocrx_word' id='word_1_721' title='bbox 3160 3456 3295 3515; x_wconf 88' lang='lat' dir='ltr'><strong>quod</strong></span> <span class='ocrx_word' id='word_1_722' title='bbox 3318 3452 3409 3504; x_wconf 87' lang='lat' dir='ltr'><strong>iste</strong></span> <span class='ocrx_word' id='word_1_723' title='bbox 3430 3456 3751 3523; x_wconf 73' lang='lat' dir='ltr'><strong>pneterﬂuit,</strong></span> 
     </span>
    </p>
   </div>
   <div class='ocr_carea' id='block_1_107' title="bbox 2179 3517 3753 3592">
    <p class='ocr_par' dir='ltr' id='par_1_107' title="bbox 2179 3517 3753 3592">
     <span class='ocr_line' id='line_1_108' title="bbox 2179 3517 3753 3592; baseline 0.006 -23"><span class='ocrx_word' id='word_1_724' title='bbox 2179 3520 2264 3592; x_wconf 81' lang='lat' dir='ltr'><strong>vel</strong></span> <span class='ocrx_word' id='word_1_725' title='bbox 2293 3517 2387 3592; x_wconf 79' lang='lat' dir='ltr'><strong>ille</strong></span> <span class='ocrx_word' id='word_1_726' title='bbox 2416 3519 2567 3592; x_wconf 78' lang='lat' dir='ltr'><strong>quod</strong></span> <span class='ocrx_word' id='word_1_727' title='bbox 2606 3519 2803 3572; x_wconf 82' lang='lat' dir='ltr'><strong>circuit.</strong></span> <span class='ocrx_word' id='word_1_728' title='bbox 2854 3519 2982 3573; x_wconf 82' lang='lat' dir='ltr'><strong>Cum</strong></span> <span class='ocrx_word' id='word_1_729' title='bbox 3018 3536 3137 3592; x_wconf 82' lang='lat' dir='ltr'><strong>ergo</strong></span> <span class='ocrx_word' id='word_1_730' title='bbox 3181 3523 3296 3574; x_wconf 68' lang='lat' dir='ltr'><strong>huic</strong></span> <span class='ocrx_word' id='word_1_731' title='bbox 3339 3524 3517 3576; x_wconf 76' lang='lat' dir='ltr'><strong>servat</strong></span> <span class='ocrx_word' id='word_1_732' title='bbox 3566 3517 3753 3583; x_wconf 59' lang='lat' dir='ltr'><strong>ciuitati</strong></span> 
     </span>
    </p>
   </div>
   <div class='ocr_carea' id='block_1_108' title="bbox 2179 3588 3746 3663">
    <p class='ocr_par' dir='ltr' id='par_1_108' title="bbox 2179 3588 3746 3663">
     <span class='ocr_line' id='line_1_109' title="bbox 2179 3588 3746 3663; baseline 0.005 -24"><span class='ocrx_word' id='word_1_733' title='bbox 2179 3588 2424 3663; x_wconf 79' lang='lat' dir='ltr'><strong>quidquid</strong></span> <span class='ocrx_word' id='word_1_734' title='bbox 2450 3588 2593 3642; x_wconf 84' lang='lat' dir='ltr'><strong>habet</strong></span> <span class='ocrx_word' id='word_1_735' title='bbox 2625 3598 2759 3643; x_wconf 89' lang='lat' dir='ltr'><strong>terra</strong></span> <span class='ocrx_word' id='word_1_736' title='bbox 2783 3588 3119 3663; x_wconf 70' lang='lat' dir='ltr'><strong>praecipuum,</strong></span> <span class='ocrx_word' id='word_1_737' title='bbox 3160 3594 3227 3645; x_wconf 88' lang='lat' dir='ltr'><strong>ad</strong></span> <span class='ocrx_word' id='word_1_738' title='bbox 3264 3594 3394 3645; x_wconf 82' lang='lat' dir='ltr'><strong>hanc</strong></span> <span class='ocrx_word' id='word_1_739' title='bbox 3421 3594 3554 3656; x_wconf 77' lang='lat' dir='ltr'><strong>celo,</strong></span> <span class='ocrx_word' id='word_1_740' title='bbox 3587 3610 3746 3663; x_wconf 79' lang='lat' dir='ltr'><strong>reme,</strong></span> 
     </span>
    </p>
   </div>
   <div class='ocr_carea' id='block_1_109' title="bbox 2179 3659 3751 3732">
    <p class='ocr_par' dir='ltr' id='par_1_109' title="bbox 2179 3659 3751 3732">
     <span class='ocr_line' id='line_1_110' title="bbox 2179 3659 3751 3732; baseline 0.005 -23"><span class='ocrx_word' id='word_1_741' title='bbox 2179 3659 2428 3732; x_wconf 84' lang='lat' dir='ltr'><strong>vehiculo,</strong></span> <span class='ocrx_word' id='word_1_742' title='bbox 2456 3667 2615 3726; x_wconf 87' lang='lat' dir='ltr'><strong>terra,</strong></span> <span class='ocrx_word' id='word_1_743' title='bbox 2648 3663 2797 3725; x_wconf 88' lang='lat' dir='ltr'><strong>mari,</strong></span> <span class='ocrx_word' id='word_1_744' title='bbox 2829 3661 3042 3729; x_wconf 81' lang='lat' dir='ltr'><strong>ﬂumine</strong></span> <span class='ocrx_word' id='word_1_745' title='bbox 3070 3664 3352 3732; x_wconf 72' lang='lat' dir='ltr'><strong>deferatur,</strong></span> <span class='ocrx_word' id='word_1_746' title='bbox 3377 3665 3625 3732; x_wconf 85' lang='lat' dir='ltr'><strong>quidquid</strong></span> <span class='ocrx_word' id='word_1_747' title='bbox 3651 3659 3751 3719; x_wconf 69' lang='lat' dir='ltr'><strong>siri-</strong></span> 
     </span>
    </p>
   </div>
   <div class='ocr_carea' id='block_1_110' title="bbox 2180 3730 3754 3801">
    <p class='ocr_par' dir='ltr' id='par_1_110' title="bbox 2180 3730 3754 3801">
     <span class='ocr_line' id='line_1_111' title="bbox 2180 3730 3754 3801; baseline 0.004 -21"><span class='ocrx_word' id='word_1_748' title='bbox 2180 3730 2312 3796; x_wconf 87' lang='lat' dir='ltr'><strong>gulis</strong></span> <span class='ocrx_word' id='word_1_749' title='bbox 2338 3731 2564 3782; x_wconf 85' lang='lat' dir='ltr'><strong>nascitur</strong></span> <span class='ocrx_word' id='word_1_750' title='bbox 2598 3745 2616 3782; x_wconf 91' lang='lat'><strong><em>:</em></strong></span> <span class='ocrx_word' id='word_1_751' title='bbox 2647 3732 2905 3801; x_wconf 87' lang='lat' dir='ltr'><strong>quomodo</strong></span> <span class='ocrx_word' id='word_1_752' title='bbox 2940 3749 3040 3785; x_wconf 89' lang='lat' dir='ltr'><strong>non</strong></span> <span class='ocrx_word' id='word_1_753' title='bbox 3073 3730 3283 3787; x_wconf 84' lang='lat' dir='ltr'><strong>multum</strong></span> <span class='ocrx_word' id='word_1_754' title='bbox 3309 3734 3403 3787; x_wconf 84' lang='lat' dir='ltr'><strong>sibi</strong></span> <span class='ocrx_word' id='word_1_755' title='bbox 3436 3730 3619 3788; x_wconf 72' lang='lat' dir='ltr'><strong>Gallice</strong></span> <span class='ocrx_word' id='word_1_756' title='bbox 3674 3753 3754 3787; x_wconf 79' lang='lat' dir='ltr'><strong>w-</strong></span> 
     </span>
    </p>
   </div>
   <div class='ocr_carea' id='block_1_111' title="bbox 2180 3801 3752 3875">
    <p class='ocr_par' dir='ltr' id='par_1_111' title="bbox 2180 3801 3752 3875">
     <span class='ocr_line' id='line_1_112' title="bbox 2180 3801 3752 3875; baseline 0.005 -24"><span class='ocrx_word' id='word_1_757' title='bbox 2180 3809 2297 3852; x_wconf 80' lang='lat' dir='ltr'><strong>strte</strong></span> <span class='ocrx_word' id='word_1_758' title='bbox 2321 3801 2604 3867; x_wconf 67' lang='lat' dir='ltr'><strong>pra’stitum</strong></span> <span class='ocrx_word' id='word_1_759' title='bbox 2625 3801 2856 3875; x_wconf 82' lang='lat' dir='ltr'><strong>credant,</strong></span> <span class='ocrx_word' id='word_1_760' title='bbox 2880 3817 2995 3875; x_wconf 82' lang='lat' dir='ltr'><strong>cum</strong></span> <span class='ocrx_word' id='word_1_761' title='bbox 3016 3805 3069 3856; x_wconf 82' lang='lat' dir='ltr'><strong>in</strong></span> <span class='ocrx_word' id='word_1_762' title='bbox 3089 3820 3146 3855; x_wconf 89' lang='lat' dir='ltr'><strong>ea</strong></span> <span class='ocrx_word' id='word_1_763' title='bbox 3173 3805 3373 3856; x_wconf 76' lang='lat' dir='ltr'><strong>civitate</strong></span> <span class='ocrx_word' id='word_1_764' title='bbox 3393 3807 3752 3875; x_wconf 77' lang='lat' dir='ltr'><strong>prwcipiamus</strong></span> 
     </span>
    </p>
   </div>
   <div class='ocr_carea' id='block_1_112' title="bbox 2180 3871 3753 3943">
    <p class='ocr_par' dir='ltr' id='par_1_112' title="bbox 2180 3871 3753 3943">
     <span class='ocr_line' id='line_1_113' title="bbox 2180 3871 3753 3943; baseline 0.005 -21"><span class='ocrx_word' id='word_1_765' title='bbox 2180 3885 2286 3922; x_wconf 87' lang='lat' dir='ltr'><strong>esse</strong></span> <span class='ocrx_word' id='word_1_766' title='bbox 2331 3879 2647 3943; x_wconf 83' lang='lat' dir='ltr'><strong>conventum,</strong></span> <span class='ocrx_word' id='word_1_767' title='bbox 2679 3871 2733 3925; x_wconf 87' lang='lat' dir='ltr'><strong>in</strong></span> <span class='ocrx_word' id='word_1_768' title='bbox 2776 3888 2877 3940; x_wconf 83' lang='lat' dir='ltr'><strong>qua</strong></span> <span class='ocrx_word' id='word_1_769' title='bbox 2923 3873 3095 3926; x_wconf 82' lang='lat' dir='ltr'><strong>divino</strong></span> <span class='ocrx_word' id='word_1_770' title='bbox 3135 3871 3506 3943; x_wconf 82' lang='lat' dir='ltr'><strong>quodammodo</strong></span> <span class='ocrx_word' id='word_1_771' title='bbox 3547 3871 3753 3933; x_wconf 74' lang='lat' dir='ltr'><strong>munere</strong></span> 
     </span>
    </p>
   </div>
   <div class='ocr_carea' id='block_1_113' title="bbox 2180 3942 3753 4014">
    <p class='ocr_par' dir='ltr' id='par_1_113' title="bbox 2180 3942 3753 4014">
     <span class='ocr_line' id='line_1_114' title="bbox 2180 3942 3753 4014; baseline 0.006 -23"><span class='ocrx_word' id='word_1_772' title='bbox 2180 3942 2597 4014; x_wconf 72' lang='lat' dir='ltr'><strong>commoditatum</strong></span> <span class='ocrx_word' id='word_1_773' title='bbox 2649 3951 2700 4014; x_wconf 84' lang='lat' dir='ltr'><strong>et</strong></span> <span class='ocrx_word' id='word_1_774' title='bbox 2747 3942 3164 4014; x_wconf 81' lang='lat' dir='ltr'><strong>commerciorum</strong></span> <span class='ocrx_word' id='word_1_775' title='bbox 3209 3946 3562 4014; x_wconf 79' lang='lat' dir='ltr'><strong>Opportunitas</strong></span> <span class='ocrx_word' id='word_1_776' title='bbox 3609 3957 3753 4001; x_wconf 73' lang='lat' dir='ltr'><strong>tanta</strong></span> 
     </span>
    </p>
   </div>
   <div class='ocr_carea' id='block_1_114' title="bbox 2179 4011 3752 4085">
    <p class='ocr_par' dir='ltr' id='par_1_114' title="bbox 2179 4011 3752 4085">
     <span class='ocr_line' id='line_1_115' title="bbox 2179 4011 3752 4085; baseline 0.005 -22"><span class='ocrx_word' id='word_1_777' title='bbox 2179 4014 2489 4085; x_wconf 73' lang='lat' dir='ltr'><strong>praestatur?</strong></span> <span class='ocrx_word' id='word_1_778' title='bbox 2511 4011 2787 4085; x_wconf 79' lang='lat' dir='ltr'><strong>Siquidem</strong></span> <span class='ocrx_word' id='word_1_779' title='bbox 2800 4011 3413 4085; x_wconf 41' lang='lat' dir='ltr'><strong>hoc,rationabili&#39;plane</strong></span> <span class='ocrx_word' id='word_1_780' title='bbox 3444 4019 3752 4085; x_wconf 84' lang='lat' dir='ltr'><strong>probatoque</strong></span> 
     </span>
    </p>
   </div>
   <div class='ocr_carea' id='block_1_115' title="bbox 2181 4080 3749 4154">
    <p class='ocr_par' dir='ltr' id='par_1_115' title="bbox 2181 4080 3749 4154">
     <span class='ocr_line' id='line_1_116' title="bbox 2181 4080 3749 4154; baseline 0.004 -22"><span class='ocrx_word' id='word_1_781' title='bbox 2181 4080 2413 4154; x_wconf 79' lang='lat' dir='ltr'><strong>consilio,</strong></span> <span class='ocrx_word' id='word_1_782' title='bbox 2432 4084 2543 4150; x_wconf 87' lang='lat' dir='ltr'><strong>jam</strong></span> <span class='ocrx_word' id='word_1_783' title='bbox 2574 4093 2620 4134; x_wconf 87' lang='lat' dir='ltr'><strong>et</strong></span> <span class='ocrx_word' id='word_1_784' title='bbox 2646 4084 2722 4135; x_wconf 85' lang='lat' dir='ltr'><strong>vir</strong></span> <span class='ocrx_word' id='word_1_785' title='bbox 2751 4080 2963 4136; x_wconf 77' lang='lat' dir='ltr'><strong>illustris</strong></span> <span class='ocrx_word' id='word_1_786' title='bbox 2991 4080 3557 4154; x_wconf 30' lang='lat' dir='ltr'><strong>profectus-Petronius</strong></span> <span class='ocrx_word' id='word_1_787' title='bbox 3581 4080 3749 4141; x_wconf 66' lang='lat' dir='ltr'><strong>obser-</strong></span> 
     </span>
    </p>
   </div>
   <div class='ocr_carea' id='block_1_116' title="bbox 2182 4152 3750 4225">
    <p class='ocr_par' dir='ltr' id='par_1_116' title="bbox 2182 4152 3750 4225">
     <span class='ocr_line' id='line_1_117' title="bbox 2182 4152 3750 4225; baseline 0.005 -21"><span class='ocrx_word' id='word_1_788' title='bbox 2182 4154 2290 4204; x_wconf 78' lang='lat' dir='ltr'><strong>uari</strong></span> <span class='ocrx_word' id='word_1_789' title='bbox 2322 4152 2504 4206; x_wconf 88' lang='lat' dir='ltr'><strong>debere</strong></span> <span class='ocrx_word' id='word_1_790' title='bbox 2532 4155 2826 4221; x_wconf 70' lang='lat' dir='ltr'><strong>pra&#39;ceperit</strong></span> <span class='ocrx_word' id='word_1_791' title='bbox 2851 4170 2868 4206; x_wconf 90' lang='lat'><em>:</em></span> <span class='ocrx_word' id='word_1_792' title='bbox 2891 4157 3025 4215; x_wconf 88' lang='lat' dir='ltr'><strong>quod</strong></span> <span class='ocrx_word' id='word_1_793' title='bbox 3060 4152 3422 4225; x_wconf 83' lang='lat' dir='ltr'><strong>interpolatum</strong></span> <span class='ocrx_word' id='word_1_794' title='bbox 3450 4160 3524 4209; x_wconf 84' lang='lat' dir='ltr'><strong>rel</strong></span> <span class='ocrx_word' id='word_1_795' title='bbox 3555 4159 3750 4212; x_wconf 83' lang='lat' dir='ltr'><strong>incuria</strong></span> 
     </span>
    </p>
   </div>
   <div class='ocr_carea' id='block_1_117' title="bbox 2182 4224 3751 4297">
    <p class='ocr_par' dir='ltr' id='par_1_117' title="bbox 2182 4224 3751 4297">
     <span class='ocr_line' id='line_1_118' title="bbox 2182 4224 3751 4297; baseline 0.009 -29"><span class='ocrx_word' id='word_1_796' title='bbox 2182 4236 2484 4297; x_wconf 76' lang='lat' dir='ltr'><strong>temporum,</strong></span> <span class='ocrx_word' id='word_1_797' title='bbox 2520 4226 2594 4276; x_wconf 83' lang='lat' dir='ltr'><strong>vel</strong></span> <span class='ocrx_word' id='word_1_798' title='bbox 2621 4224 2816 4276; x_wconf 82' lang='lat' dir='ltr'><strong>desidia</strong></span> <span class='ocrx_word' id='word_1_799' title='bbox 2842 4232 3177 4297; x_wconf 79' lang='lat' dir='ltr'><strong>tyrannorum</strong></span> <span class='ocrx_word' id='word_1_800' title='bbox 3207 4232 3433 4297; x_wconf 83' lang='lat' dir='ltr'><strong>reparari</strong></span> <span class='ocrx_word' id='word_1_801' title='bbox 3453 4230 3603 4281; x_wconf 89' lang='lat' dir='ltr'><strong>solita</strong></span> <span class='ocrx_word' id='word_1_802' title='bbox 3629 4246 3751 4293; x_wconf 82' lang='lat' dir='ltr'><strong>pru-</strong></span> 
     </span>
    </p>
   </div>
   <div class='ocr_carea' id='block_1_118' title="bbox 2181 4292 3751 4369">
    <p class='ocr_par' dir='ltr' id='par_1_118' title="bbox 2181 4292 3751 4369">
     <span class='ocr_line' id='line_1_119' title="bbox 2181 4292 3751 4369; baseline 0.01 -27"><span class='ocrx_word' id='word_1_803' title='bbox 2181 4292 2368 4369; x_wconf 61' lang='lat' dir='ltr'><strong>dentia;</strong></span> <span class='ocrx_word' id='word_1_804' title='bbox 2399 4303 2585 4346; x_wconf 73' lang='lat' dir='ltr'><strong>nostra:</strong></span> <span class='ocrx_word' id='word_1_805' title='bbox 2609 4292 3272 4369; x_wconf 70' lang='lat' dir='ltr'><strong>auctoritatedecernimus,</strong></span> <span class='ocrx_word' id='word_1_806' title='bbox 3305 4299 3541 4369; x_wconf 81' lang='lat' dir='ltr'><strong>Agricola</strong></span> <span class='ocrx_word' id='word_1_807' title='bbox 3568 4316 3751 4366; x_wconf 79' lang='lat' dir='ltr'><strong>parens</strong></span> 
     </span>
    </p>
   </div>
   <div class='ocr_carea' id='block_1_119' title="bbox 2183 4362 3751 4452">
    <p class='ocr_par' dir='ltr' id='par_1_119' title="bbox 2183 4362 3751 4452">
     <span class='ocr_line' id='line_1_120' title="bbox 2183 4362 3751 4452; baseline 0.006 -40"><span class='ocrx_word' id='word_1_808' title='bbox 2183 4362 2444 4438; x_wconf 80' lang='lat' dir='ltr'><strong>carissime</strong></span> <span class='ocrx_word' id='word_1_809' title='bbox 2480 4374 2631 4452; x_wconf 68' lang='lat' dir='ltr'><strong>atque</strong></span> <span class='ocrx_word' id='word_1_810' title='bbox 2669 4366 3033 4446; x_wconf 77' lang='lat' dir='ltr'><strong>amantissime.</strong></span> <span class='ocrx_word' id='word_1_811' title='bbox 3082 4365 3226 4419; x_wconf 90' lang='lat' dir='ltr'><strong>Unde</strong></span> <span class='ocrx_word' id='word_1_812' title='bbox 3256 4362 3471 4421; x_wconf 59' lang='lat' dir='ltr'><strong>illustris</strong></span> <span class='ocrx_word' id='word_1_813' title='bbox 3514 4362 3751 4452; x_wconf 79' lang='lat' dir='ltr'><strong>magniﬁ-</strong></span> 
     </span>
    </p>
   </div>
   <div class='ocr_carea' id='block_1_120' title="bbox 2185 4433 3750 4507">
    <p class='ocr_par' dir='ltr' id='par_1_120' title="bbox 2185 4433 3750 4507">
     <span class='ocr_line' id='line_1_121' title="bbox 2185 4433 3750 4507; baseline 0.008 -26"><span class='ocrx_word' id='word_1_814' title='bbox 2185 4433 2348 4507; x_wconf 79' lang='lat' dir='ltr'><strong>centia</strong></span> <span class='ocrx_word' id='word_1_815' title='bbox 2380 4442 2467 4485; x_wconf 89' lang='lat' dir='ltr'><strong>tua</strong></span> <span class='ocrx_word' id='word_1_816' title='bbox 2503 4444 2547 4507; x_wconf 73' lang='lat' dir='ltr'><strong>et</strong></span> <span class='ocrx_word' id='word_1_817' title='bbox 2582 4434 2713 4507; x_wconf 79' lang='lat' dir='ltr'><strong>hanc</strong></span> <span class='ocrx_word' id='word_1_818' title='bbox 2741 4437 3128 4502; x_wconf 74' lang='lat' dir='ltr'><strong>prwceptionem</strong></span> <span class='ocrx_word' id='word_1_819' title='bbox 3174 4449 3415 4501; x_wconf 82' lang='lat' dir='ltr'><strong>nostram,</strong></span> <span class='ocrx_word' id='word_1_820' title='bbox 3450 4451 3497 4491; x_wconf 88' lang='lat' dir='ltr'><strong>et</strong></span> <span class='ocrx_word' id='word_1_821' title='bbox 3530 4433 3750 4507; x_wconf 72' lang='lat' dir='ltr'><strong>priorem</strong></span> 
     </span>
    </p>
   </div>
   <div class='ocr_carea' id='block_1_121' title="bbox 2178 4502 3753 4579">
    <p class='ocr_par' dir='ltr' id='par_1_121' title="bbox 2178 4502 3753 4579">
     <span class='ocr_line' id='line_1_122' title="bbox 2178 4502 3753 4579; baseline 0.006 -26"><span class='ocrx_word' id='word_1_822' title='bbox 2178 4502 2328 4579; x_wconf 70' lang='lat' dir='ltr'><strong>sedis</strong></span> <span class='ocrx_word' id='word_1_823' title='bbox 2346 4518 2453 4556; x_wconf 77' lang='lat' dir='ltr'><strong>sua:</strong></span> <span class='ocrx_word' id='word_1_824' title='bbox 2481 4503 2863 4579; x_wconf 82' lang='lat' dir='ltr'><strong>dispositionem</strong></span> <span class='ocrx_word' id='word_1_825' title='bbox 2893 4516 3087 4566; x_wconf 78' lang='lat' dir='ltr'><strong>secuta,</strong></span> <span class='ocrx_word' id='word_1_826' title='bbox 3134 4507 3190 4560; x_wconf 88' lang='lat' dir='ltr'><strong>id</strong></span> <span class='ocrx_word' id='word_1_827' title='bbox 3217 4525 3305 4575; x_wconf 85' lang='lat' dir='ltr'><strong>per</strong></span> <span class='ocrx_word' id='word_1_828' title='bbox 3330 4502 3753 4579; x_wconf 46' lang='lat' dir='ltr'><strong>septcm&#39;prouin-</strong></span> 
     </span>
    </p>
   </div>
   <div class='ocr_carea' id='block_1_122' title="bbox 2174 4572 3748 4652">
    <p class='ocr_par' dir='ltr' id='par_1_122' title="bbox 2174 4572 3748 4652">
     <span class='ocr_line' id='line_1_123' title="bbox 2174 4572 3748 4652; baseline 0.006 -29"><span class='ocrx_word' id='word_1_829' title='bbox 2174 4572 2281 4652; x_wconf 69' lang='lat' dir='ltr'><strong>cius</strong></span> <span class='ocrx_word' id='word_1_830' title='bbox 2311 4572 2381 4651; x_wconf 81' lang='lat' dir='ltr'><strong>in</strong></span> <span class='ocrx_word' id='word_1_831' title='bbox 2395 4584 2698 4652; x_wconf 78' lang='lat' dir='ltr'><strong>perpetuum</strong></span> <span class='ocrx_word' id='word_1_832' title='bbox 2728 4576 2877 4652; x_wconf 69' lang='lat' dir='ltr'><strong>faciet</strong></span> <span class='ocrx_word' id='word_1_833' title='bbox 2903 4572 3337 4652; x_wconf 74' lang='lat' dir='ltr'><strong>custodiri,_utab</strong></span> <span class='ocrx_word' id='word_1_834' title='bbox 3370 4572 3748 4652; x_wconf 49' lang='lat' dir='ltr'><strong>i&#39;dibus&#39;Augu-</strong></span> 
     </span>
    </p>
   </div>
   <div class='ocr_carea' id='block_1_123' title="bbox 2174 4642 3747 4723">
    <p class='ocr_par' dir='ltr' id='par_1_123' title="bbox 2174 4642 3747 4723">
     <span class='ocr_line' id='line_1_124' title="bbox 2174 4642 3747 4723; baseline 0.008 -33"><span class='ocrx_word' id='word_1_835' title='bbox 2174 4643 2260 4721; x_wconf 81' lang='lat' dir='ltr'><strong>sti,</strong></span> <span class='ocrx_word' id='word_1_836' title='bbox 2292 4642 2676 4723; x_wconf 61' lang='lat' dir='ltr'><strong>quibuscunque</strong></span> <span class='ocrx_word' id='word_1_837' title='bbox 2710 4642 2888 4699; x_wconf 81' lang='lat' dir='ltr'><strong>mediis</strong></span> <span class='ocrx_word' id='word_1_838' title='bbox 2916 4647 3129 4723; x_wconf 78' lang='lat' dir='ltr'><strong>diebus,</strong></span> <span class='ocrx_word' id='word_1_839' title='bbox 3154 4642 3224 4702; x_wconf 24' lang='lat' dir='ltr'><strong>Vin</strong></span> <span class='ocrx_word' id='word_1_840' title='bbox 3257 4650 3373 4723; x_wconf 80' lang='lat' dir='ltr'><strong>idus</strong></span> <span class='ocrx_word' id='word_1_841' title='bbox 3407 4642 3747 4723; x_wconf 45' lang='lat' dir='ltr'><strong>Scptemburis,</strong></span> 
     </span>
    </p>
   </div>
   <div class='ocr_carea' id='block_1_124' title="bbox 2174 4711 3745 4790">
    <p class='ocr_par' dir='ltr' id='par_1_124' title="bbox 2174 4711 3745 4790">
     <span class='ocr_line' id='line_1_125' title="bbox 2174 4711 3745 4790; baseline 0.008 -28"><span class='ocrx_word' id='word_1_842' title='bbox 2174 4711 2225 4790; x_wconf 75' lang='lat' dir='ltr'><strong>in</strong></span> <span class='ocrx_word' id='word_1_843' title='bbox 2255 4714 2569 4790; x_wconf 38' lang='lat' dir='ltr'><strong>.Arelatensi</strong></span> <span class='ocrx_word' id='word_1_844' title='bbox 2591 4714 2716 4770; x_wconf 87' lang='lat' dir='ltr'><strong>urbe</strong></span> <span class='ocrx_word' id='word_1_845' title='bbox 2752 4719 2982 4790; x_wconf 81' lang='lat' dir='ltr'><strong>noverint</strong></span> <span class='ocrx_word' id='word_1_846' title='bbox 3016 4711 3254 4773; x_wconf 82' lang='lat' dir='ltr'><strong>honorati</strong></span> <span class='ocrx_word' id='word_1_847' title='bbox 3284 4720 3374 4773; x_wconf 67' lang='lat' dir='ltr'><strong>&#39;vel</strong></span> <span class='ocrx_word' id='word_1_848' title='bbox 3414 4711 3745 4790; x_wconf 70' lang='lat' dir='ltr'><strong>possessores,</strong></span> 
     </span>
    </p>
   </div>
   <div class='ocr_carea' id='block_1_125' title="bbox 2161 4782 3748 4859">
    <p class='ocr_par' dir='ltr' id='par_1_125' title="bbox 2161 4782 3748 4859">
     <span class='ocr_line' id='line_1_126' title="bbox 2161 4782 3748 4859; baseline 0.008 -26"><span class='ocrx_word' id='word_1_849' title='bbox 2161 4782 2369 4859; x_wconf 77' lang='lat' dir='ltr'><strong>judices</strong></span> <span class='ocrx_word' id='word_1_850' title='bbox 2396 4785 2733 4859; x_wconf 76' lang='lat' dir='ltr'><strong>singularum</strong></span> <span class='ocrx_word' id='word_1_851' title='bbox 2757 4789 3160 4859; x_wconf 70' lang='lat' dir='ltr'><strong>prouinciarum,</strong></span> <span class='ocrx_word' id='word_1_852' title='bbox 3188 4793 3341 4845; x_wconf 72' lang='lat' dir='ltr'><strong>crinis</strong></span> <span class='ocrx_word' id='word_1_853' title='bbox 3378 4782 3596 4859; x_wconf 75' lang='lat' dir='ltr'><strong>singulis</strong></span> <span class='ocrx_word' id='word_1_854' title='bbox 3624 4782 3748 4845; x_wconf 58' lang='lat' dir='ltr'><strong>con;</strong></span> 
     </span>
    </p>
   </div>
   <div class='ocr_carea' id='block_1_126' title="bbox 2171 4854 3742 4929">
    <p class='ocr_par' dir='ltr' id='par_1_126' title="bbox 2171 4854 3742 4929">
     <span class='ocr_line' id='line_1_127' title="bbox 2171 4854 3742 4929; baseline 0.008 -25"><span class='ocrx_word' id='word_1_855' title='bbox 2171 4854 2357 4929; x_wconf 65' lang='lat' dir='ltr'><strong>ciliunt</strong></span> <span class='ocrx_word' id='word_1_856' title='bbox 2385 4870 2492 4908; x_wconf 86' lang='lat' dir='ltr'><strong>esse</strong></span> <span class='ocrx_word' id='word_1_857' title='bbox 2518 4857 2841 4910; x_wconf 83' lang='lat' dir='ltr'><strong>seruandum.</strong></span> <span class='ocrx_word' id='word_1_858' title='bbox 2884 4857 2970 4910; x_wconf 88' lang='lat' dir='ltr'><strong>Ita</strong></span> <span class='ocrx_word' id='word_1_859' title='bbox 2998 4867 3053 4911; x_wconf 89' lang='lat' dir='ltr'><strong>ut</strong></span> <span class='ocrx_word' id='word_1_860' title='bbox 3090 4854 3153 4913; x_wconf 88' lang='lat' dir='ltr'><strong>de</strong></span> <span class='ocrx_word' id='word_1_861' title='bbox 3198 4854 3656 4929; x_wconf 72' lang='lat' dir='ltr'><strong>Novempopulana</strong></span> <span class='ocrx_word' id='word_1_862' title='bbox 3695 4875 3742 4916; x_wconf 87' lang='lat' dir='ltr'><strong>et</strong></span> 
     </span>
    </p>
   </div>
   <div class='ocr_carea' id='block_1_127' title="bbox 2167 4924 3749 5004">
    <p class='ocr_par' dir='ltr' id='par_1_127' title="bbox 2167 4924 3749 5004">
     <span class='ocr_line' id='line_1_128' title="bbox 2167 4924 3749 5004; baseline 0.008 -29"><span class='ocrx_word' id='word_1_863' title='bbox 2167 4924 2392 5004; x_wconf 81' lang='lat' dir='ltr'><strong>secunda</strong></span> <span class='ocrx_word' id='word_1_864' title='bbox 2428 4928 2732 5004; x_wconf 61' lang='lat' dir='ltr'><strong>Aquitania,</strong></span> <span class='ocrx_word' id='word_1_865' title='bbox 2763 4944 2875 4997; x_wconf 83' lang='lat' dir='ltr'><strong>qme</strong></span> <span class='ocrx_word' id='word_1_866' title='bbox 2910 4930 3185 4997; x_wconf 72' lang='lat' dir='ltr'><strong>provincia:</strong></span> <span class='ocrx_word' id='word_1_867' title='bbox 3228 4924 3425 5004; x_wconf 82' lang='lat' dir='ltr'><strong>longius</strong></span> <span class='ocrx_word' id='word_1_868' title='bbox 3464 4924 3749 4988; x_wconf 76' lang='lat' dir='ltr'><strong>constituta:</strong></span> 
     </span>
    </p>
   </div>
   <div class='ocr_carea' id='block_1_128' title="bbox 2169 4996 3749 5068">
    <p class='ocr_par' dir='ltr' id='par_1_128' title="bbox 2169 4996 3749 5068">
     <span class='ocr_line' id='line_1_129' title="bbox 2169 4996 3749 5068; baseline 0.008 -22"><span class='ocrx_word' id='word_1_869' title='bbox 2169 5005 2309 5068; x_wconf 79' lang='lat' dir='ltr'><strong>sunt,</strong></span> <span class='ocrx_word' id='word_1_870' title='bbox 2349 4996 2392 5049; x_wconf 89' lang='lat' dir='ltr'><strong>si</strong></span> <span class='ocrx_word' id='word_1_871' title='bbox 2420 5012 2595 5049; x_wconf 88' lang='lat' dir='ltr'><strong>earum</strong></span> <span class='ocrx_word' id='word_1_872' title='bbox 2612 4996 2816 5068; x_wconf 84' lang='lat' dir='ltr'><strong>judices</strong></span> <span class='ocrx_word' id='word_1_873' title='bbox 2841 4996 2976 5051; x_wconf 78' lang='lat' dir='ltr'><strong>certa</strong></span> <span class='ocrx_word' id='word_1_874' title='bbox 3009 5002 3275 5065; x_wconf 84' lang='lat' dir='ltr'><strong>occupatio</strong></span> <span class='ocrx_word' id='word_1_875' title='bbox 3313 4996 3546 5067; x_wconf 64' lang='lat' dir='ltr'><strong>lenuerit,</strong></span> <span class='ocrx_word' id='word_1_876' title='bbox 3585 5005 3749 5059; x_wconf 84' lang='lat' dir='ltr'><strong>sciant</strong></span> 
     </span>
    </p>
   </div>
   <div class='ocr_carea' id='block_1_129' title="bbox 2170 5064 3750 5144">
    <p class='ocr_par' dir='ltr' id='par_1_129' title="bbox 2170 5064 3750 5144">
     <span class='ocr_line' id='line_1_130' title="bbox 2170 5064 3750 5144; baseline 0.007 -27"><span class='ocrx_word' id='word_1_877' title='bbox 2170 5064 2363 5144; x_wconf 74' lang='lat' dir='ltr'><strong>legatos</strong></span> <span class='ocrx_word' id='word_1_878' title='bbox 2385 5069 2538 5144; x_wconf 73' lang='lat' dir='ltr'><strong>juxta</strong></span> <span class='ocrx_word' id='word_1_879' title='bbox 2574 5064 2987 5144; x_wconf 75' lang='lat' dir='ltr'><strong>consuetudinem</strong></span> <span class='ocrx_word' id='word_1_880' title='bbox 3012 5064 3452 5144; x_wconf 16' lang='lat' dir='ltr'><strong>esse’mittendos.</strong></span> <span class='ocrx_word' id='word_1_881' title='bbox 3482 5064 3594 5140; x_wconf 81' lang='lat' dir='ltr'><strong>Qua</strong></span> <span class='ocrx_word' id='word_1_882' title='bbox 3637 5092 3750 5144; x_wconf 60' lang='lat' dir='ltr'><strong>pro.</strong></span> 
     </span>
    </p>
   </div>
   <div class='ocr_carea' id='block_1_130' title="bbox 2169 5136 3747 5213">
    <p class='ocr_par' dir='ltr' id='par_1_130' title="bbox 2169 5136 3747 5213">
     <span class='ocr_line' id='line_1_131' title="bbox 2169 5136 3747 5213; baseline 0.007 -26"><span class='ocrx_word' id='word_1_883' title='bbox 2169 5136 2361 5213; x_wconf 71' lang='lat' dir='ltr'><strong>uisione</strong></span> <span class='ocrx_word' id='word_1_884' title='bbox 2384 5136 2677 5213; x_wconf 74' lang='lat' dir='ltr'><strong>plurimum</strong></span> <span class='ocrx_word' id='word_1_885' title='bbox 2717 5148 2765 5213; x_wconf 81' lang='lat' dir='ltr'><strong>et</strong></span> <span class='ocrx_word' id='word_1_886' title='bbox 2794 5139 3189 5205; x_wconf 75' lang='lat' dir='ltr'><strong>prouincialibus</strong></span> <span class='ocrx_word' id='word_1_887' title='bbox 3220 5144 3405 5196; x_wconf 75' lang='lat' dir='ltr'><strong>nostris</strong></span> <span class='ocrx_word' id='word_1_888' title='bbox 3445 5136 3747 5213; x_wconf 55' lang='lat' dir='ltr'><strong>gnatim&#39;nos</strong></span> 
     </span>
    </p>
   </div>
   <div class='ocr_carea' id='block_1_131' title="bbox 2179 5206 3746 5281">
    <p class='ocr_par' dir='ltr' id='par_1_131' title="bbox 2179 5206 3746 5281">
     <span class='ocr_line' id='line_1_132' title="bbox 2179 5206 3746 5281; baseline 0.006 -26"><span class='ocrx_word' id='word_1_889' title='bbox 2179 5206 2511 5281; x_wconf 78' lang='lat' dir='ltr'><strong>intelligimus</strong></span> <span class='ocrx_word' id='word_1_890' title='bbox 2537 5210 2873 5281; x_wconf 82' lang='lat' dir='ltr'><strong>utilitatisque</strong></span> <span class='ocrx_word' id='word_1_891' title='bbox 2902 5221 3166 5277; x_wconf 80' lang='lat' dir='ltr'><strong>prwstare,</strong></span> <span class='ocrx_word' id='word_1_892' title='bbox 3207 5223 3253 5271; x_wconf 79' lang='lat' dir='ltr'><strong>et</strong></span> <span class='ocrx_word' id='word_1_893' title='bbox 3294 5206 3579 5271; x_wconf 60' lang='lat' dir='ltr'><strong>Arelaiensi</strong></span> <span class='ocrx_word' id='word_1_894' title='bbox 3609 5216 3746 5281; x_wconf 84' lang='lat' dir='ltr'><strong>urbi,</strong></span> 
     </span>
    </p>
   </div>
   <div class='ocr_carea' id='block_1_132' title="bbox 2171 5278 3749 5356">
    <p class='ocr_par' dir='ltr' id='par_1_132' title="bbox 2171 5278 3749 5356">
     <span class='ocr_line' id='line_1_133' title="bbox 2171 5278 3749 5356; baseline 0.01 -30"><span class='ocrx_word' id='word_1_895' title='bbox 2171 5278 2318 5356; x_wconf 77' lang='lat' dir='ltr'><strong>cujus</strong></span> <span class='ocrx_word' id='word_1_896' title='bbox 2346 5278 2501 5356; x_wconf 86' lang='lat' dir='ltr'><strong>ﬁdei,_</strong></span> <span class='ocrx_word' id='word_1_897' title='bbox 2530 5280 2808 5356; x_wconf 80' lang='lat' dir='ltr'><strong>secundum</strong></span> <span class='ocrx_word' id='word_1_898' title='bbox 2850 5282 3137 5356; x_wconf 76' lang='lat' dir='ltr'><strong>testimonia</strong></span> <span class='ocrx_word' id='word_1_899' title='bbox 3177 5294 3327 5356; x_wconf 79' lang='lat' dir='ltr'><strong>atque</strong></span> <span class='ocrx_word' id='word_1_900' title='bbox 3360 5285 3613 5356; x_wconf 73' lang='lat' dir='ltr'><strong>su/fragia</strong></span> <span class='ocrx_word' id='word_1_901' title='bbox 3654 5278 3749 5354; x_wconf 52' lang='lat' dir='ltr'><strong>pa;</strong></span> 
     </span>
    </p>
   </div>
   <div class='ocr_carea' id='block_1_133' title="bbox 2173 5348 3748 5425">
    <p class='ocr_par' dir='ltr' id='par_1_133' title="bbox 2173 5348 3748 5425">
     <span class='ocr_line' id='line_1_134' title="bbox 2173 5348 3748 5425; baseline 0.01 -29"><span class='ocrx_word' id='word_1_902' title='bbox 2173 5348 2328 5425; x_wconf 69' lang='lat' dir='ltr'><strong>rentis</strong></span> <span class='ocrx_word' id='word_1_903' title='bbox 2365 5350 2667 5417; x_wconf 84' lang='lat' dir='ltr'><strong>patriciique</strong></span> <span class='ocrx_word' id='word_1_904' title='bbox 2701 5350 2881 5413; x_wconf 84' lang='lat' dir='ltr'><strong>nostri,</strong></span> <span class='ocrx_word' id='word_1_905' title='bbox 2922 5353 3087 5425; x_wconf 88' lang='lat' dir='ltr'><strong>m_ult_a</strong></span> <span class='ocrx_word' id='word_1_906' title='bbox 3118 5348 3390 5425; x_wconf 84' lang='lat' dir='ltr'><strong>debemus,</strong></span> <span class='ocrx_word' id='word_1_907' title='bbox 3422 5348 3549 5413; x_wconf 26' lang='lat' dir='ltr'><strong>Vnon&#39;</strong></span> <span class='ocrx_word' id='word_1_908' title='bbox 3566 5348 3748 5425; x_wconf 69' lang='lat' dir='ltr'><strong>parum</strong></span> 
     </span>
    </p>
   </div>
   <div class='ocr_carea' id='block_1_134' title="bbox 2174 5417 3750 5497">
    <p class='ocr_par' dir='ltr' id='par_1_134' title="bbox 2174 5417 3750 5497">
     <span class='ocr_line' id='line_1_135' title="bbox 2174 5417 3750 5497; baseline 0.006 -28"><span class='ocrx_word' id='word_1_909' title='bbox 2174 5417 2395 5497; x_wconf 66' lang='lat' dir='ltr'><strong>adjicere</strong></span> <span class='ocrx_word' id='word_1_910' title='bbox 2426 5435 2519 5497; x_wconf 74' lang='lat' dir='ltr'><strong>nos</strong></span> <span class='ocrx_word' id='word_1_911' title='bbox 2548 5422 3003 5497; x_wconf 37' lang='lat' dir='ltr'><strong>constator‘natuit</strong></span> <span class='ocrx_word' id='word_1_912' title='bbox 3034 5421 3176 5477; x_wconf 87' lang='lat' dir='ltr'><strong>Sciat</strong></span> <span class='ocrx_word' id='word_1_913' title='bbox 3204 5417 3387 5487; x_wconf 79' lang='lat' dir='ltr'><strong>autem</strong></span> <span class='ocrx_word' id='word_1_914' title='bbox 3415 5417 3750 5497; x_wconf 72' lang='lat' dir='ltr'><strong>magnificen-</strong></span> 
     </span>
    </p>
   </div>
   <div class='ocr_carea' id='block_1_135' title="bbox 2175 5488 3747 5559">
    <p class='ocr_par' dir='ltr' id='par_1_135' title="bbox 2175 5488 3747 5559">
     <span class='ocr_line' id='line_1_136' title="bbox 2175 5488 3747 5559; baseline 0.009 -22"><span class='ocrx_word' id='word_1_915' title='bbox 2175 5488 2247 5559; x_wconf 83' lang='lat' dir='ltr'><strong>tia</strong></span> <span class='ocrx_word' id='word_1_916' title='bbox 2269 5497 2356 5559; x_wconf 84' lang='lat' dir='ltr'><strong>tua</strong></span> <span class='ocrx_word' id='word_1_917' title='bbox 2377 5490 2546 5552; x_wconf 86' lang='lat' dir='ltr'><strong>quinis</strong></span> <span class='ocrx_word' id='word_1_918' title='bbox 2580 5491 2692 5541; x_wconf 87' lang='lat' dir='ltr'><strong>auri</strong></span> <span class='ocrx_word' id='word_1_919' title='bbox 2724 5489 2863 5543; x_wconf 83' lang='lat' dir='ltr'><strong>libris</strong></span> <span class='ocrx_word' id='word_1_920' title='bbox 2884 5491 3112 5559; x_wconf 87' lang='lat' dir='ltr'><strong>judicem</strong></span> <span class='ocrx_word' id='word_1_921' title='bbox 3143 5512 3247 5551; x_wconf 80' lang='lat' dir='ltr'><strong>esse</strong></span> <span class='ocrx_word' id='word_1_922' title='bbox 3270 5488 3612 5557; x_wconf 72' lang='lat' dir='ltr'><strong>multandum,</strong></span> <span class='ocrx_word' id='word_1_923' title='bbox 3641 5510 3747 5551; x_wconf 89' lang='lat' dir='ltr'><strong>ter-</strong></span> 
     </span>
    </p>
   </div>
   <div class='ocr_carea' id='block_1_136' title="bbox 2172 5557 3747 5631">
    <p class='ocr_par' dir='ltr' id='par_1_136' title="bbox 2172 5557 3747 5631">
     <span class='ocr_line' id='line_1_137' title="bbox 2172 5557 3747 5631; baseline 0.011 -25"><span class='ocrx_word' id='word_1_924' title='bbox 2172 5557 2248 5631; x_wconf 80' lang='lat' dir='ltr'><strong>nis</strong></span> <span class='ocrx_word' id='word_1_925' title='bbox 2288 5558 2562 5631; x_wconf 81' lang='lat' dir='ltr'><strong>honoratos</strong></span> <span class='ocrx_word' id='word_1_926' title='bbox 2592 5561 2671 5612; x_wconf 72' lang='lat' dir='ltr'><strong>vel</strong></span> <span class='ocrx_word' id='word_1_927' title='bbox 2721 5557 2958 5626; x_wconf 68' lang='lat' dir='ltr'><strong>curiales,</strong></span> <span class='ocrx_word' id='word_1_928' title='bbox 2991 5564 3079 5631; x_wconf 89' lang='lat' dir='ltr'><strong>qui</strong></span> <span class='ocrx_word' id='word_1_929' title='bbox 3115 5567 3182 5617; x_wconf 90' lang='lat' dir='ltr'><strong>ad</strong></span> <span class='ocrx_word' id='word_1_930' title='bbox 3212 5570 3537 5621; x_wconf 79' lang='lat' dir='ltr'><strong>constitutum</strong></span> <span class='ocrx_word' id='word_1_931' title='bbox 3576 5569 3747 5623; x_wconf 80' lang='lat' dir='ltr'><strong>locum</strong></span> 
     </span>
    </p>
   </div>
   <div class='ocr_carea' id='block_1_137' title="bbox 2170 5628 3745 5699">
    <p class='ocr_par' dir='ltr' id='par_1_137' title="bbox 2170 5628 3745 5699">
     <span class='ocr_line' id='line_1_138' title="bbox 2170 5628 3745 5699; baseline 0.01 -20"><span class='ocrx_word' id='word_1_932' title='bbox 2170 5629 2305 5699; x_wconf 69' lang='lat' dir='ltr'><strong>intra</strong></span> <span class='ocrx_word' id='word_1_933' title='bbox 2326 5628 2590 5697; x_wconf 82' lang='lat' dir='ltr'><strong>deﬁnitum</strong></span> <span class='ocrx_word' id='word_1_934' title='bbox 2613 5638 2808 5699; x_wconf 82' lang='lat' dir='ltr'><strong>tempus</strong></span> <span class='ocrx_word' id='word_1_935' title='bbox 2831 5628 3337 5691; x_wconf 32' lang='lat' dir='ltr'><strong>venire—distulerint.</strong></span> <span class='ocrx_word' id='word_1_936' title='bbox 3374 5636 3510 5691; x_wconf 87' lang='lat' dir='ltr'><strong>Data</strong></span> <span class='ocrx_word' id='word_1_937' title='bbox 3545 5655 3613 5696; x_wconf 77' lang='lat' dir='ltr'><strong>xv</strong></span> <span class='ocrx_word' id='word_1_938' title='bbox 3639 5639 3745 5695; x_wconf 82' lang='lat' dir='ltr'><strong>cal.</strong></span> 
     </span>
    </p>
   </div>
   <div class='ocr_carea' id='block_1_138' title="bbox 2174 5696 3749 5767">
    <p class='ocr_par' dir='ltr' id='par_1_138' title="bbox 2174 5696 3749 5767">
     <span class='ocr_line' id='line_1_139' title="bbox 2174 5696 3749 5767; baseline 0.008 -18"><span class='ocrx_word' id='word_1_939' title='bbox 2174 5696 2361 5764; x_wconf 79' lang='lat' dir='ltr'><strong>Maias,</strong></span> <span class='ocrx_word' id='word_1_940' title='bbox 2407 5716 2591 5767; x_wconf 72' lang='lat' dir='ltr'><strong>accept:</strong></span> <span class='ocrx_word' id='word_1_941' title='bbox 2628 5696 2761 5755; x_wconf 77' lang='lat' dir='ltr'><strong>Arel.</strong></span> <span class='ocrx_word' id='word_1_942' title='bbox 2809 5719 2838 5756; x_wconf 72' lang='grc' dir='ltr'>χ</span> <span class='ocrx_word' id='word_1_943' title='bbox 2881 5704 2978 5755; x_wconf 79' lang='lat' dir='ltr'><strong>cal.</strong></span> <span class='ocrx_word' id='word_1_944' title='bbox 3014 5704 3216 5761; x_wconf 81' lang='lat' dir='ltr'><strong>Junius.</strong></span> <span class='ocrx_word' id='word_1_945' title='bbox 3255 5708 3370 5762; x_wconf 85' lang='lat' dir='ltr'><strong>DD.</strong></span> <span class='ocrx_word' id='word_1_946' title='bbox 3395 5707 3527 5765; x_wconf 74' lang='grc' dir='ltr'><strong>ΝΝ.</strong></span> <span class='ocrx_word' id='word_1_947' title='bbox 3562 5708 3749 5763; x_wconf 77' lang='lat' dir='ltr'><strong>&quot;ouo-</strong></span> 
     </span>
    </p>
   </div>
   <div class='ocr_carea' id='block_1_139' title="bbox 2174 5769 3215 5843">
    <p class='ocr_par' dir='ltr' id='par_1_139' title="bbox 2174 5769 3215 5843">
     <span class='ocr_line' id='line_1_140' title="bbox 2174 5769 3215 5843; baseline 0.011 -23"><span class='ocrx_word' id='word_1_948' title='bbox 2174 5771 2250 5822; x_wconf 87' lang='lat' dir='ltr'><strong>rio</strong></span> <span class='ocrx_word' id='word_1_949' title='bbox 2282 5784 2351 5825; x_wconf 82' lang='lat' dir='ltr'><strong>tttt</strong></span> <span class='ocrx_word' id='word_1_950' title='bbox 2382 5779 2429 5823; x_wconf 86' lang='lat' dir='ltr'><strong>et</strong></span> <span class='ocrx_word' id='word_1_951' title='bbox 2459 5769 2743 5825; x_wconf 79' lang='lat' dir='ltr'><strong>Theodosio</strong></span> <span class='ocrx_word' id='word_1_952' title='bbox 2772 5789 2859 5830; x_wconf 84' lang='lat' dir='ltr'><strong>vut</strong></span> <span class='ocrx_word' id='word_1_953' title='bbox 2888 5775 3051 5843; x_wconf 83' lang='lat' dir='ltr'><strong>Augg.</strong></span> <span class='ocrx_word' id='word_1_954' title='bbox 3087 5793 3215 5831; x_wconf 83' lang='lat' dir='ltr'><strong>coss.</strong></span> 
     </span>
    </p>
   </div>
  </div>
