4072 6348
273 320 395 381 ’217

276 436 589 512 Agricolam
616 433 895 503 contingat
922 445 1101 497 avum,
1136 428 1435 499 doceatque
1471 432 1693 496 nepotes

277 529 397 587 Non
426 527 577 581 abavi
608 525 802 589 solum,
834 524 927 579 sed
958 523 1043 577 avi
1071 536 1284 592 quoque
1309 520 1537 590 jungere
1568 517 1765 572 fasces.

277 623 558 679 Texuerat
589 626 765 671 tamen
797 628 851 671 et
890 613 1225 685 chlamydes,
1265 612 1457 683 quibus
1484 610 1578 665 ille
1620 608 1875 679 magister

280 713 387 769 Per
414 709 745 765 Tartesiacas
776 714 1098 775 conspectus
1138 703 1410 773 splenduit
1438 703 1623 768 urbes,

279 807 349 863 Et
377 803 568 876 quibus
589 801 811 872 ingestas
839 799 940 854 sub
968 796 1563 867 temporepraafecturas

281 896 640 965 Cuiispicuus,
669 899 886 947 sanctas
914 904 973 945 se
996 889 1171 944 reddit
1210 888 1440 958 praesule
1472 887 1638 957 leges.

282 992 534 1044 Attamen
566 987 617 1039 in
649 984 833 1039 trabea
856 992 1135 1052 segmento
1162 970 1362 1035 lusera't
1386 979 1517 1043 alto,

291 1079 450 1146 Quod
482 1075 672 1147 priscis
706 1074 913 1129 illustre
945 1073 1095 1127 toris.
1128 1071 1385 1127 Ithacesia
1418 1069 1652 1140 primum

284 1171 511 1235 Fabula,
548 1165 883 1235 Dulichiique
906 1164 1048 1219 lares
1070 1163 1392 1231 formantur,
1425 1172 1479 1217 et
1508 1162 1677 1231 ipsam

288 1262 597 1330 Penel0pen
626 1259 805 1314 tardas
838 1258 972 1314 texit
999 1258 1274 1313 distexere
1306 1257 1455 1312 telas.

284 1355 555 1410 Tzenaron
586 1352 673 1407 hic
705 1352 925 1418 frustra,
955 1351 1038 1406 bis
1064 1359 1215 1419 rapta
1241 1348 1489 1417 conjuge,
1520 1346 1702 1417 pulsat

287 1446 472 1500 Thrax
502 1442 718 1507 fidibus,
749 1443 918 1512 legem
942 1448 1224 1510 postquam
1254 1437 1536 1493 temeravit
1556 1436 1773 1499 Averni,

290 1539 365 1595 Et
387 1536 636 1607 prodesse
666 1543 877 1605 putans,
912 1534 1103 1587 iterum
1129 1546 1233 1586 non
1258 1530 1473 1601 respicit
1504 1528 1744 1583 umbram

296 1630 397 1685 Hic
424 1635 579 1682 vovet
608 1626 818 1680 Alceste
844 1623 1065 1693 praelato
1089 1623 1315 1692 conjuge
1339 1622 1500 1675 vitam

292 1721 565 1787 Rumpere
600 1734 612 1769 :
648 1730 809 1785 quam
846 1728 1038 1770 cernas
1067 1714 1353 1768 Parcarum
1387 1712 1583 1766 vellere
1609 1712 1661 1765 in
1692 1711 1808 1781 ipso

293 1809 540 1865 Nondum
573 1796 876 1877 pernetam,
905 1804 1016 1858 fato
1043 1813 1328 1874 praastante
1358 1805 1599 1858 salutem.

294 1907 392 1961 llic
420 1921 520 1959 nox
548 1911 790 1958 natarum
821 1902 981 1956 Danai
1009 1901 1219 1956 lucebat
1254 1902 1306 1954 in
1338 1913 1491 1963 auro,

301 1998 693 2067 Quinquaginta
723 2010 878 2051 enses
907 1995 1116 2065 genitor
1144 1994 1337 2064 quibus
1363 1994 1558 2062 impius
1587 2002 1755 2061 aptat,

303 2091 373 2145 Et
399 2089 488 2143 dat
513 2087 833 2143 concordem
861 2086 1127 2141 discordia
1156 2086 1301 2154 jussa
1333 2087 1585 2138 furorem.

302 2181 460 2237 Solus
482 2180 914 2249 Hypermnestrre
944 2186 1188 2232 servatus
1217 2190 1440 2230 munere
1467 2173 1714 2245 Lynceus

295 2275 518 2343 Ellugit,
550 2271 779 2341 aSpicias
803 2270 948 2323 illam
981 2268 1086 2323 sibi
1114 2283 1273 2338 parva
1296 2276 1603 2338 paventem,

297 2364 364 2418 Et
390 2378 483 2433 pro
513 2362 735 2416 dimisso
756 2368 960 2414 tantum
988 2359 1190 2429 pallere
1212 2358 1419 2412 marito.

297 2456 523 2524 Jamque
543 2454 730 2509 Jovem
760 2451 811 2506 in
838 2451 1038 2505 formas
1066 2458 1253 2513 mutat,
1278 2451 1473 2520 quibus
1503 2450 1595 2504 ille
1627 2459 1809 2505 tenere

296 2544 457 2614 330
500 2544 925 2613 Mnemosynem,
978 2540 1267 2610 Europam,
1320 2540 1590 2605 Semelen,
1652 2540 1877 2605 Ledam,

312 2700 321 2709 .
1421 2630 1801 2707 [Cynosuram,

300 2724 560 2795 Serpens,
596 2726 714 2789 bos,
742 2724 965 2791 fulmen,
995 2739 1222 2795 cygnus,
1251 2726 1508 2796 Dictynna
1536 2725 1763 2781 solebat.

302 2818 529 2889 Jamque
567 2833 700 2889 opus
732 2819 782 2872 in
812 2826 1015 2871 turrem
1063 2818 1276 2881 Danam,
1308 2818 1651 2888 pluviamque
1680 2817 1881 2873 metalli

298 2910 434 2971 lbat,
464 2921 516 2964 et
540 2910 624 2964 hic
645 2911 751 2964 alio
778 2910 1011 2963 stillabat
1037 2908 1281 2979 Juppiter
1302 2925 1453 2964 auro.
1509 2949 1511 2951 .

300 3001 431 3055 Cum
465 3004 610 3070 virgo
639 3000 906 3070 aspiciens
936 3002 1068 3056 vidit
1095 3002 1373 3056 Tritonida
1396 3016 1555 3057 verso

299 3090 544 3158 Lumine,
572 3091 877 3144 doctisenas
905 3102 1147 3158 speetare
1174 3092 1427 3145 libentius
1454 3101 1597 3145 artes
1631 3108 1640 3139 :

300 3182 609 3237 Commutat
632 3194 898 3236 commota
930 3196 1137 3246 manus,
1172 3197 1235 3236 ac
1262 3183 1455 3251 pollice
1483 3182 1643 3236 docto

296 3276 529 3345 Pingere
557 3284 582 3312 ι
612 3275 908 3344 philosophi
934 3274 1207 3328 victricem
1240 3276 1254 3305 ¹
1282 3274 1444 3328 Laida
1474 3273 1659 3343 erepit,

298 3368 433 3434 Quae
464 3358 645 3436 Cyﬁici
678 3381 770 3435 per
797 3375 975 3419 menta
1006 3364 1127 3429 feri,
1156 3381 1455 3435 rugosaque
1481 3366 1638 3431 colla,

295 3455 463 3526 Rupit
485 3456 757 3510 odoratam
784 3457 1044 3510 redolenti
1072 3454 1275 3525 forcipe
1307 3457 1546 3510 barbam.

298 3549 534 3604 Subrisit
562 3548 759 3613 Pallas,
784 3558 1039 3617 castoque
1069 3549 1181 3602 haec
1209 3548 1413 3602 addidit
1440 3563 1535 3603 ore
1565 3567 1579 3602 :

298 3640 417 3696 Non
442 3649 623 3693 nostra
657 3640 881 3693 ulterius
914 3638 1114 3693 ridebis
1142 3641 1409 3709 dogmata,
1439 3643 1590 3710 virgo

301 3731 628 3799 Philosomio
660 3740 891 3801 nuptura
915 3748 1066 3797 meo;
1103 3746 1256 3801 mage
1288 3733 1533 3788 ﬂammea
1566 3749 1806 3799 sumens,

300 3825 416 3880 lloc
446 3836 616 3879 mater
645 3826 759 3879 sine
788 3834 928 3879 texat
954 3838 1107 3893 opus.
1143 3824 1418 3893 Consurge
1448 3826 1740 3895 sophorum

303 3917 589 3986 Egregium
614 3914 821 3971 Potemi
845 3918 1027 3981 decus,
1061 3930 1124 3969 ac
1156 3931 1297 3971 nunc
1319 3916 1485 3971 stoica
1517 3917 1730 3972 tandem

303 4009 449 4066 Pone
488 4008 797 4078 supercilia,
830 4017 885 4063 et
914 4005 1144 4078 Cynicos
1177 4008 1412 4063 imitatus
1439 4019 1704 4075 amantes,

303 4100 532 4171 Incipias
572 4102 764 4156 iterum
798 4117 1019 4171 parvum
1050 4102 1179 4155 mihi
1214 4102 1356 4157 ferre
1386 4102 1633 4155 Platona.

304 4191 605 4248 Harentem
634 4193 723 4247 tali
753 4192 1039 4262 compellat
1065 4208 1198 4247 voce
1234 4192 1523 4262 magister;

305 4283 473 4354 Perge
504 4285 701 4351 libens,
733 4300 833 4339 neu
867 4294 920 4339 tu
942 4285 1164 4341 damnes
1187 4284 1416 4339 fortasse
1432 4283 1607 4355 jugari

380 4510 429 4564 ls
467 4509 566 4564 fuit
604 4524 775 4564 annus
815 4509 1011 4581 Christi
1052 4508 1406 4581 Dionysianus
1432 4510 1557 4567 418.
1619 4511 1674 4565 ιη
1716 4510 1888 4567 altero

307 4581 495 4637 codice
523 4580 947 4635 Antisiodorensi
988 4580 1531 4637 eadem’constitutio
1566 4582 1760 4636 factum
1801 4598 1896 4651 ap—

306 4653 565 4723 pellatur,
596 4651 973 4723 abrllincmaro
1018 4652 1270 4705 edictum.
1304 4652 1380 4723 Eix
1414 4654 1542 4720 ipsis
1571 4663 1749 4706 autem
1778 4653 1895 4721 ejns

308 4722 512 4788 verbis,
544 4730 599 4775 ut
635 4722 738 4775 alia
765 4722 943 4777 desint
966 4732 1300 4788 argumenta,
1331 4722 1483 4776 facile
1508 4732 1590 4776 est
1620 4723 1893 4791 colligere,

309 4793 460 4848 illam
489 4807 586 4846 nec
623 4792 689 4846 ad
721 4792 1127 4846 Constantinum
1162 4802 1446 4861 tyrannum
1478 4793 1667 4846 referri
1712 4808 1891 4861 posse,

308 4879 434 4917 cum
468 4863 623 4930 hujus
662 4864 992 4931 aliorumque
1021 4871 1365 4931 tyrannorum
1407 4862 1665 4917 desidiam
1709 4872 1892 4928 notet;

311 4950 417 4988 nec
444 4935 507 4986 ad
536 4935 939 4988 Constantinum
972 4932 1243 5002 Magnum,
1273 4932 1514 5001 quamvis
1549 4935 1632 4987 hic
1666 4934 1897 5000 primum

308 5004 709 5059 Arelatensium
758 5003 873 5057 urbi
905 5003 1276 5057 Constantina:
1318 5017 1511 5055 nomen
1554 5003 1895 5072 imposuerit,

314 5090 439 5144 enm
491 5073 626 5127 infra
684 5074 799 5144 ejus
864 5084 1076 5127 aetatem
1123 5088 1228 5127 non
1288 5072 1463 5127 solum
1511 5072 1804 5144 Petronius,
1842 5085 1900 5129 et

320 5143 482 5215 149
526 5144 769 5215 Agricola
809 5144 1291 5215 praefecti,iverum
1324 5144 1481 5198 etiam
1521 5152 1723 5212 septem
1772 5143 1898 5201 Gal-

312 5214 409 5265 lue
433 5214 826 5280 provinciarum
858 5214 1051 5268 divisio
1076 5214 1253 5270 fuerit.

391 5292 414 5319 ⁸
450 5284 719 5353 Diogenis,
750 5299 780 5337 a
812 5299 916 5353 quo
956 5284 1171 5339 Laidem
1216 5298 1436 5339 uxorem
1476 5283 1686 5338 ductam
1720 5284 1899 5354 prodit

310 5352 602 5431 Luci-inus,
625 5352 851 5431 augeas;-
876 5359 1121 5431 Ἱστορίας
1144 5372 1199 5431 tt.
1230 5359 1459 5427 Διογένης·
1481 5354 1624 5431 μὲν-Δό
1647 5352 1897 5431 Sumpsi);

310 5430 556 5498 τοσοῦτον
570 5426 812 5498 μετέϐαλε
824 5425 1137 5498 τοῦντρόπον,
1161 5430 1290 5481 ὥστε
1309 5425 1470 5498 ’γῆμαι
1484 5425 1645 5480 Λαΐδα
1657 5432 1743 5484 τὴν
1762 5428 1899 5479 ἑταί-

310 5514 403 5567 ραν
420 5532 433 5556 ,
460 5495 734 5569 ὀρχεῖσθαε
763 5497 813 5549 τί
839 5497 939 5549 ὑπὸ
963 5495 1125 5565 piam
1154 5495 1480 5567 ἀνιστάμὶνον
1506 5501 1584 5551 καὶ
1612 5506 1895 5570 παροινεῖν.

389 5629 400 5656 ¹
436 5626 710 5701 Fabricius
750 5626 884 5701 Bibl.
919 5628 1019 5701 Gr.
1043 5638 1169 5682 tom.
1208 5630 1296 5692 Ill,
1340 5647 1457 5701 pag.
1490 5630 1613 5695 ¹497,
1663 5628 1895 5685 miratur

315 5697 661 5751 Sirtnondum
712 5699 775 5751 ad
818 5699 954 5750 hunc
995 5700 1194 5752 Sidonii
1228 5697 1718 5755 losinti'adiiotasse
1764 5701 1891 5755 Lai-

313 5770 436 5822 dem
467 5770 518 5823 in
542 5783 765 5823 uxorem
786 5769 995 5822 ductam
1027 5784 1053 5821 a
1090 5770 1317 5837 Diogene
1349 5772 1545 5840 Cynico
1570 5787 1634 5825 cx
1666 5770 1883 5825 Luciani

1727 304 2053 365 CARMINA.

1898 426 1956 485 Α
1979 420 2128 487 Quod
2159 429 2341 477 noster
2365 420 2518 489 jubet
2540 419 2629 476 ille
2652 433 2837 485 senex,
2862 420 2950 490 qnl
2974 433 3076 475 non
3108 419 3258 490 piger
3277 420 3457 477 hausit

3454 302 3561 364 718

1978 514 2207 570 Numina
2236 515 2599 569 condemnans
2628 514 2805 582 Anyto
2835 512 3063 581 pallente
3093 526 3380 567 venenum.

1978 609 2234 669 Dixerat;
2270 608 2364 661 ille
2398 608 2554 660 simul
2585 607 2775 674 surgit,
2805 606 3063 675 vultuque
3085 607 3331 661 modesto

1978 700 2193 755 Tetrica
2222 699 2441 753 nodosae
2470 698 2811 753 commendat
2842 698 2998 764 pallia
3027 699 3212 753 clavae.

1980 790 2275 848 Amborum
2309 799 2418 843 tum
2446 789 2571 843 diva
2599 801 2781 841 comas
2808 787 3089 842 viridantis
3121 790 3280 845 oliva:

1980 881 2118 936 Pace
2148 883 2298 949 ligat,
2332 879 2497 935 nectit
2525 879 2759 941 dextras,
2792 894 2853 930 ac
2877 877 3078 934 ftedera
3105 864 3346 948 mandat,

1979 972 2332 1043 Nymphidius
2361 986 2480 1041 quae
2511 979 2696 1024 cernat
2726 982 2885 1033 avus,
2916 970 3106 1038 probat
3129 975 3363 1042 Atropos
3382 990 3562 1043 omen,

1981 1061 2249 1134 Fulvaque
2276 1062 2574 1117 concordes
2595 1062 2896 1130 junxerunt
2930 1061 3015 1116 illa
3046 1062 3294 1121 Sorores.

2432 1193 2601 1267 331
2636 1191 2920 1247 cannam
2964 1192 3103 1247 xw.

2028 1308 2053 1346 ι’
2086 1322 2504 1363 sucnntsvtcust
2537 1323 2603 1360 ιω
2644 1322 2883 1361 γΑυετυκ
2914 1322 3176 1363 actmsn
3217 1325 3519 1373 EPISCOPUI.

1982 1441 2244 1497 Ρὴωδυιη
2274 1450 2327 1495 et
2357 1451 2436 1495 ter
2470 1449 2649 1494 ternas
2680 1439 2885 1495 decima
2918 1455 3036 1503 cum
3070 1440 3284 1497 Pallade
3306 1442 3505 1511 Musas,

1981 1534 2324 1605 Orpheaque,
2354 1544 2409 1587 et
2436 1534 2647 1587 laticem
2671 1532 2977 1588 simulatum
3011 1534 3169 1589 fontis
3195 1537 3395 1607 equini,

1982 1626 2352 1698 Ogygiamque
2375 1624 2589 1695 chelyn,
2615 1641 2743 1696 “quae
2772 1640 2898 1679 saxa
2932 1628 3181 1697 sequacia
3207 1627 3429 1685 ﬂectens

1982 1719 2261 1786 Cantibus,
2299 1720 2506 1773 auritos
2534 1720 2709 1773 erexit
2737 1722 2975 1775 carmine
3003 1737 3208 1790 muros,

1903 1796 1954 1858 Β
1981 1811 2191 1880 Sperne
2222 1812 2369 1877 fidis;
2397 1812 2566 1882 magis
2595 1812 2683 1867 ille
2711 1814 2830 1867 veni
2864 1829 3005 1868 nunc
3030 1817 3251 1886 spiritus
3271 1833 3367 1873 oro

1981 1900 2295 1957 Pontificem
2328 1901 2541 1956 dicture
2573 1910 2743 1971 tuum,
2777 1904 2867 1971 qui
2894 1913 3111 1972 pectora
3151 1908 3341 1975 priscae

1983 1992 2196 2047 Intrasti
2228 1992 2430 2060 Mariae,
2464 1993 2683 2062 rapiens
2706 2008 2825 2047 cum
2860 2004 3110 2064 tympana
3138 1997 3316 2053 siccus

1982 2082 2144 2137 Israel
2167 2082 2391 2151 appensi
2420 2096 2515 2152 per
2543 2096 2775 2138 concava
2804 2085 3028 2154 gurgitis
3058 2086 3178 2151 iret,

1982 2174 2283 2244 Aggeribus
2305 2173 2536 2229 vallatus
2557 2188 2735 2244 aquae,
2759 2175 3069 2246 mediasque
3100 2192 3199 2247 per
3227 2180 3397 2234 undas

1983 2263 2364 2320 Pulverulenta
2388 2273 2536 2319 tuum
2567 2265 2828 2319 clamaret
2858 2266 3012 2320 turba
3047 2267 3398 2340 triumphum.

1984 2356 2191 2427 Quique
2227 2372 2443 2412 manum
2467 2356 2651 2412 Judith
2683 2358 2961 2413 ferientem
2991 2360 3128 2414 colla
3160 2360 3465 2419 llolofernis

1985 2448 2207 2514 Juvisti,
2240 2454 2428 2503 exciso
2451 2449 2621 2520 jacuit
2645 2465 2764 2504 cum
2794 2459 3012 2521 gutture
3037 2462 3278 2525 truncus,

1984 2541 2051 2597 Et
2079 2540 2283 2610 fragilis
2310 2542 2489 2597 valido
2518 2542 2673 2597 latuit
2704 2543 2842 2597 bene
2879 2558 3040 2599 sexus
3073 2548 3125 2599 in
3156 2547 3286 2602 ictu.

1984 2633 2251 2703 Expresso
2273 2635 2355 2689 vel
2384 2634 2476 2703 qui
2508 2634 2788 2703 complens
2816 2635 2884 2689 de
2912 2636 3109 2690 vellere
3136 2638 3359 2708 pellem,

1980 2722 2329 2794 lniiciensque
2354 2724 2550 2780 dehinc
2575 2739 2680 2779 non
2706 2734 2845 2782 tacto
2867 2727 3069 2783 vellere
3093 2737 3313 2798 terram,

1986 2816 2236 2872 Firmasti
2264 2816 2540 2886 Gedeona,
2575 2817 2713 2871 tubis
2746 2816 2945 2873 inserte
2986 2821 3215 2887 canoris,

1984 2908 2241 2977 Spiritus,
2269 2916 2323 2963 et
2343 2909 2460 2971 solo
2483 2908 2630 2963 venit
2656 2908 2875 2963 victoria
2906 2918 3084 2964 cantu.

1983 2998 2190 3068 Quique
2212 2999 2371 3052 etiam
2400 3008 2731 3068 assumptum
2767 3000 3008 3068 pecorosi
3032 3001 3101 3055 de
3126 3017 3289 3074 grege
3312 3014 3336 3045 ε
3366 3004 3519 3061 Jesse

1984 3090 2192 3144 Afﬂasti
2222 3103 2425 3159 regem,
2452 3091 2696 3160 plaustro
2727 3105 2848 3144 cum
2880 3091 3101 3148 foederis
3134 3109 3314 3151 arcam

1906 3169 1956 3235 C
1986 3183 2275 3253 lmponens
2298 3182 2489 3250 hostis,
2520 3182 2669 3237 nullo
2694 3183 3010 3239 moderante
3036 3184 3289 3253 bubulco,

1986 3274 2245 3329 Proderet
2268 3273 2559 3328 obscenum
2592 3274 2823 3343 turgenti
2860 3274 3050 3343 podice
3076 3278 3343 3332 morbum.

1986 3368 2193 3437 Quique
2222 3367 2379 3421 trium
2403 3365 2670 3436 quondam
2696 3381 2982 3435 puerorum
3015 3368 3066 3421 in
3100 3370 3251 3425 fauce
3278 3375 3499 3439 sonasti,

1986 3462 2136 3526 Quos
2170 3459 2223 3513 in
2253 3455 2488 3512 Clialdzei
2522 3458 2728 3525 positos
2753 3456 2968 3513 fornace
2993 3452 3227 3529 tyranni,

1989 3551 2220 3606 Roscida
2246 3548 2529 3605 combusto
2555 3549 2839 3603 madefecit
2871 3549 3080 3604 ﬂamma
3107 3552 3339 3608 camino.
3368 3532 3377 3539 ’

1988 3642 2149 3714 382
2180 3641 2388 3711 Quique
2416 3639 2739 3695 Volubilibus
2764 3642 3082 3710 spatiantem
3116 3644 3374 3699 tractibus
3397 3646 3502 3700 alvi

1990 3734 2282 3802 Complesti
2314 3733 2529 3795 Jonam,
2562 3740 2818 3785 resonant
2848 3731 2974 3787 dum
3007 3732 3214 3787 viscera
3247 3737 3470 3791 monstri

1993 3828 2288 3882 lntrorsum
2310 3825 2573 3894 psallente
2598 3823 2737 3887 cibo,
2764 3824 2846 3877 vel
2879 3823 3112 3892 pondera
3142 3829 3345 3881 ventris

1988 3919 2186 3989 Jejuni,
2216 3917 2465 3987 plenique
2493 3926 2668 3969 tamen
2691 3922 2811 3969 vate
2836 3914 3179 3981 intemerato,

1989 4010 2185 4065 Ructat
2213 4005 2375 4060 cruda
2406 4006 2601 4069 fames;
2634 4018 2794 4074 quem
2823 4003 3230 4073 singultantibus
3255 4006 3394 4060 extis

1990 4100 2248 4155 Esuriens
2274 4096 2477 4150 vomuit
2511 4107 2775 4163 suspenso
2808 4092 2989 4147 bellua
3016 4108 3218 4148 morsu.

1992 4191 2200 4260 Quique
2224 4188 2419 4257 duplex
2448 4184 2715 4256 quondam
2749 4184 2939 4239 venisti
2965 4188 3016 4238 in
3050 4193 3235 4254 pectus
3266 4186 3453 4256 Elisei,

1997 4280 2289 4339 Thesbiten
2322 4293 2445 4333 cum
2467 4276 2607 4332 forte
2636 4290 2817 4332 senem
2842 4275 2951 4347 jam
2977 4276 3258 4333 ﬂammeus
3285 4279 3401 4333 axis

1915 4450 1972 4512 1)
2068 4444 2095 4483 ι)
2129 4442 2207 4497 De
2247 4440 2451 4512 Fausto
2489 4438 2739 4512 Reiornm
2782 4435 3172 4512 Apollinarium
3215 4402 3467 4512 episcopo
3497 4439 3582 4512 di-

1999 4524 2145 4571 ctum
2191 4511 2256 4565 ad
2297 4512 2455 4580 epist.
2501 4512 2556 4573 5,
2598 4507 2691 4562 lib.
2724 4522 2796 4561 ix.
2827 4507 2886 4559 Ei
2933 4520 3087 4580 nunc
3116 4510 3314 4580 gratias
3352 4509 3462 4580 agit
3489 4511 3588 4565 du-

1998 4586 2122 4656 plici
2148 4584 2217 4656 de
2252 4576 2433 4656 causa,
2464 4591 2573 4634 tum
2615 4580 2755 4656 quod
2794 4578 3033 4656 germani
3064 4576 3243 4631 fratris
3283 4579 3362 4656 sui
3394 4576 3584 4656 adole-

2001 4647 2288 4719 scentiam,
2334 4652 2384 4706 id
2421 4647 2507 4706 est
2541 4650 2765 4703 amicam
2813 4647 2957 4719 vitiis
3006 4656 3241 4712 aetatem,
3287 4649 3587 4717 disciplinae

1999 4742 2111 4781 suae
2140 4718 2479 4779 commissam
2511 4719 2737 4773 fideliter
2771 4718 2997 4779 rexerit;
3033 4727 3140 4771 tum
3174 4719 3317 4786 quod
3348 4721 3586 4789 seipsnm

2002 4797 2166 4851 Reios
2214 4796 2342 4848 olim
2390 4790 2683 4856 profectmn
2724 4795 2970 4841 amanter
3014 4789 3309 4857 exceperit,
3358 4794 3424 4845 ad
3475 4808 3588 4846 ma-

2001 4876 2247 4931 tremque
2276 4860 2613 4916 Salutandam
2639 4857 2942 4931 deduxerit.

2076 4946 2098 4973 α
2145 4927 2412 4988 Memoriae
2440 4931 2637 4998 lapsus.
2668 4927 2830 4981 David
2854 4930 2995 4981 enim
3018 4940 3199 4982 coram
3220 4942 3339 4983 arca
3370 4931 3588 4995 cecinit,

2003 5015 2057 5061 et
2078 5004 2291 5058 saltavit
2311 5017 2434 5057 cum
2456 5002 2544 5054 illa
2563 5014 2627 5052 ex
2644 4998 2847 5052 aedibus
2862 4999 3138 5052 Abinadab
3154 5000 3218 5052 ad
3234 4998 3561 5054 Obed-Edon
3574 5043 3587 5063 ,

2002 5077 2234 5140 indeque
2256 5076 2306 5126 in
2331 5072 2516 5126 urbem
2545 5069 2766 5124 deducta
2796 5078 2898 5123 est.
2930 5068 2972 5122 ll
3003 5068 3228 5138 Regum,
3262 5084 3335 5122 vr.
3362 5070 3432 5123 At
3465 5073 3592 5125 Poi-

2004 5144 2164 5203 listtei
2204 5153 2329 5199 ante
2360 5140 2594 5205 Davidis,
2629 5140 2735 5195 itno
2764 5150 2887 5193 ante
2916 5140 3092 5193 Saulis
3140 5140 3280 5208 regis
3308 5140 3593 5209 inaugura-

2004 5216 2229 5279 tionem,
2276 5212 2417 5267 findo
2454 5210 2548 5265 illo
2585 5210 2804 5281 vulnere
2846 5210 3106 5277 percussi,
3138 5224 3321 5265 arcam
3354 5212 3593 5281 plaustro

2004 5288 2124 5342 sine
2168 5293 2378 5340 rectore
2415 5281 2725 5335 vectandam
2768 5280 3133 5351 imposuerant
3164 5297 3178 5334 :
3208 5296 3316 5351 quo
3347 5292 3590 5351 tempore

2005 5372 2124 5411 cum
2156 5356 2209 5410 in
2235 5368 2363 5424 agro
2389 5360 2580 5420 sponte
2611 5349 2963 5416 constitisset,
2996 5350 3140 5405 illata
3171 5349 3256 5413 est
3284 5352 3340 5411 in
3365 5349 3586 5412 domum

2006 5422 2302 5481 Abinadab.
2334 5422 2355 5476 Ι
2384 5424 2607 5491 Regum,
2642 5437 2691 5475 vi
2719 5427 2774 5475 et
2804 5435 2893 5473 vn.

2007 5632 2231 5691 Ἀληθοῦς
2261 5631 2513 5702 derepta;
2547 5628 2637 5681 lib.
2673 5642 2731 5691 n,
2766 5627 2918 5702 quasi
2952 5641 3079 5702 vere
3109 5626 3209 5682 hoc
3234 5626 3585 5702 contigisset;

2008 5717 2128 5783 eum
2172 5702 2223 5754 in
2269 5702 2334 5755 iis
2384 5697 2538 5753 libris
2581 5698 2911 5752 narrationes
2966 5698 3114 5751 fictas
3154 5697 3432 5765 scripserit
3475 5698 3586 5756 ιιι-

2008 5786 2213 5827 Cianus.
2946 5786 2951 5795 ‘
3462 5784 3467 5789 ’
