4072 6348
439 356 543 419 719

438 473 695 535 Tolleret,
724 478 776 524 et
804 466 1024 522 scissam
1050 460 1294 528 linquens
1321 471 1414 526 pro
1446 469 1669 510 munere
1702 451 1919 523 pellem.

442 563 699 633 llispidus
740 559 987 615 ardentes
1014 553 1197 621 auriga
1228 553 1451 605 intraret
1483 549 1738 603 habenas.

443 659 649 726 Quique
677 652 837 706 etiam
864 648 1031 702 Eliam
1054 645 1211 700 terris
1234 642 1464 699 missure
1494 637 1814 707 secundum,

443 744 713 803 Zachariae
736 739 867 810 justi
893 738 1125 808 linguam
1159 735 1362 804 placate
1392 731 1585 802 ligasti,

443 841 578 892 Dum
606 835 809 889 faceret
825 845 1003 887 serum
1032 841 1222 898 rugosa
1253 839 1511 895 puerpera
1542 836 1775 893 patrem,

440 930 595 985 Edita
626 924 932 995 significans
955 920 1107 992 iusso
1136 918 1364 974 reticere
1391 916 1670 987 propheta,

443 1020 627 1074 Gratia
655 1031 776 1073 cum
807 1013 975 1089 fulsit,
1010 1019 1190 1067 nosset
1210 1025 1270 1065 se
1299 1016 1357 1063 ut
1380 1009 1466 1063 lex
1499 1010 1801 1061 tacituram.

446 1110 657 1180 Quique
680 1107 840 1163 etiam
874 1117 1101 1159 nascens
1128 1117 1193 1154 ex
1223 1100 1428 1170 virgine
1457 1098 1665 1152 semine
1693 1095 1862 1159 nullo,

449 1207 590 1269 Ante
621 1199 782 1253 ullum
811 1204 1019 1263 tempus
1043 1193 1204 1257 Deus,
1233 1200 1393 1259 atque
1422 1189 1474 1242 in
1500 1198 1746 1257 tempore
1765 1184 2027 1249 Christus,

451 1291 534 1347 Ad
559 1304 754 1359 corpus
784 1294 1038 1355 quantum
1069 1291 1275 1351 spectat
1306 1288 1363 1334 tu
1389 1290 1439 1335 te
1466 1279 1580 1349 ipse
1598 1277 1815 1332 creasti.

454 1381 554 1450 Qui
586 1380 756 1434 visum
790 1376 969 1442 caecis,
1000 1388 1241 1444 gressum
1270 1385 1482 1442 quoque
1511 1368 1738 1424 reddere
1765 1364 1996 1433 claudis,

452 1474 711 1530 Auditum
742 1468 939 1537 surdis,
964 1466 1122 1521 mutis
1148 1465 1328 1518 laxare
1353 1461 1620 1532 loquelam

454 1570 669 1630 Suetus,
703 1562 769 1617 ad
800 1562 901 1617 boc
937 1560 1096 1615 etiam
1128 1555 1343 1621 veniSIi,
1369 1565 1424 1609 ut
1452 1561 1661 1609 mortua
1688 1550 1930 1608 membra

454 1658 642 1719 Lecto,
676 1650 967 1720 sandapila,
999 1648 1199 1703 tumulo
1226 1659 1550 1714 consurgere
1578 1643 1804 1714 possint.

460 1751 669 1821 Quique
691 1749 849 1803 etiam
882 1757 1065 1815 poenas
1090 1751 1338 1810 suscepta
1367 1741 1418 1793 in
1443 1754 1606 1795 carne
1633 1737 1824 1802 tulisti,

456 1846 777 1900 Sustentaus
802 1839 1003 1906 alapas,
1034 1833 1279 1896 ludibria,
1310 1832 1555 1896 verbera,
1590 1843 1806 1897 vepres.

459 2028 739 2083 Posrremu
769 2032 1016 2085 mortem,
1046 2018 1140 2074 sed
1165 2026 1522 2080 surrecturus,
1550 2013 1730 2077 adisti,

460 2116 711 2185 Eripiens
737 2111 992 2182 quidquid
1021 2112 1216 2166 veteris
1241 2108 1566 2177 migraverat
1596 2106 1766 2162 hosﬁs

461 2210 523 2266 In
544 2208 652 2279 jus,
685 2220 778 2276 per
807 2214 1049 2261 nostrum
1077 2201 1301 2267 facinus,
1325 2215 1445 2255 cum
1468 2199 1661 2253 femina
1700 2199 1868 2264 prima

462 2300 799 2369 Praeceptum
827 2295 1045 2349 solvens
1074 2292 1228 2362 culpa
1257 2306 1355 2345 nos
1386 2300 1607 2361 perpete
1636 2288 1830 2343 vinxit.

396 2430 399 2431 ν
463 2393 569 2459 Qui
599 2404 717 2445 cum
749 2399 797 2441 te
819 2385 1035 2441 interitu
1065 2384 1231 2452 petiit,
1262 2396 1361 2438 nec
1391 2382 1626 2451 repperit
1654 2382 1706 2435 in
1732 2390 1781 2434 te

473 2484 635 2555 383
686 2479 837 2549 Quod
887 2485 1069 2547 posset
1114 2475 1383 2544 proprium
1429 2474 1767 2538 convincere,
1819 2469 2050 2539 perdidit

1772 2564 1974 2634 [omne,

468 2664 621 2733 Quod
653 2665 802 2733 lapSu
829 2662 976 2717 dedit
999 2660 1109 2715 Eva
1135 2674 1233 2714 suo
1261 2678 1272 2711 :
1304 2644 1693 2728 chirographon
1722 2658 1871 2722 illud,

471 2760 590 2825 Quo
624 2769 878 2826 pervasus
908 2752 1069 2807 homo
1093 2759 1198 2816 est,
1230 2752 1344 2804 haec
1371 2750 1737 2818 compensatio
1763 2748 1922 2817 rupit.

465 2829 677 2918 Expers
706 2844 929 2916 peccati,
956 2860 1052 2914 pro
1075 2844 1446 2913 peccatoribus
1473 2842 1706 2911 amplum
1988 2836 1991 2839 ’

466 2942 561 2997 Fis
591 2940 840 3011 pretium,
873 2947 1214 3021 veteremque
1245 2949 1414 2989 novus
1454 2935 1569 2988 vice
1612 2933 1814 2988 fenoris
1843 2933 2014 2989 Adam

466 3035 605 3091 Dum
630 3032 857 3087 moreris
886 3030 949 3085 de
981 3040 1150 3084 morte
1181 3028 1358 3097 rapis;
1389 3029 1466 3083 sic
1495 3038 1701 3082 mortua
1734 3042 1879 3082 mors
1907 3037 2009 3094 est,

467 3126 559 3180 Sic
587 3139 707 3179 sese
732 3122 941 3177 insidiis
965 3135 1098 3190 quas
1127 3119 1325 3175 fecerat
1349 3119 1485 3187 ipsa,
1521 3118 1727 3173 fefellit.

468 3216 602 3271 Nam
633 3215 758 3269 dum
790 3213 1079 3266 indiscrete
1110 3213 1238 3279 petit
1261 3211 1631 3281 insontemque
1660 3226 1907 3281 reosque,

469 3307 592 3377 Egit
621 3316 676 3359 ut
703 3305 905 3359 absolvi
938 3314 1163 3373 possent
1190 3312 1243 3356 et
1265 3303 1489 3356 crimine
1517 3302 1660 3357 nexi.

469 3398 678 3464 Quique
707 3396 865 3449 etiam
891 3393 1065 3462 justos
1090 3393 1154 3447 ad
1187 3402 1394 3458 tempus
1421 3407 1641 3462 surgere
1668 3404 1838 3449 tecum

471 3486 688 3543 Jussisti
710 3486 940 3551 eineres,
972 3500 1093 3539 cum
1125 3484 1277 3538 tectis
1308 3494 1548 3554 tempore
1576 3487 1735 3557 longo

471 3580 671 3650 lrrupit
698 3578 888 3633 festina
914 3578 1080 3640 salus,
1113 3576 1391 3645 infusaque
1417 3578 1608 3645 raptim

472 3671 727 3727 Excussit
752 3669 969 3723 tumulis
999 3669 1253 3722 solidatas
1276 3668 1383 3722 vita
1414 3667 1640 3723 favillas.

472 3765 550 3820 Da
582 3763 833 3817 Faustum
857 3760 1076 3815 laudare
1102 3769 1270 3827 tuum,
1296 3760 1360 3813 da
1392 3761 1606 3816 solvere
1631 3774 1810 3833 grates

472 3854 615 3922 Quas
638 3865 690 3908 et
713 3848 834 3923 post
861 3852 1059 3908 debere
1082 3854 1251 3921 juvat.
1285 3852 1360 3907 Te
1389 3868 1582 3923 magne
1609 3857 1889 3926 sacerdos,

471 3947 724 4004 Barbitus
753 3947 839 4000 hic
868 3956 1050 4001 noster
1076 3946 1279 4016 plectro
1309 3947 1435 4002 licet
1462 3945 1664 4018 impare
1687 3959 1883 4006 cantat.

561 4153 587 4182 ⁸
608 4144 723 4199 Lib.
752 4142 994 4218 tt,__e_pist.
1017 4142 1073 4218 ᾖ,
1091 4142 1273 4218 hiulcis
1292 4145 1543 4218 arentium
1564 4147 1812 4200 rimarum
1836 4151 2053 4218 ﬂexibus

475 4228 611 4273 terra
639 4212 984 4284 perscribitur.
1017 4210 1166 4284 Quod
1201 4227 1366 4284 genus
1395 4215 1532 4284 tropi
1560 4218 1789 4284 antiquis
1819 4210 2054 4274 usitatis-

474 4280 691 4357 simum.
727 4280 1246 4357 Varro‘Marciporet
1280 4281 1666 4357 Astrologinon
1692 4280 1807 4342 sunt
1828 4292 1913 4357 qui
1936 4305 2051 4343 con-

476 4352 825 4412 scribillarum
848 4351 1106 4420 pingentes
1139 4352 1341 4402 caelum.
1374 4353 1622 4420 Virgilius
1649 4371 1661 4406 ε

840 4473 1080 4515 ....versa
1107 4462 1263 4523 pulvis
1289 4465 1570 4513 inscribitur
1596 4466 1750 4525 hasta,

478 4530 796 4602 Lycopltron
822 4548 835 4585 :
858 4533 1093 4606 Πτεροῑσι
1123 4528 1317 4599 χερσὸν
1341 4527 1508 4586 αἰετὸς
1535 4527 1839 4602 διαγράφων.

547 4642 577 4682 δ
610 4646 716 4697 Aut
741 4641 966 4713 vocandi
996 4654 1119 4713 casu
1150 4637 1303 4713 dixit,
1350 4648 1442 4690 aut
1483 4638 1843 4713 Anacftoronla
1877 4643 2057 4713 legen-

480 4715 655 4768 dum:
701 4712 853 4781 cuius
899 4711 1143 4767 lectionis
1190 4708 1394 4762 luerent
1441 4719 1580 4763 notze
1634 4711 1687 4763 in
1738 4708 2053 4780 quibusdam

480 4785 651 4840 libris.
678 4784 1046 4854 Anachoronta
1074 4782 1675 4854 ευιθςν,ἀναχῳροῡντα.
1701 4797 1763 4835 ea
1786 4785 1952 4854 forma
1975 4787 2056 4839 di-

480 4870 603 4909 cere
647 4855 815 4921 potuit
850 4868 952 4923 qua
992 4849 1263 4908 Juvenalis
1298 4861 1351 4903 et
1378 4849 1629 4905 Sidonius
1656 4854 1769 4922 ipse
1801 4852 2083 4911 Chirono-‘

480 4936 675 4978 manta.

557 5005 579 5030 ε
616 4995 727 5066 Etsi
751 5008 855 5047 non
882 4992 1097 5047 defuere
1128 4992 1264 5045 inter
1294 4990 1509 5062 Egypti
1539 4994 1826 5066 monachos
1852 4997 1941 5066 qui
1972 4997 2057 5054 his

483 5065 789 5118 nominibus
811 5072 1184 5125 censerentur,
1219 5070 1395 5116 tamen
1426 5078 1545 5115 cum
1576 5063 1672 5118 hos
1699 5063 1911 5120 caeteris
1935 5082 2054 5121 om-

484 5137 640 5206 nibus
672 5142 963 5206 praeponat,
987 5134 1205 5206 dubium
1228 5147 1331 5206 non
1356 5133 1565 5206 videtur
1588 5136 1711 5201 quin
1738 5137 1905 5190 Eliam
1935 5153 2059 5206 pro-

483 5205 700 5276 phetam
729 5212 784 5276 et
812 5205 1073 5276 Joannem
1103 5202 1391 5276 Baptistam
1423 5204 1668 5276 designet
1699 5224 1710 5257 :
1744 5202 2058 5276 quos‘insti-

485 5274 584 5327 tuti
610 5274 689 5327 sui
714 5273 878 5328 duces
905 5289 966 5328 ac
1000 5272 1263 5342 principes
1294 5273 1581 5338 praedicant
1608 5272 1966 5339 anachoretae,
1999 5289 2059 5333 ut

483 5343 844 5415 Hieronymus
875 5346 929 5398 in
959 5343 1107 5397 Pauli
1138 5342 1250 5397 Vita
1284 5351 1526 5408 testatur,
1550 5354 1603 5398 et
1623 5347 1875 5403 Socrates
1903 5348 1997 5402 lib.
2018 5364 2054 5416 ι,
2081 5367 2084 5371 ’

559 5486 573 5513 ³
600 5483 750 5537 Hunc
768 5479 972 5535 Sidonii
1004 5478 1173 5533 locum
1202 5481 1268 5533 de
1297 5480 1466 5533 insula
1490 5480 1762 5534 Lerinensi
1791 5492 1915 5535 sunt
1939 5484 2056 5538 imi-

488 5554 583 5609 tati
607 5551 870 5607 Caesarius
895 5549 1219 5604 Arelatensis
1246 5560 1300 5604 et
1330 5551 1601 5603 Ennudius
1632 5551 1944 5608 Ticinensis.
1964 5554 2056 5609 llle

487 5624 699 5693 quidem
738 5620 935 5676 ilomil.
990 5620 1059 5693 25
1109 5620 1422 5693 (BiblaPP.
1466 5621 1633 5693 Paris.
1679 5632 1805 5675 tum.
1842 5624 1902 5687 ll,
1936 5639 2053 5693 pag.

488 5693 648 5763 318):
680 5692 858 5755 Beata,
906 5692 1091 5761 inquit,
1137 5702 1181 5744 et
1230 5691 1351 5761 (alia:
1396 5692 1560 5764 insula
1600 5691 1898 5755 Lirinensis,
1938 5691 2059 5764 qua:

491 5762 863 5827 cum‘parvulu
912 5773 957 5816 et
1002 5778 1163 5817 rum
1214 5779 1317 5816 esse
1367 5763 1613 5823 videatur,
1663 5762 2056 5819 innumerabiles

1709 338 1955 413 stuoNn
1995 332 2446 394 APOLLINAHIS

2044 456 2101 514 Δ

3609 335 3718 391 72c
3804 292 3807 297 ⁴

2200 453 2325 507 lltec
2356 454 2514 517 igitur
2544 455 2711 521 prima
2739 462 2820 507 est
2850 452 2937 506 vel
2967 466 3148 515 causa,
3192 453 3275 505 vel
3302 451 3443 505 actio
3474 451 3719 519 laudum,

2129 545 2282 612 Quod
2312 546 2439 600 mihi
2470 546 2727 615 germani,
2759 546 2881 599 tlnu
2910 543 3116 598 lubrica
3145 544 3373 599 volvitur
3404 555 3555 609 aetas,

2128 635 2384 692 Servatus
2415 648 2587 691 tecum
2619 635 2819 690 domini
2854 651 2946 702 per
2974 639 3110 689 dona
3147 636 3401 703 probatur

2131 730 2240 786 Nec
2267 730 2403 785 fama
2430 731 2690 785 titubante
2717 730 2913 797 pudor;
2939 738 2989 783 te
3016 729 3232 798 respicit
3262 729 3401 782 istud

2133 825 2612 892 Quantumcunque
2635 823 2862 883 bonum;
2892 837 3100 876 merces
3125 821 3410 876 debebitur
3439 820 3534 886 illi,

2136 915 2230 970 Ille
2258 914 2386 979 tibi;
2420 904 2488 969 sit
2511 915 2644 978 laus,
2680 916 2726 969 si
2755 913 2860 968 labi
2884 914 3073 978 noluit,
3106 912 3222 982 ejus
3254 930 3266 964 :

2058 1068 2061 1073 _
2135 1005 2268 1061 Nam
2298 1006 2438 1075 quod
2463 1020 2563 1061 nec
2590 1005 2777 1074 potuit,
2809 1013 2977 1060 totum
3009 1005 3073 1059 ad
3107 1014 3159 1061 te
3182 1006 3303 1074 jure
3329 1005 3611 1060 redundat.

2210 1101 2492 1161 Praeterea,
2524 1097 2663 1166 quod
2697 1113 2782 1152 me
2810 1097 3015 1167 pridem
3048 1096 3210 1152 Reios
3234 1098 3505 1160 veniente,

2137 1190 2273 1247 Cum
2306 1180 2546 1260 Procyon
2573 1190 2791 1256 fureret,
2827 1204 2948 1244 cum
2978 1190 3108 1244 solis
3139 1188 3375 1244 torridus
3405 1188 3544 1259 ignis

2140 1282 2434 1339 Flexilibus
2464 1274 2619 1338 rimis
2641 1284 2886 1347 sitientes
2918 1291 2943 1319 α
2975 1283 3237 1337 scriberet
3264 1296 3444 1350 agros,

2142 1378 2364 1447 HoSpite
2379 1363 2441 1431 te
2469 1386 2680 1431 nostros
2704 1378 2916 1445 excepit
2939 1377 3178 1444 protinus
3200 1384 3364 1431 aestus

2048 1483 2073 1541 ς
2140 1470 2273 1534 Pax,
2296 1468 2734 1533 domus,umbra,
2764 1467 2935 1530 latex,
2961 1465 3728 1532 benedictio,mensa,cubile.

2050 1636 2051 1639 η
2143 1562 2402 1617 Omnibus
2431 1570 2670 1616 attamen
2702 1560 2785 1616 his
2815 1569 2897 1615 sat
2926 1568 3166 1630 praestat,
3194 1547 3336 1629 quod
3370 1559 3582 1614 voluisti

2145 1658 2216 1713 Ut
2236 1664 2434 1710 sanctae
2463 1656 2649 1710 matris
2674 1665 2917 1711 sanctum
2949 1669 3162 1724 quoque
3193 1654 3354 1709 limen
3388 1653 3615 1708 adirem.

2146 1744 2309 1820 38a
2335 1747 2554 1818 Dirigui,
2587 1747 2779 1810 fateor,
2809 1746 2939 1800 mihi
2968 1747 3241 1811 conscius,
3283 1754 3442 1814 atque
3473 1754 3696 1815 repente

2072 1837 2123 1897 B
2149 1838 2328 1892 Tinxit
2349 1838 2659 1893 adorantem
2687 1837 2885 1907 pavido
2914 1836 3219 1891 reverentia
3248 1836 3472 1889 vultum.

458 1934 700 1996 Sortem,
732 1928 923 1990 vincla,
948 1940 1184 1989 crucem,
1212 1924 1411 1987 clavos,
1430 1920 1526 1985 fel,
1559 1920 1785 1985 missile,
1805 1926 2038 1980 acetum,
2076 1974 2079 1977 _

2148 1928 2259 1983 Nec
2285 1943 2440 1983 secus
2472 1928 2743 1991 intremui,
2769 1942 2927 1995 quam
2959 1927 3004 1981 si
3036 1941 3121 1981 me
3153 1925 3291 1980 forte
3331 1926 3585 1981 Rebeccae

2147 2020 2333 2089 Israel,
2367 2030 2456 2073 aut
2485 2019 2700 2075 Samuel
2724 2019 2947 2074 crinitus
2977 2018 3199 2073 duceret
3219 2020 3409 2072 Annaa.

2221 2115 2554 2183 QuaprOpter
2578 2112 2664 2166 vel
2696 2121 2745 2166 te
2773 2113 2913 2166 vctis
2947 2112 3060 2166 sine
3088 2111 3192 2166 fine
3222 2112 3481 2173 colentes,

2150 2188 2413 2261 Alfecmm
2445 2220 2697 2275 magnum
2726 2219 2820 2273 per
2846 2204 3082 2258 carmina
3112 2219 3269 2271 parva
3302 2205 3544 2258 fatemur.

2153 2299 2259 2353 Seu
2289 2308 2339 2351 te
2368 2298 2651 2351 ﬂammata:
2680 2296 2888 2366 Syrtes,
2921 2307 2973 2350 et
3011 2295 3277 2364 inhospita
3310 2304 3516 2365 tesqua,

2150 2390 2255 2446 Seu
2286 2405 2443 2445 cteno
2468 2390 2736 2444 viridante
2768 2389 2939 2459 palus,
2970 2404 3062 2443 seu
3094 2388 3240 2457 nigra
3271 2403 3485 2443 recessu

2151 2483 2416 2539 Incultum
2440 2498 2591 2548 mage
2617 2496 2747 2535 saxa
2778 2491 2978 2544 tenent,
3013 2481 3097 2536 ubi
3128 2480 3240 2535 sole
3264 2489 3470 2535 remoto

2153 2577 2400 2630 Concava
2424 2575 2697 2643 longaevas
2724 2582 3004 2629 asservant
3030 2584 3179 2628 antra
3204 2575 3473 2629 tenebras.

2153 2670 2257 2723 Seu
2283 2677 2334 2723 te
2360 2670 2642 2737 prrsruptis
2668 2676 2907 2736 porrecta
2931 2668 2982 2722 in
3007 2669 3224 2737 rupibus
3254 2668 3423 2736 Alpis,

2155 2762 2472 2818 Succinctos
2502 2762 2677 2831 gelido
2709 2761 2958 2815 libantem
2982 2760 3187 2829 cespite
3218 2775 3453 2823 somnos,

2155 2855 2184 2894 ι’
2214 2842 2546 2910 Auaclioreta
2576 2855 2780 2919 tremit,
2810 2869 2927 2924 quas
2954 2868 3255 2924 quanquam
3282 2852 3478 2922 frigora
3505 2859 3701 2921 portet,

2154 2950 2484 3018 Conceptum
2515 2947 2714 3002 ChriSIi
2743 2962 3011 3017 nunquam
3044 2947 3224 3000 domat
3257 2947 3344 2997 illa
3372 2945 3628 3000 calorem.

2162 3052 2185 3079 ο
2213 3041 2324 3109 Qua
2358 3056 2501 3095 nunc
2526 3039 2690 3102 Elius,
2720 3054 2859 3094 nunc
2885 3051 2935 3092 te
2962 3040 3111 3107 jubet
3138 3039 3217 3094 ire
3246 3038 3502 3103 Joannes,

2158 3134 2313 3190 Nune
2337 3133 2444 3187 duo
2465 3132 2702 3198 Macarii,
2734 3147 2874 3186 nunc
2900 3142 2954 3187 et
2976 3132 3309 3201 Paphnutius
3336 3131 3514 3195 heros,

1993 3278 1997 3283 .
2077 3207 2129 3273 α
2158 3226 2312 3281 Nunc
2332 3226 2586 3291 0r,nunc
2609 3226 3011 3289 Ammon,nunc
3026 3225 3451 3289 Sarmata,nunc
3481 3223 3717 3279 Hilarion

2157 3318 2311 3373 Nunc
2337 3325 2491 3371 vocat
2513 3316 2565 3370 in
2601 3317 2773 3371 tunica
2807 3317 2980 3371 nudus
3013 3326 3063 3371 te
3092 3316 3356 3371 Antonius
3381 3316 3527 3375 illa,‘

2160 3412 2328 3479 Quam
2357 3410 2481 3465 fecit
2501 3409 2692 3479 palma:
2712 3409 2854 3464 foliis
2886 3426 3074 3465 manus
3097 3410 3236 3465 alma
3264 3410 3525 3479 magistri.

2160 3500 2189 3539 ἀ
2217 3503 2325 3558 Seu
2358 3512 2408 3557 te
2430 3502 2641 3556 Lirinus
2666 3502 2898 3571 priscum
2926 3504 3203 3571 complexa
3229 3510 3501 3570 parentem
3530 3508 3634 3565 est,

2164 3597 2280 3663 Qua
2309 3605 2367 3650 tu
2394 3595 2503 3664 jam
2532 3595 2727 3651 fractus
2756 3611 2854 3665 pro
2876 3611 3064 3663 magna
3092 3610 3235 3663 saepe
3255 3596 3436 3665 quiete

2162 3685 2450 3755 Discipulis
2477 3687 2682 3742 servire
2710 3686 2880 3751 venis,
2913 3688 3107 3756 vixque
3128 3687 3235 3740 otia
3260 3686 3431 3739 somni

2164 3776 2264 3831 Vix
2290 3786 2473 3833 coctos
2495 3786 2717 3847 capture
2739 3779 2910 3843 cibos,
2940 3778 3237 3833 abstemius
3266 3792 3437 3832 a-vum

2164 3870 2347 3936 Ducis,
2374 3879 2429 3926 et
2450 3870 2666 3925 insertis
2690 3872 2862 3942 pfngis
2889 3871 3089 3939 ieiunia
3130 3871 3368 3938 psalmis.

2164 3961 2447 4018 Fratribus
2478 3963 2773 4027 insinuans,
2809 3965 2824 3995 ί
2852 3971 3081 4034 quantos
3102 3962 3189 4017 illa
3221 3962 3392 4017 insula
3417 3960 3572 4032 plana

2165 4157 2253 4211 12.
2280 4156 2396 4222 Quo
2425 4165 2673 4226 spectans
2693 4159 2984 4224 Gregorius
3009 4158 3373 4213 Nazianzenus
3406 4159 3455 4211 in
3491 4159 3549 4212 Λι
3570 4160 3746 4210 nimia

2162 4236 2285 4307 post
2314 4228 2572 4307 reditum,
2594 4230 2773 4307 Ἦὶίου,
2811 4230 3015 4307 inquit,
3036 4231 3330 4307 wspttvoouu
3348 4230 3430 4285 τὸν
3465 4229 3743 4307 ιξάρμῖλφν.

2165 4301 2249 4351 καὶ
2270 4299 2495 4374 Ἱῳάγνου
2517 4305 2608 4374 τῂν
2631 4300 2840 4374 ἔρημον.
3048 4299 3129 4355 atrii
3154 4310 3252 4355 τῶν
3274 4303 3408 4357 οῧτω
3425 4299 3749 4374 φιλοξτὸςιούν·

2163 4390 2264 4442 των
2288 4372 2345 4442 re
2375 4367 2735 4442 ὐᾼπερκόσμίονζ

2239 4439 2264 4471 α
2295 4438 2615 4492 Notissima!
2646 4448 2769 4493 sunt
2815 4439 2866 4494 in
2915 4443 3044 4495 mari
3090 4442 3296 4497 Gallico
3327 4442 3512 4496 insula:
3546 4442 3687 4503 dum,
3718 4456 3749 4493 e

2166 4509 2385 4579 regione
2426 4509 2688 4577 Antipolis
2724 4509 2904 4579 oppidi
2946 4512 3233 4577 provincia:
3281 4512 3322 4570 ll
3365 4512 3744 4573 Narbonensis,

2082 4565 2140 4626 D
2167 4565 2301 4631 Lero
2325 4587 2384 4660 et.
2408 4565 2651 4660 Lcr'._n'us-.
2684 4565 2982 4660 nui-“eaput.
3015 4565 3527 4660 δινθιιοηὶξΑηρὼνη
3574 4565 3749 4660 ιζῳὶᾳλ

2168 4663 2342 4700 mmo:
2375 4650 2487 4700 hmo.
2516 4649 2703 4703 Lerina
2726 4649 2927 4717 Plinio;
2963 4662 3241 4714 utramque
3266 4649 3542 4708 nominant
3574 4654 3751 4706 A‘Ithi-

2165 4733 2262 4791 (ius
2301 4718 2349 4771 in
2399 4719 2698 4791 itinerario,
2746 4732 2797 4774 et
2842 4723 3111 4779 Ennodius
3158 4723 3209 4776 in
3261 4725 3371 4779 Vita
3417 4724 3749 4791 Epiphauii:

2169 4787 2373 4861 Tolosa,
2399 4790 2591 4858 inquit,
2612 4793 2901 4861 regrvdicns
2923 4794 3125 4855 singula
3153 4806 3445 4849 sanctarum
3473 4787 3754 4847 habitatio-

2162 4874 2285 4911 num
2309 4860 2420 4912 loca
2442 4860 2679 4915 viiitavit.
2701 4862 2757 4915 Μ
2760 4864 2967 4916 cdiauas
2984 4865 3198 4927 insutos,
3217 4866 3539 4926 Stwchadas,
3562 4865 3754 4917 Larum

2160 4929 2419 5054 ipsamque
2448 4933 2693 4985 nutricem
2723 4949 3038 4987 summorum
3082 4936 3331 4989 montium
3372 4938 3585 5004 planam
3615 4934 3755 4987 Lira-

2162 5015 2310 5052 num.
2362 5001 2416 5054 Ili
2443 5002 2597 5054 hodie
2626 5018 2817 5054 nomen
2851 5020 2879 5054 a
2907 5003 2963 5054 S.
3000 5004 3302 5054 Mamrtrita-
3340 5007 3461 5054 huic
3492 5022 3520 5054 a
3553 5006 3610 5054 S.
3644 5005 3755 5054 llu-

2162 5015 2310 5052 num.
2339 5001 2416 5054 llli
2443 5002 2597 5073 hodie
2626 5018 2817 5057 nomen
2851 5020 2879 5056 a
2907 5003 2963 5059 S.
3000 5004 3302 5073 Margrtrita,
3338 5001 3461 5061 huic
3492 5022 3521 5059 a
3553 5006 3610 5059 S.
3644 5005 3755 5057 llu-

2164 5079 2374 5132 nurato,
2408 5078 2495 5141 qui
2528 5076 2576 5125 in
2601 5087 2663 5128 ea
2696 5074 2897 5140 primus
2918 5075 3254 5129 celeberrimi
3287 5078 3413 5132 olim
3448 5086 3551 5131 tota
3577 5075 3750 5129 Gallia

2165 5143 2394 5196 caenobii
2424 5143 2765 5197 fundamenta
2794 5145 2949 5211 iecit;
3001 5147 3082 5201 cui
3131 5146 3321 5202 tertius
3364 5150 3430 5202 ab
3475 5148 3754 5200 Honorato

2165 5212 2328 5286 abbas
2368 5214 2577 5279 praefuit
2608 5214 2853 5279 Faustus,
2886 5230 3044 5286 quem
3078 5228 3359 5284 propterea
3390 5218 3622 5286 priscum
3656 5216 3745 5286 Lis

2165 5280 2269 5335 rini
2300 5293 2502 5350 patrem
2532 5295 2705 5355 vocat,
2738 5286 2857 5355 quia
2891 5280 2991 5339 hoc
3015 5280 3255 5355 tempore
3298 5280 3405 5343 non
3437 5289 3621 5351 abbas,
3655 5285 3751 5340 sed

2167 5356 2448 5422 episc0pus
2480 5362 2595 5408 crat
2620 5354 2887 5409 Reiensis.

2165 5494 2332 5563 tanien
2362 5503 2575 5563 amares
2594 5489 2662 5563 at!
2689 5490 2869 5563 cretum
2898 5493 3090 5547 misisse
3120 5496 3459 5563 cognoscitur.
3490 5494 3591 5549 istc
3624 5512 3756 5552 vero

2164 5556 2218 5635 in
2261 5556 2353 5608 Vit.
2385 5557 2452 5635 ff.
2474 5557 2757 5635 Epipfmuii
2782 5560 2949 5635 Ticiu.
2982 5556 3294 5635 (iutvropp.
3320 5566 3587 5620 Sirtnondi
3618 5580 3750 5621 tum.

2165 5625 2204 5689 l,
2239 5641 2359 5707 pag.
2390 5625 2871 5707 1668),'Mediqnas
2904 5625 3115 5699 insulas,
3148 5625 3610 5701 δίίξδιορυὴιιάιιδ,
3656 5637 3757 5691 Le-

2166 5713 2299 5821 ;‘um,
2345 5702 2601 5821 ipsunéqtte
2642 5702 2885 5757 nutricem
2931 5721 3244 5760 summorum
3276 5723 3511 5763 MONTIUM
3544 5725 3753 5763 PLASAH

2213 5783 2410 5821 ermum
2443 5786 2473 5821 α
2515 5782 2587 5821 ut.

2213 5783 2410 5823 ermum
2443 5782 2587 5824 «mu.
