4072 6348
228 372 323 425 7‘21

226 483 433 537 Miserit
459 483 512 537 in
540 482 738 538 cmlum
769 486 979 536 montes
1013 497 1024 533 :
1056 494 1173 550 qua:
1200 486 1383 532 sancta
1417 487 1442 513 ει
1471 474 1692 545 Caprasi

229 575 351 630 Vita
380 576 546 640 senis,
575 575 602 613 δ
622 576 938 645 juvenisque
967 574 1124 643 Lupi:
1152 587 1269 642 qua!
1296 572 1462 641 gratia
1491 581 1509 609 ε
1545 579 1746 640 patrem

231 668 428 723 Mansit
459 667 821 731 Honoratum;
849 665 1007 720 fuerit
1027 661 1051 701 ’³
1079 666 1200 735 quis
1224 663 1483 719 Maximus
1513 662 1622 725 ille,

230 761 434 816 Urbem
464 768 519 814 tu
543 758 697 829 cujus
725 756 1122 826 monachosque
1152 754 1376 810 antistes
1407 763 1462 809 et
1487 752 1655 808 abbas

234 865 258 891 ε
295 855 384 908 Bis
408 867 692 908 successor
716 852 829 924 agis
856 868 869 903 :
902 848 1182 905 celebrans
1204 864 1420 919 quoque
1446 846 1693 901 laudibus
1717 845 1823 899 illis

229 948 397 1019 385
431 944 449 984 ί
490 944 744 1001 Eucherii
776 924 1041 998 venientis
1071 941 1197 1005 iter,
1224 952 1247 988 ε
1279 938 1551 996 redeuntis
1585 936 1766 991 llilari.

229 1040 337 1095 Seu
364 1050 417 1094 te
439 1038 763 1093 commissus
786 1034 1010 1104 populus
1040 1042 1209 1102 tenet,
1234 1040 1290 1087 et
1318 1032 1493 1086 minor
1518 1028 1677 1084 audet

229 1133 313 1187 Te
339 1130 515 1186 medio
544 1128 778 1184 tumidos
802 1126 1063 1196 majorum
1091 1135 1333 1179 temnere
1358 1137 1559 1177 mores.

231 1229 344 1282 Seu
372 1236 428 1281 tu
448 1224 711 1279 sollicitus
740 1236 918 1284 curas,
942 1234 1045 1290 qua
1078 1217 1361 1287 languidus
1387 1230 1534 1279 esca,

234 1320 420 1385 Quave
444 1315 761 1388 peregrinus
782 1313 947 1377 vivat,
971 1311 1097 1381 quid
1122 1318 1307 1380 pascat
1332 1318 1389 1364 et
1414 1307 1586 1372 illum,

236 1411 468 1468 Lubrica
491 1424 648 1464 crura
671 1408 754 1463 cui
788 1414 972 1460 tenuat
1001 1404 1103 1459 sub
1131 1402 1391 1471 compede
1420 1414 1625 1456 carcer.

237 1504 346 1577 Seu
375 1515 529 1570 mage
549 1499 828 1555 funeribus
853 1505 1089 1551 mentem
1120 1494 1411 1549 distractus
1444 1490 1756 1553 humandis,

240 1592 427 1649 Livida
450 1590 688 1645 defuncti
718 1590 760 1643 si
786 1587 1037 1657 pauperis
1066 1600 1187 1641 ossa
1214 1585 1483 1641 virescant

245 1684 607 1739 infastiditum
637 1681 745 1735 fers
778 1681 892 1749 ipse
920 1678 986 1733 ad
1015 1679 1170 1733 busta
1199 1678 1448 1732 cadaver.

240 1776 348 1834 Seu
382 1786 431 1830 te
457 1775 759 1844 conspicuis
791 1768 817 1807 ιι
848 1770 1103 1840 gradibus
1134 1768 1455 1845 venerabilis
1491 1781 1599 1821 ara:

1704 353 2032 415 CARMINA.

1846 478 1896 539 Α
1922 436 2380 524 Concionaturuni
2408 464 2420 502 ί
2457 462 2610 537 plebs
2637 465 2822 521 sedula
2853 466 3221 534 circumsistit,

3416 358 3527 418 732‘

1935 559 2209 629 Expositio
2242 556 2374 627 legis
2400 556 2546 612 bibat
2576 558 2795 612 auribus
2821 565 2879 612 ut
2902 558 3249 615 medicinam.

1934 648 2201 720 Quidquid
2253 648 2408 717 agis,
2452 662 2771 718 quocunque
2816 649 2915 703 loci
2957 664 3056 718 es,
3115 664 3333 721 semper
3387 652 3517 707 mihi

2014 754 2017 757 ‘
3180 742 3453 817 [Faustus,
3526 770 3529 771 ν

1940 832 2165 907 Semper
2196 830 2522 898 Honoratus,
2551 845 2765 901 semper
2790 845 3003 905 quoque
3024 833 3287 891 Maximus
3308 847 3445 893 esto.

2484 964 2768 1053 causam
2810 966 2968 1023 xvu.

1936 1094 2147 1136 INVITAT
2190 1080 2205 1129 i
2244 1093 2521 1135 ouuutuu
2553 1095 2606 1133 v.
2650 1094 2699 1133 c.
2744 1097 2811 1134 an
2849 1072 3100 1137 NA'l'ALEIl
3132 1100 3259 1139 nisu
3296 1099 3523 1141 sconuu.

1939 1214 2203 1283 Quattuor
2230 1222 2354 1269 ante
2384 1213 2529 1282 dies,
2559 1229 2718 1284 quam
2748 1214 2834 1270 lux
2860 1215 3085 1273 Sextilis
3109 1218 3287 1274 adusti

2010 1306 2181 1361 Prima
2212 1307 2519 1376 spiciferum
2546 1307 2785 1375 proferat
2813 1308 2947 1364 orbe
2976 1321 3155 1380 caput,

1937 1397 2139 1453 Natalis
2168 1399 2365 1453 nostris
2392 1399 2635 1454 decimus
2656 1410 2952 1471 sextusque
2976 1404 3205 1479 coletur,

2013 1492 2259 1547 Adventu
2294 1490 2419 1547 felix
2450 1492 2542 1561 qui
2574 1493 2708 1561 petit
2731 1508 2853 1549 esse
2884 1505 2996 1549 tuo.

1858 1622 1861 1623 ν
1942 1580 2058 1637 Νοη
2091 1581 2183 1637 tibi
2205 1583 2486 1651 gemmatis
2519 1593 2786 1649 ponentur
2808 1585 3029 1651 prandia
3058 1588 3284 1655 mensis,

2015 1672 2269 1743 Assyrius
2293 1688 2489 1728 murex
2517 1688 2619 1729 nec
2642 1674 2737 1728 tibi
2764 1675 2933 1745 sigma
2965 1676 3135 1732 dabit.

1944 1762 2053 1819 Nec
2082 1780 2177 1833 per
2204 1764 2532 1834 multiplices
2552 1765 2720 1821 abaco
2746 1767 3066 1835 splendente
3096 1784 3355 1826 cavernas

318 1900 342 1926 °
372 1889 542 1956 Quem
571 1883 1350 1956 religiosa:vitarmagistrum
1370 1879 1557 1956 habuit
1588 1879 1833 1956 Honora-
1867 1876 1915 1936 Β
1943 1887 2123 1956 ctores
2155 1877 2371 1934 docent.
2414 1878 2734 1933 Prudentius
2763 1880 2828 1935 de
2854 1881 2911 1936 S.
2943 1882 3213 1955 Hippolyti
3252 1887 3478 1944 ecclesia
3502 1927 3522 1954 ,

244 1973 334 2016 tus
373 1951 408 2014 ἶ
437 1959 617 2020 tirum,
649 1951 705 2009 ut
748 1956 799 2009 in
848 1954 1027 2007 llilarii
1053 1953 1383 2007 Arelatensis
1433 1951 1549 2004 Vita
1578 1951 1834 2020 scriptum

246 2040 352 2096 est,
375 2019 607 2099 angelica
631 2028 685 2079 in
706 2027 889 2099 insulis
906 2024 1279 2099 conversatione
1290 2024 1575 2099 degentem.
1613 2019 1838 2099 Venero-

249 2092 513 2166 bilemfut
544 2099 836 2152 Eucherius
880 2098 930 2149 in
962 2096 1144 2149 libello
1189 2095 1259 2149 de
1290 2093 1471 2147 Laude
1517 2093 1685 2147 eremi
1738 2092 1835 2155 ait,

248 2177 493 2237 grauitate
526 2168 773 2223 veteribus
802 2168 990 2221 sanctis
1022 2183 1214 2234 parem.

248 2231 271 2245 ”
325 2244 351 2282 ι’
386 2242 627 2311 Episcopi
662 2248 844 2311 postea
873 2231 1497 2311 Tricassiniﬁiiclterius
1525 2234 1749 2311 ibidem,
1770 2231 1837 2285 de

253 2302 443 2371 Lirino
470 2302 679 2366 insu'lai
715 2308 839 2362 ιιωε
867 2308 1042 2360 habuit
1081 2308 1335 2360 reverendi
1361 2306 1581 2359 nominis
1614 2302 1834 2369 Lupum,

250 2387 339 2452 qui
362 2384 503 2438 nobis
526 2382 674 2436 illum
704 2396 766 2433 ex
796 2379 929 2433 tribu
958 2378 1226 2449 Benjamin
1251 2376 1453 2445 Lupum
1481 2376 1678 2427 retulit.

330 2491 351 2518 ο
389 2476 681 2533 Lirinensis
732 2474 1077 2535 monasterii,
1128 2479 1187 2524 ut
1233 2471 1493 2533 diximus,
1542 2478 1835 2522 auctorem.

252 2550 549 2607 Eucherius
593 2547 660 2601 de
714 2546 899 2598 eadem
930 2544 1101 2596 insula
1140 2562 1149 2594 :
1188 2540 1356 2611 Digna
1400 2556 1515 2611 quae
1573 2540 1841 2592 llonorato

255 2631 463 2674 auctore
486 2618 703 2687 fundata
731 2616 831 2680 sit;
854 2630 966 2683 qua:
995 2615 1121 2687 tanti
1147 2614 1363 2666 instituti
1390 2622 1585 2687 tantum
1614 2622 1759 2664 nacta
1780 2612 1843 2663 sit

260 2682 776 2762 petram-apostolici
808 2682 1017 2762 spiritus
1046 2686 1211 2762 vigore
1260 2694 1305 2736 et
1336 2686 1503 2762 vultus
1532 2682 1726 2762 honore
1753 2698 1843 2762 ra-_
1882 2708 1883 2711 η

257 2751 483 2816 ξιὶαηιεηὶ
509 2751 715 2829 ;’άὶ9ηα
742 2751 1027 2829 quatillum
1053 2751 1355 2829 suscipiens,
1380 2756 1452 2807 ita
1475 2755 1716 2829 emitteret
1739 2767 1756 2805 :
1779 2751 1844 2829 ad

257 2832 566 2887 cathedram
606 2822 812 2883 scilicet
842 2822 1232 2891 Arelatensem,
1262 2825 1331 2880 ad
1369 2839 1528 2894 quant
1558 2824 1625 2878 ab
1658 2822 1846 2877 insula:

258 2904 578 2975 prtefectura
608 2910 826 2954 evectus
857 2905 958 2951 est.

332 2994 358 3033 ἀ
402 2993 653 3049 Honorati
708 2993 759 3044 in
811 2988 1120 3045 monasterii
1169 2988 1485 3057 praafectura
1539 2998 1843 3050 successor,

260 3069 545 3136 episcopus
592 3062 713 3117 inde
758 3059 1036 3136 Reiensis.‘
1070 3059 1376 3136 Eucherius
1416 3059 1484 3136 de
1534 3058 1844 3136 llonorato:

260 3128 393 3193 Ηιεο
439 3128 574 3189 nunc
612 3148 949 3188 successorem
991 3132 1099 3201 ejus
1147 3140 1275 3183 tenet
1322 3128 1608 3201 Maximum
1650 3129 1850 3201 nomine

260 3212 483 3272 ciarum,
524 3206 643 3275 quia
671 3217 784 3270 post
832 3197 1223 3275 ipsum'meruit
1252 3202 1475 3275 Aascisci.
1511 3198 1739 3275 Faustus
1783 3197 1849 3275 de

262 3268 501 3335 Maximo
528 3268 547 3330 ξ
578 3268 771 3345 Dignus
800 3268 883 3326 cui
911 3275 1106 3340 primus
1127 3272 1212 3324 ille
1240 3271 1483 3345 fundator
1504 3268 1848 3345 gubernacula

262 3348 551 3406 Lirinensis
580 3339 717 3399 nobis
749 3354 859 3413 post
900 3339 953 3397 se
992 3344 1307 3396 moderanda
1343 3344 1698 3413 committeret.
1718 3339 1851 3413 Haec

264 3422 361 3477 ille
392 3423 445 3473 in
480 3409 933 3487 pseudepigraplia
963 3413 1178 3487 Eusebii
1195 3413 1427 3487 Einiseni
1450 3412 1671 3466 homilia
1700 3409 1847 3487 de_$.

264 3479 520 3551 Maximo,
563 3479 846 3554 quam'ut'
872 3484 1067 3539 Fausto
1116 3484 1487 3537 vindicandam
1536 3493 1715 3554 putem
1763 3479 1851 3533 llic

266 3566 385 3631 ejus
413 3563 559 3615 locus
584 3551 722 3631 inter
748 3565 941 3631 cetera
958 3557 1259 3631 persuadet
1281 3571 1295 3611 :
1330 3551 1548 3619 Merito,
1572 3551 1852 3631 iuquit,_se

266 3624 403 3687 vobis
424 3634 635 3700 imputet
659 3628 802 3682 beata
830 3626 925 3697 illa
952 3624 1119 3680 insula
1150 3642 1212 3679 ea:
1242 3628 1337 3679 hoc
1366 3641 1465 3700 uno
1504 3636 1656 3700 atque
1703 3624 1853 3700 unico

267 3694 509 3768 munere;
536 3702 651 3754 licet
692 3694 904 3752 multum
945 3700 1198 3749 erubescat
1229 3713 1307 3768 ea:
1348 3696 1532 3752 altero.
1581 3694 1855 3768 Signiﬁcat

268 3776 415 3829 enim
445 3764 683 3827 Lirinum
709 3770 937 3823 insulam
963 3769 1097 3821 duos
1123 3767 1267 3821 liciis
1294 3770 1575 3835 episc0pos
1603 3764 1814 3819 dedisse
1837 3777 1852 3817 :

270 3844 581 3909 Maximum,
616 3842 684 3897 de
714 3855 821 3909 quo
846 3840 964 3909 jure
1013 3838 1231 3906 gloriari
1272 3839 1478 3909 possit:
1500 3845 1556 3890 et
1601 3836 1853 3889 Faustum

271 3918 447 3979 ipsum
474 3906 671 3982 dequo
696 3906 991 3977 erubescat.
1009 3910 1139 3975 Quae
1167 3910 1327 3963 verba
1347 3908 1415 3963 de
1439 3906 1635 3962 Fausto
1664 3913 1858 3975 praeter

272 3986 530 4043 Faustum
560 3984 733 4053 ipsum
765 3996 921 4034 nemo
948 3987 1274 4049 usurpasset.

350 4086 375 4113 ι’
404 4075 677 4131 Successit
704 4071 846 4126 enim
871 4071 1099 4125 Maximo
1130 4070 1377 4134 Faustus,
1404 4070 1633 4138 primum
1665 4069 1716 4121 in
1744 4083 1859 4121 mu-

274 4162 409 4203 nere
438 4146 671 4209 abbatis,
702 4160 833 4198 cum
860 4141 1119 4196 Maximus
1163 4157 1191 4193 a
1238 4140 1502 4194 Lirinensi
1545 4144 1859 4208 praelectum

276 4220 344 4273 ad
378 4217 663 4274 Reiensem
694 4212 1002 4267 cathedram
1048 4212 1249 4267 ascitus
1286 4220 1387 4265 est.
1425 4211 1628 4265 Deinde
1668 4210 1859 4263 iterum

275 4292 331 4343 in
366 4290 697 4355 episcopatu,
727 4299 847 4338 cum
872 4292 1083 4337 mortuo
1108 4283 1338 4355 Maximo
1369 4282 1621 4336 Reiorum
1652 4283 1864 4349 episco-

277 4375 380 4428 pus
427 4374 492 4412 ex
539 4354 730 4428 abbate
775 4363 984 4428 creatus
1024 4354 1248 4428 est._ita
1300 4369 1427 4428 ergo
1473 4363 1527 4407 et
1571 4355 1864 4406 monachos

278 4424 517 4487 Maximi,
549 4438 603 4481 et
632 4425 822 4480 urbem
847 4424 961 4493 ejus
992 4434 1109 4494 post
1140 4424 1286 4478 illum
1310 4425 1467 4478 rexit.

358 4520 379 4559 τ
403 4522 555 4593 151
576 4518 945 4593 Lugdunensis
962 4526 1142 4593 postea
1162 4518 1419 4593 episcopi.
1439 4516 1733 4593 Lirinensis
1753 4530 1865 4571 suae

278 4588 627 4648 ltabiﬁiiimiis
678 4590 828 4645 testis
874 4600 956 4643 est
997 4588 1289 4642 Eucherius
1323 4592 1433 4655 ipse
1480 4591 1529 4642 in
1580 4588 1758 4643 libello
1801 4593 1865 4641 de

284 4664 562 4721 Laudibus
591 4660 779 4716 eremi.
812 4659 1087 4729 Equidem,
1114 4658 1307 4727 inquit,
1335 4662 1529 4712 cunctis
1556 4662 1709 4713 eremi
1741 4658 1865 4711 locis

281 4754 396 4807 qua:
425 4737 623 4804 piorum
650 4731 1008 4807 illuminantur
1034 4745 1251 4807 secessu,
1296 4733 1625 4807 reverentiam
1668 4729 1823 4781 debeo
1853 4745 1866 4780 :

281 4799 544 4878 pra’cipue
566 4813 732 4856 tamen
756 4799 1176 4878 Lirinumorn'eant
1204 4803 1395 4878 honore
1415 4803 1740 4878 complector,
1758 4815 1871 4865 qua:

282 4868 555 4947 procellosi
587 4872 873 4942 naufragiis
894 4868 1276 4935 mundie/fusos
1303 4872 1545 4928 piissimis
1569 4873 1705 4924 ulnis
1737 4886 1872 4922 rere-

281 4946 433 5018 perat
466 4947 732 4999 t-enientes.
878 4946 883 4952 ’

361 5049 385 5085 s
417 5036 663 5105 Episcopi
684 5034 1032 5090 Arelatensis.
1059 5031 1236 5105 lnnuit
1259 5030 1513 5085 Hilarium
1537 5031 1871 5087 Lirinensem

283 5102 519 5165 insnlam
562 5102 644 5161 bis
689 5106 1021 5169 incoluisse;
1060 5102 1201 5173 quod
1246 5118 1432 5157 verum
1482 5112 1582 5157 est.
1634 5104 1870 5159 Primum
1922 5124 1927 5129 λ

285 5180 552 5248 siquidem
584 5175 1121 5248 Honoratiprecibus
1150 5174 1354 5229 evictus
1382 5189 1447 5248 eo
1476 5176 1701 5248 secessit
1720 5176 1865 5248 .ibi-

284 5245 395 5321 que
427 5249 733 5317 aliquandiu
763 5246 895 5321 vixit
922 5261 1041 5299 cum
1074 5245 1363 5321 Honorato.
1396 5246 1563 5321 Quem
1589 5247 1789 5321 deinde
1806 5248 1873 5300 ad

288 5318 665 5377 Arelatensem
686 5318 993 5373 cathedram
1020 5319 1332 5371 translatum
1354 5331 1472 5372 cum
1500 5318 1667 5387 ipsius
1689 5328 1874 5385 rogatu

286 5392 479 5447 relicta
512 5390 685 5444 insula
726 5400 941 5445 secutus
971 5396 1145 5452 esset,
1196 5388 1419 5456 pristino
1465 5389 1675 5443 tandem
1711 5391 1876 5444 eremi

288 5478 479 5520 amore
518 5471 733 5529 captus,
779 5458 1017 5515 Lirinum
1049 5458 1228 5523 rediit,
1260 5474 1367 5529 quo
1397 5470 1637 5530 tempore
1668 5461 1876 5515 Euche-

290 5537 406 5590 rius
435 5534 730 5599 elegantem
760 5533 828 5585 de
858 5531 1012 5584 laude
1038 5532 1205 5584 eremi
1250 5531 1484 5585 libellum
1518 5531 1719 5586 Hilario
1748 5533 1882 5586 scri-

290 5606 423 5676 psit,
456 5605 544 5672 qtii
575 5603 690 5658 hzcc
720 5601 897 5676 omnia
929 5599 1247 5655 confirmat:
1278 5610 1332 5656 et
1364 5601 1596 5658 Hilarius
1638 5610 1752 5672 ipse
1783 5603 1884 5657 ho-

291 5673 443 5732 iuilia
470 5676 536 5729 de
565 5686 750 5731 sancto
782 5673 1072 5727 llonorato.

370 5766 400 5806 ι
426 5768 555 5824 inde
585 5770 726 5823 enim
758 5768 1007 5823 sedentes
1031 5766 1081 5818 in
1111 5764 1366 5820 cathedra
1391 5766 1643 5820 tribunali
1668 5770 1886 5823 concio-

293 5842 419 5901 nari
461 5839 743 5896 solebant:
777 5837 917 5911 quod
964 5835 1234 5892 ritualium
1265 5851 1475 5907 quoque
1503 5837 1760 5893 librorum
1792 5856 1886 5895 au-

2067 1955 2251 2018 Fronte
2274 1958 2366 2005 sub
2391 1956 2596 2006 adversa
2620 1958 2854 2018 gradibus
2877 1961 3085 2011 sublime
3115 1963 3327 2013 tribunal

2128 2017 2353 2077 Tollitur,
2382 2020 2590 2069 antistes
2615 2017 2849 2082 praedicat
2872 2023 3003 2073 unde
3040 2024 3219 2074 Deum.

1944 2120 2206 2177 Eumdem
2245 2124 2404 2176 etiam
2448 2122 2650 2176 Graecis
2696 2140 2900 2178 morem
2934 2126 3122 2190 fuisse,
3157 2136 3211 2182 et
3242 2128 3534 2185 hodiernus

1943 2208 2129 2247 eorum
2156 2192 2577 2266 mos‘ostendit,
2610 2194 2831 2266 etquod
2864 2198 2931 2248 de
2953 2198 3342 2266 Chrysoswmo
3374 2216 3400 2251 a
3434 2201 3534 2256 So.

1944 2276 2090 2317 crate
2137 2272 2191 2317 et
2220 2263 2366 2330 aliis,
2412 2274 2469 2317 ut
2518 2264 2790 2332 peculiare
2821 2263 3089 2333 proditum
3138 2277 3243 2333 est,
3298 2270 3447 2324 illum
3478 2273 3532 2326 in

1945 2334 2233 2405 ambonem
2281 2333 2663 2387 conscendisse
2731 2349 2785 2387 ut
2842 2350 2871 2388 a
2934 2337 3178 2405 pluribus
3238 2342 3533 2396 audiretur.

1944 2403 2418 2475 Concionabantur
2463 2418 2593 2472 ergo
2643 2419 2740 2473 pro
2780 2403 3032 2474 gradibus
3075 2423 3203 2475 arar,
3238 2409 3375 2464 intra
3407 2426 3535 2465 can-

1947 2474 2261 2549 cellos,_qui
2294 2475 2436 2548 βῆμα
2468 2489 2561 2549 seu
2595 2476 2861 2549 tepente»,
2890 2479 2991 2531 hoc
3016 2488 3099 2549 est
3120 2478 3394 2549 tribunal,
3423 2482 3538 2537 sive

1948 2546 2246 2620 sacrarium
2278 2544 2599 2620 dirimebant
2627 2544 2655 2597 ὁ
2680 2560 2863 2620 capso,
2889 2547 3031 2620 quod
3062 2547 3135 2620 illi
3165 2550 3276 2603 ναὸν
3304 2553 3536 2620 appella-

1954 2615 2283 2689 bant._Hunc
2305 2615 2653 2689 enim‘locum
2683 2616 2881 2689 indicat
2909 2615 3198 2687 Gregorius
3228 2615 3538 2689 theOlogus,

1953 2702 2077 2761 cum
2100 2687 2171 2761 de
2192 2686 2796 2761 Constantinopolitanis
2817 2686 3299 2761 concionibussuis
3317 2686 3539 2761 loquens

1951 2756 2271 2811 inoratione
2292 2756 2358 2811 ad
2385 2758 2667 2825 episcopos
2688 2757 2809 2823 150,
2839 2760 3109 2813 cancellos
3137 2760 3205 2815 ab
3230 2756 3539 2816 auditorum

1952 2842 2076 2883 sese
2100 2828 2488 2896 impellentittm
2519 2830 2676 2882 turba
2709 2828 2813 2880 vim
2847 2843 3035 2897 passos
3060 2830 3277 2893 scribit,
3311 2832 3394 2883 his
3422 2848 3540 2886 vcr-

1950 2898 2033 2952 bis
2106 2903 2312 2988 Xaipsrs
2343 2906 2444 2986 τῶν
2490 2900 2622 2988 ἐμξξιν
2666 2899 2825 2969 λόγων
2846 2901 3233 2988 ιὶριιισςτ.’ςιί,ἰξιοιὶ
3262 2900 3540 2988 σύνδρομος.

1955 2968 2264 3055 ευνέροξιάὶ,
2282 2968 2626 3055 sterilitatem“
2650 2968 2997 3055 φαύιραὶίῃιὶ
3022 2971 3376 3055 Menoeceus,
3392 2968 3486 3027 ’κάὶ
3509 2975 3539 3030 ἠ
3628 2970 3631 2973 ἤ
3658 2978 3663 2983 ’

1953 3039 2223 3113 βιᾳζρμἐνη
2252 3039 2439 3113 κᾳγκλίξ·
2462 3039 2593 3096 αὕτη
2618 3048 2730 3099 τοῖς
2744 3039 2875 3113 jrspi
2903 3040 3045 3113 λόγον
3066 3044 3398 3113 ὡθιζομένοις.

2033 3108 2046 3145 ί
2083 3108 2267 3178 Neque
2291 3108 2392 3163 hoc
2421 3108 2853 3177 praetereundum
2880 3108 2997 3165 eam
3026 3112 3153 3166 olim
3176 3108 3341 3167 fuisse
3369 3112 3561 3167 divini

1956 3182 2103 3253 verbi
2134 3180 2515 3253 reverentiam,
2569 3189 2626 3233 ut
2673 3189 2899 3253 stantes,
2942 3196 3047 3235 non
3088 3181 3366 3251 sedentes,
3399 3184 3544 3253 quod

1877 3245 1926 3311 Ε
1956 3250 2153 3321 passim
2186 3250 2343 3305 hodie
2376 3250 2454 3315 tit,
2487 3264 2671 3305 sacras
2700 3245 2990 3306 conciones
3029 3254 3299 3309 audirent.
3335 3245 3547 3308 Auctor

1959 3322 2223 3390 imprimis
2252 3322 2603 3391 Augustinus,
2647 3321 2700 3375 in
2731 3336 2981 3377 sermone
3008 3322 3077 3377 de
3108 3323 3395 3379 honestate
3424 3325 3543 3379 cle—

1959 3394 2218 3451 ricorum.
2257 3400 2312 3446 et
2342 3392 2559 3446 homilia
2585 3391 2678 3445 26.
2726 3391 2793 3445 Et
2828 3392 3010 3461 colligi
3058 3394 3184 3449 licet
3212 3410 3279 3449 ex
3322 3393 3460 3449 libro
3497 3409 3553 3449 tv

1956 3464 2136 3533 Optati
2167 3462 2479 3527 Milevitani,
2507 3462 2598 3529 qui
2632 3464 2886 3531 ponulum
2921 3466 2973 3517 in
3007 3464 3236 3520 ecclesia
3271 3474 3431 3531 negat
3452 3466 3551 3519 ha-

1956 3534 2085 3589 bere
2106 3534 2333 3605 sedendi
2363 3534 2656 3605 licentiam.
2684 3537 2755 3605 ita
2780 3544 2834 3589 et
2857 3534 3267 3590 Constantinum
3300 3536 3548 3605 Magnum

1960 3604 2223 3659 Eusebius
2250 3606 2385 3659 libro
2416 3602 2655 3678 Yitielv,
2682 3601 3109 3678 aperorieram,
3146 3616 3373 3661 stantem
3388 3601 3551 3661 'inter

1964 3685 2215 3737 caeteros,
2268 3675 2442 3728 oranti
2474 3674 2576 3728 sibi
2629 3674 2789 3729 aures
2842 3675 3057 3730 dedisse
3098 3674 3369 3741 testatur,
3427 3691 3554 3730 cum

1959 3761 2175 3812 equum
2204 3744 2429 3811 diceret,
2481 3753 2539 3797 ut
2581 3745 2774 3798 stando
2801 3744 2980 3799 divina
3008 3745 3311 3813 audiantttr,
3346 3748 3552 3807 ἑστῶτα

1958 3817 2057 3893 γὰρ
2087 3813 2359 3893 ὑπακούειν
2375 3821 2475 3869 τῶν
2496 3815 2636 3893 Orico?
2663 3813 2816 3893 dator.
2845 3814 3387 3893 Nec__t_amen__inticias
3415 3832 3554 3893 cuti-

1963 3885 2089 3940 dum
2148 3901 2242 3938 sua
2288 3890 2447 3939 etiam
2502 3886 2836 3940 auditoribus
2874 3885 3066 3939 sedilia
3110 3886 3236 3940 olim
3286 3885 3451 3940 fuisse
3496 3888 3552 3940 in

1963 3955 2283 4026 quibusdam
2316 3953 2584 4026 ecclesiis.
2613 3954 2741 4026 Hoc
2769 3954 2914 4009 enim
2941 3955 3120 4019 docet,
3170 3956 3453 4026 aptiusque
3482 3957 3553 4010 ad

1964 4024 2316 4081 attentionem
2344 4025 2545 4095 judicat
2574 4024 2717 4079 idem
2750 4026 3082 4095 Augustinus
3108 4026 3160 4080 in
3191 4028 3329 4081 libro
3359 4025 3425 4077 de
3444 4027 3555 4080 Ca-

1965 4097 2299 4153 techizandis
2329 4095 2570 4157 rudibus,
2599 4109 2719 4166 cap.
2755 4097 2839 4151 15.
2874 4095 3164 4166 Longeque,
3209 4098 3319 4163 ait,
3352 4097 3555 4150 consul-

1966 4168 2068 4222 tius
2097 4169 2151 4220 in
2196 4166 2902 4238 quibusdamrtransmarinis
2949 4170 3192 4233 ecclesiis,
3244 4182 3348 4220 non
3387 4167 3556 4221 solum

1966 4237 2215 4292 antistites
2264 4239 2418 4309 152
2446 4237 2671 4309 sedentes
2719 4238 2996 4303 loquuntur
3045 4240 3112 4291 ad
3158 4240 3426 4309 populum,
3466 4239 3555 4291 sed

1966 4309 2067 4375 ipsi
2098 4310 2252 4363 etiam
2284 4308 2473 4377 populo
2520 4308 2703 4361 sedilia
2734 4309 2999 4379 subjacent
3022 4348 3039 4373 ,
3071 4325 3132 4362 ne
3160 4308 3446 4378 quisquam
3474 4311 3559 4361 in-

1968 4379 2378 4448 ﬁriniorstando
2412 4381 2630 4432 lassatus
2661 4396 2691 4431 a
2720 4378 3057 4432 saluberrima
3083 4379 3363 4433 intentione
3410 4392 3560 4432 aver-

1970 4459 2130 4517 tatur,
2161 4458 2248 4502 aut
2278 4452 2430 4503 etiam
2452 4462 2663 4520 cogatur
2689 4450 2983 4509 abscedere.

2046 4520 2060 4569 i
2096 4522 2423 4575 Ommatium
2454 4519 2656 4575 Ruricii
2687 4535 2933 4574 socerum
2963 4521 3146 4575 docuit
3196 4537 3295 4575 nos
3339 4536 3561 4576 carmen

1892 4622 1947 4684 Β
1977 4591 2198 4684 tinguo
2220 4592 2336 4684 loco
2368 4596 2665 4673 {\rvernum
2700 4592 2848 4684 ἰῌᾞη
2876 4592 3036 4644 fuisse
3066 4593 3387 4675 monuimus.
3415 4591 3561 4684 idem

1973 4664 2042 4717 de
2065 4662 2331 4716 Ommatio
2363 4662 2607 4730 juniore,
2656 4662 2744 4730 qui
2776 4660 3112 4715 Turonorum
3157 4664 3380 4716 antistes
3424 4662 3562 4725 fuit,

1977 4745 2158 4788 monet
2184 4733 2477 4799 Gregorius
2527 4733 2620 4785 lib.
2652 4747 2684 4784 x
2734 4732 2999 4785 Historias.
3036 4733 3186 4786 Hunc
3227 4748 3358 4787 vero
3403 4732 3563 4787 Sido-

1978 4804 2099 4857 nius
2127 4818 2348 4856 suorum
2385 4802 2614 4855 natalem
2661 4803 2941 4855 celebrans
2972 4802 3158 4856 invitat
3200 4804 3562 4870 pulcherrimo

1977 4876 2361 4939 epigrammate
2394 4890 2406 4926 :
2439 4871 2580 4940 quod
2623 4871 2840 4941 quidem
2883 4871 3111 4926 Martino
3141 4873 3412 4927 Dumiensi
3436 4872 3562 4924 olim

1978 4944 2234 5012 episcopo
2268 4947 2333 4995 ita
2384 4943 2663 5010 probatum
2712 4950 2820 5007 est,
2847 4952 2907 4996 ut
2936 4943 3167 4996 triclinio
3208 4958 3328 5006 suo,
3380 4942 3567 5010 paucis

1979 5014 2217 5078 mutatis,
2241 5012 2648 5067 describendum
2668 5016 2871 5066 curarit
2898 5013 2948 5067 in
2985 5013 3125 5068 hunc
3148 5013 3388 5066 modum.

2182 5133 2243 5187 Β.
2286 5132 2574 5187 MARTINI
2618 5132 2980 5189 DUMIENSIS
3022 5133 3356 5192 EPISCOPI.

2371 5235 2385 5246 .
2496 5203 2561 5257 IN
2602 5202 3054 5261 REFECTOHIO.

2108 5295 2216 5344 Non
2240 5295 2317 5343 hic
2340 5296 2520 5344 auratis
2542 5300 2777 5346 ornantur
2802 5299 2999 5358 prandia
3019 5297 3201 5354 fulcris.

2174 5358 2400 5417 Assyrius
2421 5371 2594 5407 murex
2620 5370 2712 5406 nec
2736 5361 2822 5407 tibi
2848 5362 3003 5416 sigma
3023 5362 3182 5410 dedit.

2110 5417 2212 5482 Nec
2237 5430 2326 5479 per
2346 5419 2637 5482 multiplices
2659 5421 2808 5469 abaco
2824 5421 3118 5480 Splendente
3136 5434 3373 5473 cavernas

2180 5479 2431 5546 Ponentur
2454 5479 2619 5546 niiidae
2639 5484 2815 5546 codicis
2837 5479 2943 5546 arte
2975 5484 3140 5546 dapes.

2114 5540 2221 5591 Non
2244 5544 2450 5603 scyphus
2474 5544 2550 5591 hic
2575 5545 2788 5600 dabitur,
2813 5545 2960 5594 rutilo
2986 5540 3061 5595 cui
3088 5547 3212 5596 forte
3237 5541 3435 5594 metallo

2172 5603 2442 5652 Crustatttm
2463 5607 2668 5665 stringat
2688 5606 2864 5655 tortilis
2883 5621 2994 5655 ansa
3024 5608 3165 5657 latus.

2115 5662 2235 5714 Vina
2259 5668 2373 5714 mihi
2402 5678 2493 5714 non
2520 5662 2630 5714 sunt
2651 5668 2891 5722 Gazetica,
2917 5668 3055 5730 Chia,
3084 5668 3304 5726 Falerna,

2177 5732 2396 5789 Quzeque
2420 5730 2692 5789 Sarapteuo
2718 5729 2913 5789 palmite
2936 5732 3080 5778 missa
3105 5730 3255 5777 bibas.

2112 5787 2211 5856 Sed
2227 5790 2457 5856 quidquid
2484 5787 2647 5856 tenuis
2664 5787 2759 5837 non
2778 5791 3371 5856 completcOpiamcnw,

2180 5850 2413 5914 Suppleat
2434 5853 2521 5902 hoc
2548 5854 2756 5916 petimus
2785 5854 2938 5914 grstia
2959 5850 3102 5915 plena
3128 5852 3233 5905 tibi.
