4072 6348
268 384 379 441 ’ἵῆῑὶ

1741 376 2033 439 ΟΛΕΜΙΝΑ
2046 417 2058 437 .

3432 383 3534 443 726

266 502 396 556 ratis
425 512 571 569 aqua
592 476 883 567 plusculum:
908 496 1035 553 locis
1060 497 1141 552 lar
1170 495 1440 568 familiaris
1459 494 1720 558 stertitur.
1750 508 1850 551 non
1880 495 1932 552 Α
1959 492 2142 549 Sudati
2174 494 2243 553 de
2267 508 2387 551 rore
2416 496 2552 553 meri
2587 513 2598 549 :
2632 505 2789 567 captu
2817 509 2973 552 aurea
3003 505 3253 563 rumpunt

263 591 461 644 idcirco
504 597 608 643 tam
658 586 799 643 nobis
851 588 1085 643 animum
1125 586 1369 643 dissidere
1420 602 1570 654 quam
1612 588 1847 654 patriam.

266 679 441 733 Habes
470 693 588 748 ergo
616 677 698 731 his
721 675 1030 747 Dionysium
1063 676 1195 729 inter
1225 674 1473 747 triumphi
1515 674 1685 730 Indici
1715 674 1854 728 oble-

262 777 518 823 ctamenla
547 776 883 833 marcentem;
912 768 1068 822 habes
1086 775 1135 821 et
1161 765 1432 834 Phoebum,
1458 783 1604 837 quem
1629 767 1719 820 tibi
1736 769 1859 838 jure

261 862 461 929 poetico
507 859 811 928 inquilinum
842 858 1036 927 factum
1079 867 1271 914 constat
1311 875 1377 913 ea:
1420 859 1626 913 numine
1658 873 1676 912 :
1707 857 1854 910 illum

258 953 453 1006 scilicet
482 950 764 1019 Pluebum,
800 959 826 987 ἰ
852 950 1095 1005 Anthedii
1123 952 1222 1003 mei
1252 949 1676 1021 perfamiliarem,
1707 950 1855 1018 cujus

260 1042 480 1113 collegio
509 1043 585 1096 uir
614 1043 906 1112 praefectus,
938 1058 1040 1094 non
1068 1040 1221 1095 modo
1248 1042 1467 1094 musicos
1494 1055 1735 1109 quosque.
1768 1055 1851 1107 ves

257 1151 375 1187 rum
405 1135 559 1189 etiam
584 1144 891 1204 geometras,
932 1133 1280 1188 arithmeticos
1308 1140 1357 1187 et
1390 1131 1672 1200 astrologos
1698 1131 1854 1182 Δέδει-

260 1226 415 1279 rendi
445 1234 551 1280 arte
587 1226 892 1294 supervenit.
933 1223 1201 1293 Siquidem
1245 1225 1446 1278 nullum
1490 1224 1583 1277 hoc
1627 1222 1851 1277 exactius

263 1325 575 1386 compertum
602 1315 785 1370 habere
813 1315 1118 1377 censuerim,
1138 1313 1260 1381 quid
1274 1311 1299 1351 δ
1316 1314 1487 1368 sidera
1506 1310 1701 1367 zodiaci
1724 1310 1853 1365 obli-

261 1424 365 1478 qua
385 1450 400 1475 ,
430 1408 553 1478 quid
583 1407 902 1476 planetarum
936 1422 1060 1475 vaga
1080 1445 1095 1472 ,
1126 1404 1253 1474 quid
1278 1405 1475 1459 exotica
1512 1420 1693 1474 sparsa
1720 1418 1853 1471 pra:-

258 1498 485 1554 ualeant.
514 1497 654 1554 Nam
675 1499 769 1563 ita,
798 1507 851 1551 ut
884 1498 957 1551 sic
982 1497 1223 1562 dixerim,
1247 1496 1328 1549 his
1358 1495 1594 1550 membris
1619 1496 1845 1565 philoso-

261 1594 401 1661 phire
425 1594 611 1656 clara,
644 1601 699 1645 ut
725 1591 956 1645 uideatur
984 1590 1110 1643 milii
1136 1588 1340 1642 Julium
1358 1586 1667 1653 Firmicum,
1697 1587 1850 1642 Sant-

254 1686 539 1749 monicunt,
553 1682 824 1738 lulianum
850 1681 1144 1749 Vertacum,
1167 1677 1469 1734 Fullonium
1485 1680 1845 1745 Saturninum,

255 1779 311 1831 in
342 1779 483 1833 libris
511 1779 791 1831 matheseos
815 1776 1145 1846 peritissimos
1171 1775 1458 1829 conditores
1481 1775 1667 1841 absque
1691 1775 1840 1827 inter-
1891 1807 1903 1820 .

1959 587 2189 645 Cornua,
2224 595 2280 641 et
2308 587 2609 656 indigenam
2636 589 2936 656 jaculantur
2966 588 3198 643 fulminis
3229 589 3421 656 ignem.
3526 616 3532 622 ε

1958 678 2271 746 Sumpserat
2291 678 2389 732 hoc
2414 679 2642 746 primum
2672 693 2918 742 nascens,
2951 693 3070 733 eum
3102 679 3311 733 transiit
3336 678 3461 732 olim

1958 770 2013 823 In
2047 770 2273 838 patrium
2302 768 2370 824 de
2395 778 2565 822 matre
2588 768 2790 833 femur;
2822 768 2924 823 fert
2948 780 3157 835 tempus
3178 778 3462 837 utrumque

1960 860 2109 919 Veris
2139 874 2267 929 opes
2292 902 2303 921 ,
2339 860 2632 928 rutilosque
2658 859 2783 930 ligat
2811 860 3075 918 vindemia
3106 858 3282 914 ﬂores.

1955 953 2252 1007 Cantharus
2283 962 2335 1006 et
2380 952 2594 1024 thyrsus
2621 951 2807 1006 dextra
2841 952 3079 1021 lzevaque
3109 952 3387 1007 feruntur:

1953 1042 2063 1097 Nec
2093 1044 2220 1113 tegit
2248 1053 2521 1109 exsertos,
2552 1042 2647 1098 sed
2679 1042 2842 1111 tangit
2869 1043 3006 1111 palla
3038 1044 3283 1098 lacertos.

1956 1134 2118 1187 Dulce
2146 1142 2331 1189 natant
2354 1136 2519 1201 oculi,
2544 1149 2677 1204 quos
2700 1134 2743 1188 si
2775 1132 2884 1188 fors
2913 1143 3085 1189 vertat
3110 1134 3164 1187 in
3197 1135 3425 1197 hostem,

1954 1223 2221 1279 Attonitos
2246 1226 2416 1278 solum
2443 1224 2571 1279 dum
2595 1224 2767 1279 cernit
2797 1223 3019 1277 inebriat
3049 1224 3224 1278 Indus.

1954 1315 2088 1373 Tum
2114 1316 2338 1370 salebris
2365 1316 2564 1370 saliens
2594 1319 2801 1383 quoties
2822 1329 2880 1369 se
2909 1316 3143 1369 concutit
3165 1315 3302 1377 axis,

1954 1406 2160 1461 Passim
2187 1406 2415 1462 deciduo
2444 1405 2777 1475 perfunditur
2803 1405 2973 1459 orbita
3008 1414 3203 1460 musto.

1954 1498 2287 1561 Bassaridas,
2318 1499 2560 1568 Satyros,
2602 1499 2793 1563 Panas,
2827 1495 3143 1565 Faunosque
3169 1496 3393 1552 docebat

1953 1588 2164 1643 Ludere
2190 1589 2401 1643 Silenus
2420 1630 2435 1655 ,
2464 1589 2575 1658 jam
2605 1589 2823 1644 numine
2850 1589 3038 1657 plenus
3069 1589 3311 1655 alumno,

1956 1678 2058 1733 Sed
2092 1690 2335 1749 comptus
2375 1690 2549 1734 tamen
2591 1681 2678 1735 ille
2708 1688 2895 1747 caput;
2938 1696 3060 1734 nam
3093 1680 3291 1737 vertice
3320 1680 3462 1736 nudo

1954 1772 2193 1829 Amissos
2220 1773 2377 1827 sertis
2405 1773 2582 1827 studet
2618 1787 2875 1827 excusare
2902 1773 3143 1842 capillos.

255 1878 418 1933 prete,
447 1868 646 1937 ingenio
680 1876 879 1920 tantum
905 1866 1242 1937 suﬁ'ragante,
1270 1865 1526 1919 didicisse.
1566 1864 1679 1920 Nos
1699 1868 1847 1920 vesti«
1876 1852 1925 1912 Β
1950 1862 2206 1933 Corniger
2237 1864 2359 1919 inde
2391 1865 2512 1918 novi
2552 1866 2763 1933 Ganges
2790 1864 2847 1918 fit
2874 1878 3065 1933 pompa
3095 1864 3370 1934 triumphi.

255 1961 343 2028 gia
388 1959 630 2012 doctrina
668 1958 829 2028 ipsius
877 1958 1151 2012 adorantes
1174 1996 1192 2021 ,
1241 1973 1413 2012 coram
1458 1973 1645 2011 canoro
1686 1974 1844 2028 cycno

255 2064 469 2101 raucum
513 2064 740 2102 anserem
778 2048 1094 2119 proﬁtemur.
1116 2048 1283 2117 .Quid
1303 2058 1352 2105 te
1378 2052 1603 2120 amplius
1629 2068 1799 2105 moror
1823 2053 1845 2103 ?

254 2135 483 2207 Burgum
523 2149 702 2207 tuam,
745 2157 845 2209 quo
864 2158 990 2211 jure
1022 2142 1245 2196 amicum
1273 2143 1473 2208 decuit,
1506 2160 1671 2197 meam
1702 2145 1796 2213 feci
1826 2160 1842 2195 :

253 2233 408 2300 probe
441 2234 606 2304 389
639 2235 803 2289 sciens
820 2273 841 2301 ,
871 2234 947 2288 uel
974 2236 1240 2289 materiam
1268 2236 1360 2290 tibi
1384 2252 1491 2291 esse
1514 2236 1837 2306 placituram,

253 2326 451 2379 etiamsi
478 2342 539 2380 ex
561 2328 728 2382 solido
757 2343 937 2397 poema
957 2328 1245 2397 displiceat.

805 2460 1088 2517 CARMEN
1119 2456 1286 2518 XXII.

676 2586 697 2612 c
739 2590 938 2630 BUBGUS
976 2590 1152 2631 PONTII
1191 2592 1424 2631 LEONTII.

323 2710 545 2766 Bistonii
572 2710 841 2766 stabulum
870 2710 1011 2778 regis
1034 2751 1049 2776 ,
1080 2711 1341 2765 Busiridis
1369 2725 1516 2778 aras,

250 2801 545 2871 Antiphatae
576 2815 820 2866 mensas,
847 2809 904 2855 et
932 2800 1155 2855 Taurica
1187 2816 1348 2870 regna
1381 2801 1661 2864 Thoantis,

250 2898 427 2962 Atque
460 2892 624 2947 Ithaci
654 2892 871 2962 ingenio
902 2889 1203 2946 fraudamur
1234 2892 1352 2948 luce
1380 2894 1656 2964 cyclopem
1676 2934 1691 2958 ,

248 2982 557 3039 Portantetn
586 2984 781 3038 frontis
809 2998 997 3051 eampo
1031 2999 1130 3053 per
1155 2998 1388 3040 concava
1419 2985 1618 3039 montis

247 3074 353 3129 Par
382 3091 549 3144 prope
585 3073 868 3129 transfossi
898 3074 1242 3130 tenebrosum
1276 3077 1492 3131 luminis
1528 3085 1761 3139 nutritio,

247 3166 455 3235 Hospes
479 3167 587 3232 adi,
615 3166 784 3235 siquis
806 3166 1039 3235 Burgum
1064 3168 1322 3221 taciturus
1345 3166 1505 3223 adisti
1531 3186 1546 3221 :

245 3256 318 3311 Et
349 3258 475 3311 licet
500 3257 552 3311 in
575 3271 787 3313 carmen
816 3270 922 3311 non
949 3258 1147 3326 passim
1176 3258 1316 3312 laxet
1342 3257 1576 3315 habenas

247 3349 533 3414 thbus,
556 3360 609 3404 et
631 3348 717 3403 hic
743 3350 869 3405 totis
898 3360 1003 3404 non
1033 3350 1228 3419 pandat
1257 3351 1479 3407 carbasa
1503 3351 1686 3419 fandi;

246 3441 487 3509 Quisque
515 3450 690 3496 tamen
721 3450 899 3496 tantos
916 3450 1027 3495 non
1066 3441 1289 3497 laudans
1314 3457 1412 3498 ore
1434 3453 1655 3513 penates

246 3531 474 3600 Inspicis
492 3566 508 3595 ,
542 3532 824 3599 inspiceris
852 3548 868 3585 :
896 3541 1115 3587 resonat
1139 3531 1257 3587 sine
1284 3547 1416 3589 voce
1439 3534 1686 3591 voluntas
1712 3554 1725 3589 :
1790 3524 1816 3534 ”

248 3621 385 3676 Nam
413 3629 500 3675 tua
531 3629 586 3676 te
613 3624 830 3679 tacitum
860 3622 1030 3677 livere
1057 3622 1271 3677 silentia
1295 3624 1547 3679 clamat.

324 3711 464 3781 Ergo
490 3725 605 3782 age,
634 3711 837 3768 Pierias
868 3712 1026 3767 Erato
1056 3714 1186 3767 mihi
1218 3724 1434 3781 percute
1457 3716 1686 3770 chordas
1711 3734 1723 3769 :

246 3799 581 3870 Responseat
602 3801 803 3872 Satyri,
834 3802 1165 3871 digitumque
1199 3803 1498 3875 pedemque
1536 3814 1835 3869 moventes.

245 3893 487 3959 Ludunt,
516 3900 572 3947 et
601 3893 828 3948 tremulo
854 3908 960 3947 non
988 3904 1244 3962 rumpant
1271 3898 1482 3950 cantica
1514 3896 1674 3949 saltu.

246 3981 517 4054 Quidquid
557 3980 695 4038 forte
739 3983 902 4053 Dryas
922 4026 936 4049 ,
980 3983 1066 4037 vel
1099 3982 1355 4053 quidquid
1386 3984 1714 4054 Hamadryas
1742 4000 1839 4039 un-

1590 4079 1767 4149 [quam

246 4170 522 4229 Conneais
548 4171 762 4227 sibimet
789 4172 981 4226 festum
1014 4170 1263 4241 plausere
1299 4168 1532 4239 Napais,

247 4263 563 4330 Dependent
593 4262 772 4330 inodo,
801 4263 994 4331 Burge,
1028 4262 1141 4329 tibi,
1170 4262 1257 4316 vel
1285 4261 1481 4316 Naidas
1507 4259 1628 4315 istic

246 4354 540 4411 Nereidum
567 4355 764 4410 chorus
792 4354 931 4408 alme
960 4354 1115 4418 doce,
1146 4369 1268 4409 cum
1296 4353 1432 4408 forte
1457 4352 1730 4408 Garumna

249 4448 369 4502 IIu’e
394 4446 653 4502 redeunte
683 4445 852 4509 venis,
882 4454 1209 4515 pontumque
1239 4447 1292 4500 in
1321 4444 1542 4499 ﬂumine
1569 4444 1763 4499 sulcas.

248 4540 432 4598 Pande
460 4541 621 4610 igitur
648 4552 834 4594 causas
863 4538 1044 4602 Erato,
1075 4538 1380 4608 laribusque
1404 4538 1475 4592 sit
1499 4537 1601 4593 ede

247 4632 384 4697 Quis
408 4630 597 4699 genius
622 4647 637 4682 :
663 4637 863 4682 tantum
892 4643 995 4683 non
1022 4638 1106 4683 est
1133 4630 1249 4683 sine
1275 4629 1506 4695 prasule
1529 4628 1761 4684 culmen.

328 4721 488 4774 Forte
516 4718 837 4789 sagittiferas
862 4718 1008 4772 Evan
1039 4717 1322 4786 populatus
1343 4718 1619 4786 Erythras,

251 4813 372 4865 Vite
402 4812 714 4880 capistratas
743 4810 966 4880 cogebat
994 4809 1058 4862 ad
1095 4808 1290 4864 esseda
1317 4809 1479 4879 tigres
1513 4827 1524 4861 :

246 4902 488 4957 lntrabat
515 4902 777 4972 duplicem
806 4917 911 4971 qua
935 4911 1075 4956 temo
1101 4899 1383 4957 raeemiler
1406 4915 1624 4967 areum,

245 4998 414 5067 390
441 4996 703 5051 Marcidus
723 4996 838 5066 ipse
862 4995 1013 5050 sedet
1037 5007 1199 5048 curru
1226 5011 1238 5045 :
1265 4992 1449 5048 madet
1468 4992 1633 5047 ardua
1654 4994 1839 5048 cervix

327 5182 352 5209 ι
393 5172 612 5227 Dulcem
636 5179 846 5240 poetam
866 5169 990 5226 alibi
1012 5168 1175 5234 dixit;
1204 5167 1289 5222 hic
1309 5172 1587 5236 poetarum
1607 5164 1841 5233 collegio

249 5243 563 5313 prwfectttm
588 5242 734 5296 facit.
990 5310 999 5313 Α
1121 5308 1162 5313 _
1355 5306 1367 5313 _
1456 5305 1543 5313 ___
1610 5298 1611 5301 η

327 5312 351 5349 b
394 5314 552 5366 Extra
579 5312 854 5366 zodiacum
890 5310 1081 5379 posita.
1119 5308 1256 5365 Tres
1284 5305 1672 5379 enimSidonio
1705 5304 1838 5358 stel-

251 5384 427 5437 larum
452 5383 654 5437 classes
677 5398 690 5435 :
718 5378 966 5450 planette.
988 5378 1078 5449 qui
1103 5382 1216 5434 suis
1238 5382 1290 5433 in
1311 5378 1533 5450 orbibus
1550 5384 1839 5450 vagantur;

248 5453 428 5508 sidera
459 5453 696 5517 zodiaci,
722 5444 849 5520 quae
886 5444 1164 5503 duodecim
1202 5449 1318 5515 ejus
1356 5448 1521 5516 signis
1556 5444 1839 5499 continen-

252 5534 384 5585 tur;
417 5534 470 5576 et
498 5522 698 5591 reliqua
728 5532 879 5576 cura
906 5520 1214 5591 zodiacum,
1246 5534 1366 5586 qua:
1394 5528 1675 5587 propterea
1700 5530 1827 5569 exo-

250 5596 358 5648 tica
388 5588 648 5654 nominal,
680 5592 832 5661 quasi
861 5593 954 5647 ἔξω
986 5596 1078 5646 τοῦ
1103 5588 1372 5661 {adiuuet}.

334 5663 491 5734 154.
522 5673 543 5699 ο
574 5656 731 5734 Burgi
755 5661 1095 5734 Palilitiianm,
1123 5674 1278 5727 quam
1305 5660 1403 5714 hoc
1423 5657 1608 5734 i_dyllio
1636 5656 1843 5734 descri-

250 5727 593 5795 bitTno'men
629 5727 901 5799 antiquum
948 5730 1103 5783 hodie
1152 5738 1366 5799 manet;
1422 5729 1648 5795 Burgum
1697 5727 1844 5780 enim

250 5815 490 5859 castrum
525 5812 735 5869 vocant,
762 5798 826 5854 ad
860 5800 1073 5853 Duranii
1103 5798 1333 5851 ﬂuminis
1360 5801 1550 5868 ripam,
1582 5811 1686 5851 non
1718 5811 1843 5865 pro’

1056 5947 1085 5957 ς.

1951 1957 2192 2012 Cernuus
2224 1956 2489 2027 impexam
2518 1956 2705 2012 faciem
2734 1956 2879 2009 stetit
2910 1970 3004 2010 ore
3043 1955 3311 2021 madenti,
3340 1965 3395 2010 et

1949 2049 2177 2102 Arentes
2202 2049 2388 2102 vitreis
2415 2046 2622 2116 adjuvit
2645 2046 2855 2101 ﬂetibus
2884 2046 3069 2101 undas.

1946 2140 2231 2208 Conjectas
2260 2139 2311 2193 in
2340 2138 2512 2193 vincla
2544 2152 2732 2192 manus
2762 2146 2882 2207 post
2913 2145 3056 2206 terga
3084 2139 3324 2193 revinxit

1946 2229 2273 2296 Pampinus;
2316 2228 2403 2282 hie
2424 2229 2625 2283 sensim
2654 2229 2864 2296 captivo
2893 2228 3115 2283 humore
3146 2227 3354 2283 refusus
3387 2220 3390 2223 Α

1946 2320 2151 2388 Sponte
2177 2318 2531 2374 refrondescit
2559 2334 2654 2385 per
2681 2318 2890 2373 brachia
2923 2318 3129 2374 roscida
3160 2319 3387 2387 palmes;

1945 2416 2052 2470 Nec
2082 2430 2183 2469 non
2212 2425 2266 2470 et
2289 2415 2422 2482 rapti
2447 2413 2640 2482 eonjux
2662 2415 2732 2469 ibi
2758 2414 2934 2468 vincta
2960 2415 3132 2468 mariti

1945 2510 1990 2563 lt
2019 2522 2235 2564 croceas
2261 2507 2491 2562 demissa
2519 2521 2704 2577 genas,
2740 2507 3006 2575 vetitaque
3033 2508 3246 2562 recondi

1943 2602 2215 2672 Lampade
2235 2647 2247 2663 .
2278 2617 2399 2656 cum
2427 2602 2557 2656 solis
2586 2601 2749 2673 radiis
2778 2614 2967 2655 aurora
2997 2600 3253 2675 rubebat.

1944 2693 2128 2749 Adfuit
2157 2693 2243 2748 hic
2267 2693 2425 2747 etiam
2454 2701 2575 2762 post
2598 2690 2802 2761 perdita
2823 2692 3065 2746 cinnama
3095 2690 3334 2760 phoenix,

1943 2785 2263 2840 Formidans
2294 2791 2520 2838 mortem
2564 2782 2666 2837 sibi
2696 2796 2802 2836 non
2831 2794 3112 2851 superesse
3144 2780 3456 2835 secundam.

1942 2876 2191 2933 Succedit
2221 2876 2428 2944 captiva
2458 2874 2673 2935 cohors,
2702 2888 2817 2940 qua:
2849 2873 3042 2927 fercula
3071 2873 3215 2941 gazis

1901 2987 1905 2991 ν
1942 2969 2070 3023 Fert
2095 2976 2313 3022 onerata
2342 2966 2451 3019 suis
2475 2982 2489 3019 :
2510 2965 2640 3018 ebur
2662 2964 2771 3026 hic,
2796 2962 3159 3031 hebenusque,
3185 2961 3267 3015 vel
3290 2974 3502 3026 aurum,

1944 3059 2010 3114 Et
2041 3060 2213 3114 niveas
2243 3058 2393 3126 piceo
2431 3065 2597 3123 rapta:
2625 3053 2691 3107 de
2721 3060 2938 3122 pectore
2968 3053 3144 3107 baccae

1939 3151 2104 3221 391
2153 3150 2472 3211 Gestantur;
2512 3147 2815 3215 quicunque
2854 3145 2986 3198 nihil
3024 3151 3287 3198 sustentat
3323 3142 3527 3204 odoris,

1858 3221 1905 3285 C
1939 3245 2163 3301 Mittitur
2190 3241 2243 3297 in
2268 3255 2457 3297 nexus.
2488 3239 2677 3294 Videas
2699 3237 2786 3293 hic
2813 3237 2924 3305 ipsa
2949 3236 3159 3306 placere

1946 3337 2242 3406 Supplicia,
2282 3347 2339 3391 et
2364 3332 2564 3389 virides
2595 3332 2748 3388 violis
2780 3331 2963 3385 balare
2986 3337 3223 3386 catenas.

1938 3431 2140 3488 Ultima
2167 3428 2438 3499 nigrantes
2468 3424 2716 3480 incedunt
2739 3421 2919 3493 praeda
2950 3421 3239 3489 elephanti.

1940 3524 2191 3582 Informis
2216 3523 2301 3577 cui
2329 3520 2501 3575 forma
2529 3520 2709 3589 gregi;
2747 3520 2883 3585 riget
2913 3517 3119 3585 hispida
3149 3516 3313 3571 dorso

1840 3650 1843 3651 ν
1946 3619 2046 3671 Vix
2074 3616 2274 3671 ferrum
2306 3626 2523 3681 passura
2551 3611 2690 3666 cutis
2720 3627 2733 3663 :
2768 3610 2963 3679 quipp'e
2984 3608 3227 3677 improba
3253 3616 3456 3662 cratem

1943 3709 2185 3763 Nativam
2214 3719 2313 3760 nec
2340 3703 2446 3758 tela
2476 3702 2679 3766 forant,
2711 3710 2985 3754 contracta
3014 3698 3245 3753 vicissim

1946 3800 2228 3866 Tensaque
2258 3804 2402 3863 terga
2432 3792 2560 3846 feris
2585 3788 2871 3858 crepitant,
2898 3803 3102 3857 usuque
3128 3787 3352 3842 cavendi

1946 3890 2160 3946 Pellunt
2182 3884 2420 3942 excussis
2450 3882 2737 3949 impactum
2777 3879 2978 3933 missile
3006 3877 3171 3947 rugis.

2018 3980 2242 4047 Jamque
2271 3977 2371 4029 iter
2398 3972 2463 4027 ad
2491 3972 2702 4026 Thebas
2730 3985 2825 4039 per
2854 3984 3103 4039 magnum
3141 3968 3312 4023 vietor
3338 3966 3529 4036 agebat

1947 4082 2112 4142 Aera,
2142 4083 2198 4130 et
2224 4073 2291 4127 ad
2317 4084 2557 4127 summas
2579 4077 2834 4125 erexerat
2860 4069 3007 4139 orgia
3034 4068 3203 4122 nubes
3229 4084 3242 4121 :

1947 4168 2081 4224 Cum
2112 4165 2256 4221 videt
2284 4164 2453 4220 Aonia
2482 4162 2781 4218 venientem
2810 4161 2999 4215 Delion
3026 4175 3171 4214 arce.

1950 4260 2159 4330 Grypas
2188 4266 2241 4311 et
2272 4256 2386 4327 ipse
2415 4262 2562 4309 tenet
2588 4269 2602 4306 :
2636 4252 2816 4307 vultus
2841 4251 2927 4305 bis
2950 4252 3131 4305 lauru
3161 4262 3353 4303 curvos

1949 4350 2163 4406 Fronde
2194 4350 2369 4416 lupata
2398 4346 2589 4415 ligant,
2615 4343 2827 4399 hederis
2853 4355 3065 4413 quoque
3086 4339 3461 4411 circumplexis

1949 4440 2186 4496 Pendula
2208 4439 2323 4494 lora
2343 4438 2554 4500 virent;
2583 4435 2781 4490 sensim
2807 4432 2917 4489 fera
2943 4432 3188 4486 subvolat
3210 4430 3321 4484 ales

1948 4537 2143 4593 Aerias
2170 4545 2432 4602 terraque
2459 4531 2595 4595 vias,
2618 4543 2689 4584 ne
2710 4526 2850 4582 forte
2872 4525 3036 4581 citato

1948 4629 2169 4682 Marum
2193 4624 2420 4692 strepitu
2440 4622 2671 4690 lignosas
2695 4616 2902 4685 frangat
2920 4615 3177 4669 habenas.

1930 4719 2235 4785 ,A‘Ztcrnum
2263 4715 2393 4767 nitet
2423 4714 2537 4781 ipse
2562 4721 2728 4778 genas
2758 4722 2773 4760 :
2803 4719 3025 4761 crevere
3051 4702 3324 4773 corymbis

1952 4813 2217 4881 Tempora
2238 4850 2253 4875 ,
2284 4816 2339 4862 et
2364 4814 2604 4860 auratum
2632 4801 2798 4857 verrit
2821 4814 2977 4854 coma
3001 4798 3254 4853 concolor
3283 4811 3459 4851 axem.

1956 4903 2111 4956 Lmva
2138 4910 2288 4969 parte
2314 4905 2461 4951 tenet
2485 4900 2634 4947 vasta
2654 4892 2934 4947 dulcedine
2962 4903 3176 4943 raucam

1955 4991 2161 5046 (Jaelato
2184 4987 2411 5043 Pithone
2435 4984 2629 5055 lyram,
2658 4995 2780 5052 pars
2807 4980 2992 5036 dextra
3016 4978 3233 5049 sagittas

1860 5082 1935 5096 Α

1952 5166 2044 5218 cui
2070 5163 2138 5218 ab
2163 5162 2309 5217 illius
2337 5170 2390 5215 et
2427 5158 2712 5213 Garumna:
2736 5156 3148 5213 conﬂuentibus.
3199 5154 3273 5208 De
3310 5154 3535 5207 Leontio

1958 5248 2139 5289 autem
2161 5274 2176 5295 ,
2210 5235 2262 5287 in
2292 5232 2440 5299 cujus
2471 5232 2693 5299 gratiam
2726 5226 3075 5299 btec_scripsit
3098 5265 3115 5289 ,
3146 5222 3530 5299 dictuin_epist.

1961 5307 1983 5358 1
2006 5307 2023 5357 l
2050 5315 2104 5358 et
2132 5294 2197 5357 12
2218 5303 2309 5356 lib.
2335 5294 2444 5354 v'm.
2471 5294 2624 5366 Burgi
2646 5298 2793 5352 vocis
2818 5294 2998 5350 Graeca
3024 5304 3105 5350 est
3128 5294 3296 5366 origo.
3313 5295 3531 5348 Glossa-

1957 5376 2097 5428 rium
2129 5382 2279 5448 vet_us
2311 5390 2322 5423 :
2356 5364 3037 5448 ndpyoc,"turris,_burqus.
3073 5364 3197 5421 Inde
3222 5364 3416 5448 burgos
3440 5376 3533 5448 vo:

1957 5454 2149 5497 carum
2198 5434 2440 5513 Romani
2468 5434 2641 5513 iurres
2681 5454 2782 5513 seu
2809 5434 2992 5492 turrita
3022 5434 3436 5513 propugnacula
3479 5434 3529 5483 in

1960 5513 2218 5567 limitibus
2242 5511 2549 5567 constituta.
2574 5509 2655 5564 Ab
2681 5508 2765 5562 his
2792 5522 2971 5577 perm,
2995 5506 3189 5577 similia
3215 5506 3391 5577 omnia
3416 5514 3531 5552 mn-

1961 5583 2153 5637 nitiora
2176 5586 2290 5637 loca
2313 5582 2596 5650 burgorum
2617 5569 3042 5650 quoquenomen
3070 5575 3323 5629 tulerunt.
3351 5569 3532 5650 quue

1959 5654 2098 5707 ratio
2124 5652 2239 5724 alia
2253 5638 2570 5724 reqttir'enda
2596 5638 2690 5724 cur
2712 5638 2785 5703 iis
2815 5647 3045 5724 Burgum
3074 5658 3223 5724 suam
3252 5638 3529 5724 appellarit

1966 5725 2183 5777 Pontius
2212 5709 2463 5775 Paul-inus
2505 5719 2751 5775 conditor
2772 5757 2788 5785 ,
2827 5709 2949 5772 cum
2989 5717 3123 5767 hanc
3148 5712 3315 5780 ipsnm
3347 5709 3534 5776 prodat

1967 5804 2072 5849 tota
2104 5795 2217 5861 ejus
2247 5791 2554 5860 descriptio.
3480 5790 3501 5811 ‘
