4072 6348
509 345 608 400 727
1767 325 2006 385 SIDONII
2048 323 2501 413 APOLLINARIS

2102 438 2155 497 Α
2179 437 2393 508 Incipit;
2434 447 2489 493 at
2518 439 2699 493 fractis
2726 438 2920 493 saliens
2946 452 2976 491 e
2997 438 3239 492 cautibus
3270 437 3437 490 altum

503 458 781 523 Continet,
811 464 969 525 atque
1006 453 1108 507 alio
1146 456 1457 506 resonantes
1486 456 1759 501 murmure
1786 453 2002 495 nervos.

503 552 655 607 ibant
685 546 1003 617 Pimpliades
1031 544 1249 614 pariter,
1277 540 1619 608 mediumque
1647 547 1856 591 noveno

503 641 970 699 Circumsistentes
998 635 1319 690 umbrabant
1349 641 1584 703 syrmate
1615 639 1855 682 currum.

503 733 704 788 Pendet
735 744 829 799 per
858 737 1053 783 teretes
1081 725 1316 795 tripodas
1345 720 1665 793 Epidaurius
1693 716 1907 787 anguis,

505 824 733 878 Diﬂ‘usus
758 828 999 875 sanctum
1026 833 1120 889 per
1139 816 1275 872 colla
1303 813 1534 869 salubria
1558 813 1727 865 virus.

502 924 524 948 σε
559 914 655 967 llic
681 922 733 966 et
763 910 1040 966 crinisatas
1059 908 1311 979 iungebat
1335 905 1567 975 Pegasus
1592 902 1726 965 alas,

502 1004 729 1058 Pm‘taus
751 1002 1056 1071 doctiloquo
1085 999 1368 1055 facundum
1394 1010 1550 1051 crure
1575 992 1883 1049 Creontem.

576 1094 640 1147 Ut
669 1108 789 1148 sese
809 1093 1036 1161 junxere
1063 1090 1212 1145 ebori
1236 1133 1251 1155 ,
1283 1087 1556 1158 consurgit
1577 1096 1801 1154 uterque

504 1184 704 1240 Fratris
734 1186 785 1238 in
818 1184 1126 1252 amplexus;
1171 1180 1264 1234 sed
1297 1179 1455 1247 paulo
1484 1175 1697 1244 segnior
1723 1173 1903 1235 Evan,

503 1282 664 1351 392
682 1281 811 1333 Dum
835 1278 996 1348 pudet
1016 1272 1367 1338 instabiles,si
1385 1281 1587 1340 surgat,
1601 1268 1829 1340 prodere
1850 1266 2081 1336 plantas.

503 1375 638 1427 'l‘um
666 1371 899 1426 Phoebus
928 1386 942 1421 :
972 1368 1089 1435 Quo
1113 1365 1327 1435 pergis?
1365 1363 1438 1417 ait
1468 1380 1481 1416 :
1510 1375 1636 1416 num
1668 1360 1801 1413 forte
1827 1364 2082 1411 nocentes

505 1466 713 1520 Bacche
743 1464 879 1533 petis
906 1461 1152 1516 Thebas?
1192 1468 1245 1512 te
1274 1464 1453 1512 cretus
1483 1452 1719 1508 Echione
1749 1464 1942 1518 nempe

503 1556 747 1623 Abnegat
773 1567 892 1608 esse
920 1553 1077 1606 deum
1095 1565 1109 1615 ;
1129 1548 1311 1618 linque
1339 1548 1421 1613 iis,
1441 1558 1586 1615 rogo,
1616 1544 1835 1606 moenia,
1863 1541 2076 1609 linque;

505 1648 574 1701 Et
600 1661 808 1701 mecum
836 1659 987 1713 mage
1010 1644 1167 1698 ﬂecte
1192 1651 1369 1703 rotas;
1403 1637 1647 1709 despexit
1674 1638 1854 1705 Agave

504 1739 579 1792 Te
607 1739 807 1804 colere,
831 1746 885 1791 et
914 1742 1124 1790 nosmet
1152 1733 1356 1796 Niobe;
1389 1732 1525 1801 riget
1547 1728 1673 1783 inde
1698 1725 2010 1797 superbum,

504 1828 738 1883 Vulnera
768 1837 844 1882 tot
878 1826 1113 1895 patiens,
1144 1833 1275 1893 quot
1296 1830 1500 1891 spectat
1524 1822 1746 1891 pignora
1772 1821 2002 1876 ventris.

506 1920 897 1987 Optantemque
918 1918 1051 1972 mori
1080 1916 1293 1985 gravius
1321 1913 1596 1969 clementia
1626 1912 1765 1966 ﬁxit.

505 2011 733 2065 Parcere
758 2025 901 2079 saepe
930 2007 1129 2063 malum
1158 2015 1276 2073 est,
1308 2018 1632 2072 sensumque
1663 2003 1861 2059 inferre
1888 2000 2081 2058 dolori.

503 2101 623 2169 Ipsa
653 2110 829 2155 autem
860 2110 985 2153 nato
1014 2098 1192 2152 occiso
1223 2095 1479 2151 Pentheia
1520 2102 1693 2149 mater

506 2194 749 2263 Amplius
787 2200 845 2248 ut
875 2191 1063 2255 furiat,
1098 2187 1334 2259 nunquid
1363 2202 1558 2242 vesana
1586 2185 1760 2240 futura
1788 2184 1906 2240 est?

504 2286 644 2355 Ergo
673 2301 771 2340 nec
797 2285 997 2339 Aonios
1026 2281 1192 2337 colles
1220 2279 1458 2334 habitare
1481 2278 1761 2343 valemus,

504 2380 638 2435 Cum
668 2381 833 2450 patris
856 2379 1101 2435 exstincti
1130 2377 1378 2433 thalamis
1405 2376 1637 2446 potietur
1657 2374 1902 2438 adulter,

506 2472 692 2527 Frater
727 2480 969 2526 natorum
989 2511 1004 2535 ,
1036 2469 1232 2536 coniux
1264 2467 1540 2538 genitricis
1572 2465 1848 2521 habendus
1868 2505 1884 2529 ,

508 2564 739 2617 Vitricus
759 2563 871 2631 ipse
899 2577 1046 2617 suus.
1075 2560 1235 2615 Cordi
1265 2570 1348 2615 est
1373 2560 1417 2615 si
1436 2559 1662 2629 jungere
1686 2572 1929 2628 gressum
1956 2597 1970 2621 ,

507 2652 708 2716 Dicam,
738 2666 839 2719 qua
869 2651 1069 2719 pariter
1095 2650 1276 2705 sedem
1310 2650 1503 2704 tellure
1529 2648 1793 2703 locemus.

572 2742 599 2779 ι)
643 2742 736 2796 Est
761 2742 927 2806 locus,
960 2742 1150 2810 irrigua
1179 2757 1281 2811 qua
1308 2756 1443 2810 rupe
1468 2738 1737 2793 Garumna
1765 2745 1965 2795 rotate.

504 2833 569 2887 Et
592 2843 666 2900 tu,
703 2833 793 2901 qui
815 2831 973 2885 simili
1002 2832 1224 2887 festinus
1247 2834 1299 2886 in
1333 2846 1545 2901 :cquora
1568 2829 1720 2899 lapsu

500 2924 657 2986 Exis,
683 2931 897 2977 curvata
926 2923 1121 2977 Durani
1148 2937 1391 2978 muscose
1421 2921 1641 2977 saburra
1664 2960 1680 2985 ,

502 3015 618 3069 Jam
649 3014 1010 3083 pigrescentes
1035 3015 1234 3069 sensim
1263 3013 1588 3068 confunditis
1608 3024 1819 3067 amnes.

502 3106 679 3162 Currit
706 3111 758 3159 in
786 3106 1066 3161 adversum
1094 3107 1180 3162 hic
1205 3119 1396 3175 pontus
1417 3152 1430 3174 ,
1458 3108 1733 3177 multoque
1759 3119 1979 3161 recursu

500 3197 741 3250 Flumina
768 3210 900 3265 quas
924 3196 1159 3262 volvunt,
1194 3205 1248 3251 et
1274 3197 1476 3265 Spernit
1504 3207 1558 3252 et
1577 3195 1997 3267 expeditundas.

498 3290 565 3341 At
588 3301 709 3341 cum
743 3298 1040 3341 summotus
1069 3286 1342 3342 lunaribus
1372 3286 1716 3343 incrementis

498 3377 616 3445 Ipse
636 3375 902 3430 Garumna
930 3391 1056 3431 suos
1086 3377 1138 3430 in
1158 3376 1315 3431 dorsa
1347 3376 1604 3448 recolligit
1634 3386 1819 3441 aestus,

482 3462 763 3535 'Pra'cipiti
788 3465 951 3521 ﬂuctu
978 3466 1167 3535 raptim
1199 3465 1369 3533 redit,
1400 3479 1558 3538 atque
1579 3467 1792 3521 videtur

500 3556 777 3611 Infantem
800 3556 911 3624 jam
948 3571 1056 3611 non
1080 3557 1297 3622 reﬂuus,
1331 3559 1423 3611 sed
1454 3557 1660 3613 deﬂuus
1689 3559 1786 3614 ire.

497 3649 632 3701 'l‘um
664 3648 850 3716 recipit
875 3648 1105 3713 laticem,
1135 3650 1376 3719 quamvis
1404 3650 1579 3703 minor
1606 3650 1727 3713 ille,
1757 3649 1963 3705 minore

498 3738 775 3807 Stagnanti
812 3738 881 3794 de
903 3738 1065 3794 fratre
1089 3753 1265 3807 suum,
1291 3741 1543 3810 turgescit
1568 3747 1619 3793 et
1645 3738 1759 3809 ipse

502 3821 735 3882 Oceano,
765 3825 1108 3895 propriasque
1136 3826 1260 3881 facit
1290 3830 1388 3882 sibi
1415 3831 1589 3884 littora
1614 3833 1775 3903 ripas.

501 3907 609 3963 Hos
634 3909 771 3965 inter
793 3912 1012 3980 ﬂuvios,
1041 3916 1132 3970 uni
1163 3933 1312 3989 mage
1341 3923 1616 3990 proximus
1645 3927 1785 3980 unde
1812 3937 1896 3983 est

496 3998 656 4070 393
679 3999 900 4058 «Ethera
934 4020 1086 4060 mons
1112 4022 1390 4077 rumpens,
1422 4015 1526 4066 alta
1550 4016 1857 4083 spectabilis
1884 4034 2031 4086 arce,

497 4088 624 4145 Plus
651 4094 825 4149 celsos
850 4096 1126 4153 habiturus
1157 4101 1337 4165 heros,
1380 4120 1703 4176 vernamque
1731 4118 1993 4167 senatum.

494 4184 663 4249 Quem
690 4188 900 4254 generis
924 4190 1170 4258 princeps
1193 4192 1444 4247 Paulinus
1472 4196 1689 4252 Pontius
1715 4200 1859 4264 olim,

492 4272 623 4325 Cum
648 4272 827 4328 Latius
858 4278 1042 4343 patria:
1068 4279 1428 4335 dominabitur
1454 4324 1467 4345 ,
1490 4288 1680 4339 ambiet
1709 4292 1831 4343 altis

490 4362 771 4427 Moenibus,
798 4373 851 4417 et
871 4366 1027 4419 celsae
1050 4370 1409 4424 transmittent
1429 4386 1548 4425 aera
1574 4384 1767 4429 turres.

492 4452 723 4516 Quarum
754 4454 1076 4510 culminibus
1099 4458 1319 4513 sedeant
1347 4475 1631 4518 commune
1662 4467 1919 4523 micantes

488 4543 709 4610 Pompa,
742 4543 826 4597 vel
866 4544 1156 4609 auxilium;
1189 4558 1297 4599 non
1326 4544 1446 4601 illos
1477 4546 1721 4603 machina
1745 4564 1928 4606 muros

489 4635 602 4688 Non
634 4635 792 4702 aries,
823 4651 927 4691 non
952 4638 1055 4692 alta
1087 4647 1291 4707 strues,
1317 4641 1402 4696 vel
1436 4643 1710 4711 proximus
1736 4660 1915 4715 agger,

486 4726 601 4781 Non
631 4741 750 4795 quae
787 4728 1075 4784 stridentes
1104 4739 1314 4801 torquet
1334 4734 1599 4803 catapulta
1630 4736 1881 4802 molares,

485 4818 589 4872 Sed
615 4833 712 4873 nec
743 4821 975 4899 testudo,
1006 4838 1103 4878 nec
1131 4825 1304 4892 vinea,
1337 4842 1437 4882 nec
1456 4838 1570 4881 rota
1600 4843 1841 4898 currens,

484 4909 598 4963 .lam
630 4911 816 4979 positis
839 4912 995 4967 scalis
1022 4928 1250 4982 unquam
1274 4932 1530 4985 quassare
1560 4920 1836 4974 valebunt.

552 5004 787 5059 Cernere
805 5005 915 5073 jam
939 5006 1124 5062 videor
1147 5023 1267 5078 quae
1290 5012 1401 5063 sint
1428 5011 1544 5075 tibi,
1572 5012 1763 5082 Burge,
1791 5018 1983 5071 futura.

481 5094 685 5150 Diceris
713 5095 821 5160 sic;
854 5111 1081 5168 namque
1110 5098 1300 5155 domus
1320 5101 1387 5156 de
1409 5100 1631 5159 ﬂumine
1661 5117 1912 5175 surgunt,

481 5187 932 5259 Splendentesque
965 5190 1151 5246 sedent
1182 5188 1278 5263 per
1298 5199 1701 5266 propugnacula
1734 5202 1978 5255 thermze.

480 5275 577 5328 Hic
600 5291 721 5331 cum
745 5291 965 5335 vexatur
995 5280 1157 5351 piceis
1189 5285 1528 5352 aquilonibus
1553 5298 1736 5356 cestus,

479 5367 747 5437 Scrupeus
770 5380 980 5439 asprata
1012 5375 1204 5439 latrare
1239 5377 1509 5446 crepidine
1540 5395 1731 5449 pumex

549 5524 964 5616 t‘iiectiusLalii,
995 5528 1096 5616 Ιζὶσ
1127 5544 1172 5584 et
1199 5534 1466 5588 crinisatas
1497 5553 1515 5590 :
1545 5547 1793 5609 tanquam
1823 5560 1887 5599 ex
1924 5548 2052 5616 ipsis

474 5593 659 5664 Pegasi
686 5596 920 5653 crinibus
952 5593 1120 5655 natas.

553 5666 705 5737 155
745 5667 1125 5742 b_Tnpothesia
1156 5674 1533 5731 conﬂuentium
1582 5680 1793 5736 Duranii
1843 5695 1897 5738 et
1934 5687 2047 5742 Ga-

478 5750 700 5803 rillllllal,
740 5739 827 5793 ubi
858 5743 1010 5796 sitam
1050 5744 1278 5801 diximus
1316 5747 1546 5819 Burgum
1580 5753 1629 5803 in
1677 5754 1789 5827 ripa
1823 5739 2043 5813 Duranii

3667 325 3774 379 7-28

2188 528 2465 584 Excutitur
2489 536 2721 595 torrens,
2764 520 3001 600 ipsisque
3028 529 3309 600 aspergine
3337 528 3494 585 tectis

2186 617 2418 689 impluit,
2449 634 2512 675 ac
2542 620 2680 676 tollit
2706 631 2913 689 nautas,
2945 629 3002 677 et
3024 635 3169 693 saepe
3193 621 3380 691 iocoso

2186 711 2343 767 Ludit
2373 712 2678 783 naufragio;
2706 730 2828 770 nam
2858 722 3177 786 tempestate
3194 723 3412 785 peracta

2189 803 2438 860 Destituit
2464 806 2697 861 reﬂuens
2724 807 2915 862 missas
2940 809 2995 863 in
3026 807 3216 863 balnea
3243 808 3464 866 classes.

2189 897 2302 963 Ipsa
2329 905 2507 952 autem
2532 897 2764 967 quantis,
2790 898 2981 966 quibus
3005 907 3093 951 aut
3115 908 3242 953 sunt
3271 896 3399 953 l‘ulta
3430 898 3734 955 columnis?

2186 986 2351 1040 Cedat
2380 987 2603 1055 puniceo
2633 987 2893 1055 pretiosus
2919 988 3052 1042 livor
3078 989 3131 1042 in
3161 994 3317 1043 antro

2185 1078 2483 1149 Synnados,
2515 1088 2567 1133 et
2597 1079 2893 1135 Numadum
2925 1081 3014 1151 qui
3045 1089 3219 1150 portat
3248 1080 3481 1137 eburnea
3514 1096 3639 1136 saxa

2185 1169 2349 1224 Collis
2367 1214 2380 1238 ,
2405 1181 2459 1228 et
2490 1173 2734 1227 herbosis
2760 1188 2878 1242 quae
2904 1181 3130 1227 vernant
3166 1187 3432 1228 marmora
3453 1175 3621 1228 venis.

2186 1264 2516 1320 Candentem
2536 1265 2645 1334 jam
2678 1266 2801 1319 nolo
2830 1264 3025 1331 Paron,
3048 1264 3158 1334 jam
3186 1264 3312 1318 nolo
3336 1264 3621 1336 Caryston.

2190 1354 2359 1409 Vilior
2386 1365 2468 1411 est
2488 1358 2652 1411 rubro
2680 1373 2798 1426 qua:
2827 1357 3023 1425 pendet
3054 1370 3286 1426 purpura
3314 1370 3467 1411 saxo.

2188 1447 2254 1501 Et
2274 1460 2341 1501 ne
2363 1448 2645 1516 posteritas
2667 1446 2892 1513 dubitet,
2925 1444 3043 1517 quis
3068 1445 3314 1502 conditor
3341 1454 3545 1513 exstet,

2187 1536 2349 1592 Fixus
2374 1538 2424 1591 in
2458 1538 2675 1592 introitu
2707 1538 2841 1607 lapis
2869 1546 2950 1593 est
2979 1556 2994 1589 :
3027 1537 3113 1593 hic
3143 1538 3355 1592 nomina
3380 1538 3551 1605 signat

2187 1628 2507 1695 Auctorum;
2539 1628 2632 1683 sed
2662 1640 2881 1699 propter
2907 1644 3061 1699 aqua,
3095 1638 3149 1684 et
3171 1629 3595 1698 vestigia'pressa

2187 1720 2352 1792 39a.
2378 1720 2508 1787 Quae
2537 1721 2707 1789 rapit,
2733 1731 2780 1775 et
2812 1721 2928 1776 fuso
2956 1721 3196 1791 deterget
3223 1721 3430 1789 gurgite
3459 1734 3674 1775 ctenum
3706 1736 3723 1775 :

2110 1806 2163 1867 Β
2186 1812 2468 1868 Sectilibus
2494 1814 2667 1883 paries
2696 1812 2892 1869 tabulis
2918 1821 3188 1869 crustatus
3209 1812 3275 1867 ad
3306 1827 3465 1867 aurea

2189 1906 2351 1962 Tecta
2380 1909 2544 1969 venit,
2568 1907 2713 1961 fulvo
2743 1907 2901 1962 nimis
2922 1906 3294 1963 abscondenda
3320 1906 3558 1962 metallo.

2187 1998 2321 2055 Nam
2346 1998 2578 2069 locuples
2608 1999 2815 2054 fortuna
2839 1999 3029 2054 domus
3061 2014 3164 2055 non
3198 2014 3351 2070 passa
3377 2000 3546 2055 latere
3569 2043 3585 2068 ,

2190 2091 2409 2146 Divitias
2437 2092 2609 2161 prodit
2631 2106 2749 2147 cum
2778 2092 2856 2146 sic
2883 2106 2978 2146 sua
3007 2091 3238 2146 culmina
3267 2092 3429 2147 celat.

2258 2184 2529 2252 "saepest
2548 2182 2803 2253 assurgit,
2830 2181 3219 2252 duplicemque
3245 2181 3555 2259 supervenit
3574 2176 3743 2236 aedem

2191 2275 2449 2342 Porticus,
2480 2275 2591 2343 ipsa
2634 2275 2852 2343 duplex,
2897 2274 3093 2345 duplici
3138 2288 3245 2329 non
3264 2260 3479 2344 cognita
3511 2274 3746 2345 plaustro

2189 2365 2420 2431 Quarum
2450 2379 2607 2420 unam
2637 2366 2783 2419 molli
2812 2365 3126 2420 subductam
3149 2365 3351 2421 vertice
3377 2381 3553 2420 curvae

2187 2462 2437 2519 Obversis
2462 2461 2675 2532 paulum
2704 2470 3009 2532 respectant
3038 2461 3293 2516 cornibus
3323 2464 3442 2517 alas.

2186 2554 2305 2621 Ipsa
2334 2552 2475 2607 diem
2499 2562 2678 2606 natum
2703 2553 2880 2606 cernit
2907 2550 3208 2607 sinuamine
3236 2551 3448 2613 dextro,

2186 2642 2386 2697 Fronte
2412 2643 2596 2697 videns
2622 2642 2878 2708 medium,
2910 2641 3043 2697 laevo
3078 2642 3255 2696 visura
3278 2642 3579 2696 cadentem.

2187 2733 2302 2788 Non
2334 2732 2507 2802 perdit
2532 2732 2817 2803 quidquam
2848 2732 2986 2787 trino
3012 2734 3079 2788 de
3103 2731 3321 2788 cardine
3364 2732 3515 2797 coeli,

2187 2826 2254 2880 Et
2277 2834 2447 2880 totum
2477 2825 2643 2880 solem
2673 2826 2848 2880 lunata
2883 2841 2976 2894 per
2995 2826 3127 2880 atria
3157 2834 3359 2880 servat.

2185 2919 2348 2975 Sacra
2378 2918 2692 2973 tridentiferi
2724 2918 2873 2972 .lovis
2904 2918 2992 2973 hic
3018 2928 3257 2972 armenta
3289 2917 3554 2987 profundo

2187 3010 2476 3067 Pharnacis
2497 3009 2760 3078 immergit
2782 3010 3022 3078 genitor;
3060 3023 3312 3080 percussa
3341 3010 3513 3063 securi

2185 3104 2419 3172 Corpora
2439 3101 2809 3172 comipedum,
2831 3112 3115 3171 certasque
3141 3100 3426 3156 rubescere
3450 3100 3629 3169 plagas

2103 3165 2153 3231 θ
2182 3196 2488 3267 Sanguineo
2512 3196 2578 3252 de
2598 3211 2723 3251 rore
2752 3205 2942 3266 putes;
2974 3201 3080 3250 stat
3108 3194 3349 3250 vulneris
3377 3194 3567 3249 horror

2180 3287 2373 3353 Verus,
2404 3294 2458 3340 et
2479 3286 2672 3342 occisis
2693 3286 2822 3340 vivit
2849 3286 3054 3355 pictura
3079 3284 3373 3353 quadrigis.

2178 3378 2433 3432 Ponticus
2462 3378 2586 3432 hinc
2616 3386 2791 3432 rector
2823 3377 3124 3431 numerosis
3152 3374 3384 3447 Cyzicon
3424 3390 3586 3430 armis

2176 3468 2417 3533 Claudit;
2450 3478 2505 3523 at
2532 3470 2655 3523 hinc
2675 3468 2835 3522 sociis
2858 3468 3044 3523 consul
3073 3467 3327 3524 Lucullus
3352 3483 3507 3538 opem
3530 3466 3647 3537 fert,

2176 3559 2605 3630 Compulsusque
2635 3561 2789 3615 famis
2819 3560 3128 3615 discrimina
3154 3574 3379 3635 summa
3402 3560 3613 3623 subire,

2178 3653 2383 3710 Invidet
2408 3652 2629 3706 obsesso
2653 3652 2806 3706 miles
2837 3650 3223 3707 Mithridaticus
3252 3650 3411 3706 hosti.

2176 3743 2371 3799 Enatat
2395 3744 2482 3798 hic
2501 3743 2714 3813 pelagus
2743 3742 2963 3796 Romani
2996 3741 3180 3795 militis
3205 3740 3388 3807 ardor,
3422 3750 3432 3776 ³

2176 3836 2245 3891 Et
2265 3836 2503 3890 chartam
2535 3834 2749 3889 madido
2781 3843 3110 3903 transportat
3139 3847 3367 3903 corpore
3391 3834 3606 3887 siccam.

2175 3929 2414 3998 Desuper
2442 3928 2493 3981 in
2522 3928 2737 3997 longum
2775 3927 3036 3994 porreetis
3059 3925 3249 3980 horrea
3283 3925 3437 3980 tectis

2173 4015 2458 4084 Crescunt,
2481 4012 2647 4089 atque
2679 4018 2867 4086 amplis
2895 4024 3182 4086 angustant
3211 4015 3474 4071 fructibus
3505 4014 3645 4070 aedes

2172 4110 2290 4165 "uc
2316 4110 2493 4164 veniet
2520 4109 2703 4164 calidis
2731 4115 2985 4179 quantum
3015 4108 3165 4162 metit
3189 4107 3367 4163 Africa
3392 4106 3585 4171 terris,

2173 4202 2441 4268 Quantum
2458 4201 2539 4256 vel
2562 4199 2815 4267 Calaber,
2838 4209 3090 4269 quantum
3121 4199 3250 4254 colit
3280 4198 3478 4268 Apulus
3506 4213 3642 4261 acer,

2172 4292 2380 4359 Quanta
2408 4291 2670 4345 Leontino
2693 4291 2946 4359 turgescit
2967 4290 3158 4345 messis
3185 4304 3401 4355 acervo,

2170 4383 2439 4447 Quantum
2471 4381 2753 4451 Mygdonio
2772 4382 3112 4435 committunt
3140 4381 3375 4451 Gargara
3405 4382 3586 4444 sulco,

2175 4474 2335 4544 395
2363 4472 2651 4537 Quantum,
2678 4486 2799 4540 qua!
2826 4471 2998 4525 tacitis
3013 4471 3261 4527 Cererem
3282 4483 3531 4528 venerata
3545 4471 3751 4527 choreis

2093 4528 2153 4590 Β
2176 4528 2349 4618 Χῆδῖδ
2374 4528 2711 4631 δἰνίριοιθιίιδ
2734 4561 2835 4615 civi
2865 4562 3125 4617 condebat
3150 4563 3364 4617 Eleusin
3387 4604 3403 4628 ,
3458 4604 3461 4607 η

2175 4650 2309 4706 Cum
2335 4652 2544 4720 populis
2568 4651 2840 4706 hominum
2872 4654 3118 4723 glandem
3146 4655 3505 4721 linquentibus
3531 4655 3651 4709 olim

2177 4744 2337 4797 Fulva
2370 4743 2519 4813 fruge
2543 4744 2662 4798 data
2684 4745 2793 4814 jam
2826 4747 3020 4800 saecula
3051 4747 3197 4800 fulva
3230 4747 3469 4816 perirent

2248 4839 2489 4893 Porticus
2520 4840 2585 4892 ad
2614 4835 2821 4909 gelidos
2851 4849 2998 4908 patet
3030 4841 3153 4895 hinc
3180 4842 3365 4895 mstiva
3397 4842 3616 4895 triones.

2173 4931 2306 4986 lliuc
2329 4931 2476 4987 calor
2500 4932 2762 4987 innocuus
2791 4932 3013 4986 thermis
3042 4932 3359 4988 hiemalibus
3386 4934 3516 4997 exit,

2098 5040 2101 5043 λ
2172 5025 2553 5099 Atquelocum
2572 5034 2795 5093 tempus
2823 5024 3026 5089 mollit;
3056 5024 3251 5094 quippe
3283 5006 3370 5079 illa
3397 5026 3564 5093 rigori

2175 5117 2303 5171 Pars
2327 5125 2409 5172 est
2438 5125 2559 5186 apta
2585 5116 2787 5185 magis;
2820 5130 2940 5169 nam
2972 5113 3111 5183 quod
3143 5114 3274 5184 fugit
3302 5129 3397 5169 ora
3423 5115 3622 5175 leonis;

2176 5209 2301 5264 Inde
2323 5208 2605 5276 Lycaoniae
2633 5208 2837 5262 rabiem
2866 5207 3005 5261 male
3030 5207 3259 5262 sustinet
3282 5220 3442 5261 ursm.

2174 5301 2328 5365 Areis
2350 5311 2404 5354 at
2425 5301 2476 5353 in
2503 5299 2739 5353 thermas
2763 5299 2919 5364 longe
2938 5298 3098 5352 venit
3128 5297 3285 5352 altior
3306 5298 3503 5364 amnis,

2174 5393 2240 5448 Et
2258 5394 2400 5447 cadit
2427 5393 2479 5447 in
2508 5400 2765 5455 montem,
2796 5390 3094 5460 patulisque
3122 5392 3397 5446 canalibus
3413 5400 3585 5458 actus,

2167 5553 2310 5616 sive,
2344 5563 2399 5606 ut
2443 5549 2732 5620 Gregorius
2780 5549 2845 5603 ad
2895 5549 3209 5603 hodiernum
3257 5548 3370 5603 fere
3413 5563 3605 5602 sonum
3652 5545 3737 5620 lib.

2164 5639 2253 5677 vm
2284 5615 2581 5691 nuncupat,
2614 5622 2951 5677 Dorononiae.
2976 5620 3125 5675 Nunc
3149 5619 3291 5674 enim
3311 5620 3634 5674 Dortloniam
3664 5615 3735 5670 tli-

2164 5702 2310 5748 cunt.
