4072 6348
377 371 511 426 729'

375 482 701 539 Circumfert
728 480 967 534 clausum
997 494 1124 533 cava
1159 493 1254 549 per
1283 480 1514 534 divortia
1539 480 1756 534 flumen.

449 571 740 627 Occiduum
770 571 836 624 ad
868 572 1058 634 solem,
1086 580 1203 640 post
1233 571 1444 637 horrea,
1471 572 1639 640 surgit
1667 586 1830 641 Opaca

371 666 506 731 Quae
527 663 757 717 dominis
772 661 993 716 hiberna
1014 661 1235 724 domus;
1264 663 1454 731 strepit
1487 662 1571 716 hic
1587 663 1724 718 bona
1751 663 1965 719 ﬂamma

372 756 660 826 Appositas
689 754 908 824 depasta
944 751 1154 817 trabes;
1196 754 1401 807 sinuata
1431 753 1648 808 camino

371 851 628 905 Ardentis
657 848 800 918 perit
829 846 970 901 unda
1001 847 1173 915 globi,
1209 846 1486 916 fractoque
1518 847 1732 916 flagello

372 941 587 1010 Spargit
620 949 645 976 ἰ
672 940 936 993 lentatum
961 951 1056 1006 per
1085 938 1315 991 culmina
1341 947 1450 991 tota
1481 952 1754 1006 vaporem.

371 1031 688 1086 Continuata
707 1029 902 1083 dehinc
933 1027 1137 1093 videas,
1162 1043 1281 1098 qua:
1308 1027 1556 1083 conditor
1581 1043 1745 1083 ausus

368 1124 587 1180 Emula
619 1121 872 1177 Palladiis
898 1121 1135 1177 textrina
1155 1120 1387 1176 educere
1407 1121 1637 1187 templis.

369 1216 480 1272 Hac
512 1216 641 1271 celsi
669 1214 937 1285 quondam
960 1214 1156 1283 conjux
1185 1189 1490 1268 veneranda
1521 1214 1746 1280 Leonti,

368 1308 480 1373 Qua
507 1322 612 1361 non
643 1305 751 1360 ulla
783 1305 952 1374 magis
982 1319 1148 1359 nurus
1174 1319 1409 1373 unquam
1441 1305 1630 1358 Pontia
1659 1304 1855 1375 gaudet

367 1398 596 1453 lllustris
626 1413 722 1467 pro
744 1407 894 1452 sorte
924 1397 1054 1461 viri,
1096 1396 1462 1452 celebrabitur
1492 1396 1609 1452 sede

367 1489 463 1545 Vel
495 1490 675 1561 Syrias
705 1503 964 1545 vacuasse
993 1490 1163 1548 colus.
1198 1489 1277 1542 vel
1310 1489 1480 1544 serica
1520 1489 1605 1542 fila

367 1579 470 1635 Per
495 1593 695 1635 cannas
716 1581 941 1634 torsisse
969 1581 1138 1644 leves,
1172 1579 1255 1634 vel
1281 1581 1507 1633 stamine
1536 1578 1678 1632 fulvo

362 1670 697 1740 Praegnantis
726 1669 828 1724 fusi
861 1671 1125 1724 mollitum
1154 1685 1314 1725 nesse
1341 1672 1640 1725 metallum.

360 1762 667 1818 Parietibus
692 1770 814 1830 post
840 1761 965 1816 hinc
991 1762 1174 1816 rutilat
1201 1777 1321 1832 qua:
1342 1762 1587 1816 machina
1615 1761 1851 1831 junctis,

361 1852 500 1909 Fert
526 1854 874 1909 recutitorum
899 1853 1188 1923 primordia
1212 1853 1543 1908 Judasorum.

361 1946 685 2017 Perpetuam
717 1947 922 2017 pictura
955 1947 1138 2009 micat,
1167 1961 1266 2001 nec
1296 1955 1538 2015 tempore
1559 1946 1717 2016 longo

368 2041 678 2110 Depretiata
710 2055 836 2094 suas
859 2047 1078 2108 turpant
1105 2040 1373 2108 pigmenta
1406 2039 1632 2108 ﬁguras.

363 2131 624 2187 Flecteris
655 2131 719 2184 ad
744 2131 976 2185 laevam?
1006 2139 1058 2185 te
1084 2131 1323 2200 porticus
1351 2131 1550 2200 accipit
1574 2133 1750 2199 ampla

363 2225 528 2295 396
555 2223 782 2279 Directis
803 2232 1020 2278 curvata
1050 2223 1184 2289 viis;
1212 2223 1302 2278 ubi
1333 2223 1575 2292 margine
1603 2237 1814 2278 summo

361 2317 584 2380 Pendet,
616 2325 670 2371 et
694 2316 910 2370 arctatis
941 2325 1044 2370 stat
1071 2330 1238 2370 saxea
1262 2315 1396 2369 silva
1420 2316 1702 2370 columnis.

363 2409 484 2463 Alta
510 2407 833 2463 volubilibus
861 2417 1006 2478 patet
1036 2407 1164 2463 hinc
1183 2408 1417 2464 coenatio
1447 2408 1635 2462 valvis.

363 2499 558 2554 Fusilis
599 2501 818 2569 euripus
850 2508 1096 2569 propter;
1130 2499 1273 2554 cadit
1301 2500 1440 2554 unda
1474 2514 1707 2569 superne

362 2594 504 2647 Ante
531 2592 673 2648 fores
703 2592 971 2662 pendente
995 2593 1134 2661 lacu,
1167 2607 1464 2662 venamque
1486 2592 1655 2648 secuti

367 2683 577 2738 Undosa
601 2684 879 2738 inveniunt
908 2694 1101 2738 nantes
1126 2685 1401 2738 coenaeula
1436 2686 1630 2754 pisces.

362 2775 617 2830 Cominus
642 2775 866 2844 erigitur
886 2774 971 2830 vel
998 2775 1193 2844 prima,
1228 2775 1310 2830 vel
1334 2775 1532 2832 extima
1563 2776 1744 2830 turris.

361 2869 504 2922 Mors
531 2870 632 2922 erit
659 2867 745 2922 hic
775 2867 1008 2923 dominis
1040 2868 1323 2924 hibernum
1347 2869 1515 2938 sigma
1547 2869 1753 2932 locare;

363 2959 530 3028 Ilujus
554 2959 846 3028 conspicuo
868 2960 1110 3016 residens
1135 2962 1187 3014 in
1218 2961 1472 3024 culmine,
1505 2975 1650 3029 saepe

362 3052 624 3107 Dilectum
649 3052 850 3107 nostris
879 3052 1045 3106 musis
1066 3052 1228 3106 simul
1256 3062 1418 3122 atque
1439 3052 1662 3121 capellis

362 3144 632 3214 Aspiciam
665 3153 901 3199 montem
935 3142 1070 3198 lauri
1105 3142 1419 3214 :spatiabor
1446 3144 1498 3196 in
1527 3143 1644 3197 istis

365 3233 700 3299 Frondibus,
765 3235 850 3288 hic
897 3232 1161 3302 trepidam
1211 3232 1429 3286 credam
1478 3232 1608 3286 mihi
1660 3231 1882 3287 credere

1559 3323 1879 3395 [Daphnem.

360 3419 475 3473 Jam
498 3419 542 3472 si
571 3417 706 3473 forte
735 3416 932 3487 gradus
955 3418 1224 3486 geminam
1254 3417 1527 3472 convertis
1556 3416 1623 3470 ad
1643 3416 1874 3480 Arcton,

362 3512 428 3567 Ut
456 3513 638 3567 venias
669 3511 721 3566 iu
762 3511 954 3580 templa
988 3510 1107 3579 dei,
1139 3513 1232 3580 qui
1268 3511 1534 3565 maximus
1560 3509 1648 3564 ille
1674 3521 1756 3565 εει
1789 3527 1802 3562 :

360 3602 575 3657 Deliciis
594 3602 838 3657 redolent
860 3603 1060 3671 junctis
1085 3603 1346 3670 apotheca
1379 3616 1670 3671 penusque.

359 3693 458 3749 Hic
495 3694 691 3748 multus
717 3702 773 3747 tu
803 3694 970 3748 frater
997 3693 1108 3748 eris
1166 3690 1275 3747 lam
1303 3693 1480 3748 divide
1503 3692 1706 3756 sedem,

359 3786 620 3840 Cessurus
643 3787 773 3841 mihi
803 3787 949 3840 fonte
979 3801 1123 3847 meo,
1151 3799 1312 3855 quem
1341 3793 1524 3840 monte
1553 3784 1804 3839 ﬂuentem

362 3877 583 3933 Umbrat
613 3879 930 3934 multicavus
959 3877 1194 3948 spatioso
1222 3878 1409 3933 circite
1443 3877 1635 3932 fornix.

359 3969 473 4023 Non
497 3978 614 4039 cget
637 3970 722 4023 hic
746 3969 914 4035 cultu,
937 3970 1088 4024 dedit
1120 3969 1244 4024 huic
1270 3978 1460 4023 natura
1495 3969 1767 4023 decorem.

359 4060 440 4114 Nil
475 4060 652 4115 fictum
681 4062 943 4131 placuisse
968 4062 1163 4130 placet,
1187 4075 1293 4115 non
1323 4074 1515 4130 pompa
1548 4073 1642 4129 per
1664 4069 1832 4113 artem

359 4151 500 4219 Ulla,
532 4155 808 4208 resultanti
840 4170 943 4209 non
974 4164 1155 4210 comet
1177 4154 1400 4208 malleus
1441 4154 1549 4208 ictu

359 4245 532 4312 Saxa,
565 4262 663 4302 nec
687 4262 904 4302 exesum
927 4248 1252 4317 supplebunt
1279 4259 1548 4301 marmora
1578 4243 1821 4315 t0phum.

357 4340 454 4395 Hic
477 4341 594 4396 fons
621 4340 868 4397 Castaliae
897 4344 1051 4398 nobis
1079 4344 1196 4397 vice
1221 4342 1420 4398 sufficit
1447 4342 1620 4405 undae,

355 4430 557 4487 Caetera
581 4432 732 4488 dives
755 4433 890 4488 habe
927 4452 940 4488 :
969 4434 1134 4490 colles
1164 4441 1251 4489 tua
1282 4434 1400 4504 jura
1430 4434 1765 4490 tremiscant.

1856 367 2182 423 (IARMINA.
3549 367 3646 423 750

2002 486 2050 542 Α
2086 479 2339 548 Captivos
2366 480 2449 534 hic
2475 480 2624 535 solve
2656 490 2795 546 tuos,
2830 488 2884 534 et
2913 493 3006 548 per
3027 479 3153 549 juga
3187 479 3341 550 Burgi

2081 575 2221 627 Laeta
2257 573 2510 644 relaxato
2540 575 2670 627 fiant
2699 574 2876 628 vineta
2911 581 3135 628 catenae.

2144 666 2443 720 Confirmat
2467 679 2652 720 vocem
2671 665 2890 734 jamjam
2917 679 3084 735 prope
3112 663 3325 720 sobrius
3357 666 3510 721 istam

2074 759 2307 824 Silenus,
2339 759 2644 828 pariterque
2682 757 2832 812 chori
2874 758 3119 812 cecinere
3149 759 3407 813 faventes.

2072 848 2210 920 Nysa
2243 848 2360 902 vale
2387 846 2624 912 Bromio,
2657 846 2861 902 Phoebo
2891 846 3158 902 Parnasse
3187 846 3446 902 bivertex.

2071 940 2186 994 Non
2219 939 2364 994 illum
2394 937 2604 1006 Naxus,
2638 953 2742 992 non
2773 938 2936 993 istum
2967 938 3171 1008 Cyrrha
3214 939 3489 1008 requirat:

2071 1032 2228 1103 397
2262 1030 2368 1087 Sed
2405 1045 2558 1100 mage
2599 1038 2859 1100 perpetuo
2890 1030 3094 1099 Burgus
3135 1028 3393 1103 placitura
3426 1037 3658 1097 petatur.

2143 1245 2296 1309 Ecce,
2333 1245 2523 1313 quoties
2557 1244 2645 1297 tibi
2680 1244 2880 1298 libuerit
2905 1245 3094 1313 pateris
3128 1244 3481 1313 capacioribus
3513 1245 3654 1298 hila-

2067 1355 2184 1393 rare
2211 1338 2513 1401 convivium,
2543 1338 2654 1390 misi
2695 1337 2832 1407 quod
2863 1337 2995 1389 inter
3031 1335 3250 1404 scyphos
3287 1347 3333 1389 et
3378 1337 3658 1405 amystidas

2069 1443 2179 1486 tuas
2211 1432 2369 1503 legas.
2410 1430 2712 1486 Subveneris
2749 1429 3067 1483 verecundia:
3104 1443 3248 1492 mete,
3289 1431 3334 1483 si
3369 1430 3421 1481 in
3461 1428 3658 1482 sobrias

2069 1540 2221 1578 aures
2249 1525 2348 1578 ista
2379 1539 2481 1576 non
2503 1522 2765 1586 venerint;
2794 1536 2886 1574 nec
2916 1521 3111 1589 injuria
3137 1520 3232 1572 hoc
3258 1537 3317 1573 ac
3343 1535 3482 1572 secus
3511 1529 3657 1586 atque

2067 1633 2265 1682 tequum
2309 1626 2380 1669 est
2429 1617 2606 1687 ﬂagito
2639 1631 2655 1668 :
2687 1614 3100 1682 quandoquidem
3136 1612 3336 1665 Baccho
3383 1628 3489 1664 meo
3512 1612 3655 1682 judi-

2065 1711 2201 1761 cium
2232 1708 2564 1761 decemvirale
2595 1722 2832 1774 passuro,
2874 1707 3217 1774 tempestivius
3244 1721 3397 1774 quam
3424 1705 3657 1756 convenit

2069 1800 2292 1854 tribunal
2317 1800 2549 1869 erigitur.
2580 1798 2643 1852 Si
2672 1798 2784 1867 quis
2805 1806 2975 1850 autem
3003 1813 3208 1850 carmen
3239 1796 3491 1868 prolixius
3517 1807 3657 1849 eate«

1989 1860 2040 1921 Β
2068 1910 2163 1947 nus
2189 1893 2396 1947 duxerit
2425 1909 2530 1947 esse
2558 1891 2895 1961 culpandum,
2920 1890 3056 1958 quod
3078 1890 3456 1960 epigrammatis
3488 1904 3655 1941 exces-

2062 1986 2185 2039 serit
2220 1985 2547 2055 paucitatem,
2595 1985 2750 2036 istum
2791 1981 2991 2050 liquido
3033 1989 3200 2048 patet,
3250 1996 3408 2049 neque
3452 1980 3657 2033 balneas

2062 2077 2289 2143 Etrusci,
2324 2094 2484 2144 neque
2508 2075 2789 2130 Herculem
2821 2076 3204 2138 Surrentinum,
3236 2086 3396 2143 neque
3424 2071 3450 2110 δ
3485 2089 3656 2126 comas

2062 2166 2231 2221 Flavii
2271 2165 2483 2234 Earini,
2531 2183 2690 2235 neque
2739 2165 2909 2235 Tybur
2961 2165 3190 2232 Vopisci,
3239 2181 3396 2232 neque
3443 2165 3654 2217 omnino

2060 2259 2340 2328 quidquam
2384 2259 2447 2310 de
2477 2257 2686 2327 Papinii
2731 2258 2890 2309 nostri
2933 2257 3128 2309 silvulis
3175 2254 3427 2308 lectitasse
3474 2271 3491 2307 :
3529 2271 3654 2323 quas

2062 2368 2235 2406 omnes
2288 2351 2652 2418 descriptiones
2695 2349 2769 2401 vir
2819 2349 2904 2400 ille
2941 2347 3492 2418 prwjudicatissimus,
3550 2362 3653 2398 non

2061 2444 2394 2499 distichorum
2439 2453 2526 2496 aut
2572 2441 2979 2496 tetrastichorum
3019 2441 3220 2511 stringit
3265 2441 3534 2509 angustiis,
3567 2439 3654 2491 sed

2059 2539 2253 2607 potius,
2297 2545 2352 2588 ut
2401 2535 2592 2604 lyricus
2625 2530 2844 2586 Flaccus
2886 2532 2939 2584 in
2987 2532 3113 2584 artis
3155 2531 3364 2600 poetica:
3405 2529 3654 2582 volumine

2059 2630 2313 2700 prtecipit,
2344 2629 2523 2681 multis
2554 2627 2835 2695 iisdemque
2859 2624 3128 2694 purpureis
3154 2622 3498 2675 communium
3522 2636 3655 2691 pan-

2059 2722 2136 2774 nis
2163 2720 2318 2773 semel
2362 2717 2626 2771 inchoatas
2669 2715 2911 2768 materias
2962 2714 3195 2766 decenter
3233 2712 3478 2766 extendit.
3530 2709 3655 2763 Haec

2059 2830 2139 2866 me
2172 2814 2239 2865 ad
2276 2811 2583 2882 defensionis
2620 2809 2910 2878 exemplum
2935 2809 3163 2878 posuisse
3200 2806 3439 2875 sufﬁciat,
3463 2820 3523 2858 ne
3546 2803 3654 2858 Itwe

2057 2907 2168 2973 ipsa
2198 2904 2531 2973 longitudinis
2559 2900 2852 2968 deprecatio
2880 2900 3031 2967 longa
3062 2898 3318 2964 videatur.
3360 2895 3504 2950 Vale.

2596 3075 2879 3132 CARMEN
2917 3073 3103 3132 XXIII.

1980 3230 2028 3292 C
2100 3205 2121 3232 θ
2153 3206 2343 3246 NABBO.
2375 3207 2443 3246 AD
2472 3205 2803 3245 CONSENTIUI
2843 3204 2895 3243 ν.
2927 3205 2977 3242 C.
3010 3203 3169 3243 CIVEM
3208 3201 3607 3243 NABBONENSEI.

2136 3327 2269 3382 Cum
2296 3326 2407 3396 jam
2438 3341 2538 3395 pro
2564 3325 2770 3381 meritis
2810 3325 2917 3380 tuis
2949 3337 3192 3394 pararem

2058 3423 2350 3490 Consenti,
2380 3422 2628 3477 columen
2660 3419 2934 3490 decusque
2962 3434 3204 3481 morum.

2059 3514 2224 3585 εκ
2257 3513 2462 3568 Vestra:
2489 3511 2734 3568 laudibus
2759 3509 3143 3579 hospitalitatis

2058 3606 2285 3661 Cautum
2326 3605 2635 3675 impendere
2678 3603 2926 3673 pauperis
2960 3603 3185 3666 cicutas;

2063 3697 2213 3752 Ultro
2241 3699 2294 3751 in
2324 3697 2565 3751 carmina
2597 3705 2651 3749 tu
2683 3694 2864 3749 tubam
2896 3692 3181 3748 recludens
3203 3733 3217 3757 ,

2056 3785 2334 3840 Conversa
2360 3785 2572 3851 ordine,
2604 3783 2849 3839 versibus
2873 3781 3046 3836 citasti

2055 3881 2277 3936 Suetum
2313 3879 2498 3934 ludere
2525 3880 2604 3934 sic
2630 3877 2798 3946 magis
2828 3875 3092 3930 sodalem.

2058 3973 2223 4027 Paret
2253 3985 2402 4025 musa
2435 3971 2562 4035 tibi;
2595 3969 2687 4023 sed
2717 3966 3084 4036 impudentem

2057 4063 2222 4117 Multo
2250 4061 2459 4118 cautius
2486 4060 2608 4114 hinc
2635 4058 2830 4129 stylum
2863 4053 3114 4110 movebit.

2055 4155 2187 4208 Nam
2216 4167 2336 4208 cum
2363 4151 2599 4206 carmina
2632 4149 2869 4220 postules
2898 4146 3126 4210 diserte,

2056 4246 2260 4301 Suades
2292 4244 2563 4307 scribere,
2592 4243 2684 4296 sed
2712 4240 2842 4296 facis
2876 4249 3072 4293 tacere.

2017 4376 2022 4382 .
2055 4337 2234 4407 Nuper
2260 4334 2694 4405 quadrupedante
2724 4346 2845 4386 cum
2874 4329 3038 4384 citato

2059 4430 2168 4483 lres
2186 4469 2200 4494 ,
2229 4425 2255 4464 ἀ
2284 4427 2538 4492 Phocida,
2573 4424 2890 4492 Sestiasque
2919 4422 3073 4476 Baias

430 4576 453 4603 ⁸
485 4567 598 4639 γΡθι·
621 4569 858 4639 Αιιιιιιιιοε
897 4569 1149 4624 nimirum
1191 4570 1483 4639 parietibus
1528 4571 1817 4639 impressos
1842 4609 1854 4630 ,
1886 4576 1943 4639 ut
1972 4567 2026 4628 D
2055 4564 2347 4639 bilissimos
2373 4574 2426 4639 et
2449 4563 2784 4617 doctissimos
2807 4559 3007 4623 tulerit,
3034 4558 3173 4639 hunc
3197 4558 3371 4628 ipsum
3391 4555 3456 4611 ad
3477 4570 3637 4639 quem

355 4637 588 4710 loquitur
611 4637 814 4693 Seneca
846 4641 1002 4709 epist.
1028 4640 1119 4695 90.
1146 4637 1318 4710 Atque
1359 4644 1426 4693 ita
1466 4637 1721 4710 legendus
1742 4681 1755 4704 ,
1782 4638 1937 4710 ἱιιιυΙο

355 4707 706 4776 ligendusque
739 4707 939 4764 Plinius
962 4712 1143 4778 junior
1173 4707 1264 4763 lib.
1312 4727 1347 4763 ιι
1369 4751 1383 4773 ,
1412 4707 1567 4774 epist.
1606 4714 1668 4765 I7
1703 4728 1717 4764 :
1750 4708 1937 4761 Adhae-

353 4790 428 4831 ret
455 4780 807 4833 dormitorium
837 4783 1148 4844 membrum,
1180 4783 1395 4833 transitu
1416 4779 1936 4850 interjacente;quod

354 4865 655 4918 suspensum
680 4861 724 4903 et
770 4853 1086 4917 tabulatum,
1137 4861 1430 4919 conceptum
1477 4848 1711 4919 vaporem
1743 4848 1935 4904 salubri

354 4929 749 4989 temperamento
775 4922 872 4973 huc
901 4922 1024 4974 illuc
1046 4922 1229 4990 digerit
1260 4931 1305 4975 et
1335 4922 1614 4976 ministrat.

428 5019 557 5075 1Ἰιιι
603 5025 836 5092 reposui,
884 5038 980 5093 pro
1011 5021 1196 5078 Cumas
1234 5019 1323 5075 ΡΙ.
1351 5022 1550 5088 Sabini,
1598 5024 1737 5089 quod
1779 5033 1933 5078 antea

354 5092 648 5160 legebatur.
686 5093 868 5163 Neque
887 5092 1055 5148 dubia
1085 5093 1407 5160 emendatio,
1439 5108 1560 5146 cum
1592 5093 1750 5147 Silva!
1783 5095 1934 5162 Papi-

355 5165 528 5216 niame
560 5164 650 5217 lib.
685 5180 740 5219 ιιι
788 5173 1154 5234 argumentum
1185 5165 1255 5218 sit
1279 5165 1443 5218 Coma
1477 5163 1656 5217 Earini
1688 5182 1699 5216 :
1732 5164 1798 5217 de
1829 5179 1930 5234 qua

352 5243 409 5287 et
438 5235 688 5288 Martialis
717 5246 893 5289 exstat
924 5238 1273 5306 epigramma,
1308 5235 1400 5289 lib.
1434 5250 1507 5288 Ix.

432 5344 452 5371 ο
481 5334 732 5389 Sidonius
764 5335 1062 5389 Narbonem
1096 5336 1223 5389 olim
1258 5334 1550 5404 profectus,
1591 5351 1709 5389 cum
1744 5336 1933 5390 huma-

357 5404 497 5458 niter
533 5414 782 5475 acceptus
824 5406 1138 5475 habitusque
1169 5418 1309 5460 esset
1349 5421 1378 5460 ιι
1407 5406 1713 5470 Consentio,
1750 5407 1937 5461 decre-

355 5485 505 5528 verat
536 5473 730 5544 hospiti
773 5493 871 5531 suo
901 5473 1123 5545 gratiam
1166 5479 1275 5531 suis
1316 5478 1560 5532 versibus
1607 5478 1933 5545 rependere;

355 5560 475 5597 cum
526 5547 669 5614 prior
698 5546 785 5601 ille
832 5547 1038 5615 aliquot
1079 5550 1372 5600 carminum
1418 5549 1617 5615 eclogis
1662 5550 1935 5601 Sidonium

356 5620 687 5682 provocavit.
733 5618 866 5671 Tum
909 5633 1035 5685 ergo
1076 5632 1290 5671 carmen
1334 5618 1434 5672 hoc
1473 5619 1536 5671 ad
1582 5619 1725 5672 illutn
1773 5619 1934 5682 misit,

355 5701 462 5754 quo
501 5686 798 5742 Narbonem
849 5687 1086 5742 mirificis
1135 5688 1398 5751 laudibus.
1447 5690 1536 5742 sed
1588 5707 1689 5743 non
1736 5693 1834 5743 alia
1883 5705 1939 5742 re

357 5756 526 5826 magis
556 5759 914 5824 commendat,
945 5773 1101 5828 quam
1130 5757 1269 5826 quod
1300 5757 1617 5812 Consentius
1659 5763 1802 5813 cives
1846 5774 1938 5814 n0-

2051 4635 2261 4699 scribit,
2295 4644 2348 4689 et
2380 4636 2494 4702 ejus
2526 4643 2728 4701 patrem
2760 4651 2771 4682 :
2804 4639 3026 4699 quorum
3069 4629 3345 4702 utriusque
3393 4629 3636 4702 meminit

2051 4706 2144 4759 lib.
2180 4722 2251 4770 Ix,
2283 4700 2442 4772 epist.
2475 4700 2572 4768 15;
2604 4704 2669 4758 ad
2702 4702 2868 4755 filium
2915 4711 3091 4754 autem
3123 4700 3246 4754 data
3276 4707 3359 4754 est
3386 4701 3543 4767 epist.
3574 4701 3636 4766 4,

2052 4776 2148 4829 lib.
2179 4792 2291 4828 vtn.

2120 4844 2144 4881 δ
2170 4843 2452 4899 Massiliam
2475 4853 2528 4896 et
2548 4843 2724 4912 Aquas
2750 4843 2977 4898 Sextias.
3006 4838 3414 4897 Massiliensium
3444 4839 3634 4912 urbem

2047 4931 2076 4970 a
2100 4914 2513 4970 Phocazensibus
2532 4908 2670 4967 Asia:
2696 4915 2903 4983 p0pulis
2931 4915 3197 4968 conditam
3220 4918 3448 4983 constat.
3472 4908 3633 4983 Aliud

2048 4999 2224 5040 autem
2259 4985 2470 5039 fuerunt
2499 4980 3150 5048 caneth—Phocaeenses,
3186 4996 3216 5035 a
3249 4980 3473 5034 Phocaea
3503 4981 3635 5033 urbe

2048 5055 2218 5121 Asiae;
2252 5055 2391 5109 aliud
2423 5063 2624 5118 Φωκεῖς,
2645 5056 2966 5119 Phocenses,
2997 5072 3022 5106 a
3057 5051 3308 5114 Phocide,
3337 5065 3455 5117 qua:
3483 5049 3632 5117 regio

2049 5125 2226 5203 fuitin
2262 5127 2498 5203 llellade.
2542 5127 2644 5180 Sed
2677 5127 2848 5190 multi,
2881 5126 3040 5180 etiam
3070 5121 3295 5203 antiqui:
3329 5121 3634 5203 Phocenses

2047 5209 2100 5252 et
2135 5196 2418 5252 Phocidem
2452 5206 2854 5265 nuncuparunt,
2888 5212 2952 5250 ex
2983 5211 3086 5264 qua
3117 5191 3221 5247 orti
3251 5191 3630 5265 Massilienses,

2048 5270 2128 5323 vel
2161 5282 2373 5321 nomina
2402 5261 2810 5331 confundentes,
2833 5261 2917 5321 vel
2949 5261 3242 5319 historiam.
3269 5261 3424 5333 Baias
3451 5271 3630 5316 autem

2045 5339 2245 5392 calidas
2292 5353 2480 5390 onmes
2525 5351 2690 5403 aquas
2739 5338 3020 5399 dicebant,
3076 5336 3142 5389 ab
3194 5334 3299 5387 illis
3343 5333 3628 5403 Campanis

2047 5409 2306 5481 omnium,
2341 5420 2395 5481 ut
2423 5401 2691 5481 Eunapius
2720 5409 2928 5481 scribit,
2963 5418 3072 5481 toto
3105 5404 3233 5481 orbe
3261 5401 3628 5481 nubilissimis:

2045 5478 2222 5545 Quare
2250 5470 2416 5547 Aquis
2458 5470 2673 5543 Sextiis,
2708 5479 2848 5546 quod
2893 5470 2944 5532 in
2990 5478 3053 5531 iis
3095 5475 3314 5547 thermae
3333 5480 3550 5547 essent,
3574 5470 3631 5525 id

2049 5540 2209 5603 ctiam
2239 5540 2431 5603 nomen
2463 5540 2669 5617 obtigit.
2699 5540 2910 5603 Sextias
2937 5556 3112 5601 autem
3143 5561 3171 5597 a
3198 5545 3380 5617 sextio
3405 5540 3632 5594 Calvino

2047 5619 2240 5685 dictas,
2267 5620 2354 5688 qui
2386 5613 2598 5687 primus
2619 5619 2802 5673 urbem
2845 5617 2989 5689 illam
3023 5629 3175 5689 muro
3219 5613 3404 5671 cinxit,
3442 5625 3632 5689 omnes

2045 5681 2426 5761 consentiunt.
2470 5690 2596 5757 Ejus
2663 5702 2820 5761 porro
2873 5687 3096 5761 colonia:
3146 5696 3263 5750 qua:
3319 5681 3632 5761 metropolis

2045 5771 2125 5813 est
2191 5751 2525 5828 provincize'
2568 5775 2600 5812 ιι
2663 5751 3096 5816 'Narbonensis,
3175 5752 3443 5820 egregium
3531 5751 3630 5804 hoc
