4072 6348
416 369 512 428 731
1662 370 1902 425 SlDONll
1946 367 2395 426 APOLLINAHIS

1619 501 1622 503 ’
2024 485 2070 540 Α
2101 480 2324 549 Olrjectn
2369 481 2576 535 sudium
2618 490 2837 535 coronat
2880 493 3059 548 agger.

417 488 654 542 illustres
688 484 958 553 titulisque
985 481 1286 550 prtelilsque

422 577 589 632 Urbes
609 619 622 642 ,
659 591 751 641 per
782 574 885 627 duo
913 572 1191 627 consulum
1221 579 1426 641 tropaea

419 669 571 740 (Nam
604 669 822 722 Martem
857 666 974 720 tulit
1003 668 1104 722 ista
1127 667 1425 734 lulianum,

419 761 486 815 Et
519 762 678 813 Bruto
708 760 842 813 duce
871 760 1140 814 nauticum
1180 759 1415 815 furorem
1439 803 1453 822 ,

417 857 510 909 Ast
538 855 653 907 haec
678 850 1000 907 Teutonicas
1033 862 1252 908 cruenta
1287 868 1520 923 pugnas,

418 945 669 1000 Erectnm
699 956 752 1000 et
782 945 1002 999 Marium
1043 946 1265 1000 cadente
1295 944 1564 1014 Cimbro);

420 1039 612 1091 Misisti
650 1038 775 1092 mihi
808 1037 1081 1106 multiplex
1114 1051 1328 1106 poema,

421 1131 672 1198 Doctnm,
715 1132 923 1196 nobile,
963 1130 1129 1195 forte,
1161 1131 1464 1185 delicatum.

418 1217 579 1276 lbant'
600 1223 893 1276 hexametri
925 1222 1299 1291 superbientes
1316 1263 1330 1287 ,

420 1313 487 1367 Et
515 1315 733 1384 vestigia
761 1314 974 1383 juncta,
1007 1314 1100 1367 sed
1132 1315 1370 1381 minora,

420 1406 519 1458 Per
546 1407 735 1470 quinos
777 1405 900 1473 eligi
936 1405 1098 1473 pedes
1129 1406 1393 1460 ferebant.

421 1498 605 1551 Misisti
636 1508 688 1552 et
721 1499 943 1566 triplicis
973 1507 1198 1551 metrum
1234 1498 1484 1560 trochaei,

421 1591 691 1659 Spondteo
719 1593 1010 1645 comitante
1027 1636 1039 1657 ,
1073 1591 1390 1661 dactyloque
1407 1633 1424 1656 ,

420 1681 614 1736 Dulces
645 1681 1114 1750 hendecasyllabos
1133 1721 1149 1745 ,
1182 1690 1438 1751 tuumque

423 1772 629 1826 Blando
657 1771 838 1826 fenore
861 1771 1082 1825 Sollium
1114 1772 1308 1839 ligasti.

426 1865 648 1918 Usuram
679 1865 1013 1933 petimurque
1035 1903 1050 1929 ,
1086 1862 1488 1931 reddimusque.

423 1955 555 2011 Nam
592 1954 733 2024 quod
772 1955 1012 2009 carmine
1046 1969 1145 2023 pro
1185 1963 1274 2007 tuo
1305 1954 1575 2023 rependo,

422 2049 534 2103 Hoc
571 2047 862 2102 centesima
903 2045 1117 2100 laudum
1158 2055 1370 2100 tuarum
1405 2054 1507 2100 est.

423 2140 561 2205 Quid
600 2139 830 2208 primum
871 2153 1120 2196 veneror.
1161 2138 1442 2207 colamque
1482 2153 1577 2206 pro
1617 2139 1705 2193 te?

423 2233 585 2302 399
624 2231 686 2285 Ni
721 2230 900 2297 fallor,
942 2241 1200 2299 patriam,
1243 2243 1553 2300 patremque
1588 2231 1760 2299 juxta.

423 2321 522 2388 Qui
559 2334 858 2391 quaquam
895 2320 998 2376 sibi
1033 2321 1304 2376 vindicare
1337 2336 1602 2376 summum

424 2413 601 2468 Possit
631 2413 754 2480 jure
795 2412 1002 2478 locum,
1053 2422 1230 2466 tamen
1272 2427 1495 2467 necesse
1531 2423 1612 2467 est

427 2488 573 2554 lllam
616 2502 862 2567 vincere,
901 2516 1022 2570 quae
1064 2503 1201 2569 parit
1239 2511 1505 2570 parentes.

497 2673 693 2742 Salve,
731 2674 936 2740 Narbo,
979 2683 1171 2744 potens
1211 2676 1549 2742 salubritate,

429 2764 570 2820 Urbe
595 2775 651 2820 et
687 2781 812 2821 rure
853 2767 1009 2821 simul
1045 2767 1218 2822 bonus
1261 2769 1461 2836 videri,

427 2858 616 2926 Muris,
655 2859 894 2925 civibus,
935 2859 1170 2926 ambitu,
1218 2860 1487 2928 tabernis,

426 2948 629 3015 Portis,
677 2949 1000 3018 porticibus,
1037 2949 1184 3016 foro,
1224 2951 1462 3015 theatro,

427 3039 670 3094 Delubris
687 3083 702 3106 ,
742 3041 1005 3110 capitoliis
1021 3081 1034 3104 ,
1078 3043 1308 3096 monetis
1324 3081 1340 3106 ,

425 3129 706 3194 Thermis,
747 3132 1003 3195 arcubus,
1053 3132 1293 3199 horreis,
1341 3133 1606 3199 macellis,

426 3221 633 3289 Pratis,
678 3222 940 3288 fontibus,
983 3223 1194 3288 insulis,
1241 3223 1455 3287 salinis,

427 3314 664 3384 Stagnis,
716 3316 961 3382 ﬂumine,
1005 3325 1214 3381 merce,
1255 3327 1448 3383 ponte,
1492 3327 1670 3387 ponto.

429 3407 578 3462 Unus
612 3407 701 3476 qui
743 3421 1000 3462 venerere
1036 3408 1158 3476 iure
1194 3408 1374 3475 diros,

427 3502 677 3556 Lemnum
700 3543 713 3568 ,
751 3502 1042 3568 Cererem,
1080 3496 1290 3570 Palem,
1330 3503 1615 3560 Minervam

430 3595 632 3663 Spicis,
678 3594 924 3664 palmite,
970 3596 1214 3665 pascuis,
1261 3597 1503 3666 trapetis.

432 3687 573 3741 Solis
611 3687 706 3742 ﬁse
741 3687 899 3752 viris,
944 3697 1042 3742 nec
1082 3689 1320 3756 erpetito

428 3778 640 3834 Naturae
674 3778 898 3845 auxilio,
936 3781 1119 3848 procul
1163 3779 1366 3834 relictis

427 3872 683 3952 Pronteris
725 3872 994 3926 montibus
1035 3873 1192 3927 altius
1225 3887 1504 3942 cacumen,

427 3963 540 4020 Non
587 3974 637 4020 te
677 3963 815 4020 fossa
858 3973 1076 4034 patens,
1118 3977 1214 4018 nec
1252 3963 1582 4032 hispidarum

426 4098 811 4154 monimentum
858 4106 1034 4154 exstat
1073 4099 1255 4153 Romae
1305 4100 1355 4152 iu
1389 4099 1606 4169 antiqua
1648 4099 1756 4155 basi
1791 4113 2000 4163 statuae.

1019 4190 1079 4243 L.
1123 4189 1418 4243 ANTONIO

977 4257 1454 4315 EPITYNCHANO

861 4347 1132 4404 LlCTORl
1184 4349 1333 4402 ΠΕΟ.
1377 4347 1582 4406 CURIA

911 4419 1045 4473 THE
1087 4418 1254 4482 QUAS
1288 4419 1525 4475 SACRIS

883 4488 1187 4544 PUBLICIS
1226 4488 1544 4542 APPARET

829 4557 941 4626 QQ.
981 4557 1270 4612 CULLEGI
1316 4558 1592 4613 FABRUM

836 4628 1356 4684 TIGNUA'ﬁlORUM
1395 4630 1590 4684 OSTIS

763 4699 1015 4755 SEVIRO
1063 4699 1222 4754 AUG.
1270 4699 1332 4753 IN
1373 4699 1664 4755 PKOVINC

835 4770 1258 4827 NARBONENSI
1301 4770 1589 4826 COLONIA

970 4840 1172 4907 AQUIS
1209 4841 1453 4897 SEXTIS

432 4982 436 4990 .
464 5001 468 5004 _
501 4931 657 5004 156
686 4929 954 4989 "Testulis
985 4935 1035 4987 in
1068 4934 1241 4987 VariOs
1271 4934 1479 4988 colores
1501 4935 1702 5001 tinctis,
1733 4930 1916 5004 quales
1945 4937 1997 4991 in

425 5001 648 5072 asa—rotis
697 5005 1029 5071 pavimentis,
1077 5004 1142 5058 de
1181 5004 1371 5072 quibus
1403 5005 1603 5059 Statius
1645 5007 1694 5058 in
1721 5001 2000 5060 Tiburtino

427 5063 660 5143 Vopisci.
698 5063 757 5129 ἐι
799 5063 1127 5129 ΡΙέιιίυδῚίΙ).
1160 5063 1344 5136 sint,
1380 5090 1495 5144 cap.
1529 5075 1597 5129 ‘20
1633 5094 1644 5128 :
1683 5075 1842 5129 Sosus
1875 5075 2001 5132 Per-

425 5146 561 5216 gami
588 5147 762 5198 statuit
789 5163 931 5214 quem
958 5155 1137 5198 vocant
1167 5155 1402 5197 aturaton
1428 5162 1586 5211 aeron,
1611 5151 1848 5215 quoniam
1877 5163 1999 5215 pur-

424 5226 657 5336 gamenta
683 5232 833 5268 ruente
863 5219 911 5269 in
943 5216 1246 5284 pavimento,
1280 5231 1486 5283 qumque
1513 5217 1671 5268 ευριτί
1701 5217 1880 5282 solent,
1913 5234 1998 5270 ve-

448 5287 520 5336 tttt'
548 5288 722 5336 relicta
742 5287 925 5336 fecerat
950 5287 1116 5336 narris
1147 5286 1516 5336 testulistinctis
1531 5288 1578 5336 in
1597 5288 1761 5336 varios
1780 5287 1992 5336 colores.

436 5286 520 5356 luti
548 5288 722 5356 relicta
740 5287 925 5353 fecerat
949 5287 1116 5356 parvis
1147 5286 1516 5356 testulistinctis
1531 5288 1578 5337 in
1597 5288 1761 5339 varios
1780 5287 1992 5341 colores.

500 5352 524 5392 δ
555 5352 914 5425 'l‘lteodoricus
940 5352 1138 5424 junior.
1170 5354 1485 5408 Theudorici
1530 5358 1698 5425 Magni
1740 5357 1897 5413 illius.
1933 5359 1997 5412 de

428 5440 531 5494 quo
563 5427 781 5493 epistola
808 5424 859 5479 2.
894 5426 1048 5479 Gothi
1081 5429 1220 5479 enim
1253 5441 1372 5478 cum
1401 5427 1608 5480 Atanlfo
1629 5424 1771 5481 duce
1798 5428 1996 5482 Callias

428 5497 649 5565 ingressi
691 5496 988 5550 Narbonem
1034 5511 1245 5564 quoque
1284 5507 1662 5563 occupassent,
1712 5498 1832 5551 inde
1873 5499 1999 5551 sub-

427 5569 555 5620 moti
596 5578 720 5622 sunt
758 5585 785 5620 a
818 5565 1128 5620 Constantio
1167 5566 1383 5628 comite,
1418 5583 1578 5630 anno,
1615 5576 1670 5621 ut
1711 5583 1774 5621 ex
1805 5568 1995 5623 Oresio

426 5646 479 5690 et
502 5639 663 5691 Idalio
689 5637 973 5706 colligitur,
999 5637 1122 5691 lilii.
1159 5637 1281 5691 Post
1305 5637 1415 5689 haec
1439 5637 1798 5692 TheodoriCus
1822 5647 1994 5706 pater,

428 5708 706 5775 Aquitania
740 5727 841 5764 non
874 5717 1177 5772 contentus,
1220 5706 1518 5778 Narbonem
1554 5711 1700 5778 longa
1738 5710 1820 5762 illa
1853 5709 1995 5762 obsi-

429 5773 584 5834 dibne
613 5780 796 5846 cinxit,
828 5796 944 5851 qua:
977 5781 1079 5834 hoc
1110 5779 1227 5834 loco
1257 5773 1594 5844 describitur,
1627 5773 1720 5835 sed
1752 5781 2023 5849 repulsus

3585 371 3690 426 75!

2099 573 2213 626 Non
2256 583 2309 626 tu
2353 587 2654 636 marmora,
2701 572 3005 636 bracteam,
3053 570 3383 640 vitrumque,

2100 664 2213 717 Non
2258 664 2540 718 testudinis
2581 663 2774 718 ludicro
2816 663 3080 725 nitorem,

2099 754 2213 808 Non
2254 757 2297 809 si
2337 769 2470 824 quas
2510 755 2687 810 eboris
2721 755 2899 809 trabes
2940 752 3192 807 refractis

2101 848 2310 903 Rostris
2351 850 2648 903 Marmarici
2689 849 2886 903 dedere
2932 849 3102 911 barri,

2102 939 2244 1009 Figis
2287 942 2580 1008 moenibus,
2625 953 2920 1008 aureasqu
2961 947 3142 1008 portas

2103 1031 2345 1085 Exornas
2385 1041 2412 1068 ἰ
2451 1031 2731 1086 asaroticis
2772 1031 2990 1098 lapillis.

2104 1121 2209 1174 Sed
2252 1138 2344 1190 per
2386 1123 2672 1177 semirutas
2704 1121 2980 1189 superbas.
3017 1134 3198 1185 arces,

2101 1212 2410 1267 Ostendens
2443 1214 2642 1267 veteris
2659 1193 2838 1267 ‘decns
2878 1211 3078 1276 duelli,

2102 1307 2395 1371 Quassatos
2436 1309 2580 1375 geris
2615 1307 2806 1360 ictibus
2845 1305 3074 1359 molares
3097 1345 3111 1370 ,

2102 1397 2265 1467 A00
2304 1397 2605 1452 Laudandis
2642 1398 2927 1466 pretiosior
2967 1398 3157 1451 ruinis.

2104 1489 2222 1544 Sint
2259 1493 2419 1546 urbes
2459 1492 2576 1545 alia“:
2615 1495 2718 1546 situ
2756 1488 3022 1554 minaces,

2104 1586 2246 1650 Quas
2287 1587 2428 1637 vires
2469 1583 2695 1637 lmmiles
2735 1598 2828 1650 per
2867 1584 2976 1635 alta
3013 1582 3278 1646 condunt,

2104 1676 2171 1730 Et
2213 1692 2304 1743 per
2349 1677 2648 1743 praecipites
2687 1676 2854 1727 locata
2900 1675 3090 1730 cristas

2106 1768 2385 1837 Nunquam
2422 1769 2614 1823 muenia
2657 1780 2795 1820 caesa
2835 1767 3149 1835 glorientur.

2034 1850 2080 1907 Β
2107 1865 2185 1920 Tu
2224 1867 2428 1935 pulsate
2462 1866 2667 1933 places,
2711 1864 2977 1931 iidemque
3017 1864 3204 1919 fortem

2108 1959 2442 2028 Oppugnatio
2483 1971 2635 2025 passa
2672 1957 2981 2026 publicavit.

2182 2049 2204 2086 ι)
2250 2049 2380 2104 Hinc
2422 2058 2472 2104 te
2499 2049 2716 2104 Martius
2761 2050 2849 2104 ille
2889 2058 3087 2114 rector,
3129 2057 3290 2120 atque

2110 2142 2297 2210 Magno
2343 2151 2491 2209 patre
2534 2143 2679 2208 prior
2716 2139 2878 2195 decus
2915 2141 3203 2205 Getarum,

2111 2233 2362 2286 Romanae
2401 2232 2648 2286 columen
2690 2232 2940 2300 salusque
2983 2232 3184 2300 gentis,

2111 2324 2475 2378 Theudoricus
2511 2330 2682 2388 amat,
2724 2321 2930 2392 sibique
2972 2324 3132 2377 ildnm

2109 2417 2378 2471 Adversos
2420 2416 2608 2484 prOllﬂ
2644 2417 2768 2471 ante
2807 2425 2901 2484 per
2940 2416 3218 2471 tumultus.

2113 2509 2216 2564 Sed
2260 2525 2361 2564 nOn
2399 2510 2520 2563 hinc
2563 2511 2779 2563 vilicare
2818 2511 2953 2563 forte
2993 2512 3194 2578 turpis,

2111 2602 2261 2664 Quod
2311 2611 2360 2654 te
2401 2602 2642 2655 machina
2687 2602 2874 2656 crebra
2919 2601 3227 2668 periuraris.

2111 2695 2347 2764 Namque
2387 2698 2436 2748 in
2479 2705 2705 2762 corpore
2742 2694 2954 2749 lortium
2992 2695 3231 2748 virorum

2112 2788 2252 2842 Laus
2290 2795 2372 2841 est
2410 2788 2634 2856 antplior
2677 2789 2920 2855 amplior,
2969 2788 3213 2843 cicatrix.

2111 2881 2167 2934 In
2205 2881 2394 2934 castris
2434 2879 2780 2935 Marathoniis
2825 2887 3125 2935 merentem

2112 2969 2315 3023 Vulnus
2353 2980 2456 3023 non
2492 2970 2773 3038 habuisse,
2817 2971 3020 3038 grande
3056 2973 3309 3040 probrum
3345 2978 3448 3026 est.

2115 3063 2255 3116 Inter
2282 3062 2581 3117 Publicolas
2619 3075 2776 3119 manu
2816 3066 3051 3129 feroces,

2113 3155 2325 3209 Trunco
2360 3154 2561 3210 Mucius
2599 3156 2800 3210 eminet
2839 3156 3056 3211 lacerto.

2032 3224 2082 3286 (ἶ
2111 3244 2319 3298 Vallum
2355 3245 2586 3300 Cmsaris‘
2604 3247 2938 3316 opprimente
2974 3246 3189 3315 Magno,

2110 3337 2249 3390 inter
2281 3341 2362 3389 tot
2399 3336 2560 3392 facies
2597 3339 2665 3392 ab
2706 3339 2860 3394 hoste
2899 3348 3065 3406 tutas,

2113 3427 2315 3480 Luscus
2351 3427 2533 3483 Semita
2577 3429 2673 3482 fuit
2711 3432 2879 3500 magis
2916 3432 3169 3486 decorus.

2115 3518 2253 3571 Laus
2292 3528 2372 3572 est
2410 3520 2578 3574 ardua
2614 3521 2744 3575 d'ura'
2786 3523 3070 3577 sustinere.

2114 3612 2352 3679 Ignavis,
2396 3612 2622 3679 timidis,
2660 3623 2716 3669 et
2749 3615 3059 3684 improbatis

2117 3714 2137 3740 ο
2181 3704 2399 3758 Multum
2440 3703 2664 3774 ringitur
2702 3707 2870 3760 otiosa
2912 3709 3098 3762 virtus.

2108 3795 2244 3863 Quid
2288 3795 2428 3866 quod
2461 3787 2761 3851 Caesaribus
2801 3799 2946 3853 l'erax
2985 3799 3258 3863 creandis,

2110 3887 2256 3940 Felix
2301 3888 2450 3956 prole
2491 3889 2691 3956 virum,
2735 3890 2890 3944 simul
2931 3890 3123 3945 dedisti

2108 3977 2134 4014 ἀ
2176 3979 2339 4034 Natos
2374 3987 2499 4034 cum
2535 3980 2776 4051 gcnit‘ore
2819 3983 3209 4052 principantes?

2106 4125 2200 4189 est
2233 4115 2445 4189 tandem
2488 4131 2516 4166 a
2555 4115 2779 4180 Litorio,
2819 4126 2876 4171 ut
2913 4117 3132 4189 dictum
3149 4127 3245 4189 est
3270 4118 3320 4172 in
3365 4121 3680 4189 panegyrico

2109 4187 2266 4257 Aviti.
2311 4185 2531 4257 Demnm
2573 4202 2699 4241 vero
2733 4189 2910 4252 junior
2949 4187 3032 4240 hic
3069 4185 3431 4241 Theudoricus
3472 4185 3678 4257 prodita

2107 4255 2206 4309 sibi
2231 4271 2324 4324 per
2339 4255 2686 4323 Agrippinum
2710 4259 2957 4311 comitem
2983 4258 3114 4311 urbe
3134 4258 3458 4312 Narbonensi
3476 4255 3682 4327 potitus

2029 4321 2085 4381 D
2109 4337 2189 4380 est
2219 4321 2557 4389 aunofut'ex
2591 4328 2753 4380 Ida-tio
2782 4329 2971 4381 eodem
3003 4337 3166 4395 patet,
3199 4328 3322 4382 ιθθ.
3358 4321 3536 4393 Quare
3563 4340 3681 4396 post

2109 4398 2246 4449 ltnnc
2275 4412 2491 4465 annum,
2523 4396 2615 4450 sed
2641 4405 2763 4451 ante
2790 4397 2914 4461 466,
2940 4414 3042 4465 quo
3075 4408 3313 4452 mortuus
3335 4410 3415 4453 est
3438 4400 3680 4454 Theodo-

2107 4467 2271 4532 ricus,
2303 4481 2330 4518 a
2362 4463 2581 4519 Sidonio
2619 4469 2874 4535 scriptum
2919 4463 3016 4521 hoc
3054 4483 3266 4522 carmen
3313 4469 3414 4523 dici
3463 4485 3680 4525 necesse

2106 4546 2206 4590 est.
3194 4558 3202 4567 '

2182 4619 2201 4644 ε
2232 4605 2285 4660 1η
2313 4606 2430 4659 aliis
2462 4605 2691 4674 ﬁngitur.
2722 4605 3010 4662 Horatius:

2287 4697 2488 4745 Paulum
2513 4697 2718 4758 sepultae
2743 4698 2890 4749 distat
2916 4701 3104 4750 inertiae

2287 4759 2450 4809 Celata
2476 4761 2642 4808 virtus.

2173 4856 2197 4896 τι
2226 4861 2473 4932 carinum
2501 4870 2554 4913 et
2576 4861 2956 4916 Numeriannm
2985 4873 3106 4915 cum
3133 4862 3272 4916 Caro
3299 4869 3469 4932 patre.
3500 4862 3680 4928 Quan-

2104 4948 2260 4998 quam
2311 4931 2376 4984 dc
2419 4932 2538 4986 Cari
2581 4933 2714 5001 Aug.
2749 4936 2914 5000 patria
2965 4933 3096 4986 nihil
3135 4934 3266 4986 certi
3315 4932 3476 4986 fuisse
3523 4935 3677 4986 docet

2105 5004 2386 5071 Vopiscus,
2413 5011 2467 5056 et
2493 5003 2631 5072 quod
2663 5004 2880 5064 mirere,
2907 5006 3043 5057 inter
3071 5006 3242 5057 varias
3268 5004 3548 5070 Opiniones
3571 5019 3676 5056 non

2105 5074 2345 5128 meminit
2374 5074 2654 5127 Narbonis.
2705 5074 2808 5128 Sed
2840 5073 3082 5127 Narbone
3126 5073 3384 5141 genitum,
3425 5085 3548 5127 ante
3590 5074 3676 5126 SE-

2104 5145 2320 5197 douinm
2367 5144 2646 5212 prodidere
2687 5159 2716 5196 e
2757 5143 2958 5196 Grzecis
2998 5143 3255 5212 Eusebius
3304 5145 3354 5196 in
3392 5142 3676 5204 Chronico,

2102 5232 2131 5268 e
2154 5214 2354 5267 Latinis
2383 5215 2575 5267 Sextus
2607 5211 2809 5282 Victor,
2843 5211 3127 5280 Eutropius
3166 5226 3216 5267 et
3248 5213 3488 5267 Orosius.
3521 5214 3676 5269 Jose-

2103 5284 2236 5352 phus
2264 5284 2503 5351 Scaliger
2544 5282 2607 5334 ad
2647 5281 2950 5346 Eusebium,
2976 5283 3095 5354 quia
3129 5284 3319 5354 Carum
3370 5284 3419 5336 in
3470 5285 3678 5354 Illyrico

2102 5365 2280 5407 natum
2309 5355 2521 5421 quidam
2551 5356 2893 5418 scripserant,
2929 5361 2984 5405 ut
3019 5352 3210 5406 Fabius
3239 5352 3569 5418 Cerilianns‘,
3605 5353 3676 5406 ita

2102 5440 2212 5477 rem
2254 5423 2542 5490 componit.
2588 5431 2643 5473 ut
2683 5422 2940 5475 Narboure
2985 5434 3164 5476 natum
3208 5423 3457 5490 affirmet,
3491 5438 3592 5477 non
3626 5424 3678 5477 in

2101 5493 2290 5558 Gallia,
2325 5494 2416 5547 sed
2449 5494 2505 5564 iu
2531 5491 3207 5564 Illyrico._ttbiNarbonam
3253 5497 3376 5547 item
3419 5494 3674 5564 oppidum

2101 5579 2220 5617 es~c
2262 5562 2535 5617 contendit
2578 5561 2807 5614 nominis
2852 5563 3112 5630 ejusdem.
3167 5563 3362 5617 Verum
3402 5561 3679 5617 Dalmatia:

2101 5633 2326 5702 oppido,
2380 5632 2518 5702 quod
2567 5631 2806 5700 Staliger
2862 5633 3134 5702 designat,
3183 5647 3380 5688 nomen
3430 5634 3527 5687 fuit
3571 5643 3678 5686 nun

2100 5707 2366 5766 Narbona,
2401 5704 2498 5757 etsi
2531 5707 2785 5756 mendose
2815 5703 2882 5756 ita
2914 5703 3105 5774 legitur
3137 5705 3276 5772 apud
3307 5704 3674 5768 Ptolemaeum,

2099 5775 2191 5833 sed
2223 5776 2451 5842 Narona,
2496 5774 2765 5844 quomodo
2796 5774 2846 5829 in
2879 5774 3101 5841 epistola
3134 5774 3328 5830 Vatinii
3359 5775 3496 5836 apud
3528 5774 3682 5829 Cice-
