4072 6348
293 355 409 412 753

297 467 440 521 Nam
478 466 599 535 quis
624 464 860 521 Persidis
904 462 1296 535 expeditionem
1316 452 1344 528 .’

297 559 467 630 40],
511 560 616 613 Aut
653 555 898 612 victricia
940 566 1113 612 castra
1158 555 1449 624 prmteribit

298 649 431 702 Cari
474 647 755 717 principis,
795 658 849 701 et
887 645 1313 716 perambulatum

304 741 566 797 Romanis
604 739 903 810 legionibus
928 739 1207 809 Niphatem
1240 758 1251 792 :

301 836 479 901 Tum,
519 849 639 889 cum
682 832 903 888 fulmine
944 844 1131 903 captus
1172 833 1483 903 imperator,

308 926 487 980 Vitam
525 924 836 979 fulminibus
877 939 1058 994 parem
1099 924 1350 994 peregit?

384 1019 478 1072 His
518 1026 574 1071 tu
607 1017 842 1083 civibus,
887 1016 1052 1081 urbe,
1094 1031 1221 1070 rure
1262 1015 1509 1085 pollens,

306 1121 339 1148 ει
380 1109 672 1177 Consenti,
717 1110 844 1163 mihi
887 1107 1061 1179 gignis
1098 1108 1238 1164 alme
1279 1118 1517 1179 patrem,

306 1203 496 1270 Illum,
541 1203 625 1256 cui
663 1202 814 1256 nitidi
854 1202 1024 1267 sales,
1068 1200 1317 1272 rigorque

308 1294 586 1348 Romanus
627 1292 727 1347 fuit
756 1293 934 1348 Attico
974 1292 1027 1347 in
1069 1292 1270 1361 lepore.

310 1386 465 1440 llunc
497 1385 731 1440 Milesius
772 1398 824 1439 et
853 1384 1050 1440 Thales
1089 1393 1308 1453 stupere

311 1478 567 1533 Auditum
608 1478 811 1547 potuit,
855 1477 1121 1547 simulque
1156 1476 1325 1531 Lindi”
1357 1485 1435 1533 est

311 1571 480 1625 Notus
512 1570 601 1640 qui
631 1567 920 1624 Cleobulus
964 1567 1108 1624 inter
1151 1583 1333 1637 arces,

312 1665 379 1719 Et
416 1674 505 1731 tu,
543 1665 633 1735 qui
665 1661 958 1719 Periandre
994 1662 1062 1717 de
1101 1661 1361 1718 Corintho
1403 1676 1490 1725 es,

314 1761 382 1814 Et
424 1769 510 1826 tu,
554 1773 714 1829 quem
756 1756 977 1812 dederat
1011 1756 1132 1811 Bias
1176 1754 1404 1821 Priene,

316 1857 381 1911 Et
426 1864 483 1910 tu
526 1854 730 1909 Pittace
763 1851 985 1908 Lesbius
1025 1849 1328 1920 sophistes,

315 1950 380 2005 Et
422 1959 504 2015 tu,
546 1948 635 2018 qui
678 1946 879 2002 tetricis
917 1954 1109 2015 potens
1144 1942 1371 1997 Athenis

319 2042 500 2095 Vincis
532 2037 833 2095 Socraticas
862 2035 1028 2091 Solon
1065 2034 1371 2103 palaestras,

316 2134 382 2187 Et
418 2142 473 2185 tu
504 2128 800 2201 Tyndareis
838 2136 986 2181 satus
1016 2123 1316 2191 Therapnis

314 2224 539 2285 Chilon,
583 2219 805 2290 legifero
840 2217 985 2288 prior
1013 2215 1280 2287 Lycurgo.

312 2314 433 2368 Non
481 2312 565 2365 hic
602 2312 646 2364 si
689 2308 887 2372 voluit,
932 2314 1155 2361 vacante
1194 2318 1353 2370 cura,

312 2405 450 2473 Quis
490 2404 560 2459 sit
599 2400 864 2456 sideribus
905 2406 1091 2453 notare
1129 2408 1352 2461 cursus,

314 2498 566 2552 Diversas
595 2499 759 2549 Arato
796 2493 909 2547 vias
944 2489 1204 2547 cucurrit.

315 2589 435 2643 Non
477 2588 617 2642 hunc
659 2600 781 2641 cum
825 2581 1180 2653 geometricas
1218 2580 1284 2635 ad
1327 2588 1471 2636 artes

320 2681 554 2735 Mentem
596 2676 924 2744 composuit,
971 2674 1121 2744 sequi
1164 2672 1376 2729 valebat

319 2772 573 2828 Euclides
611 2770 845 2839 spatium
887 2769 1065 2824 sciens
1104 2767 1327 2838 olympi.

319 2867 435 2921 Non
480 2870 657 2933 hunc,
704 2865 750 2920 si
795 2862 961 2918 voluit
998 2872 1183 2919 rotare
1221 2861 1533 2933 rhythmos,

318 2957 619 3027 Quidquam
663 2955 935 3027 proposito
971 2955 1139 3011 virum
1178 2957 1375 3009 morari
1418 3008 1423 3013 .

320 3050 651 3120 Chrysippus
697 3047 959 3119 potuisset
1000 3064 1066 3102 ex
1109 3062 1322 3102 acervo.

320 3142 420 3197 Hic
454 3157 577 3197 cum
613 3140 949 3209 Amphioniae
988 3140 1238 3211 studebat
1272 3139 1409 3205 arti,

323 3235 568 3299 Piectro,
607 3234 829 3303 pollice,
867 3249 1029 3296 voce,
1069 3233 1337 3300 tibiaque,

320 3326 485 3399 402
519 3327 695 3382 Thrax
735 3316 914 3393 vates,
962 3325 1091 3381 deus
1131 3327 1330 3391 Arcas,
1376 3334 1535 3394 atque
1576 3323 1839 3390 Pizmbus,

321 3421 481 3475 Omni
521 3421 757 3475 carmine
792 3429 915 3489 post
953 3427 1137 3485 erant,
1179 3430 1230 3473 et
1276 3420 1420 3487 ipsas

325 3512 506 3568 Musas
545 3527 650 3567 non
694 3512 767 3566 ita
807 3512 1040 3566 musicas
1080 3520 1314 3580 putares.

325 3604 423 3659 liic
458 3604 504 3659 si
544 3612 780 3675 syrmate
820 3604 995 3658 cultus
1036 3612 1090 3658 et
1130 3602 1428 3670 cothurno,

323 3697 581 3752 lntrassct
615 3696 783 3753 semel
816 3697 1051 3751 Atticum
1090 3695 1392 3762 theatrum,

322 3787 624 3843 Cessissent
652 3786 948 3856 SOphocles
983 3795 1037 3840 et
1065 3785 1368 3856 Euripides.

325 3879 393 3934 Et
424 3879 468 3933 si
506 3879 710 3949 pulpita
744 3892 1033 3949 personare
1069 3893 1227 3933 socco

325 3972 613 4028 Commdus
653 3972 943 4037 voluisset,
987 3972 1111 4027 huic
1152 3972 1325 4026 levato

324 4062 564 4119 Palmam
603 4074 661 4120 tu
688 4065 854 4135 digito
886 4064 1072 4132 dares,
1106 4063 1414 4119 Menander.

328 4156 428 4212 Ilio
464 4171 589 4213 cum
624 4157 933 4227 senipedem
969 4157 1165 4228 stylum
1210 4156 1439 4226 polibat,

325 4249 616 4321 Smymatzc
656 4249 773 4304 vice
802 4246 990 4303 doctus
1030 4248 1289 4314 officinae,

326 4343 434 4397 Aut
468 4358 591 4398 cum
635 4356 694 4397 se
734 4341 972 4396 historiae
1008 4340 1170 4395 dabat
1209 4353 1441 4404 severae,

328 4429 539 4489 Primos
577 4434 669 4487 vix
711 4440 957 4502 poterant
998 4433 1145 4488 locos
1183 4430 1319 4486 tueri

327 4522 563 4579 Torrens
592 4524 925 4590 Herodotus,
969 4532 1164 4579 tonans
1196 4523 1479 4579 Homerus.

327 4612 446 4669 Non
490 4615 594 4670 isto
638 4617 815 4685 potior
854 4615 1039 4671 fuisset
1075 4614 1234 4681 olim,

327 4707 432 4774 Qui
473 4705 820 4762 Pandioniam
858 4706 1106 4762 movebat
1143 4716 1262 4761 arte

329 4797 526 4853 Orator
564 4806 780 4855 caveam
822 4800 1215 4864 tumultuosus,

329 4890 437 4947 Seu
480 4892 684 4950 luscum
725 4904 1007 4965 raperetur
1048 4893 1103 4946 in
1137 4890 1470 4961 Philippum,

331 5068 521 5109 ronem
553 5054 879 5124 appellatur;
930 5054 1164 5121 itemque
1208 5050 1348 5120 apud
1376 5048 1607 5104 Plinium
1656 5057 1712 5105 et
1736 5047 1922 5104 Acthi-

331 5141 476 5189 cum,
508 5133 562 5180 et
599 5128 650 5179 in
678 5125 881 5179 Tabula
909 5124 1237 5191 Peutingeri.

408 5204 434 5232 ο
462 5195 808 5250 Consentium
840 5206 1043 5265 patrem
1074 5194 1254 5248 laudat
1280 5209 1310 5247 a
1338 5191 1722 5265 philosophicis
1754 5190 1923 5260 poeti-

330 5265 517 5330 eisque
551 5263 867 5335 disciplinis,
911 5276 1019 5321 tum
1046 5265 1273 5333 Graecis,
1304 5275 1417 5319 tum
1445 5263 1667 5317 Latinis.

414 5336 566 5407 157
608 5336 634 5375 δ
670 5338 939 5392 Lucanum
979 5349 1034 5391 et
1078 5338 1331 5392 Statium.
1382 5335 1582 5389 Lucani
1613 5334 1926 5407 enimruxor

336 5404 455 5478 fuit—
470 5404 613 5462 Polla
643 5409 988 5478 Argentaria,
1033 5417 1087 5461 et
1116 5418 1326 5462 mortuo
1356 5407 1600 5471 Lucano,
1644 5404 1800 5478 Statii
1823 5414 1929 5478 ,‘ut

335 5477 541 5532 Statius
572 5478 685 5548 ipse
719 5475 771 5533 in
800 5480 961 5536 Silvis
987 5479 1165 5534 docet.
1196 5478 1423 5546 Quidam
1449 5478 1569 5532 libri
1603 5476 1818 5545 pallidat
1853 5475 1931 5528 lc-

335 5559 488 5617 gunt.

418 5630 439 5657 ε
471 5618 693 5676 Trabea:
721 5630 773 5676 et
805 5619 1060 5675 fastorum
1094 5636 1288 5676 nomen
1329 5620 1665 5674 consulatum
1709 5615 1933 5671 denotat

418 5758 431 5787 '
470 5754 716 5808 Barthius
746 5755 957 5809 Advers.
991 5770 1109 5823 pag.
1142 5754 1248 5809 489
1276 5754 1403 5821 legit
1430 5770 1492 5808 ex
1522 5752 1741 5817 antiquo
1773 5750 1934 5813 libro,

1778 349 2106 411 CARMINA.

1915 468 1965 525 Α
1994 465 2221 523 Causam
2260 481 2354 525 seu
2384 469 2749 541 Ctesiphontis
2787 473 3067 539 actitaret,

3475 358 3583 418 7“

2007 557 2098 611 Vir
2138 572 2349 626 semper
2390 561 2744 629 popularitate
2781 577 3065 627 crescens,

2003 648 2071 701 Et
2098 649 2240 716 juste
2271 650 2511 705 residens
2548 653 2599 705 in
2641 668 2764 708 arce
2807 654 2984 720 fandi,

2001 740 2103 807 Qui
2143 742 2292 797 fabro
2333 745 2574 813 genitore
2612 757 2950 814 procreatus,

2002 833 2123 887 Oris
2160 836 2345 890 maluit
2383 838 2623 907 expolire
2658 840 2860 892 limam.

2003 924 2141 990 Quid
2184 941 2278 981 vos
2313 927 2509 997 eIOQuii
2552 943 2739 983 canam
2772 930 2945 984 Latini

2001 1016 2232 1085 Arpinas
2249 1060 2264 1085 ,
2308 1018 2561 1074 Patavine
2578 1061 2597 1086 ,
2631 1021 2952 1075 Mantuane?

2005 1108 2072 1162 Et
2110 1118 2191 1174 te,
2229 1110 2435 1164 comica
2470 1114 2556 1179 qui
2590 1113 2785 1175 doces,
2824 1112 3084 1167 Terenti?

2006 1198 2075 1255 Et
2104 1201 2190 1267 te',
2225 1208 2464 1268 tempore
2493 1202 2580 1270 qui
2623 1209 2772 1255 satus
2802 1216 3025 1267 severo,

2004 1290 2193 1346 Graios
2224 1292 2406 1348 Plaute
2448 1295 2588 1350 sales
2621 1295 2803 1365 lepore
2834 1295 3067 1349 transis?

2005 1383 2075 1437 Et
2110 1394 2160 1438 te
2192 1386 2506 1440 multimoda
2539 1388 2670 1441 satis
2699 1388 2995 1442 verendum

2003 1477 2335 1544 Scriptorum
2379 1479 2795 1543 numerositate,
2842 1477 3052 1532 Varro?

2004 1565 2163 1635 5.03
2198 1568 2261 1619 Et
2302 1574 2355 1620 te
2384 1568 2470 1635 qui
2503 1568 2763 1622 brevitate
2791 1568 2978 1636 Crispe
3008 1566 3215 1637 polles?

2005 1658 2071 1710 lit
2101 1658 2188 1724 qui
2221 1672 2314 1726 pro
2346 1659 2560 1727 ingenio
2589 1658 2789 1714 fluente
2819 1659 2953 1713 nulli

2006 1746 2221 1803 Corneli
2256 1748 2436 1803 Tacite
2475 1764 2534 1805 es
2575 1750 2828 1805 tacendus
2867 1751 2985 1807 ori?

1934 1839 1983 1900 B
2014 1840 2075 1893 Et
2107 1850 2157 1893 te
2187 1839 2599 1895 Massiliensium
2630 1857 2725 1911 per
2754 1840 2942 1896 hortos

2009 1931 2157 1986 Sacri
2190 1930 2417 2000 stipitis,
2453 1930 2687 1997 Arbiter,
2729 1931 2981 1986 colonum

2010 2022 2438 2091 Hellespontiaco
2483 2037 2669 2091 parem
2705 2022 2947 2091 Priapo?

2012 2114 2078 2167 Et
2109 2124 2159 2168 te
2189 2114 2429 2167 carmina
2461 2128 2556 2182 per
2587 2111 2871 2167 libidinosa

2008 2205 2201 2260 Notum
2232 2204 2373 2259 Naso
2417 2214 2587 2259 tener.
2618 2205 2924 2274 Tomosque
2953 2203 3214 2269 missum;

2009 2296 2287 2365 Quondam
2318 2297 2565 2352 Casareze
2609 2297 2768 2351 nimis
2799 2295 2991 2365 puellae

2010 2391 2161 2446 Ficto
2192 2392 2411 2446 nomine
2440 2390 2710 2445 subditum
2743 2391 3013 2445 Corinnae.

2014 2490 2031 2518 ⁸
2060 2488 2196 2554 Quid
2227 2487 2405 2543 celsos
2434 2486 2669 2542 Senecas
2700 2486 2904 2555 loquar,
2936 2484 3019 2539 vel
3046 2483 3194 2539 illum

2011 2582 2181 2648 Quem
2206 2580 2296 2635 dat
2326 2580 2532 2634 Bilbilis
2562 2579 2667 2635 alta
2700 2577 3025 2641 Martialem,

2012 2676 2299 2730 Terrarum
2329 2674 2607 2744 indigenas
2637 2672 3048 2728 Hibericarum?

2013 2768 2151 2836 Quid
2178 2784 2313 2839 quos
2341 2768 2643 2836 duplicibus
2665 2767 2847 2835 jugata
2870 2766 3023 2821 tardis

2013 2860 2328 2930 Argentaria
2362 2859 2386 2897 δ
2421 2857 2565 2913 Polla
2590 2858 2680 2911 dat
2711 2858 2935 2927 poetas?

2019 2951 2156 3018 Quid
2184 2950 2381 3005 multos
2411 2951 2543 3003 varii
2576 2949 2698 3018 styli
2726 2957 2987 3014 retexam,

2016 3042 2225 3113 Arguti,
2260 3040 2452 3105 teneri,
2481 3055 2688 3109 graves,
2723 3039 2966 3092 dicaces?

2017 3135 2071 3191 Si
2101 3134 2423 3189 Consentius
2452 3131 2642 3197 adfuit,
2674 3130 2931 3186 latebant.

1939 3214 1987 3279 C
2020 3226 2149 3281 Huic
2179 3225 2372 3279 summi
2404 3224 2599 3293 ingenii
2638 3222 2777 3288 viro,
2805 3221 3069 3291 simulque

2017 3319 2256 3373 Summae
2284 3315 2577 3371 nobilitatis
2599 3326 2761 3383 atque
2787 3314 2996 3379 formae,

2016 3414 2207 3469 Juncta
2236 3420 2317 3466 est
2344 3409 2564 3476 femina,
2594 3423 2715 3480 quae
2743 3409 2957 3463 domum
2984 3406 3051 3461 ad
3077 3403 3256 3460 mariti

2018 3507 2187 3563 Prisci
2216 3516 2236 3544 ο
2266 3504 2494 3575 insignia
2527 3502 2857 3558 transferens
2884 3501 3085 3568 Jovini,

2016 3598 2263 3669 Implevit
2290 3598 2494 3652 trabeis
2528 3598 2693 3650 larem
2723 3594 3001 3664 sophistae.

2016 3691 2105 3746 Sic
2138 3692 2276 3745 intra
2310 3690 2553 3758 proprios
2588 3688 2678 3741 tibi
2712 3694 2951 3755 penates,

1982 3812 1983 3815 η
2018 3782 2302 3847 Consenti,
2336 3781 2518 3850 patriae
2553 3780 2716 3833 decus
2741 3776 3051 3846 superbum,

2019 3871 2193 3927 Fastis
2226 3872 2355 3925 vivit
2378 3884 2530 3938 avus,
2566 3877 2823 3937 paterque
2853 3865 3025 3919 libris.

2091 3963 2215 4016 Haec
2238 3976 2335 4030 per
2355 3968 2639 4015 stemmata
2669 3966 2719 4011 te
2744 3956 2876 4009 satis
2908 3960 3201 4021 potentem,

2021 4057 2227 4112 Merum
2260 4054 2492 4108 culmine
2516 4051 2608 4106 sed
2640 4051 3017 4119 potentiorem,

2018 4150 2134 4205 Non
2163 4149 2361 4221 possim
2394 4145 2591 4201 merita»
2612 4156 2807 4197 sonare
2842 4138 3000 4196 laude
3031 4156 3046 4192 :

2020 4242 2132 4297 Nec
2160 4241 2204 4295 si
2235 4255 2321 4294 me
2343 4238 2574 4309 Odrysio
2600 4249 2801 4290 canens
2832 4234 2886 4288 in
2919 4242 3094 4296 antro,

2021 4332 2185 4403 404
2212 4331 2325 4397 Qua
2359 4329 2463 4383 late
2490 4325 2881 4396 trepidantibus
2910 4321 3126 4378 liuentis

2022 4425 2219 4480 Cautes
2249 4437 2345 4493 per
2373 4416 2628 4476 Ciconum
2661 4418 2887 4473 resultat
2913 4415 3128 4473 Hebrus
3149 4451 3165 4478 ,

2028 4518 2287 4585 Princeps
2311 4513 2633 4569 instituisset
2660 4512 2750 4565 ille
2780 4518 2986 4575 vatum,

1944 4584 2003 4644 Ῑ)
2029 4611 2162 4666 Cum
2190 4584 2376 4661 dulces
2399 4604 2637 4658 animata
2667 4614 2794 4657 saxa
2820 4600 3040 4655 chordas

2030 4702 2255 4757 Ferrent
2277 4711 2375 4768 per
2400 4692 2692 4763 Rhodopen
2730 4691 2973 4747 trahente
3000 4697 3178 4755 cantu,

2030 4794 2098 4848 Et
2126 4806 2281 4846 versa
2305 4789 2424 4842 vice
2452 4784 2686 4841 fontibus
2715 4784 2914 4853 ligatis,

2035 4886 2232 4940 Terras
2259 4894 2480 4937 currere
2502 4884 2759 4946 cogerent
2782 4872 3019 4929 anhelas.

2032 5046 2117 5102 Fl.
2156 5041 2394 5097 Valentis
2423 5038 2596 5094 Jovini
2620 5080 2634 5103 ,
2667 5048 2822 5106 quem
2865 5035 3122 5111 Lupicino
3156 5032 3355 5111 collega
3387 5027 3487 5111 sub
3518 5016 3617 5111 Va:

2036 5115 2332 5173 lentiniano
2362 5112 2574 5165 seniore
2594 5104 2779 5176 gessit,
2806 5122 2925 5161 cum
2950 5106 3184 5172 equitum
3214 5104 3464 5176 magister
3481 5104 3627 5153 esset

2034 5170 2130 5258 per
2153 5185 2376 5258 Gallias,
2396 5191 2450 5236 et
2472 5170 2797 5258 Alamannos
2819 5170 3018 5246 ingenti
3045 5184 3220 5258 strage
3246 5173 3295 5223 in
3320 5170 3622 5258 Catalauuts

2037 5240 2408 5328 profligasset,
2463 5262 2530 5328 u_t_
2562 5240 3110 5328 Marcellitiu§_tl:trrat
3143 5240 3375 5328 linxxvu.
3417 5240 3494 5328 De
3521 5254 3625 5307 quo

2041 5310 2425 5384 ctiamuscribit
2474 5319 2805 5376 Flodoardns
2840 5335 2853 5372 ι
2905 5316 3148 5371 llistorim
3194 5313 3245 5387 6,
3286 5321 3340 5387 et
3384 5310 3628 5387 antiquus

2041 5383 2229 5453 versus
2263 5396 2463 5463 profert
2495 5407 2523 5445 a
2553 5392 2742 5463 Jovino
2775 5389 2975 5463 positos
3016 5387 3167 5463 in_S.
3206 5384 3462 5463 Agricola:
3492 5383 3629 5463 uasi-

2042 5450 2328 5536 hamum
2367 5464 2548 5517 Remis
2578 5450 2843 5536 fundarat.
2877 5458 3048 5536 liuius
3082 5450 3269 5536 itaque
3306 5450 3629 5536 liliatnfiou:

2044 5518 2448 5595 se'ntioﬁseniori
2494 5540 2713 5604 nuptam
2755 5531 2848 5582 ait.
2894 5518 3189 5604 Qnteverti
3216 5528 3530 5604 sequuntur,
3563 5518 3630 5569 de

2038 5592 2251 5682 iuniore
2276 5592 2589 5669 Consentio,
2620 5603 2687 5657 ad
2712 5615 2869 5671 quem
2899 5592 3105 5662 scribit,
3132 5593 3246 5662 capi
3273 5592 3484 5645 debent.

2048 5722 2389 5806 Cornelium,
2432 5751 2487 5795 et
2515 5742 2650 5794 alios
2682 5738 2821 5793 Celsi
2863 5734 3078 5806 nomine
3108 5730 3370 5806 celebres.
3394 5752 3465 5806 _—-
3492 5724 3633 5781 Batt-

310 5855 329 5865 ι
348 5798 507 5895 ριιῑιῖ
511 5798 716 5893 5.1262",
992 5798 1413 5895 738;.a'r2'tu‘ié’é'c
1431 5798 1940 5895 EBiEi'éiB'p'éi'téi
1968 5888 2015 5908 ν
2053 5798 2169 5876 ntus
2197 5798 2469 5872 Sirtnond.
2502 5813 2699 5878 editor,
2728 5806 2933 5878 praefat.
2968 5803 3030 5857 ad
3060 5811 3187 5855 tom.
3226 5799 3263 5868 l,
3293 5798 3320 5870 §
3354 5798 3438 5857 li.
