4072 6348
393 272 495 326 7δῦ
1632 254 1875 311 SIDONII
1917 246 2372 310 APOLLINARIS
3574 244 3689 296 736

392 380 500 435 Nec
529 392 635 433 non
661 377 861 432 Ismara
893 375 1092 431 solibus
1122 378 1361 443 paterent
1383 412 1398 437 ,
1912 367 1915 370 ⁴
2007 368 2058 427 Α
2084 367 2110 405 ιι
2147 368 2282 423 ans
2313 367 2483 421 soceri
2509 366 2689 421 venire
2724 365 2774 418 in
2804 377 2962 419 aures

396 473 581 527 Aurita
609 470 799 541 chelyn
828 475 1116 539 expetente
1147 466 1301 531 silva,
2088 463 2225 517 Fido
2254 462 2547 530 interprete
2574 458 2735 513 vellet
2766 466 2820 511 et
2848 455 3043 526 perito,

398 564 463 617 Et
486 562 612 617 nulli
642 561 957 615 resolubiles
982 541 1145 613 calori
2089 554 2165 608 Te
2187 552 2507 607 commercia
2532 548 2756 620 duplicis
2787 545 3014 616 loquelae

398 658 623 713 Curvata
656 663 874 709 ruerent
907 653 1056 708 nives
1077 652 1145 707 ab
1170 652 1303 707 Ossa
1326 694 1339 715 ,
1707 647 1711 651 ’
2091 646 2315 702 Doctum
2344 642 2558 698 solvere
2589 640 2832 710 protinus
2863 636 3095 707 legebat.

397 751 638 806 Stantem
670 755 762 801 aut
789 748 1073 817 Strymona
1107 745 1354 799 Bistones
1387 743 1665 808 viderent,

1400 743 1665 808 riderent,
2092 739 2158 802 0,
2189 737 2371 800 sodes,
2403 733 2616 805 quoties
2644 732 2737 786 tibi
2770 728 3008 800 loquenti

399 839 529 897 Cum
556 854 771 895 crtrmen
798 840 1013 907 rapidus
1039 840 1187 893 latex
1211 838 1407 893 sitiret.
2092 828 2390 899 Byzantina
2415 824 2615 895 sephos
2638 822 2837 879 dedere
2868 820 3068 891 regna?

399 936 507 991 Nec
536 936 580 988 si
608 934 821 988 Peliaco
849 934 1005 988 datus
1032 933 1318 988 bimembri
2093 926 2163 981 Et
2190 937 2240 982 te
2271 942 2365 981 seu
2398 925 2648 979 latialiter
2675 928 2955 977 sonantem
2976 960 2991 985 ,

399 1027 479 1081 Ad
504 1026 821 1081 Centaurica
855 1025 1051 1094 plectra
1081 1025 1466 1092 constitissem,
1678 1008 1681 1009 ν
2095 1020 2372 1089 Tanquam
2404 1018 2664 1072 Romulea
2697 1024 2869 1069 satum
2901 1013 3155 1078 suburra,

402 1119 675 1173 "inuitum
704 1118 929 1185 duplicis
956 1118 1151 1172 timens
1174 1116 1438 1188 magistri.
2096 1112 2202 1167 Seu
2226 1113 2417 1181 lingua:
2449 1110 2714 1179 Argolica:
2739 1106 3064 1163 rotunditate

403 1209 512 1265 Nec
537 1211 580 1264 si
614 1226 700 1265 me
729 1208 1003 1265 docuisset
1028 1209 1119 1264 ille
1150 1209 1244 1262 lari
1264 1250 1279 1274 ,
1588 1200 1589 1205 “
2100 1201 2425 1267 Undantem,
2450 1200 2764 1256 Marathone
2789 1214 2889 1253 ceu
2917 1207 3157 1253 creatum
3189 1213 3203 1251 :

406 1300 596 1355 Iussus
625 1316 849 1370 pascere
878 1300 968 1370 qui
997 1315 1213 1368 gregem
1239 1310 1321 1354 est
1347 1300 1580 1367 clientis,
2099 1296 2422 1351 Plaudentes
2445 1305 2701 1362 stupuere
2726 1280 3089 1363 Bosphorani,

406 1392 697 1460 Amphrysi
728 1391 793 1445 ad
828 1390 1067 1456 fluvium,
1100 1390 1233 1445 deus
1260 1390 1537 1453 bubulcus,
2101 1389 2274 1443 Mirati
2310 1387 2484 1441 minus
2514 1389 2716 1441 Atticos
2750 1386 3019 1440 alumnos.

407 1483 557 1549 Quod
584 1482 914 1550 ferrugineos
938 1479 1201 1553 CycIOpas
1225 1496 1351 1536 arcu
2104 1480 2239 1534 [line
2266 1480 2309 1534 si
2344 1479 2541 1534 foedera
2575 1479 2915 1533 solverentur
2942 1478 3117 1539 orbis,

407 1572 615 1627 Stravit
641 1574 742 1626 sub
765 1572 1145 1641 Liparensibus
1176 1572 1423 1635 caminis,
2104 1574 2267 1645 m
2295 1574 2487 1627 Pacem
2523 1582 2573 1627 te
2603 1573 2778 1626 medio
2801 1573 2989 1626 darent
3016 1570 3225 1625 feroces

411 1663 642 1717 Vibrans
674 1664 790 1732 plus
820 1679 980 1733 grave
1010 1663 1205 1718 fulmen
1241 1666 1291 1718 in
1324 1666 1535 1730 sagitta.
2104 1666 2350 1730 Chunus,
2383 1664 2761 1728 Sauromates,
2797 1663 2979 1731 Getes,
3014 1662 3272 1715 Gelonus.

482 1757 595 1810 .lam
628 1759 801 1827 primo
834 1764 1021 1813 tenero
1042 1756 1304 1812 calentem
1333 1758 1400 1813 ab
1429 1766 1572 1823 ortu,
2030 1747 2079 1809 Β
2108 1756 2187 1812 Tn
2216 1759 2231 1790 ¹
2266 1757 2560 1824 Tuncrum,
2588 1767 2640 1812 et
2667 1755 2966 1822 Vachalim,
2997 1753 3270 1825 Visurgin,
3306 1751 3485 1816 Albin,

413 1848 689 1918 Excepere
718 1853 836 1905 sinu
865 1866 1057 1906 novem
1085 1866 1322 1917 sorores,
2108 1851 2441 1906 Francorum
2468 1859 2523 1905 et
2556 1850 2916 1920 penitissimas
2950 1847 3170 1915 paludes

414 1938 480 1994 Et
508 1949 557 1993 te
585 1940 651 1994 de
678 1943 939 2009 genitrice
967 1924 1291 2011 vagientem.
2108 1944 2359 2007 Intrares,
2390 1943 2778 1998 venerantibus
2809 1939 3124 2005 Sicambris,

415 2030 690 2086 Texerunt
720 2032 900 2087 vitrea:
924 2032 1062 2087 vado
1088 2033 1469 2102 Hippocrenes.
1957 2028 1979 2046 ⁵
2108 2037 2250 2091 Solis
2278 2036 2515 2090 moribus
2548 2037 2688 2090 inter
2712 2050 2858 2087 arma
2885 2043 3049 2088 tutus.

418 2120 566 2175 Tunc
595 2123 693 2176 hac
725 2138 934 2178 mersus
961 2139 1096 2193 aqua
1130 2125 1367 2192 loquacis
1392 2125 1568 2191 undas,
2114 2128 2192 2181 Tu
2225 2128 2499 2186 Maeotida,
2530 2125 2858 2194 Caspiasque
2888 2134 3094 2193 portas,

415 2217 522 2270 Pro
548 2215 710 2269 ﬂuctu
744 2230 898 2286 mage
927 2216 1131 2271 litteras
1156 2217 1355 2272 bibisti.
1916 2256 1917 2259 η
2111 2220 2190 2273 Tu
2224 2221 2379 2274 lituis
2410 2220 2641 2286 equitata
2673 2218 2859 2271 Bactra
2895 2214 3106 2268 Parthis

418 2306 568 2360 Tunc
597 2319 652 2361 tu
671 2306 781 2375 jam
806 2321 940 2375 puer
965 2310 1140 2373 aptior
1168 2309 1445 2377 magistro,
2112 2314 2377 2365 Constans
2404 2312 2809 2379 intrepidusque
2840 2310 2918 2362 sic
2951 2308 3157 2370 adires,

417 2397 681 2466 Quidquid
712 2397 993 2453 rhetorica;
1023 2398 1401 2463 institutionis,
2115 2405 2181 2456 llt
2215 2406 2347 2456 fastu
2377 2404 2551 2471 posito
2582 2402 2835 2455 tumentis
2866 2402 3024 2461 aulw,
3078 2464 3081 2473 η

418 2488 577 2559 405
604 2488 871 2559 Quidquid
897 2492 1318 2560 grammaticalis
1341 2500 1433 2546 aut
1465 2493 1710 2562 palestra!
1741 2502 1843 2555 est,
2112 2498 2212 2563 Qui
2242 2513 2403 2566 supra
2435 2510 2678 2565 satrapas
2706 2484 2857 2549 sedet
2884 2504 3158 2563 tyrannus,

421 2582 567 2636 Sicut
591 2582 701 2652 jam
735 2591 887 2638 tener
914 2583 1194 2649 hauseras,
1229 2586 1449 2641 vorasti.
2115 2591 2349 2653 [luctans
2377 2591 2672 2645 semideum
2704 2587 3163 2657 propinquitates.

420 2677 485 2730 Et
511 2677 702 2746 jam'te
730 2679 851 2732 aula
880 2679 1018 2743 tulit,
1047 2687 1074 2715 ιι
1106 2679 1328 2747 piusque
1359 2678 1607 2748 princeps
2114 2685 2377 2738 Lunatum
2410 2682 2500 2736 tibi
2531 2682 2771 2735 flecteret
2803 2681 3012 2732 tiaram.

425 2766 566 2821 Inter
594 2769 914 2838 conspicuos
943 2768 1123 2823 statim
1150 2767 1365 2833 locaVit.
2114 2778 2192 2831 Tu
2223 2777 2265 2829 si
2302 2776 2505 2843 publica
2544 2777 2647 2827 fata
2680 2789 2783 2828 non
2814 2779 3061 2827 vetarent

418 2858 749 2913 (Ionsistoria
780 2875 914 2929 quos
945 2859 1183 2929 habent,
1216 2860 1461 2916 tribunos
1490 2880 1501 2913 :
2117 2870 2185 2925 Ut
2217 2871 2433 2941 Byrsam
2470 2878 2699 2936 peteres,
2738 2868 2820 2919 vel
2851 2865 3117 2920 Africanre

420 2947 660 3018 Namque
684 2959 740 3004 et
766 2965 1061 3021 purpureus
1094 2953 1147 3005 in
1176 2967 1303 3008 arce
1335 2953 1484 3023 regni
2114 2962 2345 3018 Telluris
2369 2961 2701 3015 Tanaiticum
2738 2958 2991 3011 rebellem
3029 2974 3041 3009 :

420 3043 661 3098 Prteesse
689 3044 880 3100 officiis
910 3046 1014 3101 tuis
1043 3046 1275 3112 solebat,
2060 3119 2084 3121 _
2117 3053 2411 3108 Confestim
2446 3052 2622 3121 posito
2654 3051 2833 3113 furore
2864 3049 3066 3109 Martis,

422 3134 596 3189 Mores
622 3134 903 3190 nobilitate
928 3136 1069 3205 quod
1103 3138 1397 3192 merebant.
2040 3119 2089 3185 ο
2122 3146 2248 3201 Post
2274 3119 2493 3216 piratica
2526 3144 2717 3198 damna
2750 3141 3045 3197 destinaret

421 3224 650 3279 Tantum
684 3227 933 3282 culminis
957 3238 1011 3281 et
1038 3227 1203 3283 decus
1232 3230 1553 3298 stupendum
2120 3237 2312 3290 Plenas
2340 3234 2607 3291 mercibus
2639 3235 2851 3287 institor
2879 3232 3120 3294 carinas;

424 3316 623 3386 Scripti
648 3319 937 3385 annalibus
959 3320 1199 3374 indicant
1230 3321 1485 3375 honores.
2122 3332 2187 3385 Ει
2214 3344 2308 3399 per
2339 3339 2390 3384 te
2413 3330 2552 3383 bene,
2587 3344 2713 3396 pace
2746 3328 2986 3381 restituta
3011 3367 3025 3392 ,

423 3407 560 3462 Hinc
587 3417 641 3461 tu
672 3409 913 3463 militiam
942 3421 1159 3464 secutus
1186 3411 1438 3479 amplam,
2119 3421 2234 3474 Non
2268 3421 2405 3474 ultra
2438 3420 2569 3473 mihi
2602 3419 2737 3471 bella
2772 3418 3101 3487 navigarent.

423 3505 763 3560 Castrensem
794 3506 1206 3574 ticet’ampliare
1234 3522 1452 3561 censum
1662 3502 1665 3503 ⁷
2190 3509 2305 3564 Jam
2336 3510 2377 3562 si
2404 3509 2540 3562 seria
2572 3508 2705 3562 forte
2738 3508 3113 3563 terminantem
3184 3501 3189 3505 ’

424 3595 528 3651 Per
552 3596 800 3669 suffragia
833 3597 973 3668 justa
1003 3598 1301 3654 debuisses.
2120 3602 2195 3656 Te
2227 3600 2524 3669 spectacula
2553 3609 2810 3669 ceperant
2841 3598 3063 3665 theatri,

423 3692 693 3747 Solemnis
721 3702 899 3746 tamen
928 3693 1204 3747 abstinens
1236 3693 1436 3762 lucelli,
1912 3690 1915 3691 ⁷
2122 3694 2360 3748 Pallebat
2393 3692 2593 3746 chorus
2614 3693 2790 3746 omnis
2814 3692 3132 3746 histrionum
3153 3733 3167 3754 ,

425 3783 590 3839 Fama
620 3785 738 3855 plus
768 3785 1004 3855 locuples
1033 3785 1253 3840 domum
1283 3785 1491 3853 redisti,
2121 3788 2395 3854 Tanquam
2427 3786 2470 3839 si
2499 3780 2838 3850 Arcitenens,
2872 3800 3173 3855 novemque
3204 3784 3370 3841 Musas

424 3878 606 3935 Solum
637 3880 780 3951 quod
808 3881 1035 3935 dederas
1067 3890 1215 3935 tuum
1242 3880 1497 3951 putando.
2032 3869 2035 3872 ⁴
2124 3881 2350 3947 Propter
2377 3879 2574 3947 pulpita
2599 3877 2810 3946 judices
2834 3877 3102 3933 sederent.

498 3971 629 4027 Tum
654 3974 697 4028 si
729 3973 865 4030 forte
897 3975 992 4029 fuit
1017 3974 1160 4045 quod
1183 3976 1476 4047 imperator
2034 4036 2038 4041 ,
2123 3971 2316 4027 Coram
2346 3980 2398 4027 te
2425 3982 2445 4007 ο
2479 3971 2812 4037 Caramalus,
2845 3979 2935 4026 aut
2958 3970 3230 4028 Phabaton

498 4158 522 4184 θ
551 4146 697 4224 Plae.
733 4148 1133 4224 Valentinianus
1152 4190 1168 4214 ,
1198 4165 1226 4203 a
1263 4165 1371 4220 quo
1398 4151 1645 4224 tribunus
1688 4161 1741 4208 et
1773 4153 2015 4209 notarius
2125 4153 2425 4219 clamosum,
2451 4154 2696 4224 expositio
2722 4161 2910 4217 tanta;
2940 4163 2993 4209 et
3020 4142 3253 4207 incertus
3274 4162 3465 4209 auctor
3482 4154 3550 4211 de
3572 4154 3711 4211 Pan-

426 4222 479 4273 in
510 4220 831 4274 consistorio
870 4218 1192 4274 Consentius
1220 4218 1433 4275 creatus
1472 4232 1574 4276 est.
1605 4223 1661 4277 ln
1689 4225 2015 4279 consistorio
2127 4225 2347 4277 tomimo
2378 4218 2417 4277 εν
2515 4218 2523 4224 ’
3395 4228 3400 4234 “

426 4290 569 4342 enim
599 4289 852 4357 principis
881 4289 1175 4344 militabant
1207 4290 1402 4345 tribuni
1432 4300 1487 4345 et
1514 4294 1726 4357 notarii.
1760 4296 1795 4348 Ι.
1826 4295 1862 4347 2
1885 4295 2009 4349 cod.

426 4341 637 4430 'j‘heod'.
653 4341 1097 4430 rdetPrimicerio
1122 4341 1177 4413 et
1200 4341 1484 4430 sitiat-iis?
1503 4341 1795 4428 inscriptio
1824 4341 2015 4418 {mili};
2246 4341 2929 4430 Τοιξλίὲἓέῖίὲ,πέζῗᾞξξῖξῗῖὲἷῖ
2945 4344 3096 4430 ἶξξῗηξ
3109 4341 3354 4430 Ριίξξξῖξῃδ
3368 4352 3446 4390 "5
3469 4353 3565 4403 θθίρ
3618 4414 3621 4417 .

429 4403 932 4482 ῥὲἑιῖῐιῖιῖῐίίεῖἑὲἐὶξέ
941 4403 2015 4495 1“13'sregiaregia"Easéisfsatb'

2311 4405 2427 4461 Quae
2449 4404 2559 4452 facit
2581 4403 2808 4453 articulos
2842 4418 2930 4453 ore
2954 4405 3134 4455 silente
3159 4404 3308 4467 loqui.

684 4497 1030 4578 T‘RlBliNllS
1051 4500 1161 4578 ,ΕἸξ
1196 4500 1557 4578 ΝΟΤΑΒΙυξ
1580 4502 1873 4578 MEBUIT._
2047 4567 2090 4578 _
2124 4507 2269 4561 Artis
2301 4505 2765 4578 auctoresRomm
2789 4550 2803 4571 ,
2836 4508 3055 4575 Augusti
3091 4507 3454 4573 temporibus,
3489 4506 3714 4578 Pylades

500 4566 841 4651 lt‘Theodosii
864 4569 1096 4651 junioris
1122 4571 1476 4651 Attg.._flliam
1517 4572 2014 4651 Eudox‘iam‘dttxe-
2041 4567 2097 4628 D
2120 4587 2174 4633 et
2207 4578 2499 4651 Bathyllus.
2533 4576 2663 4630 Nam
2704 4566 2823 4651 cum
2859 4566 3069 4651 veteres
3096 4566 3215 4651 ipsi
3239 4566 3494 4651 canerent
3528 4566 3579 4632 ἐι
3610 4578 3714 4631 sal-

428 4648 509 4715 rat
539 4637 960 4715 Valentinianus.
1008 4641 1089 4715 Ad
1122 4637 1483 4715 Theodosium
1530 4657 1661 4715 ergo
1684 4645 1755 4698 'in
1796 4645 2016 4702 Oriente
2121 4656 2319 4710 tarent,
2342 4637 2394 4701 hi
2419 4648 2642 4701 chorum
2668 4657 2722 4702 et
2750 4649 2978 4703 fistulam
3009 4649 3107 4703 sibi
3133 4637 3429 4712 praecinere
3453 4648 3713 4713 fecerunt,

430 4710 1129 4798 legatumaYalentiniano
1154 4710 1638 4798 Consentiumfit',
1671 4724 1726 4798 et
1763 4715 2014 4798 idoneum
2126 4731 2178 4798 ut
2210 4719 2710 4798 trathtnt_Lucian_us
2733 4725 2849 4793 Περὶ
2874 4710 3165 4798 ὀρχήσεως
3188 4719 3449 4798 Eusebius
3471 4719 3521 4773 iu
3547 4710 3715 4773 Chroi-

428 4779 593 4834 fuisse
613 4780 702 4862 qui
724 4783 787 4833 ad
813 4780 1051 4862 Francos
1071 4784 1220 4853 item,
1249 4784 1461 4853 Persas,
1487 4778 1758 4843 Vandalos
1778 4788 2016 4858 aliosque
2127 4790 2282 4854 nico,
2315 4790 2559 4845 Zosimus
2592 4790 2681 4843 lib.
2717 4807 2767 4852 ι,
2796 4778 2853 4844 'et
2890 4778 3005 4862 5m;
3029 4778 3504 4862 Pantomimorum
3536 4798 3713 4862 autem

428 4860 933 4932 regeg‘mttteretur.
1071 4906 1090 4932 ._
1467 4927 1479 4932 Δ
1818 4898 1821 4901 ι
2124 4870 2201 4915 tot
2250 4871 2403 4916 erant
2431 4868 2747 4930 argumenta
2798 4868 2927 4929 quot
2974 4860 3170 4914 fabulae
3211 4860 3713 4932 poetarutnanulla

504 4931 526 4959 ο
556 4919 1306 5001 Nobiliumnpantomimorum
1336 4927 1588 5001 nomina;
1620 4944 1847 4999 quorum
1884 4931 2017 4987 alte-
2124 4933 2263 4985 enim
2299 4941 2411 4987 erat
2437 4919 2594 5001 quam
2621 4946 2725 4985 non
2757 4919 3227 4997 re'prmsentarent'.
3258 4930 3438 5001 Itaque
3467 4919 3714 4982 Sidonius

431 5007 544 5070 '1'!“
567 5034 581 5053 ν
607 4993 664 5070 ,ίά
688 5003 777 5070 ἒὲῑ
805 4992 1162 5070 (ἶπξδιιιθυῑιῐη
1184 4998 1413 5070 ,λιτὶιιάειι
1454 4992 1615 5070 etiam
1639 4992 2017 5058 'Aristzenetus
2123 5005 2319 5057 multas
2344 4992 2593 5061 .Itoc'loco
2618 4992 2893 5065 recenset;
2927 5001 3083 5070 longe
3106 5001 3287 5069 plures
3310 4992 3571 5054 Luciantu
3598 5002 3712 5050 utia-
3743 5001 3747 5009 ‘

430 5062 774 5143 epistolanﬁtiJ
808 5074 860 5118 et
904 5063 1159 5143 Leontius
1200 5067 1572 5124 Scholasticus
1601 5071 1690 5125 lib.
1725 5087 1775 5126 tv
1806 5075 2014 5127 Antbo-
2124 5077 2244 5141 logo
2275 5073 2662 5143 suprascripto.
2693 5062 2996 5143 Cyprianus
3018 5062 3460 5143 tle-spectaculis
3494 5089 3505 5123 :
3553 5070 3715 5143 Nulla
3748 5078 3751 5087 '

428 5133 579 5215 logia;
609 5133 697 5188 25.
733 5135 1414 5215 Ιξξηιρηιίιηίλόρχηᾳταὶ,
1446 5155 1543 5215 ore
1586 5143 2020 5215 tacitogestibus
2125 5133 2258 5215 enim
2296 5133 2524 5215 obscenis
2552 5133 2795 5215 motibus
2822 5142 3044 5195 ntembra
3089 5133 3411 5211 distorquens
3459 5141 3717 5195 desaltarit

428 5206 607 5282 omnia
652 5206 1008 5282 explicabant.
1059 5206 1411 5282 Caééiorlortts
1459 5211 1555 5267 lib.
1596 5226 1646 5265 tv
1688 5232 1699 5266 :
1750 5206 2021 5269 Oi-cliesta-
2126 5213 2580 5270 ercw‘tibidinis
2609 5213 2856 5282 fabulam.

429 5290 543 5328 rum
588 5274 957 5343 loquacissimae
1005 5295 1213 5339 manus.
1264 5280 1487 5351 [ξηραοεὶ
1536 5284 1717 5353 digiti,
1765 5285 2021 5339 silentium

501 5436 2007 5513 ‘HadrianusVplesiusJier.Frattcic.Iib.v,pag?22|,
2121 5452 2204 5499 est
2246 5443 2493 5513 paludem
2541 5441 2882 5513 Austrinam,
2932 5439 3161 5513 dictum;
3212 5456 3367 5510 quem
3417 5455 3445 5494 a
3496 5438 3718 5513 Claudio

430 5524 536 5584 non
567 5508 843 5584 Tuncrum.
864 5510 1070 5584 flumen
1102 5507 1397 5584 Omnibus.
1416 5520 1472 5566 ut
1501 5513 1614 5584 ipse
1655 5507 1756 5575 ait,
1780 5507 2008 5584 géogra;
2124 5507 2415 5570 Ptolemaeo
2445 5514 2497 5568 in
2522 5513 2807 5584 Germania
2833 5512 2972 5584 inter
2998 5507 3242 5584 Rhenum
3260 5523 3325 5584 et
3351 5507 3719 5584 ﬂumenautio

432 5582 550 5650 phis
570 5592 622 5651 et
641 5580 906 5637 historicis
923 5579 1182 5651 ignomm,
1212 5582 1305 5637 sed
1334 5581 1544 5636 Vicrum
1573 5583 1719 5651 legit.
1757 5579 2016 5640 r'Estau-
2125 5586 2261 5640 sium
2296 5587 2523 5647 positum
2543 5625 2558 5649 ,
2596 5582 2726 5636 vitio
2755 5581 3148 5650 exemplarium
3179 5582 3394 5637 Vidrutn
3432 5598 3526 5649 pro
3560 5579 3719 5634 Vicro

433 5649 537 5724 tem
582 5649 745 5724 Vicer,
776 5649 966 5722 inquit,
999 5651 1240 5707 Francia:
1263 5649 1665 5724 transrhenana:
1694 5658 1888 5721 amnis,
1918 5671 2015 5722 op.
2124 5655 2404 5724 appellari,
2439 5666 2493 5709 et
2523 5655 2786 5724 hodieque
2822 5653 3044 5708 Vectnm
3081 5654 3258 5707 vocari
3288 5652 3713 5709 animadverto.»

432 5721 613 5793 pidum
639 5723 720 5776 sui
754 5721 983 5780 nominis
1010 5726 1295 5793 attingens,
1325 5724 1485 5793 vulgo
1511 5723 1885 5794 Zuiderseum,
1914 5726 2015 5784 hoc

1010 5726 1295 5793 attingens,
1325 5724 1485 5793 vulgo
1511 5723 1885 5794 Zuiderseum,
1914 5726 2015 5784 hoc
2126 5721 2451 5781 -ἔΙίειυΝιυς
2483 5726 2516 5780 Ι.
2544 5740 2592 5781 (·.
