4072 6348
254 355 369 409 737

250 467 472 525 Clansis
498 464 761 525 faucibus,
787 473 841 519 et
867 467 1122 536 loquente
1149 475 1323 536 gestu,

253 544 429 633 Nutu,
459 575 639 625 crure,
671 574 843 630 genu,
877 575 1056 625 manu,
1091 568 1291 628 rotatu,

252 657 407 711 Toto
438 656 489 710 in
519 655 796 711 schemate
824 654 906 707 vel
933 654 1099 708 semel
1126 648 1335 709 latebit.

254 748 425 820 M7
458 746 583 803 Sive
612 742 843 808 Eetias,
873 752 928 797 et
954 758 1083 798 suus
1111 744 1276 800 Jason

254 836 597 893 lnducuntur
624 833 720 899 ibi,
753 832 1007 903 ferusque
1039 832 1253 901 Phasis,

257 929 401 997 Quis
422 928 599 997 jactos
627 938 792 995 super
819 939 947 979 arva
974 923 1175 980 Colcha
1206 924 1401 982 dentes

257 1020 517 1091 Expavit,
551 1015 837 1072 fruticante
862 1031 982 1071 cum
1014 1015 1196 1071 duello

260 1112 444 1181 Spicis
467 1107 672 1179 spicula
694 1108 861 1162 mixta
892 1107 1239 1163 ﬂuctuarent.

260 1204 397 1260 Sive
430 1200 654 1272 prandia
679 1200 798 1270 quis
826 1199 992 1256 refert
1016 1200 1269 1272 Thyesta:

261 1298 380 1352 Seu
406 1304 615 1350 vestros
644 1292 939 1348 Philomela
980 1303 1130 1349 torva
1158 1294 1432 1364 planctus,

262 1388 608 1455 Discerptum
635 1393 726 1439 aut
755 1398 1002 1454 puerum,
1034 1386 1320 1456 cibumque
1354 1387 1555 1443 factum

264 1479 503 1548 Jamjam
524 1476 772 1548 conjugis
801 1476 1210 1533 innocentioris.

264 1570 377 1625 Seu
409 1575 595 1636 raptus
619 1565 831 1638 Tyrios,
866 1566 1166 1638 Jovemque
1198 1578 1408 1624 taurum

266 1665 468 1733 Spreto
493 1659 717 1716 fulmine
739 1660 913 1716 fronte
935 1663 1055 1731 plus
1081 1663 1396 1723 timendum.

268 1746 381 1815 Seu
407 1756 567 1812 turris
595 1756 776 1811 Danae
803 1749 1035 1811 refertur
1059 1758 1166 1812 illic
1184 1800 1198 1823 ,

267 1852 404 1905 Cum
437 1850 662 1904 multum
697 1848 876 1919 pluvio
905 1850 1072 1919 rigata
1105 1866 1267 1908 censu
1294 1862 1396 1918 est,

270 1945 420 2000 Dans
447 1944 567 2013 plus
598 1957 757 1998 aurea
788 1943 922 1997 furta
951 1960 1109 2014 quam
1140 1946 1373 2000 metalla.

269 2037 381 2092 Seu
406 2035 605 2091 Ledam
635 2035 753 2105 quis
782 2035 910 2106 agit,
936 2035 1309 2108 Phrygemque
1337 2040 1601 2108 ephebum

270 2128 477 2196 Aptans
506 2126 572 2180 ad
594 2126 849 2199 cyathos,
881 2126 1005 2181 facit
1034 2130 1235 2182 tonanti

269 2221 445 2278 Succo
477 2219 709 2274 nectaris
731 2232 852 2274 esse
874 2204 1188 2274 dulciorem.

268 2309 378 2365 Seu
407 2310 628 2365 Martem
659 2300 877 2367 simulat
898 2312 1058 2367 modo
1082 2313 1135 2367 in
1165 2322 1383 2370 catenas

270 2402 489 2458 nissum
520 2402 858 2470 Lemniacas,
893 2404 1053 2459 modo
1079 2415 1171 2460 aut
1200 2407 1415 2476 repulso

269 2495 525 2551 Formam
559 2495 786 2565 imponit
811 2497 949 2567 apri,
980 2508 1246 2568 caputque
1272 2502 1424 2556 setis.

271 2586 344 2641 Et
372 2597 579 2657 tergum
605 2596 854 2657 asperat,
886 2589 1217 2657 hispidisque
1248 2592 1403 2647 malis

269 2678 429 2735 sze
455 2680 702 2733 incurvat
724 2679 878 2748 ebur,
914 2680 997 2734 vel
1026 2680 1115 2736 ille
1141 2682 1291 2755 ﬁngit

264 2800 270 2806 ’
316 2806 366 2855 »⁸
402 2796 732 2852 Circensium
767 2795 909 2849 Plac.
939 2794 1295 2851 Valentiniani
1324 2815 1599 2855 nummum
1628 2802 1859 2859 vidimus

269 2883 391 2943 cum
418 2867 783 2943 Vicennalium
835 2867 952 2943 ejus
999 2877 1143 2923 nota.
1195 2869 1298 2943 Sed
1328 2870 1378 2943 _ii
1419 2872 1613 2943 publici
1660 2885 1713 2929 et
1764 2890 1857 2930 so-

268 2941 477 3012 l_e_mne_s
509 2938 631 3012 ludi
675 2945 858 3012 erant,
904 2937 953 2990 hi
983 2954 1111 3012 vero
1151 2941 1374 3012 privati;
1416 2940 1555 2997 sicut
1594 2947 1857 3012 privatum

269 3009 543 3084 Elagabali
587 3010 982 3084 spectaculum,
1039 3011 1197 3081 158
1255 3011 1306 3065 in
1355 3028 1462 3080 quo
1516 3009 1855 3084 Lampridius

269 3090 455 3136 narrat
490 3080 734 3148 junxisse
780 3079 927 3133 illum
973 3079 1207 3135 camelos
1236 3079 1525 3147 quaternos
1556 3086 1620 3137 ad
1650 3079 1855 3143 'currus
1914 3090 1917 3097 ’

268 3151 322 3205 in
366 3151 531 3207 circo.
566 3150 619 3205 In
650 3149 875 3220 publicis
913 3151 1114 3219 agitare
1150 3152 1399 3208 solebant
1431 3156 1716 3221 promiscui
1760 3174 1854 3212 au-

268 3224 401 3291 rigze
440 3221 721 3295 factionum
754 3221 1107 3295 circensium;
1143 3224 1194 3275 in
1235 3224 1455 3295 privatis
1498 3226 1704 3281 nobiles
1735 3229 1851 3295 ple-
1882 3227 1929 3292 C

271 3307 503 3361 rumque
530 3307 594 3345 ac
624 3292 885 3362 principes
926 3292 1026 3361 ipsi
1057 3293 1465 3362 exercebantur,
1511 3306 1566 3350 ut
1598 3296 1698 3352 hoc
1737 3292 1854 3355 loco

271 3366 500 3434 juvenes
520 3361 699 3434 aulici.

342 3433 371 3505 ιτ
407 3435 593 3489 Sortes
628 3433 681 3487 in
719 3435 862 3505 circo
890 3434 957 3487 ad
998 3434 1318 3490 electionem
1356 3436 1709 3505 ducebantur,
1745 3449 1854 3495 tum

269 3504 409 3576 loci,
454 3512 563 3576 tum
606 3504 1006 3576 quadrigarum.
1057 3506 1130 3560 De
1169 3507 1543 3576 quadrigarum
1588 3509 1857 3567 electione

266 3574 623 3647 Symmachus
646 3583 888 3647 testatur,
922 3575 1013 3628 lib.
1048 3592 1099 3643 x,
1127 3574 1219 3634 ἓξ.
1251 3574 1411 3640 Malo,
1444 3579 1648 3647 inquit,
1678 3585 1852 3645 fremi-

268 3643 382 3719 tum
410 3643 618 3719 μω·ιὶκ
642 3645 788 3719 vallis
816 3661 1068 3719 exponere
1091 3688 1105 3712 ,
1134 3657 1297 3719 atque
1313 3647 1461 3701 illam
1487 3643 1858 3719 quadrigarum

263 3718 711 3778 distributionem,
762 3716 815 3767 in
851 3733 951 3784 qua
990 3716 1084 3769 sibi
1126 3716 1241 3771 cum
1276 3716 1567 3788 fortunatus
1603 3716 1857 3776 videretur

264 3789 353 3840 cui
388 3787 828 3860 electionemntox
863 3804 991 3840 urna
1020 3787 1391 3857 tribuebatpar
1417 3792 1492 3843 vel
1521 3794 1689 3860 potior
1715 3804 1851 3855 erat,

263 3873 428 3930 quem,
452 3872 561 3930 sors
596 3856 794 3930 fecisset
828 3868 1127 3930 eajtremmn.
1162 3856 1621 3929 Quoties'sequenti
1660 3864 1856 3930 primus

264 3928 494 4001 invidit?
515 3925 687 3980 Dubia
712 3936 783 3981 est
812 3928 942 4001 enim
965 3930 1124 3998 Optio,
1153 3947 1269 4001 cum
1297 3931 1362 3983 de
1386 3925 1637 3985 similibus
1650 3925 1859 4001 judica-

266 4008 373 4072 tur.
398 3997 496 4053 Ubi
530 3997 1012 4072 aperteoptionem
1039 4000 1387 4072 sortedatam
1413 4001 1573 4065 dicit;
1603 3997 1696 4057 sed
1727 4020 1858 4072 qua-

266 4068 451 4140 drigas
485 4083 514 4121 a
555 4068 858 4122 Theodosio
906 4070 1095 4140 missas
1134 4069 1269 4125 adeo
1311 4079 1627 4140 praestantes
1669 4068 1858 4128 omnes

266 4138 469 4200 fuisse,
502 4147 556 4192 ut
589 4153 709 4192 sors
750 4141 921 4207 primo
960 4139 1089 4194 nihil
1127 4138 1374 4196 conferre
1402 4141 1690 4207 videretur,
1733 4159 1856 4198 cum

266 4210 360 4283 illa
385 4208 684 4283 ambiguam
714 4210 999 4283 redderent
1024 4215 1315 4281 0ptionem.
1344 4212 1447 4269 Sed
1478 4213 1851 4283 quadrigarum

270 4279 468 4352 electio
499 4295 836 4352 nott‘semper
861 4281 958 4335 fuit
980 4282 1031 4335 in
1060 4279 1186 4347 iisu;
1214 4284 1313 4338 loci
1342 4298 1611 4352 nunquam
1636 4279 1855 4340 oinissa.

267 4349 403 4404 Nam
432 4351 574 4423 apud
583 4350 885 4423 Homerum
912 4351 1056 4406 Iliad.
1084 4354 1174 4414 25.
1202 4349 1520 4423 Sophoclem
1544 4354 1596 4408 in
1625 4356 1855 4420 Electra.

267 4423 503 4475 Statium
534 4420 839 4494 Thebaidos
867 4439 947 4487 vt,
982 4425 1101 4494 quia
1136 4420 1337 4479 Heroes
1366 4425 1569 4494 antiqui
1600 4440 1728 4480 suos
1759 4428 1857 4494 ipsi

272 4506 459 4565 currus
491 4493 725 4565 agitant,
742 4492 908 4548 solius
930 4492 1032 4549 Ιοόὶ
1064 4493 1122 4548 fit
1150 4495 1382 4550 sortitio.
1416 4492 1543 4551 item
1572 4497 1710 4565 apud
1739 4492 1860 4551 Vir-

269 4563 456 4631 gilium
495 4562 547 4614 in
592 4562 796 4616 ludrico
835 4566 1005 4618 navali
1035 4565 1293 4621 Aineidns
1324 4583 1379 4630 v,
1409 4565 1538 4620 Tum
1577 4562 1690 4621 loca
1725 4580 1859 4622 sorte

269 4634 469 4703 legunt.
513 4632 651 4686 Loca
692 4642 867 4688 autem
907 4635 1020 4690 haec
1048 4635 1099 4690 in
1130 4638 1274 4691 circo
1307 4652 1458 4691 erant
1493 4640 1628 4692 ostia
1658 4640 1769 4707 ipsa
1800 4648 1856 4695 et

268 4718 514 4776 carceres
537 4718 792 4776 equorum
820 4723 831 4756 :
859 4707 927 4759 ita
952 4716 1010 4759 ut
1034 4708 1254 4774 primus.
1278 4718 1367 4761 aut
1390 4709 1655 4763 secundus
1682 4712 1849 4776 locus,

268 4774 400 4828 nihil
419 4773 564 4827 aliud
583 4775 758 4840 fuerit,
776 4790 932 4844 quam
956 4773 1182 4844 primum
1200 4787 1291 4830 aut
1314 4782 1607 4833 secundum
1631 4773 1849 4835 ostium.

269 4845 592 4898 (lniisentius
642 4861 801 4915 ergo,
847 4863 1005 4913 quem
1056 4848 1282 4915 primum
1335 4864 1466 4903 urna
1512 4861 1755 4913 vocarat,
1800 4861 1855 4907 et

266 4930 471 4987 axem,
498 4915 597 4968 hoc
638 4924 721 4969 est
748 4917 1034 4987 quadrigas
1077 4917 1257 4986 eligit,
1294 4928 1347 4972 et
1388 4921 1614 4984 primum
1656 4923 1851 4976 ostium

266 4986 605 5061 ingreditur:
641 4996 758 5061 post
784 5002 905 5040 eum
941 4986 1129 5061 reliqui
1168 4988 1270 5042 alia
1290 4988 1555 5061 deinceps
1584 5007 1681 5044 suo
1706 4996 1852 5061 quis-

266 5071 375 5122 que
411 5056 621 5109 ordine.
654 5058 761 5109 tlnr
790 5067 965 5112 autem
999 5056 1355 5127 in’ca'piendis
1385 5056 1515 5115 locis
1555 5076 1671 5116 sors
1700 5056 1854 5117 adhi-

269 5127 491 5180 hi-retur
521 5140 736 5180 causam
776 5128 969 5193 innuit,
999 5147 1103 5184 non
1130 5131 1361 5197 explicat
1382 5130 1617 5186 Donatus
1643 5133 1709 5186 ad
1738 5133 1854 5187 Vir-

267 5197 378 5271 gilii
412 5197 762 5271 verba,un
805 5199 1045 5266 proxime
1090 5201 1368 5255 citavimus
1400 5220 1412 5252 :
1448 5201 1567 5256 Non
1607 5212 1714 5271 est,
1745 5205 1849 5268 ait,
1878 5198 1881 5199 ⁷

272 5270 407 5338 idem
439 5267 583 5321 labor
616 5269 669 5320 in
694 5269 911 5338 singulis
941 5272 1101 5336 locis;
1133 5281 1179 5325 et
1206 5273 1323 5325 inde
1348 5288 1458 5326 sors
1482 5267 1767 5336 adhibetur,
1799 5267 1853 5329 ut

270 5337 385 5404 ﬁeri
412 5341 666 5393 consuevit
696 5341 747 5392 in
768 5337 924 5407 circa,
958 5360 1020 5396 ne
1045 5346 1108 5396 sit
1139 5345 1191 5396 in
1218 5343 1540 5398 ordinatione
1575 5346 1848 5399 contentio.

268 5407 381 5461 Cur
415 5410 557 5486 enim
603 5425 706 5462 non
741 5410 882 5486 idem
916 5422 1002 5486 est
1036 5414 1219 5468 labor?
1258 5414 1378 5469 Ideo
1417 5416 1699 5480 nimirum,
1731 5418 1852 5486 quia

270 5494 381 5553 non
416 5479 557 5534 idem
601 5490 717 5534 erat
751 5497 779 5533 a
818 5484 1038 5553 singulis
1077 5486 1227 5539 ostiis
1256 5486 1319 5537 ad
1354 5496 1549 5541 metam
1578 5479 1807 5553 spatium
1838 5507 1849 5542 :

268 5548 365 5602 scd
406 5566 435 5603 a
469 5554 642 5619 primo
672 5558 877 5606 rectum
906 5548 979 5610 ac
1009 5556 1379 5610 hrevissimmn
1419 5557 1487 5612 ab
1518 5548 1703 5612 ulti-mo
1733 5560 1852 5613 lon-

266 5620 568 5696 gissimutn.
599 5621 775 5690 Quare
805 5640 909 5692 quo
937 5624 1055 5694 quis
1086 5628 1343 5680 remotior
1368 5643 1397 5680 a
1430 5629 1602 5696 primo
1636 5644 1853 5683 cursum

266 5690 458 5756 inibat,
484 5693 584 5745 hoc
608 5690 844 5763 longiori:
867 5690 1038 5763 spatio
1064 5697 1351 5761 ferebatur,
1378 5690 1552 5753 et'via:
1574 5716 1634 5752 ac
1657 5700 1854 5755 laboris

266 5764 389 5833 plus
416 5763 663 5841 habebat.
698 5763 774 5817 Ex
798 5782 902 5832 quo
930 5771 1085 5841 etiam
1114 5776 1273 5841 patet,
1307 5783 1400 5822 cur
1432 5771 1497 5841 in,
1516 5770 1711 5825 Dioclis
1738 5774 1851 5841 agi-

267 5834 462 5891 tatoris
486 5835 643 5893 laude
673 5847 836 5906 ponat
862 5850 1013 5895 vetus
1035 5834 1333 5908 itncriptio,
1362 5840 1504 5910 quod
1527 5857 1701 5899 suum
1728 5834 1856 5905 Qa.-

1741 354 2065 411 CAllMINA.

1891 481 1943 538 Α
1973 470 2174 523 llirtam
2202 470 2358 525 dorsa
2386 475 2573 545 feram,
2608 480 2844 547 repanda
2873 482 2977 538 tela

3449 380 3551 438 738

1969 564 2035 614 At
2064 562 2167 614 ritu
2196 562 2414 617 assiduo
2439 570 2887 628 cacuminantem.

1971 659 2076 710 Seu
2103 656 2317 711 Perseia
2344 662 2501 730 virgo
2520 664 2782 721 vindicata

1968 748 2082 802 Illic
2109 748 2313 802 luditur
2336 750 2503 821 harpe
2533 756 2826 827 conjugali,

1965 840 2070 894 Seu
2104 842 2244 910 quod
2273 845 2531 901 carminis
2556 858 2715 917 atque
2740 851 3036 909 fabularum

1965 932 2156 989 Clausa
2188 936 2253 991 ad
2287 936 2542 1007 Pergama
2571 941 2660 996 dat
2688 944 2914 1001 hilustre
2944 949 3160 1007 bellum.

1965 1026 2103 1092 Quid
2137 1028 2310 1083 dicam
2342 1031 2719 1103 citharistrias,
2754 1038 3057 1106 choraules,

1967 1117 2178 1185 Mimos,
2212 1121 2610 1191 schmnohatas,
2642 1128 2965 1198 gelasianos,

1965 1211 2129 1283 408
2160 1212 2391 1279 Cannas,
2418 1217 2641 1286 plectra,
2661 1221 2834 1290 focos,
2869 1226 3071 1295 palem,
3108 1229 3410 1301 rudentem,

1965 1303 2163 1357 Coram
2200 1316 2251 1358 te
2282 1306 2609 1375 trepidanter
2635 1311 2949 1381 explicare?

1964 1391 2098 1447 Nam
2129 1404 2155 1430 υ
2186 1394 2534 1452 Circensibus
2565 1400 2679 1468 ipse
2701 1411 2900 1470 quanta
2929 1404 3070 1460 ludis

1965 1486 2151 1542 Victor
2176 1492 2411 1559 gesseris
2434 1493 2710 1549 intonante
2734 1495 2923 1564 Roma,

1966 1580 2166 1635 Laetam
2195 1596 2288 1650 par
2318 1582 2414 1638 fuit
2440 1599 2664 1641 exarare
2694 1603 2921 1645 musam.

2035 1681 2201 1736 Janus
2228 1684 2364 1739 forte
2390 1701 2518 1741 suas
2542 1687 2748 1743 bifrons
2773 1690 3059 1761 calendas,

1969 1783 2106 1836 Anni
2140 1792 2376 1851 tempora
2406 1783 2702 1842 circinante
2732 1788 2952 1859 Phtebo,

1892 1857 1941 1917 Β
1970 1886 2269 1942 Sumendas
2301 1887 2567 1943 referebat
2598 1890 2664 1945 ad
2692 1894 2928 1950 curules.

1969 1984 2083 2039 Mos
2110 1996 2193 2040 est
2218 1986 2449 2043 Caesaris
2477 1989 2563 2045 hic
2592 1991 2677 2045 die
2699 1992 2778 2048 bis
2808 2010 2916 2049 uno

1969 2085 2238 2151 (Privatos
2266 2089 2524 2158 vocitant)
2544 2070 2675 2160 para
2686 2074 2743 2146 re
2773 2095 2947 2151 ludos.

1969 2187 2120 2242 Tunc
2144 2189 2613 2258 cmtusjnvenum,
2648 2195 2741 2248 sed
2768 2196 3088 2266 aulicorum,

1969 2287 2083 2342 Elei
2110 2288 2394 2344 simulacra
2428 2299 2577 2346 torva
2605 2296 2778 2363 campi

1968 2384 2197 2442 Exercet
2223 2389 2578 2457 spatiantibus
2608 2395 2901 2466 quadrigis.

1968 2489 2035 2544 Et
2055 2489 2084 2529 ιι
2109 2491 2219 2560 jam
2246 2501 2297 2547 te
2325 2509 2458 2549 urna
2488 2496 2642 2565 petit,
2673 2482 2889 2567 cietque
2919 2516 3091 2557 raucas

1968 2590 2297 2646 Acclamaiio
2324 2593 2548 2648 sibilans
2574 2611 2809 2653 coronae.

1969 2674 2107 2748 Tum
2136 2709 2240 2764 qua
2266 2704 2349 2749 est
2380 2707 2401 2733 ο
2429 2694 2613 2764 janua,
2640 2699 3027 2768 consulumque
3054 2702 3227 2769 sedes,

1972 2821 2253 2888 nntcaner
2278 2823 2431 2888 οεηο
2457 2826 2670 2888 ρυΑιιτο
2697 2826 2871 2865 uissus
2894 2813 3097 2869 vicerit.
3124 2816 3254 2869 Nam
3284 2833 3402 2873 cum
3426 2837 3552 2888 qua-

1973 2878 2109 2957 terni
2152 2878 2261 2957 fere
2304 2881 2804 2957 agitarenso-lerent,
2849 2893 3079 2950 quatuor
3125 2895 3323 2941 tantum
3372 2878 3553 2957 primis

1970 2949 2458 3021 ostiis‘utebantnr.
2496 2950 2647 3006 Unde
2676 2955 2762 3017 qui
2793 2949 2985 3021 quarto
3015 2957 3239 3018 exiliat,
3263 2960 3304 3011 is
3347 2949 3551 3015 summa

1968 3026 2024 3072 et
2052 3019 2236 3093 ultima
2265 3021 2519 3093 quadriga
2544 3019 2981 3093 certamin-cujus
3001 3026 3310 3081 dil'liciltima
3335 3041 3449 3083 erat
3476 3032 3552 3085 vi-

1966 3090 2171 3212 ctoria,2
2186 3090 2302 3157 Quo
2327 3092 2487 3146 etiam
2515 3107 2676 3147 sensu
2698 3090 2905 3149 dictum
2928 3097 2997 3149 sit
3017 3098 3084 3151 ab
3104 3098 3293 3153 Ovidio
3314 3117 3367 3154 ιιι
3395 3106 3551 3157 Amo-

1966 3175 2108 3212 rum.
2191 3181 2203 3212 :

1963 3175 2108 3225 rum,
2136 3175 2203 3214 zz

2084 3254 2187 3317 Hoc
2209 3256 2326 3304 mihi
2351 3257 2599 3317 contingat
2623 3270 2633 3303 :
2657 3269 2795 3305 sacro
2820 3258 2883 3305 do
2906 3272 3106 3309 carcere
3124 3263 3283 3311 missis

2147 3315 2369 3367 Insistam
2389 3317 2498 3366 forti
2519 3315 2691 3366 mente
2713 3321 2967 3369 vehendus
2984 3326 3141 3382 equis.

1960 3399 2115 3461 Idem,
2138 3401 2278 3454 enim
2308 3410 2392 3456 est
2432 3417 2493 3454 ac
2533 3403 2575 3454 si
2616 3402 2759 3456 dicat
2791 3422 2802 3455 ;
2838 3403 2907 3456 Te
2935 3403 3142 3458 favente
3183 3424 3286 3461 non
3317 3410 3551 3468 dubitem

1961 3471 2044 3523 vel
2076 3485 2107 3524 e
2132 3486 2317 3544 sacro.
2349 3473 2398 3525 id
2431 3481 2512 3526 est
2542 3472 2726 3525 ultimo
2760 3484 3015 3544 sextoque
3042 3477 3178 3531 ostio
3209 3479 3400 3535 missus
3431 3497 3550 3537 cet-

1962 3550 2140 3595 tamen
2168 3542 2322 3602 inire.
2356 3556 2419 3596 ac
2446 3544 2672 3612 palmam
2699 3558 2934 3609 sperare.

2041 3613 2198 3682 159
2230 3624 2251 3650 ο
2287 3614 2339 3691 In
2386 3618 2568 3691 prima_
2615 3617 2739 3667 circi
2762 3616 3137 3691 _frontc_janu_a
3176 3632 3291 3691 erat
3331 3638 3430 3691 qna
3464 3625 3549 3678 in-

1962 3697 2178 3759 gressus
2208 3688 2258 3735 in
2292 3685 2517 3759 circum.
2544 3683 2728 3738 dumut:
2762 3687 2921 3737 latera
2954 3687 3074 3740 hinc
3108 3689 3226 3741 inde
3253 3683 3403 3759 sep'ta
3433 3712 3551 3748 car—

1962 3751 2205 3833 ceribus,
2243 3756 2387 3806 senis
2422 3757 2701 3833 utrinque,
2747 3772 2879 3821 quos
2914 3767 3128 3826 cryptas
3172 3751 3356 3827 vocat',
3402 3767 3543 3833 quod

1962 3822 2189 3876 absidati
2225 3833 2433 3885 essent,
2465 3836 2662 3889 pariete
2694 3828 2744 3876 in
2776 3840 2879 3890 qun
2908 3822 3151 3879 carceres
3174 3822 3548 3885 erant'in'l‘or-

1963 3893 2110 3945 niccs
2138 3891 2350 3957 inlicito,
2387 3902 2547 3958 atque
2576 3904 2630 3947 ut
2655 3896 2889 3962 loquitur
2920 3896 3049 3963 ipse,
3086 3898 3363 3954 fornicnto.
3395 3903 3549 3957 Dice-

1963 3963 2159 4017 bantur
2177 3974 2228 4015 et
2253 3972 2437 4028 portat,
2458 3964 2657 4031 janua',
2682 3965 2812 4017 ostia
2837 3966 2985 4029 circi,
3014 3969 3260 4033 quoniam
3288 3972 3370 4023 his
3398 3975 3548 4026 ostiis

1962 4035 2026 4085 ad
2056 4048 2270 4085 cursum
2300 4034 2644 4087 mittebantur
2672 4035 2824 4101 equi;
2858 4045 2913 4087 ut
2942 4045 3127 4090 contra
3148 4082 3160 4101 ,
3195 4055 3439 4096 carceres
3460 4042 3545 4096 di-

1962 4113 2079 4156 ctos
2120 4103 2296 4157 docuit
2340 4103 2538 4165 Varro,
2595 4109 2732 4173 quod
2782 4104 2845 4160 iis
2891 4121 3256 4176 coerceantur,
3310 4127 3376 4164 ne
3424 4113 3546 4169 inde

1964 4182 2186 4245 exeant,
2220 4177 2523 4243 priusquam
2569 4177 2743 4228 mittat
2782 4178 3137 4245 magistratus.
3179 4181 3365 4235 Portas
3392 4194 3547 4239 vocat.

1963 4241 2267 4321 Victor,
2320 4241 2442 4298 cum
2484 4246 2557 4298 ait
2603 4245 2731 4321 ciici
2776 4241 2989 4321 maiimi
3036 4249 3320 4321 duodecim
3366 4264 3545 4321 portas

1963 4314 2149 4389 fuisse.
2181 4316 2381 4389 ianuas
2418 4327 2605 4389 auctor
2634 4318 2871 4383 epistola:
2901 4322 2966 4389 «te
2998 4320 3112 4371 viro
3142 4314 3379 4389 perfecto
3406 4324 3545 4379 inter

1965 4386 2424 4460 pseudepigrapha
2453 4386 2761 4460 Hieronymi
2789 4404 2801 4439 :
2837 4388 3036 4449 Adhuc,
3067 4386 3263 4458 inquit,
3289 4393 3428 4460 prior
3455 4395 3546 4449 illa

1963 4467 2095 4528 {Istat
2124 4460 2176 4509 in
2195 4457 2396 4528 januis,
2428 4458 2511 4528 cui
2538 4473 2677 4525 teque
2706 4476 2801 4511 sua
2828 4461 2993 4528 spatia
3022 4457 3296 4526 debentur:
3326 4472 3379 4516 et
3415 4464 3547 4518 Pau-

1966 4526 2105 4580 linus
2130 4530 2285 4595 epist.
2314 4527 2349 4580 2
2375 4546 2386 4579 :
2419 4527 2541 4581 Non
2562 4532 2807 4582 decursus
2828 4526 3000 4595 siadti,
3026 4532 3118 4584 sed
3144 4533 3432 4600 ingressus;
3460 4550 3547 4586 nec

1963 4607 2197 4677 utmeta,
2228 4600 2316 4651 sed
2339 4600 2624 4677 januancsl.
2653 4600 2956 4677 Eodemque
2987 4601 3154 4677 modo
3170 4603 3327 4677 θῴρας
3349 4602 3543 4657 Gneci.

1963 4668 2167 4745 Qiossa;
2210 4667 2408 4745 nostra:
2442 4687 2461 4745 ἶ
2495 4667 2767 4745 Carceres,
2810 4667 2960 4745 66pm}
2998 4667 3336 4745 ἷπποδρᾲρου.
3385 4676 3547 4736 Πύλας

1964 4739 2271 4812 ljimeriust
2298 4741 2348 4791 ἐκ
2376 4741 2545 4812 πυλᾲῷν
2584 4744 2657 4812 si;
2698 4739 2891 4794 euocati}
2928 4740 3114 4812 δρόμον
3142 4739 3361 4798 ἰῦύύατε.
3398 4746 3544 4798 Ostia

1963 4808 2192 4863 Senator
2222 4809 2313 4863 lib.
2348 4825 2434 4883 tu,
2467 4810 2553 4863 51.
2597 4808 2810 4864 Bissena
2840 4808 2972 4864 ostio
3002 4808 3068 4864 nd
3100 4813 3369 4867 duodecim
3398 4817 3546 4883 signa

1963 4890 2271 4954 posuerunt;
2298 4890 2346 4934 et
2381 4881 2497 4934 sine
2531 4883 2896 4934 controversia
2935 4885 3203 4937 Ausonius
3237 4886 3289 4939 in
3318 4881 3543 4954 cpisiola

1963 4950 2028 5003 ad
2064 4948 2332 5014 Ursulum,
2366 4966 2635 5004 senarium
2666 4968 2947 5007 numerum
2976 4955 3319 5023 significans:

2086 5040 2220 5106 Ostia
2241 5049 2358 5101 quot
2376 5055 2461 5103 pro
2487 5050 2623 5106 parte
2640 5045 2799 5106 aperit
2820 5046 3071 5094 stridentia
3090 5048 3266 5106 circus,

2147 5102 2368 5165 Excepto
2380 5102 2603 5152 medium
2624 5102 2751 5166 quod
2777 5114 2911 5167 patet
2935 5109 2982 5156 in
3011 5108 3236 5156 stadium.

1962 5205 2037 5261 De
2069 5206 2150 5261 his
2172 5206 2313 5282 enim
2344 5221 2617 5282 carcerum
2655 5202 2804 5282 ostiis
2837 5209 3087 5279 loquitur,
3124 5228 3229 5265 non
3257 5214 3323 5267 de
3343 5213 3543 5282 januis,

1960 5292 2103 5351 quas
2126 5292 2220 5351 per
2240 5279 2374 5351 circi
2410 5278 2667 5351 ambitum
2714 5280 2813 5332 sibi
2861 5278 3060 5351 fingunt
3093 5278 3413 5350 interpretes
3447 5278 3547 5339 do?

1960 5348 2204 5402 eti-simi.
2229 5348 2375 5401 Ostia
2402 5348 2544 5403 enim
2570 5364 2865 5414 carcerum,
2894 5348 2956 5404 ut
2976 5353 3177 5407 dictum
3201 5348 3301 5416 est,
3330 5356 3381 5410 in
3402 5358 3545 5410 circo

1961 5422 2201 5473 maximo
2221 5419 2433 5494 luerunt
2462 5420 2680 5494 omnino
2700 5423 2800 5494 “12,
2820 5421 2913 5475 sed
2944 5437 3072 5476 sena
3104 5428 3373 5494 utrinque,
3404 5427 3544 5491 quod

1963 5498 2220 5563 proparte
2234 5489 2369 5543 dixit
2391 5498 2419 5541 Α
2432 5492 2667 5563 usonius.
2689 5492 2984 5563 Septimum
2998 5504 3172 5548 autem
3193 5489 3385 5550 ostium
3399 5489 3543 5563 quod

1962 5560 2181 5633 excipit,
2211 5561 2320 5630 ipsa
2349 5571 2431 5615 est
2458 5562 2585 5615 circi
2614 5560 2776 5630 janua
2793 5604 2806 5627 ,
2834 5579 2953 5633 qua:
2981 5565 3032 5617 in
3068 5566 3245 5619 medio
3271 5560 3543 5620 carcerum

1961 5630 2164 5704 posita,
2214 5634 2264 5685 in
2313 5632 2540 5691 mediam
2571 5635 2700 5687 circi
2734 5630 3064 5689 latitudinem
3102 5637 3333 5703 patebat.
3369 5638 3542 5704 Supra

1955 5700 2170 5768 januain
2207 5714 2382 5775 porro.
2413 5705 2691 5759 consulunt
2724 5706 2910 5771 sedes,
2942 5700 3239 5760 aliorumve
3270 5700 3543 5775 magistra.

1962 5784 2110 5826 tuum
2143 5775 2230 5840 qui
2270 5774 2404 5828 Indis
2437 5776 2807 5842 prmsidehant.
2835 5778 2963 5828 Nam
2992 5786 3046 5828 ut
3074 5777 3351 5830 consulum
3388 5778 3543 5831 sedes

1962 5844 2048 5899 hic
2077 5844 2291 5914 dicitur,
2325 5845 2401 5900 sic
2429 5846 2716 5902 Prwtorum
2740 5847 2878 5900 sedes
2906 5846 3185 5916 Suetonio,
3208 5846 3433 5906 Neronis
3458 5851 3544 5916 ω,
