4068 6348
527 366 626 421 745

530 488 689 542 Victis
716 497 741 524 ι
769 490 846 544 ire
871 488 1080 555 jubens,
1111 486 1240 539 satis
1270 483 1547 551 pudendis,

526 579 675 633 Villis
704 577 1116 633 versicoloribus
1145 585 1370 643 tapetas.

595 667 622 706 δ
646 668 761 722 Jam
790 682 917 720 vero
938 665 1535 735 juvenalihus.peractis

524 761 689 826 Quem
717 769 766 813 te
792 758 1085 827 praebueris
1115 766 1372 826 sequente
1399 757 1449 810 in
1480 772 1615 824 aevo,

526 853 663 904 intra
698 861 718 888 ε
760 850 934 903 aulam
966 850 1135 904 soceri
1170 850 1271 903 mei
1300 850 1568 917 expetitus

522 944 713 998 Curam
740 958 859 997 cum
892 942 1198 1021 moderatus
1226 956 1284 997 es
1318 942 1502 1010 palati,

522 1035 732 1090 Chartis
762 1034 1141 1104 posterioribus
1172 1033 1470 1103 loquemur,

522 1128 576 1183 Si
605 1128 720 1197 plus
748 1126 1077 1195 temporibus
1107 1134 1260 1180 vacat
1288 1124 1500 1178 futuris.

522 1221 670 1275 Nune
691 1218 717 1256 ά
743 1233 899 1288 quam
927 1217 1157 1272 diximus
1184 1215 1626 1285 hospitalitatem,

525 1310 711 1365 Paucis
737 1318 988 1379 personet
1013 1308 1317 1375 obsequens
1341 1305 1550 1361 Thalia.

591 1403 636 1457 Ο
659 1403 831 1456 dulcis
860 1402 1071 1464 domus,
1100 1414 1133 1454 o
1156 1399 1226 1467 pii
1255 1398 1511 1467 penates!

523 1497 669 1562 Quos
700 1508 785 1548 res
813 1491 1045 1547 difticilis
1073 1490 1280 1559 sibique
1306 1488 1531 1550 discors,

525 1587 768 1641 Libertas
798 1584 953 1639 simul
983 1581 1180 1638 excolit
1205 1580 1499 1650 pudorque.

520 1680 567 1732 υ
595 1677 865 1741 convivia,
891 1674 1099 1736 fabulie,
1131 1672 1317 1736 libelli,

527 1772 703 1835 llisus,
737 1772 980 1832 serietas,
1010 1766 1340 1827 dicacitates,
1384 1786 1387 1787 ν

523 1863 808 1924 Occursus,
839 1858 1120 1913 comitatus
1151 1870 1285 1911 unus
1317 1855 1486 1909 idem!

522 1954 627 2007 Seu
656 1950 877 2005 delubra
903 1948 995 2003 Dei
1025 1946 1249 2002 colenda
1283 1946 1456 2009 nobis,

521 2044 643 2098 Sive
679 2042 744 2094 ad
771 2039 1069 2110 pontificem
1099 2038 1295 2106 gradus
1326 2035 1549 2101 fcrcndi,

521 2135 643 2188 Sive
670 2132 734 2186 ad
757 2131 987 2184 culmina
1018 2129 1200 2183 Marcii
1224 2128 1477 2198 Myronis,

522 2226 684 2281 Tecta
714 2224 936 2277 illustria
958 2238 1051 2276 seu
1081 2220 1310 2275 videnda
1341 2220 1455 2274 Livi
1486 2238 1497 2273 :

520 2318 646 2371 Sive
669 2315 735 2368 ad
763 2312 1054 2381 doctiloqui
1084 2312 1279 2366 Leonis
1306 2311 1471 2378 aedes,

520 2409 637 2474 Quo
668 2405 747 2460 bis
775 2419 871 2459 sex
903 2403 1108 2457 tabulas
1137 2402 1363 2457 docente
1391 2402 1549 2470 juris,

522 2501 673 2555 Ultro
701 2496 952 2551 Claudius
980 2495 1185 2565 Appius
1207 2504 1425 2558 taceret,

521 2589 679 2644 Claro
703 2587 980 2641 obscurior
1007 2586 1063 2640 in
1093 2585 1474 2640 decemviratu.

522 2685 593 2733 At
619 2678 664 2732 si
695 2676 840 2731 dicat
866 2690 1016 2744 epos,
1048 2686 1381 2744 metrumque
1410 2672 1693 2745 rhythmis.

522 2772 727 2827 Flectat
754 2768 1104 2835 commaticis,
1139 2777 1354 2822 tonante
1385 2767 1610 2836 plectro,

519 2861 678 2933 413
702 2860 1003 2916 Mordacem
1036 2859 1195 2915 faciat
1222 2858 1383 2913 silere
1416 2858 1696 2918 Flaccum;

519 2952 768 3017 Quamvis
800 2961 918 3021 post
955 2952 1146 3005 satiras
1169 2952 1444 3019 lyramque
1484 2948 1664 3003 tendat

519 3044 606 3097 Ille
635 3042 699 3096 ad
735 3044 1073 3097 Pindaricum
1105 3043 1290 3098 volare
1315 3058 1561 3114 cycnum.

589 3136 693 3188 Seu
720 3150 835 3202 nos,
863 3134 1067 3203 Magne,
1103 3144 1224 3189 tuus
1256 3136 1407 3189 favor
1431 3135 1664 3203 tenebat,

520 3228 696 3281 Multis
723 3227 943 3297 praedite
971 3228 1181 3281 dotibus
1210 3230 1468 3295 virorum,

519 3316 733 3381 Forma,
770 3316 1065 3383 nobilitate,
1098 3310 1307 3383 mente,
1331 3331 1519 3370 censu.

516 3407 677 3476 Cujus
707 3408 749 3460 si
781 3405 956 3459 varios
986 3421 1102 3459 eam
1136 3421 1230 3475 per
1255 3417 1405 3461 actus
1431 3424 1444 3459 :

515 3496 737 3551 Centum
775 3508 829 3551 et
860 3496 1029 3551 ferrea
1060 3498 1221 3551 lasset
1251 3512 1345 3551 ora
1376 3498 1548 3553 laude.

515 3587 795 3651 Constans,
829 3588 1153 3655 ingeniosus,
1186 3588 1500 3659 efficaxque,

514 3680 753 3735 Prudens
779 3680 1001 3745 arbiter,
1030 3681 1257 3749 optimus
1289 3682 1639 3753 propinquus,

514 3770 593 3825 Nil
626 3770 880 3825 fraudans
907 3771 1047 3840 genii
1076 3771 1177 3826 sibi
1203 3772 1287 3826 vel
1320 3772 1428 3839 ulli,

514 3860 797 3930 Personas,
825 3863 937 3916 loca
966 3871 1174 3931 tempus
1205 3863 1483 3917 intuendo.

580 3954 686 4007 Seu
718 3967 815 4006 nos
840 3956 969 4006 atria
996 3963 1172 4008 vestra
1201 3954 1572 4022 continebant,

512 4042 816 4099 Marcelline
843 4059 1014 4111 meus,
1049 4047 1218 4114 perite
1242 4045 1451 4115 legum;

587 4217 612 4244 ι
644 4206 756 4259 Non
803 4205 971 4275 solum
1020 4204 1257 4275 victori,
1292 4204 1385 4258 sed
1414 4206 1565 4259 victis
1609 4208 1766 4261 etiam
1807 4210 2082 4275 praemium

513 4275 726 4342 aliquod
756 4274 928 4325 solatii
960 4288 1118 4326 causa
1150 4274 1263 4325 dari
1295 4289 1410 4326 mos
1451 4275 1565 4328 fuit.
1601 4274 1911 4331 AmbroSius
1941 4281 2032 4334 lib.
2068 4298 2082 4335 ι

512 4348 580 4399 de
611 4343 924 4398 Pteniteutia
946 4384 959 4405 ,
992 4358 1108 4407 cap.
1135 4344 1168 4395 5
1194 4358 1208 4393 :
1247 4342 1383 4394 Nam
1409 4360 1541 4411 sape
1576 4346 1629 4397 in
1658 4346 1753 4397 hoc
1777 4349 2083 4404 athletarth

512 4414 746 4467 sweuluri
775 4412 1047 4484 certamine
1080 4413 1232 4484 etiam
1261 4413 1663 4484 _victos.quornm
1693 4416 1879 4484 fuerint
1914 4430 2080 4472 certa-

512 4488 648 4536 mmo
681 4481 910 4547 probata,
934 4479 1110 4548 vulgus
1134 4481 1393 4533 hominum
1417 4479 1527 4535 cum
1549 4479 1816 4538 victoribus
1837 4502 2079 4542 coronare

511 4551 799 4613 consuevit,
843 4552 1061 4602 maxime
1096 4566 1219 4618 quos
1262 4552 1476 4615 viderit,
1523 4562 1609 4604 aut
1650 4558 1779 4620 forte
1834 4558 1950 4609 dolo
1994 4571 2081 4611 aut

1779 362 2020 418 SlDONlI
2064 362 2516 429 APULLINAHIS

2116 484 2171 542 Α
2195 482 2293 548 Qui
2325 498 2480 535 verax
2515 483 2690 549 nimis,
2721 491 2775 537 et
2806 482 2960 536 nimis
2992 496 3230 547 severus,

3673 364 3788 419 7N

2199 582 2369 644 Aeper
2395 576 2630 630 erederis
2652 590 2772 630 esse
2801 576 3057 630 nescienti
3088 592 3101 637 ;

2199 669 2264 721 At
2292 666 2336 721 si
2365 676 2415 722 te
2438 668 2574 722 bene
2594 668 2854 737 quispiam
2886 667 3149 734 probavit,

2198 756 2380 811 Noscit
2405 757 2529 825 quid
2554 759 2681 811 velit
2711 758 2824 826 ipse
2852 757 3115 825 judicare.

2199 850 2330 905 Nam
2361 865 2625 919 nunquam
2655 850 2847 905 metuis
2875 851 3015 920 loqui
3045 849 3185 919 quod
3217 864 3428 917 aequum
3457 857 3561 914 est,

2198 942 2257 996 Si
2286 950 2337 995 te
2359 942 2500 1007 Sylla
2532 952 2758 1010 premat,
2786 942 3034 1012 ferusque
3055 940 3231 997 Carbo
3262 958 3275 1005 ;

2197 1033 2253 1087 Si
2285 1033 2462 1088 tristes
2491 1033 2660 1098 Marii,
2690 1043 2971 1105 trucesque
2995 1032 3200 1097 Cinnae,

2198 1124 2266 1179 Et
2293 1125 2335 1177 si
2366 1124 2499 1179 forte
2531 1133 2676 1179 tuum
2705 1134 2863 1195 caput
2891 1126 3133 1195 latusque

2201 1215 2562 1271 Circumstant
2589 1216 2752 1285 gladii
2785 1217 3163 1272 triumvirales.

2267 1308 2372 1362 Seu
2399 1321 2496 1362 nos
2523 1306 2765 1377 Limpidii
2795 1307 2935 1362 lares
2968 1307 3256 1372 habebant,

2196 1399 2339 1454 Civis
2362 1398 2650 1469 magniﬁci,
2683 1399 2887 1467 virique
2914 1399 3132 1463 summi,

2197 1474 2508 1547 Fraternam
2532 1490 2668 1545 bene
2696 1490 2932 1558 regulam
2963 1490 3234 1560 sequentis
3262 1507 3278 1557 ;

2198 1582 2305 1637 Seu
2336 1595 2434 1635 uos
2454 1580 2635 1634 eximii
2664 1579 2822 1634 simul
2855 1579 3074 1636 tenebat

2195 1672 2425 1727 Nectens
2450 1673 2757 1726 officiositas
2787 1671 2996 1736 Marini,

2195 1764 2357 1832 Cujus
2386 1763 2644 1818 sedulitas
2663 1762 3020 1833 sodalitasque

2119 1842 2167 1901 Β
2195 1854 2416 1914 ιείθιιηο
2448 1856 2575 1911 mihi
2604 1856 2760 1910 laude
2788 1866 2913 1911 sunt
2935 1852 3212 1919 colendae;

2196 1947 2358 2019 41h
2386 1948 2492 2003 Seu
2524 1961 2869 2017 quoscunque
2898 1945 3033 1999 alios
3062 1945 3241 2002 videre
3268 1944 3459 2003 fratres

2196 2037 2356 2092 Cordi
2388 2038 2594 2106 utrique
2626 2037 2741 2104 fuit,
2773 2035 2963 2106 quibus
2996 2048 3213 2091 vacasse

2197 2128 2541 2183 Laudaudam
2573 2144 2695 2183 reor
2723 2127 3150 2198 occupationem.

2198 2222 2396 2276 Horum
2428 2219 2644 2273 nomina
2675 2233 2794 2273 cum
2822 2216 3023 2272 referre
3046 2232 3203 2272 versu

2197 2312 2432 2368 Affectus
2459 2311 2658 2380 cupiat,
2694 2318 2920 2365 metrum
2952 2320 3185 2366 recusat.

2270 2402 2403 2457 llinc
2432 2416 2531 2456 nos
2558 2402 2623 2454 ad
2654 2402 2922 2471 propriam
2949 2401 3168 2455 domum
3199 2399 3447 2468 vocabas,

2195 2496 2328 2547 Cum
2360 2507 2514 2547 mane
2541 2491 2743 2546 exierat
2772 2507 2995 2555 novum,
3027 2499 3084 2546 et
3111 2490 3384 2547 calescens

2198 2586 2392 2641 Horam
2422 2586 2499 2640 sol
2530 2585 2691 2639 dabat
2718 2584 2942 2639 alteram
2976 2582 3289 2639 secundam.

2198 2678 2294 2733 Hic
2317 2691 2565 2746 promens
2592 2685 2786 2731 teretes
2813 2677 2943 2745 pilas
2966 2676 3304 2746 trochosque,

2198 2769 2295 2823 llic
2326 2769 2460 2823 talos
2486 2767 2868 2836 crepitantibus
2895 2766 3113 2833 fritillis,

2196 2861 2304 2915 Nos
2332 2860 2398 2913 ad
2430 2859 2649 2915 verbera
2674 2868 2935 2913 tractuum
2964 2868 3251 2922 struentes,

2198 2953 2472 3022 Tanquam
2500 2950 2820 3019 Naupliades
2847 2957 3089 3019 repertor
3116 2949 3269 3017 artis,

2203 3042 2482 3097 Gautlebas
2512 3041 2731 3095 hilarem
2763 3040 2907 3094 ciere
2939 3042 3127 3095 rixam.

2188 3135 2331 3191 llinc
2361 3134 2426 3188 ad
2460 3135 2641 3188 balnea
2674 3148 2778 3187 non
2812 3131 3131 3200 Neroniana,

2118 3211 2164 3274 ο
2197 3228 2305 3284 Nec
2333 3228 2451 3312 qua:
2482 3228 2709 3296 Agrippa
2738 3226 2906 3293 dedit,
2934 3227 3018 3282 vel
3045 3226 3135 3281 ille
3161 3224 3312 3297 cujus

2194 3324 2413 3376 Bustum
2443 3320 2747 3374 Dalmaticae
2774 3318 2956 3373 vident
2984 3318 3197 3374 Salonae
3229 3336 3240 3371 :

2191 3412 2273 3466 Ad
2301 3412 2535 3464 thermas
2566 3418 2744 3464 tamen
2769 3410 2846 3463 ire
2865 3408 2958 3463 sed
2990 3407 3208 3475 libebat,

2192 3501 2408 3555 Privato
2436 3499 2571 3554 bene
2600 3499 2848 3568 praebitas
2880 3497 3088 3567 pudori.

2193 3590 2325 3645 Post
2344 3605 2475 3660 quas
2503 3605 2601 3645 nos
2632 3601 2716 3644 tua
2749 3591 2956 3658 pocula,
2987 3599 3041 3644 et
3066 3597 3274 3645 tuarum

2192 3683 2462 3739 Musarum
2502 3681 2709 3737 medius
2741 3691 2891 3736 torus
2922 3680 3136 3736 tenebat
3168 3697 3182 3734 :

2192 3777 2388 3845 Quales
2418 3790 2516 3830 nec
2547 3783 2747 3828 statuas
2779 3774 3165 3845 imaginesque,

2193 3869 2347 3937 Ere,
2373 3878 2466 3924 aut
2493 3868 2872 3936 marmoribus,
2899 3868 3276 3937 coloribusque

2193 3962 2421 4026 Mentor,
2455 3960 2773 4025 Praxiteles,
2802 3958 3005 4028 Scopas
3030 3956 3293 4014 dederunt
3324 3973 3339 4010 :

2192 4054 2430 4121 Quantas
2456 4065 2554 4107 nec
2581 4050 2886 4122 Polycletus
2913 4051 3027 4120 ipse
3056 4049 3230 4115 ﬂuxit,

2272 4227 2292 4251 ε
2343 4213 2478 4266 Aviti
2527 4211 2893 4279 imperatoris,
2943 4211 3095 4275 cujus
3135 4223 3318 4263 curam
3376 4206 3551 4279 palatii
3597 4207 3770 4274 gessit

2191 4284 2542 4349 Consentius,
2589 4278 2643 4335 ut
2683 4280 2924 4348 Equitius
2962 4281 3087 4333 olim
3121 4280 3388 4343 Valentis,
3420 4278 3770 4349 constantius

2190 4353 2449 4417 Honorii,
2478 4347 2660 4406 Actius
2686 4347 2925 4407 Joannis.
2959 4349 3075 4419 Quo
3102 4364 3325 4419 munere
3354 4349 3441 4417 qui
3473 4347 3767 4417 fungeban-

2193 4432 2296 4486 tur,
2332 4421 2651 4489 curopalataz
2681 4431 2862 4488 postea
2899 4436 3101 4474 summa
3128 4436 3249 4473 cum
3279 4419 3591 4472 auctoritate
3630 4419 3764 4473 dicti

2190 4505 2313 4544 sunt
2344 4494 2394 4544 in
2426 4493 2546 4546 aula
2572 4490 2844 4563 Orientis,
2868 4499 2955 4549 τήν
2989 4492 3207 4563 φυλακήν
3242 4500 3330 4550 τῆς
3358 4491 3510 4563 αὐλῆς
3537 4490 3768 4563 lunam-

2190 4564 2487 4631 στευμένοι,
2522 4570 2577 4615 ιιι
2602 4558 3062 4631 scribitEvagri'us
3088 4563 3178 4614 lib.
3212 4576 3261 4624 v,
3298 4563 3342 4615 l.
3377 4573 3425 4613 et
3460 4562 3509 4612 in
3535 4558 3764 4631 Erancia

511 4622 694 4700 fraude
727 4622 956 4673 exclusos
973 4622 1217 4700 afuerim
1256 4621 1331 4700 ΙΨ
1377 4621 1672 4700 fingunt-in
1709 4628 2085 4700 certaminibus
2111 4621 2162 4681 Ι)
2188 4621 2417 4700 majores
2439 4621 2648 4685 domus.
2678 4621 3026 4700 Fredegarius
3054 4649 3064 4682 :
3100 4621 3444 4700 Waradonem
3468 4628 3769 4700 iniEbroini

510 4689 623 4745 suis
649 4693 938 4761 Homerus,
973 4689 1219 4761 Virgilius
1240 4733 1253 4756 ,
1286 4689 1521 4754 Statius,
1553 4692 1729 4748 Silius.
1763 4695 1828 4747 Et
1856 4699 2083 4753 scenicis

496 4761 648 4816 ludis
677 4760 801 4832 Julii
847 4762 1106 4825 fitesaris,
1148 4761 1200 4814 in
1241 4763 1431 4832 quibus
1472 4762 1724 4817 Laberius
1766 4774 1820 4818 et
1866 4766 2082 4823 Publius

508 4834 675 4903 Syrus
698 4831 977 4903 mimorum
1002 4843 1169 4903 poetae
1192 4842 1483 4899 certarunt,
1501 4849 1620 4887 eum
1642 4846 1919 4903 superatus
1941 4849 2084 4894 esset

507 4899 794 4963 Laberius,
838 4899 1016 4953 Caesar
1056 4902 1191 4971 Syro
1222 4906 1407 4957 victori
1452 4906 1675 4970 palmam
1699 4899 1720 4969 ,⁷
1745 4906 1882 4959 victo
1907 4924 2079 4964 annu-

508 4973 617 5096 lum
657 4971 834 5095 (ἐδάη,
876 4980 935 5022 ut
964 4980 1045 5025 est
1083 4972 1222 5041 apud
1266 4974 1586 5027 Macrobium
1628 4975 1719 5028 lib.
1750 4991 1786 5029 ιι
1824 4977 2080 5033 Saturna-

530 5059 635 5095 ium
702 5082 715 5096 .

530 5044 635 5095 ium
664 5044 715 5096 7.

572 5113 610 5150 δ
642 5112 872 5167 Juvenili
899 5121 1073 5165 aelate.
1109 5110 1271 5165 Plane
1307 5112 1446 5181 quod
1475 5115 1733 5183 sequitur,
1762 5128 1992 5183 sequente
2026 5120 2078 5174 in

505 5199 630 5245 ωυυ,
663 5185 792 5235 satis
824 5185 959 5236 hanc
1003 5183 1498 5251 interpretationem
1529 5184 1841 5249 confirmat,
1873 5187 2075 5242 doctis-

506 5254 1141 5325 simormn‘quelvirorum
1172 5267 1405 5325 errorem
1447 5253 1749 5322 redarguit,
1793 5257 1883 5325 qui
1918 5258 2080 5313 Juve-

507 5323 654 5376 nales
685 5323 839 5374 ludos
885 5323 985 5375 hoc
1013 5322 1128 5376 loco
1158 5323 1404 5390 suspicati
1434 5335 1589 5386 sunt;
1620 5340 1739 5378 cum
1770 5322 2077 5383 meminisse

507 5400 763 5461 pra'terea
803 5390 1087 5445 debuerint
1114 5392 1386 5447 Juvenalia
1430 5393 1625 5448 ditersi
1672 5411 1700 5447 a
1747 5396 2077 5452 circensibus

505 5466 715 5524 perieris
742 5461 893 5514 ludos
924 5462 1101 5533 fuisse.
1135 5461 1404 5533 Juvenalia
1432 5478 1558 5533 ergo
1582 5464 1798 5519 Sidonio
1822 5468 2075 5522 dicuntur

502 5533 792 5600 jnrrnilia,
834 5529 1091 5604 juvenilis
1126 5532 1297 5604 anatis
1342 5529 1532 5604 studia.
1589 5534 1880 5604 Utrumque
1926 5540 2068 5593 enim

509 5604 804 5673 promiscue
836 5601 1140 5656 scribebmt
1176 5600 1492 5670 antiquarii;
1532 5612 1587 5657 et
1624 5605 1761 5673 apud
1793 5600 2067 5662 Sidonium

506 5672 677 5745 ipsum
703 5674 794 5745 libi.
830 5688 876 5737 l,
907 5674 1060 5745 epist.
1092 5674 1154 5732 2,
1176 5673 1405 5745 jnvenafi
1436 5672 1647 5745 rubore,
1675 5690 1780 5729 non
1812 5677 2065 5745 juvenili;

506 5740 597 5793 lib.
630 5757 699 5817 tv,
733 5740 1061 5817 l5,_juvcnali
1101 5740 1549 5817 sanitatc;_163
1572 5744 1671 5817 lib.
1707 5760 1779 5809 Ix,
1813 5740 1866 5815 Β,
1901 5740 2070 5817 facili?

505 5819 605 5866 tate
622 5812 855 5879 iuvenali
885 5813 1137 5882 scriptum
1166 5821 1249 5867 est
1273 5813 1325 5868 in
1359 5812 1815 5884 libris’plerisque.

2185 4698 2352 4754 locum
2384 4705 2626 4773 majorem
2664 4698 3269 4773 domus—constituerunt.
3318 4698 3443 4753 Erat
3476 4699 3767 4773 Waradoni

2185 4772 2346 4839 ﬁlius,
2369 4768 2582 4840 qui'vice
2606 4772 2765 4841 patris
2786 4788 2959 4824 curam
2982 4772 3161 4841 palatii
3182 4773 3400 4842 gerebat,
3424 4771 3622 4823 nomine
3643 4768 3767 4823 Gis-

2186 4844 2425 4897 lemarus.

2254 4910 2281 4949 ἀ
2315 4913 2435 4966 Hzec
2464 4911 2604 4967 enim
2633 4910 2731 4974 illi,
2766 4921 2818 4963 ut
2853 4911 3102 4980 praefatus
3128 4920 3240 4975 est,
3265 4908 3533 4965 scribendi
3564 4908 3763 4963 carmi-
3828 4966 3833 4971 η

2185 4984 2268 5036 nis
2302 4984 2397 5036 fuit
2424 4983 2655 5037 occasio.
2686 4981 2952 5037 Laudibus
2988 4996 3145 5049 porro
3170 4981 3443 5036 Consentii
3475 4994 3621 5033 more
3658 4994 3763 5031 suo

2183 5054 2478 5108 amicorum
2510 5054 2678 5122 elogia
2712 5054 2942 5107 breviter
2970 5052 3205 5122 adjungit
3227 5094 3240 5117 ,
3269 5052 3543 5122 clarorum,
3563 5050 3759 5122 civium

2182 5120 2624 5177 Narbonensiuml
2660 5124 2799 5177 Inter
2825 5138 2957 5191 quos
2989 5124 3095 5176 Leo
3119 5164 3133 5184 ,
3164 5121 3380 5191 Magnus
3418 5131 3473 5175 et
3500 5120 3761 5191 Mareelli-

2182 5208 2311 5263 nus,
2351 5207 2415 5247 ex
2449 5194 2569 5246 aliis
2612 5192 2743 5247 locis
2771 5188 2879 5247 noti
2910 5201 3068 5255 sunt;
3102 5188 3369 5263 Myronis,
3407 5188 3668 5263 Lympidii
3703 5200 3760 5244 et

2183 5262 2407 5326 Marini,
2453 5277 2592 5317 nunc
2621 5264 2847 5329 primum
2876 5265 3088 5316 nomina
3136 5260 3496 5319 celebrantur.
3523 5260 3760 5329 Itemque

2185 5331 2316 5385 Livii
2360 5333 2730 5402 insignisejns
2773 5333 2871 5385 Levi
2920 5343 3121 5400 poetae,
3173 5348 3329 5402 quem
3377 5332 3550 5402 laudat
3595 5342 3757 5383 etiam

2182 5412 2365 5455 auctor
2393 5402 2511 5455 vitm
2541 5401 2722 5455 Hilarii
2756 5402 3105 5469 Arelatensis,
3133 5401 3254 5456 cum
3284 5402 3471 5456 Hilarii
3502 5401 3763 5469 eloquen-

2180 5471 2305 5523 tiam
2339 5471 2673 5536 peritissimis
2698 5473 2772 5523 ait
2803 5480 2925 5525 tnnc
2953 5474 3209 5537 temporis
3236 5472 3545 5527 auctoribus
3571 5471 3756 5524 saeculi

2177 5541 2604 5608 desperationem
2649 5541 2906 5597 intulisse.
2940 5541 3004 5596 In
3033 5552 3257 5605 tantum,
3293 5543 3493 5611 inquit,
3523 5550 3575 5594 ut
3600 5541 3759 5609 hujus

2179 5611 2481 5682 temporibus
2504 5611 2687 5682 Livius
2719 5622 2865 5680 poeta
2900 5622 2946 5665 et
2967 5624 3143 5665 amtor
3170 5615 3382 5681 insignis
3409 5613 3609 5682 publica
3635 5627 3758 5679 pru-
3838 5652 3841 5655 .

2177 5681 2416 5732 clamaret
2442 5696 2458 5731 :
2482 5680 2549 5752 δὲ
2574 5678 2887 5751 Augustinus
2911 5694 3022 5751 post
3047 5682 3095 5736 Η
3104 5678 3309 5738 itarium
3330 5678 3532 5752 fuisset,
3549 5684 3761 5751 judica-

2176 5759 2309 5804 retur
2340 5751 2570 5819 inferior.
