4068 6348
262 382 391 434 753

1636 370 1845 423 TES’I‘A
1858 367 2082 421 MENFU
2096 369 2138 419 Μ
2150 407 2161 417 .

2928 307 2948 331 .,
2979 316 2982 319 .

3436 357 3557 414 7.31-

258 492 513 545 cunedio
558 486 807 540 Vcnctico
851 482 1103 537 interfuit.
1138 483 1288 534 Anno
1318 478 1450 542 £82,
1481 486 1764 531 exstructo
1781 493 1843 530 su
1899 483 1959 538 Α.
1974 490 2126 529 usum
2148 473 2346 543 jejunia
2376 484 2427 529 et
2462 475 2681 542 vigilias,
2712 472 2940 542 qualiter
2972 486 3063 539 per
3094 468 3403 524 totius‘anni
3430 468 3539 521 eir-

262 601 379 653 per
434 582 601 637 sancti
672 578 881 635 Martini
951 577 1258 644 sepn'crnm
1308 574 1370 626 ba
1404 566 1522 626 ilica
1578 571 1863 625 admodum

262 674 562 743 Splendida
610 681 660 725 et
712 668 988 737 magnifica
1016 712 1028 731 ,
1061 666 1353 734 episcOpos
1396 662 1749 731 provinciales
1796 661 1861 715 ad

263 767 523 821 cnetunia
556 761 701 815 illius
744 756 1057 813 Celebranda
1085 755 1273 822 coegit.
1321 753 1462 806 Obiit
1486 768 1625 805 anno
1649 750 1754 805 £90
1779 750 1860 803 vel

266 862 414 915 L91.
467 858 657 911 Exstat
690 861 1042 907 testamentum
1086 857 1138 901 et
1181 847 1496 915 epitaphium
1548 845 1665 912 ejus
1721 842 1858 911 apud

274 947 605 1001 Dat-herinm
638 942 883 1010 Spicilcg.
914 952 1042 991 tom.
1080 935 1219 990 v.1"
1256 935 1502 1006 Ecclesia>
1532 930 1858 985 'l'uronensis

286 1053 3401 1096 ΜΗ

1970 564 2149 620 culum
2180 563 2613 631 observarentur,
2647 562 2893 617 instituit.
2922 560 3172 616 Ordinem
3201 559 3269 612 ab
3294 573 3357 612 eo
3390 557 3539 611 insti-

1971 663 2137 708 tutum
2154 667 2218 708 ex
2238 652 2458 719 publicis
2474 652 2723 706 Ecclesia:
2737 650 3062 706 Turonensis
3088 649 3280 704 tabulis
3292 648 3530 715 exscrip-

1964 755 2074 801 tum
2120 745 2335 801 exhibet
2371 743 2654 814 Gregorius
2689 742 3043 806 Turonensis,
3089 740 3226 795 Hist.
3267 739 3333 795 de
3360 738 3535 795 Gestis

1965 838 2177 899 Franc.,
2208 837 2297 889 lib.
2331 850 2385 901 χ,
2407 850 2523 904 cap.
2557 835 2645 889 50.

3413 1047 3528 1066 -.-—‘

419 1186 1575 1337 TESTAMENTUM
1705 1130 2524 1281 PERPETUI“
2652 1176 3413 1280 EPISCOPI.

361 1500 419 1553 in
462 1498 677 1551 nomine
712 1494 836 1550 Jesu
884 1493 1108 1556 Christi,
1151 1493 1342 1547 Amen.
1401 1491 1512 1560 Ego
1568 1488 1862 1557 Perpetuus

283 1582 564 1654 peccator.
592 1585 873 1640 Turonica:
925 1581 1177 1636 Ecclesiae
1217 1582 1488 1644 sacerdos,
1534 1578 1682 1633 abire
1720 1576 1864 1630 nolui

282 1680 409 1734 sine
441 1686 777 1739 testamento,
811 1689 876 1727 ne
903 1672 1212 1727 fraudentur
1246 1686 1501 1739 pauperes
1533 1669 1595 1723 iis
1620 1684 1736 1737 quo:
1770 1683 1863 1721 su-

288 1787 457 1840 peina
488 1772 657 1839 gratia
687 1767 814 1822 mihi
854 1781 956 1818 Ion
993 1766 1184 1839 merito
1210 1763 1499 1817 liberaliter
1540 1770 1604 1826 et
1627 1768 1866 1812 amanter

1966 1499 2061 1539 cro
2073 1482 2439 1541 indelicienter
2453 1485 2768 1541 illustrando
2784 1504 2796 1539 :
2816 1485 2958 1556 quod
2974 1484 3018 1540 si
3036 1483 3195 1540 fuerit
3220 1484 3537 1554 neglectum,

1929 1610 1933 1615 η
1968 1585 2023 1631 et
2049 1577 2293 1631 voluntas
2310 1592 2459 1642 mea,
2501 1577 2644 1648 quod
2675 1592 2781 1632 non
2822 1590 3005 1645 spero,
3036 1589 3211 1640 cassa,
3244 1574 3387 1630 dicta
3423 1576 3544 1630 villa

1969 1669 2036 1725 de
2080 1669 2380 1725 Bertiniaco
2416 1685 2537 1725 cum
2575 1671 2866 1740 adjunctis,
2905 1670 3207 1726 hmredibus
3252 1669 3386 1724 meis
3423 1683 3544 1722 mox

1973 1762 2308 1817 nominandis
2332 1762 2509 1830 cedat,
2540 1763 2681 1829 volo,
2706 1772 2905 1828 statuo,
2934 1762 3117 1831 jubeo.

283 1861 545 1923 contulit;
576 1870 743 1923 etne,
768 1857 909 1925 quod
946 1857 1104 1920 abst,
1134 1864 1405 1908 transeant
1434 1853 1500 1905 ad
1545 1851 1678 1904 alios
1708 1866 1864 1919 quam
1900 1888 1941 1945 Β
2040 1852 2309 1921 Quidquid
2336 1862 2393 1908 et
2422 1867 2633 1923 quoquo
2665 1852 2715 1907 in
2756 1853 2897 1915 loco,
2941 1864 2990 1906 et
3026 1866 3055 1904 a
3091 1865 3407 1920 quacunque
3434 1865 3547 1920 per-

286 1950 361 2005 ad
390 1948 681 2004 Ecclesiam
708 1945 1003 1999 Sacerdotis
1033 1944 1187 1998 bona.

368 2038 723 2108 Presbyteris.
759 2036 1072 2091 diaconibus
1112 2046 1161 2089 et
1201 2034 1409 2089 clericis
1450 2028 1702 2087 Ecclesiae
1736 2045 1869 2085 ιιιειε

291 2144 479 2198 pacem
511 2127 719 2181 Domini
741 2124 1080 2179 Jcsquristi
1106 2126 1196 2187 do,
1222 2125 1360 2191 lego,
1389 2122 1576 2176 Amen.
1598 2121 1867 2175 Conﬁrma

296 2220 421 2280 hoc,
456 2218 703 2283 Domine,
755 2216 893 2284 quod
922 2225 1172 2283 aperatus
1201 2229 1260 2267 es
1297 2214 1348 2267 in
1401 2212 1586 2275 nobis;
1633 2210 1869 2264 nesciant

290 2310 604 2370 schismata,
641 2306 863 2361 stabiles
913 2307 967 2358 in
1011 2307 1113 2358 fide
1154 2312 1537 2373 permaneant;
1571 2301 1869 2370 quicunque

293 2399 535 2469 regulam
562 2397 828 2466 Evangelii
864 2396 1024 2451 fuerit
1050 2408 1286 2460 secutus,
1309 2393 1380 2449 sit
1400 2393 1706 2448 benelictus
1725 2391 1867 2445 omni

294 2489 672 2546 benedictione
707 2488 970 2557 spirituali
1004 2492 1052 2541 in
1089 2486 1333 2556 supernis
1364 2500 1457 2555 per
1485 2483 1759 2538 Christum
1782 2483 1870 2537 Je-

292 2597 438 2647 sum,
467 2585 657 2635 Arnen.
694 2580 757 2632 Et
780 2578 1031 2632 Dominus
1058 2578 1215 2633 Jesus
1240 2576 1443 2631 occidat
1473 2577 1688 2642 impium
1712 2582 1871 2628 vento

294 2674 407 2725 oris
439 2672 541 2733 sui,
585 2669 1006 2733 Amcn,.Amen.
1050 2668 1154 2721 l’ax
1206 2666 1480 2729 Eccle-iaz,
1523 2681 1621 2734 pax
1657 2664 1865 2733 pepulo,

294 2762 350 2814 in
378 2760 529 2823 iube,
556 2762 605 2813 in
632 2775 759 2828 agro
787 2775 817 2812 a
851 2757 959 2813 Deo
986 2766 1040 2810 et
1070 2759 1223 2812 Patre
1253 2758 1460 2810 Domini
1497 2755 1619 2810 Jesu
1650 2754 1867 2820 Christi,

294 2852 489 2903 Διυειι.
523 2848 676 2913 \‘eni,
703 2848 943 2917 Domine,
966 2857 1020 2901 et
1048 2848 1153 2902 noli
1177 2848 1460 2911 sustinere,
1492 2850 1675 2900 Amen.
1712 2846 1871 2901 Vobis

297 2944 479 3008 itaque
521 2939 868 3010 presbyteris,
908 2939 1221 2993 diaconibus
1266 2947 1320 2992 et
1360 2938 1570 2992 clericis
1618 2938 1871 2992 Ecclesia:

296 3046 433 3086 mea:
458 3046 579 3084 cum
610 3030 836 3084 consilio
864 3028 1104 3096 Agilonis
1137 3029 1347 3083 comitis
1374 3028 1736 3094 sepeliendum
1777 3042 1869 3081 c.1-

295 3121 461 3174 daver
506 3120 693 3173 mortis
730 3120 885 3188 hujus
917 3119 1216 3188 ubicunque
1248 3119 1536 3187 elegi-ritis,
1589 3118 1868 3186 permitto:

1971 1957 2103 1997 sona
2127 1942 2286 1998 fuerit
2310 1942 2438 1998 mihi
2462 1942 2720 2005 debitum,
2743 1959 2849 2012 quo
2875 1942 2962 1996 die
2981 1941 3093 1997 abs
3111 1955 3317 2007 essem,
3342 1941 3548 1995 debito-

1971 2034 2117 2088 ribus
2149 2034 2277 2103 ipsis
2318 2033 2409 2096 do,
2459 2035 2597 2104 lego.
2639 2034 2867 2104 Exigere
2912 2033 3054 2104 quod
3111 2033 3322 2089 dimitto
3371 2034 3549 2088 nullus

1972 2138 2251 2195 prmsumat
2265 2166 2280 2189 ,
2316 2126 2459 2195 volo,
2493 2134 2692 2181 statuo.

2041 2218 2159 2273 Tibi
2178 2218 2323 2273 fratri
2344 2228 2398 2274 et
2413 2218 2777 2273 consacerdoti
2796 2218 3144 2273 dilectissimo
3159 2217 3414 2272 Enfronio
3435 2218 3546 2273 the.

1970 2323 2088 2362 cam
2115 2323 2180 2363 ex
2207 2317 2427 2377 argento
2447 2309 2515 2364 de
2538 2309 2771 2379 reliquiis
2793 2317 3097 2362 sanctorum
3122 2307 3211 2374 do,
3240 2309 3378 2377 lego.
3399 2307 3546 2362 Illam

1972 2398 2209 2468 intelligo
2231 2413 2389 2469 quam
2405 2398 2615 2455 deferre
2628 2398 2896 2462 solebam;
2923 2413 3044 2452 nam
3060 2397 3366 2453 deauratam
3384 2399 3564 2452 a'iam'

1970 2503 2090 2557 quae
2118 2499 2201 2544 eSt
2230 2488 2282 2542 in
2318 2502 2560 2557 capsarto
2589 2502 2726 2553 meo,
2759 2503 2880 2543 cum
2920 2487 3129 2543 duobus
3171 2487 3425 2542 calicibus
3455 2502 3548 2539 an-

1973 2580 2103 2646 reis,
2136 2586 2190 2633 et
2215 2564 2645 2634 cruce’similiter
2672 2593 2857 2646 aurea,
2882 2566 3043 2648 quam
3084 2578 3363 2633 Mabuinus
3402 2577 3548 2642 fecit,

1974 2670 2227 2725 Ecclesiae
2252 2683 2388 2724 mea:
2412 2669 2500 2733 do,
2534 2669 2673 2740 lego.
2703 2668 2871 2725 Simul
2891 2678 2945 2724 et
2962 2681 3151 2723 omnes
3176 2666 3342 2722 libros
3371 2682 3545 2723 meos.

1974 2770 2167 2829 prieter
2190 2761 2597 2829 Evangeliorum
2637 2760 2850 2825 librum,
2881 2774 3036 2829 quem
3067 2759 3278 2826 scripsit
3319 2756 3550 2810 llilarius

1973 2850 2239 2917 quondam
2286 2850 2636 2905 Pictaviensis
2670 2850 2943 2915 sacerdos,
2968 2863 3124 2915 quem
3151 2848 3242 2900 tibi
3297 2834 3549 2917 Eufronio

1975 2941 2124 2996 fratri
2148 2951 2202 2997 et
2228 2942 2616 3005 consacerdoti,
2634 2940 2984 2995 dilectissimo
3006 2953 3128 2992 cum
3151 2938 3366 3002 praefata
3391 2940 3543 2991 theca

1972 3033 2064 3100 do,
2097 3033 2237 3102 lego,
2265 3033 2406 3099 volo,
2439 3043 2631 3087 statuo.
2665 3032 2863 3086 Memor
2892 3040 3009 3085 esto
3032 3030 3156 3093 mei,
3184 3030 3375 3084 Amen.

2046 3126 2297 3182 Ecclesiae
2325 3125 2492 3181 sancti
2527 3123 2759 3193 Dionysii
2794 3121 2866 3178 de
2898 3120 3293 3184 Rambasciico,
3320 3119 3540 3175 calicem

297 3212 411 3267 scio
441 3213 579 3281 quod
613 3213 931 3280 lledemptor
970 3226 1120 3266 meus
1150 3227 1254 3264 non
1287 3212 1531 3274 moritur,
1555 3221 1609 3264 et
1635 3210 1685 3263 in
1708 3225 1868 3264 carne
1894 3230 1944 3295 ο
1973 3229 2304 3289 argenteum,
2338 3228 2391 3273 οι
2422 3232 2635 3272 crucem
2682 3216 2928 3270 similiter
2952 3223 3256 3281 argenteam
3302 3214 3354 3267 in
3394 3213 3544 3281 cujus

295 3306 492 3359 videbo
523 3306 855 3358 liberatorem
888 3319 1083 3367 meum,
1110 3306 1301 3357 Amen.
1326 3302 1527 3356 Tamen
1562 3304 1605 3355 si
1654 3303 1874 3372 indigno

300 3395 432 3449 mihi
460 3394 691 3448 feceritis
722 3394 1159 3457 misericordiam,
1188 3407 1345 3461 quam
1376 3393 1597 3461 supplex
1639 3394 1869 3458 postulo,

298 3495 537 3550 optarem
570 3485 635 3537 ad
666 3480 864 3537 domini
902 3483 1108 3537 Martini
1146 3483 1308 3551 pedes
1335 3485 1386 3537 in
1418 3483 1557 3537 diem
1594 3484 1871 3551 quiescere

298 3574 479 3641 iudicii
508 3592 518 3625 :
558 3574 818 3637 viderit.s,
864 3573 1189 3641 judicabitis,
1218 3574 1456 3641 eligetis;
1502 3574 1641 3636 volo,
1672 3584 1869 3637 statuo,

300 3676 471 3719 ratum
498 3666 661 3735 jnbeo
700 3666 842 3735 quod
887 3667 1034 3720 vobis
1061 3666 1291 3720 dominis
1333 3675 1388 3720 et
1444 3666 1693 3720 fratribus
1741 3665 1874 3720 meis

300 3756 577 3824 placuerit.
776 3776 779 3781 ·
1296 3750 1299 3751 ⁷
1765 3765 1771 3772 ·

374 3847 634 3914 imprimis
685 3846 862 3915 itaque
898 3861 997 3917 ego
1026 3846 1313 3917 Perpetuus
1350 3843 1471 3900 volo
1523 3846 1719 3901 liberos
1755 3860 1873 3901 esse

300 3937 603 4005 liberasque
649 3936 893 3992 homines
930 3948 979 3993 et
1024 3938 1247 3993 feminas
1294 3946 1555 4007 quotquot
1597 3937 1767 3992 habeo
1818 3939 1872 3991 in

300 4027 423 4080 villa
471 4026 779 4095 Saponaria,
822 4041 955 4097 quos
1007 4030 1111 4082 emi
1158 4029 1225 4083 de
1273 4043 1388 4082 mea
1439 4027 1679 4096 pecunia,
1730 4037 1787 4081 ut
1822 4037 1876 4080 ct

300 4132 519 4185 pueros,
548 4133 680 4187 quos
712 4120 763 4172 in
786 4118 873 4173 dic
894 4119 1158 4173 discessus
1183 4120 1283 4173 mei
1310 4133 1415 4173 non
1441 4118 1799 4172 manumisero
1820 4119 1873 4171 in

300 4209 572 4263 Ecclesia:
608 4211 675 4261 ita
712 4219 884 4263 tamen
915 4217 973 4262 ut
1002 4210 1168 4263 libere
1195 4210 1446 4287 serviant,
1466 4208 1697 4276 quandiu
1724 4206 1872 4261 vixe-

301 4298 348 4351 ri
390 4307 428 4357 t.
456 4297 705 4353 Et’CleliB
737 4315 889 4363 mem,
913 4300 1004 4354 sed
1039 4299 1246 4370 absque
1260 4302 1514 4355 servitute
1539 4300 1604 4354 ad
1635 4300 1874 4354 haeredes

303 4388 694 4441 transmissibili
722 4399 774 4442 et
801 4390 1080 4458 glebatica.

376 4477 451 4530 Do
488 4479 646 4531 etiam
690 4478 942 4533 Ecclesia:
984 4495 1114 4533 mea:
1168 4496 1351 4549 agrum
1398 4495 1554 4548 quem
1613 4479 1875 4549 Aligarius

1977 3309 2256 3363 manubrio
2277 3318 2359 3362 est
2377 3308 2598 3375 reliquia
2615 3306 2682 3363 de
2704 3307 2889 3361 eodem
2911 3305 2968 3359 S.
2996 3303 3267 3375 Dionysio,
3294 3302 3381 3365 do,
3409 3303 3490 3373 leg
3513 3324 3543 3357 ·.

2046 3401 2298 3455 Eccle~ize
2328 3400 2395 3455 de
2438 3398 2653 3454 Proillio
2700 3398 2943 3453 similiter
2972 3398 3191 3451 calicem
3240 3406 3546 3462 argenteum

1974 3500 2029 3546 et
2058 3507 2249 3546 nrccos
2275 3503 2559 3561 argenteos
2605 3490 2694 3553 do,
2729 3490 2867 3557 lego.
2897 3487 3155 3543 Similiter
3179 3495 3231 3541 et
3281 3486 3551 3540 Amalario

1975 3590 2166 3643 ibidem
2215 3564 2534 3654 presbytero
2571 3580 2840 3650 capsulam
2885 3593 3049 3644 ,unam
3097 3591 3433 3631 communem
3483 3575 3550 3630 de

1974 3680 2168 3743 serico,
2203 3677 2327 3730 item
2358 3672 2715 3743 peristerinm,
2748 3678 2804 3725 et
2822 3670 3123 3723 columbam
3147 3680 3451 3734 argenteam
3483 3668 3547 3718 ad

1975 3766 2376 3835 repositorium,
2409 3763 2509 3817 nisi
2546 3760 2787 3815 maluerit
2833 3758 3069 3812 Ecclesia
3116 3771 3233 3809 mea
3264 3756 3407 3809 il‘am
3447 3771 3549 3824 qna

1975 3860 2140 3913 utitur
2160 3856 2332 3909 eidem
2369 3850 2634 3905 Amalario
2663 3848 3045 3909 transmittere,
3074 3861 3242 3899 meam
3278 3849 3509 3900 retinere
3534 3864 3546 3898 :

1976 3947 2069 4002 tibi
2097 3945 2345 3999 Ecclesia:
2376 3956 2507 3994 mea:
2535 3937 2835 4008 eligendum
2870 3936 3137 4004 permitto,
3178 3935 3317 4001 volo,
3351 3942 3549 3990 statuo.

2046 4035 2227 4092 Sorori
2255 4048 2386 4088 mea:
2417 4032 2578 4086 Fidias
2605 4029 2753 4084 ΙυΙίίιξ
2782 4028 3060 4094 Perpetua:
3090 4040 3303 4079 crucem
3334 4039 3547 4094 parvam

1975 4141 2195 4182 auream
2224 4140 2287 4180 ex
2316 4122 2687 4183 emblasmate,
2720 4119 2771 4173 in
2800 4133 2902 4188 qua
2932 4125 3055 4171 sunt
3082 4116 3150 4171 de
3180 4115 3418 4185 reliquiis
3444 4115 3552 4169 Do.

1976 4217 2123 4279 mini,
2150 4215 2240 4281 do,
2273 4216 2410 4281 lego.
2433 4214 2599 4277 Quam
2639 4219 2819 4263 tamen
2846 4208 3045 4261 obnixe
3090 4215 3327 4276 rogatam
3363 4206 3545 4268 velim,

1975 4316 2035 4361 ut
2061 4307 2104 4359 si
2136 4305 2292 4368 forte,
2321 4302 2541 4371 jubente
2573 4300 2820 4362 Dom‘no,
2851 4314 2969 4353 eam
3006 4299 3280 4367 contingat
3322 4298 3551 4366 migrare

1975 4406 2099 4452 ante
2138 4395 2455 4456 Dadolcnam
2501 4391 2780 4460 virginem,
2822 4389 3077 4444 Ecclesiae
3122 4403 3254 4442 Illeiﬁ
3288 4388 3340 4442 ei
3381 4388 3553 4456 possi-

1976 4488 2204 4543 dendam
2227 4485 2511 4553 relinquat.
2535 4483 2611 4536 Te
2631 4483 2790 4536 etiam
2821 4495 2970 4551 rogo,
3000 4495 3151 4533 soror
3176 4479 3464 4541 Dadolena,
3498 4492 3569 4583 ul,-

299 4568 430 4620 mihi
463 4569 697 4622 vendidit
740 4568 792 4623 in
831 4570 969 4623 dicta
1002 4571 1122 4624 villa
1155 4572 1465 4640 Saponaria,
1512 4587 1631 4625 cum
1662 4580 1869 4641 stagno.
1901 4578 1949 4636 ι)
1979 4578 2213 4634 moriens
2232 4590 2351 4631 eam
2368 4574 2622 4628 Ecclesiae
2647 4586 2767 4641 qua:
2792 4568 3258 4631 lihneritaddicas,
3284 4585 3350 4622 ne
3381 4568 3571 4623 venisti

302 4661 435 4713 ltem
468 4661 773 4714 molendina
812 4676 969 4730 supra
1000 4663 1192 4716 Carum
1234 4679 1398 4731 prope
1435 4664 1629 4716 dictum
1655 4664 1870 4727 villam;

300 4766 401 4803 nec
425 4768 531 4803 lltlll
556 4756 796 4817 pet-naria
826 4766 873 4808 et
894 4764 1038 4822 prata
1063 4755 1159 4822 ipsi
1190 4755 1440 4808 Ecclesiae
1465 4771 1595 4810 mea:
1615 4755 1707 4821 do,
1730 4755 1867 4824 lego.

315 4854 326 4865 '
381 4844 564 4895 Villam
597 4844 662 4897 de
686 4845 983 4898 Bertiniaco
1007 4861 1128 4899 cum
1163 4848 1308 4915 sylva
1333 4856 1386 4899 et
1410 4847 1553 4900 omni
1592 4846 1785 4913 reditu,
1811 4863 1871 4900 ea

302 4936 611 4990 conditione
644 4953 743 5005 qua
778 4937 904 4990 mihi
943 4953 972 4990 a
1006 4936 1221 4991 Danielc
1251 4939 1474 4990 diacono
1514 4938 1723 4990 vendita
1770 4948 1870 5002 est,

304 5026 563 5080 Ecclesia:
584 5043 715 5081 mea:
742 5030 937 5096 pariter
955 5030 1042 5091 do,
1070 5029 1202 5097 lego.
1228 5030 1298 5081 Ita
1325 5038 1522 5090 tamen,
1540 5029 1675 5080 utile
1689 5044 1872 5082 eorum

303 5120 650 5186 proventibus
672 5121 847 5175 oleum
876 5130 1087 5189 paretur
1115 5135 1217 5188 pro
1241 5120 1438 5173 domini
1471 5118 1677 5171 Martini
1703 5120 1879 5187 sepul-

376 5324 401 5351 ⁸
428 5314 613 5370 Nobile
643 5316 765 5380 hoc,
794 5318 867 5371 ait
898 5317 1179 5377 Acherius.
1209 5318 1536 5385 antiquitatis
1565 5332 1871 5373 monumen-

301 5394 436 5456 tum,
467 5386 607 5456 quod
642 5386 702 5439 γ.
731 5386 795 5439 C.
829 5387 1182 5456 Hieronymus
1214 5388 1489 5455 Vignerius
1517 5388 1620 5454 iam
1665 5387 1868 5455 pridem

299 5454 459 5517 eruit,
490 5455 628 5507 nulla
657 5466 777 5522 eget
819 5454 1218 5511 observatione.
1243 5454 1580 5510 conveniant
1616 5454 1866 5511 universa

301 5523 360 5576 in
385 5537 450 5595 eo
474 5534 721 5579 conuenta
746 5541 864 5578 cum
884 5528 1002 5594 jure
1031 5527 1277 5595 Caesareo
1308 5526 1715 5595 poiitilicioqno;
1746 5530 1873 5580 con?

300 5609 364 5643 co
396 5593 523 5645 dant
545 5608 664 5646 cum
700 5595 868 5648 Fastis
888 5593 1581 5657 consularibus;'concorda
1609 5605 1642 5647 .t
1669 5611 1786 5648 cum
1813 5596 1876 5648 iis

302 5664 512 5733 qia-uide
538 5664 799 5730 Perpetuo
840 5673 1019 5718 narrat
1058 5665 1345 5733 Gregorius
1379 5666 1715 5718 Floren'inns
1754 5681 1871 5730 cap.

301 5733 363 5782 ti:
402 5729 685 5800 Perpetuus
707 5736 769 5786 de
797 5752 973 5803 genere
1004 5746 1046 5788 et
1080 5729 1206 5801 ipse,
1236 5746 1287 5787 ut
1318 5736 1483 5799 aitutt,
1514 5736 1795 5800 senatorio,
1826 5729 1873 5789 et

1980 4672 2043 4723 ad
2073 4668 2335 4736 indignos.
2369 4663 2519 4732 Quod
2560 4663 2606 4716 si
2645 4669 2879 4715 transeat
2910 4659 3173 4713 Dadolena
3219 4670 3343 4713 ante
3385 4671 3455 4723 te.
3487 4659 3556 4713 sit

1980 4760 2073 4813 tibi
2118 4758 2365 4822 liberum,
2403 4752 2678 4809 carissima
2723 4765 2875 4803 soror
2914 4748 3059 4803 Fidia
3087 4749 3225 4803 Julia
3255 4750 3515 4818 Perpetua
3539 4789 3553 4816 ,
3592 4752 3602 4766 '

1982 4848 2286 4917 praedictam
2317 4856 2531 4897 crucem
2558 4842 2641 4894 cui
2674 4840 2901 4894 volucris
2933 4839 3185 4894 Ecclesiae
3223 4840 3558 4908 relinquere,

1978 4940 2120 5001 volo,
2152 4945 2345 4989 statuo.
2379 4933 2579 4987 Memor
2601 4939 2717 4985 esto
2743 4927 2869 4995 mei,
2891 4924 3260 4993 dilectissima,
3290 4931 3483 4983 Amen.

2052 5027 2168 5080 Tibi
2207 5023 2413 5093 Agiloni
2461 5020 2643 5076 comiti
2682 5020 2751 5074 ob
2788 5018 2998 5089 egregia
3039 5029 3124 5073 tua
3172 5020 3221 5073 in
3262 5020 3553 5073 Ecclesiam

1988 5132 2183 5179 meam,
2213 5125 2264 5169 et
2294 5125 2553 5183 pauperes
2584 5110 2721 5163 filios
2748 5122 2897 5164 meos
2933 5108 3143 5171 merita,
3174 5116 3227 5162 et
3271 5117 3327 5161 ut
3368 5124 3560 5178 pergas

1979 5317 2292 5389 propinquus
2312 5311 2602 5389 decessoris
2640 5309 2719 5387 sui
2745 5327 2762 5362 :
2784 5310 2925 5389 diges
2960 5310 3124 5389 ualde,
3156 5317 3222 5388 et.
3249 5325 3336 5389 per
3369 5311 3575 5389 multas.

1980 5378 2205 5440 civitates
2235 5382 2422 5437 habens
2453 5381 2811 5449 possessiones.
2845 5378 2908 5431 Et
2929 5378 3047 5449 aliis
3072 5378 3361 5445 interjectis
3387 5378 3553 5449 :jCou-

1982 5457 2208 5523 diditque
2229 5447 2602 5523 testamentum,
2626 5459 2671 5503 et
2702 5448 2959 5523 deputavit
2998 5465 3087 5523 per
3115 5447 3555 5523 singulas-ciuita-

1979 5536 2049 5579 tes
2088 5515 2222 5591 quod
2265 5520 2572 5589 possidebat,
2604 5518 2768 5591 iuncis
2797 5518 2918 5591 ipsis
2952 5519 3141 5591 scilicet
3178 5515 3418 5591 Ecclesiis
3454 5529 3556 5571 non

1982 5585 2230 5647 modicam
2252 5585 2296 5644 et
2329 5591 2579 5643 Turonicu
2613 5585 2833 5640 tribuens
2870 5588 3177 5655 facultatem.
3208 5585 3353 5639 Sedit
3372 5592 3552 5655 autem

1982 5680 2139 5714 annos
2171 5662 2398 5729 triginta,
2427 5670 2471 5713 et
2504 5658 2728 5727 sepultus
2760 5667 2829 5710 est
2868 5652 2917 5708 in
2950 5656 3156 5708 basilica
3206 5653 3380 5707 Sancti
3413 5652 3553 5703 Maro

1984 5736 2092 5785 l‘nt.
