2034 3174
257 183 308 212 755

830 182 996 210 CEllEAL‘lS
1013 180 1210 209 CASTELLEN
1215 180 1264 208 SlS
1284 175 1434 207 LPISCUPI

1822 181 1880 208 756

258 246 349 266 eorum
363 239 540 266 defensionem
563 238 671 266 robuste
690 238 824 273 susz-ipere
836 239 903 265 sicut
918 238 1032 272 coepisti,
1050 244 1073 272 Α
1087 246 1129 266 res
1148 237 1259 270 Christi,
1276 237 1350 271 egeni
1373 236 1497 268 mendici,
1521 236 1596 270 :rgri,
1619 236 1714 270 vidum,
1743 237 1878 271 orplian‘;

258 291 356 318 equum
368 290 456 310 meum
471 282 625 317 parabilem,
637 287 664 310 et
676 283 774 310 mulum
783 290 860 318 quem
874 282 1036 317 clegerisdo.

259 329 327 363 lego.
342 328 443 356 Memor
452 332 510 356 esto
521 329 584 360 mei,
601 328 635 355 illi
647 328 827 362 dilectissime,
837 330 931 356 Irmen.

295 373 418 401 Ecclesiae
429 374 458 400 S.
475 373 545 401 Petri
558 374 742 408 peristromata
755 381 816 409 quae
830 374 853 401 ei
866 374 898 401 ad
911 373 1037 400 utendum

259 419 286 446 in
297 419 380 446 Natali
394 418 513 453 cjusde
525 425 598 454 saepe
611 419 740 452 concessi,
757 418 867 446 omnino
880 423 907 446 et
919 418 1041 445 absolute

260 462 304 495 do,
317 463 385 497 lego.

296 508 354 536 Tibi
369 509 441 537 fratri
460 514 487 536 et
501 508 684 536 eonsacerdoti
699 508 849 541 carissimo,
867 507 902 535 de
920 515 972 542 quo
989 507 1041 534 Do-

261 553 348 581 minus
361 553 509 588 providebit
523 553 644 588 regenda:
659 557 718 588 post
729 553 875 580 discessum
889 560 976 580 meum
992 551 1042 580 Ec-

262 599 350 627 clesia:
364 606 434 626 nune
445 607 523 631 mem,
539 603 603 626 tunc
618 603 681 632 tute,
696 603 742 626 aut
755 599 842 634 potius
854 606 903 626 nec
914 605 981 625 mea:
994 605 1043 625 nce

263 644 384 677 tuae,.sed
396 644 505 677 Christi,
519 644 554 671 do
566 644 694 679 quidquid
713 644 746 671 ad
765 651 842 672 usum
863 643 1042 677 episcopalem

263 689 297 716 de
312 689 389 716 rebus
401 689 468 717 meis
482 689 599 716 volueris
612 689 711 724 eligere
724 690 749 716 in
764 696 867 716 camera
884 693 911 716 et
926 688 1043 715 sacrario

263 733 360 761 vicino.
375 733 451 767 Quod
468 733 598 767 nolueris,
613 733 748 761 haeredum
765 741 884 760 meorum
905 733 1045 760 nominan-

264 779 357 807 dorum
371 784 440 807 esto.
452 779 638 814 Presbyterum
649 779 683 806 de
693 779 808 811 Maileio,
824 786 938 814 eumque
949 779 982 806 de
993 778 1044 806 0r-

265 826 333 852 bona
346 825 379 852 ad
393 825 490 859 gradus
506 824 574 852 unde
596 824 691 852 merito
704 824 799 858 deiecti
814 829 890 855 sunt,
910 831 1045 858 nunquam

265 870 384 897 restitue.
400 869 551 904 Sportulam
565 872 653 897 tanten
668 868 783 896 habeant
801 868 917 903 quandiu
932 868 1046 895 vixerint

1090 290 1146 314 ros,
1169 282 1292 317 inquam,
1315 281 1435 308 ha-redes
1457 287 1530 308 meos
1549 281 1652 313 scribo,
1678 281 1748 313 dico,
1774 287 1876 309 statuo.

1090 328 1136 355 llis
1156 335 1215 361 qua
1235 334 1314 362 supra
1328 318 1463 359 detractis,
1484 326 1610 361 quidquid
1625 326 1651 352 in
1674 327 1752 353 bonis
1776 326 1877 359 habeo,

1089 373 1145 401 sive
1157 373 1182 400 in
1194 373 1273 407 agris,
1284 372 1401 407 pascuis,
1411 372 1504 406 pratis,
1516 372 1679 405 nemoribus,
1691 372 1786 404 vineis,
1796 380 1879 399 man-

1090 418 1137 450 sis,
1150 417 1244 449 hortis,
1260 416 1345 452 aquis,
1362 416 1529 449 molendiuis,
1542 417 1599 443 sive
1616 417 1642 443 in
1660 424 1735 447 auro,
1751 417 1878 451 argento,

1090 467 1117 490 et
1128 462 1255 494 vestibus,
1273 462 1428 495 ueterisque
1443 461 1523 488 rebus
1545 460 1579 488 de
1599 460 1695 495 quibus
1719 468 1762 488 me
1784 461 1879 496 dispo-

1091 508 1176 536 suisse
1186 515 1239 535 nou
1250 507 1393 539 constabit,
1416 506 1535 533 hacredes
1552 514 1612 533 esse
1624 514 1672 533 vos
1686 506 1776 540 iubeo.
1798 508 1834 534 Et
1848 511 1881 533 ut

1092 554 1179 581 omnia
1208 561 1256 589 per
1281 552 1468 580 discretionem
1501 552 1730 584 administrentur,
1758 553 1820 579 volo
1848 558 1879 579 ut

1092 598 1274 626 distrahantur
1287 597 1480 633 quamprimum
1492 595 1593 628 obicro,
1607 601 1634 623 et
1649 597 1705 624 fieri
1721 597 1830 631 poterit,
1850 601 1878 624 et

1094 643 1120 670 in
1137 643 1275 677 pecuniam
1291 642 1454 676 redigantur,
1472 641 1547 675 cujus
1564 645 1616 668 tres
1630 645 1717 674 partes
1731 641 1805 667 fiant.
1820 641 1878 668 lio-

1094 687 1209 715 minibus
1222 687 1312 722 egenis
1324 686 1384 714 dua:
1394 686 1595 718 distribuantur,
1607 691 1634 713 ut
1649 686 1780 719 placuerit
1791 687 1881 720 etgra-

1095 734 1136 761 rio
1149 732 1316 768 presbytero,
1337 737 1364 759 et
1385 731 1476 759 comiti
1504 731 1619 766 Agiloni.
1641 731 1730 758 Tertia
1747 730 1833 758 viduis
1852 735 1880 758 et

1094 778 1255 814 pauperibus
1275 777 1391 810 feminis,
1412 777 1449 804 uti
1468 777 1596 812 placuerit
1610 777 1705 811 virgini
1724 777 1844 805 Dadolen
1852 785 1879 809 ρ,

1095 823 1297 855 distribuantur,
1312 822 1382 855 volo,
1397 830 1472 857 rogo,
1487 827 1586 850 statuo.

1131 870 1329 897 Testamentum
1341 868 1391 895 hoc
1404 875 1483 895 manu
1499 868 1605 903 propria
1619 869 1746 903 scriptum
1761 868 1843 903 relegi
1854 873 1881 896 et

265 922 346 950 super
359 919 433 949 parte
446 914 579 943 redituum
590 922 711 942 meorum
725 914 758 942 de
770 914 902 947 Preslaio;
916 914 987 948 quod
997 921 1043 942 su-
1060 916 1084 946 Β
1096 915 1240 949 subscripsi
1250 922 1299 949 ego
1315 914 1471 948 Perpetuus,
1487 914 1591 941 calend.
1611 914 1690 941 Maias
1710 919 1771 948 post
1782 922 1882 941 consu<

266 960 375 994 perarit,
391 967 449 987 cum
461 964 536 995 parte
551 959 595 986 illa
607 967 686 993 quam
699 959 823 987 utendam
838 959 974 987 fruendam
992 959 1044 986 illis

266 1004 396 1038 concessi,
412 1008 551 1039 postquam
564 1004 689 1035 obierint,
703 1007 731 1032 et
745 1004 791 1031 tibi
810 1003 937 1031 utendum
955 1003 1046 1031 fruen-

266 1049 329 1076 dum
348 1049 489 1083 relinquo:
509 1054 569 1083 pust
585 1049 731 1076 discessum
746 1053 818 1076 tuum
840 1049 965 1076 Ecclesiae
981 1056 1047 1076 utea:

267 1094 312 1125 do.
331 1093 400 1127 lego.
424 1094 459 1121 At
482 1098 523 1124 tu,
544 1092 625 1120 frater
642 1098 671 1121 et
694 1093 871 1122 consacerdos
898 1093 1045 1127 carissime,

266 1137 448 1173 presbyteros,
458 1137 596 1171 diaconos,
607 1138 729 1172 clericos,
741 1138 866 1174 virgines,
877 1146 962 1172 meos,
975 1143 1046 1172 tuos,

267 1190 337 1215 ama.
355 1182 478 1217 exemplo
494 1183 568 1218 juva,
593 1183 778 1211 benevolentia
798 1184 933 1218 prteveni;
956 1184 997 1211 fac
1021 1188 1049 1211 ut

268 1227 352 1255 sciant
364 1234 394 1255 se
407 1227 452 1255 tibi
475 1227 553 1261 ﬁlios,
565 1235 616 1255 non
631 1235 739 1262 servos;
753 1233 779 1256 te
795 1229 845 1256 illis
860 1233 973 1264 patrem,
996 1237 1048 1257 non

269 1272 471 1305 dominatorem,
487 1280 563 1308 rogo,
579 1273 650 1304 volo,
665 1277 761 1301 statuo.

303 1319 337 1345 At
359 1326 407 1346 vos
426 1319 528 1346 viscera
550 1326 620 1358 mea,
639 1319 734 1347 fratres
756 1320 932 1353 dilectissimi,
951 1327 1049 1348 Corona

270 1371 340 1396 mea,
352 1362 476 1397 gaudium
496 1370 597 1397 meum,
613 1363 637 1390 dt
649 1365 713 1392 mini
733 1366 793 1398 mei,
811 1366 856 1393 filii
877 1366 940 1399 mei,
954 1374 1050 1401 paupe-

1096 961 1178 988 latum
1191 960 1286 988 Leonis
1300 959 1407 987 Minoris
1429 960 1460 987 A.
1482 959 1548 987 lllud
1564 964 1601 991 tu,
1617 959 1730 987 Delmati
1748 959 1796 991 fili,
1810 960 1883 993 apud

1097 1011 1123 1034 te
1136 1006 1286 1041 depositum
1304 1014 1396 1038 serva;
1422 1010 1522 1033 etcum
1541 1005 1594 1033 alio
1609 1005 1687 1032 simili
1706 1012 1764 1032 mea
1782 1006 1881 1039 pariter

1098 1058 1178 1079 manu
1193 1051 1322 1086 scriptum
1333 1054 1360 1079 et
1373 1051 1564 1085 subscriptum,
1588 1050 1657 1085 quod
1677 1050 1747 1084 apud
1769 1049 1882 1077 Dadole-

1100 1104 1160 1124 nam
1175 1097 1296 1131 deposui,
1317 1096 1420 1131 Agi'oni
1436 1097 1526 1123 comiti
1550 1103 1641 1123 coram
1668 1096 1793 1123 fratribus
1814 1096 1883 1123 meis

1100 1143 1274 1178 presbyteris,
1285 1141 1440 1169 diaconibus
1455 1146 1483 1169 et
1493 1141 1597 1169 clericis
1612 1141 1782 1176 aperiendum
1801 1145 1827 1168 et
1842 1142 1870 1168 le

1098 1187 1211 1222 gendum
1224 1186 1323 1220 trades,
1338 1186 1364 1213 in
1377 1187 1485 1215 nomine
1496 1186 1601 1214 Domini
1612 1187 1683 1219 volo,
1692 1194 1767 1221 rt-go,
1781 1191 1880 1218 statuo,

1099 1232 1179 1259 fixum
1195 1236 1335 1266 ratumque
1345 1231 1390 1258 sit.
1406 1231 1531 1264 Benedic,
1548 1230 1658 1258 Domine
1673 1239 1680 1256 :
1701 1231 1759 1257 γριιὶ
1776 1230 1880 1258 Christ;

1099 1276 1173 1303 Jesn.

1138 1322 1193 1356 Ego
1207 1321 1354 1356 Perpetuus
1368 1322 1394 1348 in
1407 1321 1512 1348 nomine
1526 1326 1581 1355 tuo,
1595 1322 1676 1348 Amer.

1572 1464 1878 1479 ——————v——-——‘

589 1548 950 1608 EPITAPHIUM
981 1549 1271 1591 PERPETUI
1301 1548 1579 1591 EPISCOPI.

271 1673 390 1701 Culmina
403 1675 509 1702 sublimi
525 1676 620 1703 tollunt
634 1684 692 1711 qua:
706 1677 806 1705 vertice
820 1678 914 1705 cristas

305 1718 424 1746 Eximius
436 1720 538 1747 meritis
553 1721 697 1757 Perpetuus
709 1722 817 1750 dederat

271 1763 374 1791 Domno
384 1764 506 1797 Martino,
521 1765 597 1799 cujus
611 1766 660 1793 sub
678 1774 811 1795 marmore
826 1772 939 1802 pausnnt

304 1807 382 1841 Ossa,
395 1813 536 1836 veneratur
550 1804 610 1844 quze
624 1810 665 1845 pia
680 1811 753 1845 plebs
766 1813 898 1847 precibus.

271 1851 410 1880 liaeredem
423 1853 529 1887 scripsit
541 1853 687 1888 Christum,
699 1853 872 1891 atque'aurea
885 1857 966 1885 multa

304 1896 439 1925 Sacrando
454 1898 556 1927 Domini
571 1907 632 1927 vasa
646 1907 741 1928 cruore
755 1901 836 1929 dedit.

273 1939 428 1971 Trausmisit
436 1944 504 1971 cmlo
513 1966 520 1978 ,
534 1952 594 1980 quae
608 1946 719 1980 pluritna
733 1948 814 1975 cessit
826 1949 928 1983 egenis,
957 1957 960 1959 '

305 1987 380 2016 Fecit
392 1992 421 2016 et
434 1995 496 2017 ante
505 1996 567 2017 suas
580 1990 708 2019 scandere
717 1991 833 2019 divitias.

1060 1679 1083 1709 C
1099 1678 1191 1705 Clarus
1204 1678 1271 1708 avis,
1285 1677 1422 1711 atavisque
1435 1680 1539 1712 potens,
1559 1675 1608 1703 fuit
1621 1680 1699 1708 atque
1709 1679 1833 1702 senator:

1137 1723 1240 1750 Clarior
1249 1726 1278 1750 at
1290 1730 1337 1750 sua
1347 1723 1409 1750 dum
1422 1721 1583 1756 pauperibus
1599 1720 1701 1747 tribuit.

1103 1767 1156 1795 Sed
1168 1775 1253 1802 neque
1263 1767 1375 1796 Martiuo
1385 1766 1435 1794 soli
1452 1770 1503 1794 tam
1517 1765 1616 1801 grande
1630 1765 1778 1799 sepulcrum

1137 1813 1303 1845 Construxit,
1318 1812 1447 1839 tumulum
1459 1811 1522 1839 fecit
1534 1815 1561 1839 et
1575 1817 1635 1838 esse
1645 1818 1731 1837 suum.

1104 1857 1136 1885 Et
1149 1858 1212 1885 licet
1225 1863 1287 1884 ante
1302 1857 1383 1891 pedes
1393 1856 1500 1884 Martini
1515 1856 1720 1887 contumuletur,

1140 1903 1167 1928 In
1181 1902 1249 1930 coelo
1260 1902 1339 1929 simili
1351 1901 1447 1936 gaudet
1460 1905 1571 1935 uterque
1583 1901 1655 1928 loco.

1104 1947 1216 1982 Respice
1226 1947 1258 1974 de
1273 1948 1375 1981 superis
1389 1953 1469 1981 super
1479 1946 1540 1978 hoc,
1553 1946 1622 1974 bone
1632 1950 1732 1979 pastor,
1744 1945 1817 1976 ovili,

1139 1993 1337 2028 Perpetuusque
1346 1997 1417 2021 tuam
1431 1997 1557 2028 perpetua
1574 1992 1696 2026 patriam.

357 2052 514 2087 (Epistolam
529 2053 630 2081 Sidonii
643 2054 804 2089 Apollinaris
815 2055 848 2082 ad
863 2056 1022 2091 Perpetuam
1038 2056 1137 2084 videsis
1151 2064 1229 2091 supra
1245 2057 1314 2084 inter
1329 2064 1408 2092 opera
1422 2057 1523 2085 Sidonii
1539 2056 1585 2084 lib.
1601 2064 1646 2089 vn,
1662 2056 1739 2090 epist.
1754 2055 1795 2089 9.)

854 2236 936 2257 ANNO
958 2236 1070 2257 DOMINI
1094 2235 1290 2258 CCCCLXXXV.

651 2304 1510 2456 CEREALIS

863 2496 1087 2523 CASTELLENSIS
1103 2495 1283 2522 EPISCOPL'S.

967 2572 1197 2581 —___..

732 2641 955 2678 ΝΟΤΙΤΙΑ
981 2643 1055 2679 EX
1083 2644 1370 2680 GENNADIO.

302 2710 421 2748 Cerceiis
442 2717 583 2752 episcopus
602 2717 709 2745 natione
735 2716 799 2745 Afer
810 2739 818 2751 ,
845 2718 1022 2753 interrogatus
1034 2727 1048 2746 a
1063 2720 1089 2750 Ι)
1101 2720 1184 2753 Quam
1200 2719 1243 2746 ille
1256 2719 1282 2746 in
1294 2719 1401 2746 nomine
1412 2719 1516 2746 Domini
1529 2719 1688 2755 suti‘mgante
1700 2719 1749 2746 sibi
1762 2719 1883 2750 veritate.

269 2763 428 2792 Maximiano
440 2762 624 2791 Africanorum
635 2762 761 2797 episeopo
773 2764 794 2790 si
807 2769 895 2798 posset
908 2765 948 2792 vel
960 2765 1050 2799 paucis
1103 2771 1156 2791 non
1171 2764 1262 2798 paucis
1275 2763 1432 2791 testimoniis
1444 2764 1512 2791 sicut
1526 2764 1700 2792 Maximianus
1710 2763 1824 2792 irridens
1839 2772 1885 2798 pe-

270 2809 367 2836 divinas
380 2808 525 2844 Scriptura
539 2807 696 2836 testimoniis
717 2807 816 2842 absque
830 2808 882 2835 ulla
894 2809 1049 2844 disputatlo~
1102 2811 1190 2842 tierat,
1203 2809 1250 2837 sed
1259 2808 1373 2844 copiosis
1385 2814 1437 2837 tam
1450 2809 1551 2838 Veteris
1559 2811 1721 2839 Testamenti
1732 2817 1811 2845 quam
1818 2809 1884 2838 Novi

271 2852 312 2886 uis
322 2852 448 2881 duntaxat
461 2851 618 2886 assertione,
635 2851 712 2881 (idem
726 2852 883 2880 catholicam
901 2853 1046 2888 assignare.

1102 2854 1265 2888 approbavit,
1278 2857 1303 2880 et
1317 2853 1407 2881 librllo
1421 2854 1513 2883 edidit.
