  <div class='ocr_page' id='page_1' title='image "/cluster/home/n/w/nwhite01/storage/ocr_20150623/58/hvd.32044073505240/414.png"; bbox 0 0 4068 6348; ppageno 0'>
   <div class='ocr_carea' id='block_1_1' title="bbox 287 352 416 409">
    <p class='ocr_par' dir='ltr' id='par_1_1' title="bbox 287 352 416 409">
     <span class='ocr_line' id='line_1_1' title="bbox 287 352 416 409; baseline 0 -1"><span class='ocrx_word' id='word_1_1' title='bbox 287 352 416 409; x_wconf 74' lang='grc'><strong>757</strong></span> 
     </span>
    </p>
   </div>
   <div class='ocr_carea' id='block_1_2' title="bbox 934 496 1896 705">
    <p class='ocr_par' dir='ltr' id='par_1_2' title="bbox 934 496 1896 705">
     <span class='ocr_line' id='line_1_2' title="bbox 934 496 1896 705; baseline -0.001 0"><span class='ocrx_word' id='word_1_2' title='bbox 934 496 1896 705; x_wconf 81' lang='lat' dir='ltr'><strong>CEREALIS</strong></span> 
     </span>
    </p>
   </div>
   <div class='ocr_carea' id='block_1_3' title="bbox 1201 350 2639 409">
    <p class='ocr_par' dir='ltr' id='par_1_3' title="bbox 1201 350 2639 409">
     <span class='ocr_line' id='line_1_3' title="bbox 1201 350 2639 409; baseline 0.002 -5"><span class='ocrx_word' id='word_1_3' title='bbox 1201 350 1528 407; x_wconf 81' lang='lat' dir='ltr'><strong>LIBELLUS</strong></span> <span class='ocrx_word' id='word_1_4' title='bbox 1568 352 1841 406; x_wconf 81' lang='lat' dir='ltr'><strong>CONTRA</strong></span> <span class='ocrx_word' id='word_1_5' title='bbox 1882 351 2271 408; x_wconf 74' lang='lat' dir='ltr'><strong>MAXMIINUM</strong></span> <span class='ocrx_word' id='word_1_6' title='bbox 2312 353 2639 409; x_wconf 74' lang='lat' dir='ltr'><strong>ARIANUM.</strong></span> 
     </span>
    </p>
   </div>
   <div class='ocr_carea' id='block_1_4' title="bbox 3456 358 3559 429">
    <p class='ocr_par' dir='ltr' id='par_1_4' title="bbox 3456 358 3559 429">
     <span class='ocr_line' id='line_1_4' title="bbox 3456 358 3559 429; baseline 0.01 -16"><span class='ocrx_word' id='word_1_7' title='bbox 3456 358 3559 429; x_wconf 67' lang='lat'><strong>753</strong></span> 
     </span>
    </p>
   </div>
   <div class='ocr_carea' id='block_1_5' title="bbox 286 463 3515 495">
    <p class='ocr_par' dir='ltr' id='par_1_5' title="bbox 286 463 3515 495">
     <span class='ocr_line' id='line_1_5' title="bbox 286 463 3515 495; baseline 0.001 -8"><span class='ocrx_word' id='word_1_8' title='bbox 286 463 3515 495; x_wconf 60' lang='lat' dir='ltr'><strong>h——————————_—_—~———_——————_—_——_—</strong></span> 
     </span>
    </p>
   </div>
   <div class='ocr_carea' id='block_1_6' title="bbox 1997 563 2901 710">
    <p class='ocr_par' dir='ltr' id='par_1_6' title="bbox 1997 563 2901 710">
     <span class='ocr_line' id='line_1_6' title="bbox 1997 563 2901 710; baseline 0.007 -10"><span class='ocrx_word' id='word_1_9' title='bbox 1997 563 2901 710; x_wconf 85' lang='lat' dir='ltr'><strong>EPISCOPI</strong></span> 
     </span>
    </p>
   </div>
   <div class='ocr_carea' id='block_1_7' title="bbox 692 794 3166 900">
    <p class='ocr_par' dir='ltr' id='par_1_7' title="bbox 692 794 3166 900">
     <span class='ocr_line' id='line_1_7' title="bbox 692 794 3166 900; baseline 0 -21"><span class='ocrx_word' id='word_1_10' title='bbox 692 795 1161 879; x_wconf 82' lang='lat' dir='ltr'><strong>CONTRA</strong></span> <span class='ocrx_word' id='word_1_11' title='bbox 1218 794 1936 900; x_wconf 84' lang='lat' dir='ltr'><strong>MAXIMINUM</strong></span> <span class='ocrx_word' id='word_1_12' title='bbox 1987 798 2534 881; x_wconf 83' lang='lat' dir='ltr'><strong>ARIANUM</strong></span> <span class='ocrx_word' id='word_1_13' title='bbox 2588 802 3166 887; x_wconf 88' lang='lat' dir='ltr'><strong>LIBELLUS.</strong></span> 
     </span>
    </p>
   </div>
   <div class='ocr_carea' id='block_1_8' title="bbox 1740 970 1853 979">
    <p class='ocr_par' dir='ltr' id='par_1_8' title="bbox 1740 970 1853 979">
     <span class='ocr_line' id='line_1_8' title="bbox 1740 970 1853 979; baseline 0.009 -1"><span class='ocrx_word' id='word_1_14' title='bbox 1740 970 1853 979; x_wconf 73' lang='lat'><strong>——-——.</strong></span> 
     </span>
    </p>
   </div>
   <div class='ocr_carea' id='block_1_9' title="bbox 863 1060 1334 1117">
    <p class='ocr_par' dir='ltr' id='par_1_9' title="bbox 863 1060 1334 1117">
     <span class='ocr_line' id='line_1_9' title="bbox 863 1060 1334 1117; baseline -0.008 0"><span class='ocrx_word' id='word_1_15' title='bbox 863 1060 1334 1117; x_wconf 79' lang='lat' dir='ltr'><strong>INTRODIICTIU.</strong></span> 
     </span>
    </p>
   </div>
   <div class='ocr_carea' id='block_1_10' title="bbox 388 1151 1894 1221">
    <p class='ocr_par' dir='ltr' id='par_1_10' title="bbox 388 1151 1894 1221">
     <span class='ocr_line' id='line_1_10' title="bbox 388 1151 1894 1221; baseline 0 -13"><span class='ocrx_word' id='word_1_16' title='bbox 388 1155 521 1208; x_wconf 86' lang='lat' dir='ltr'><strong>Cum</strong></span> <span class='ocrx_word' id='word_1_17' title='bbox 552 1152 924 1221; x_wconf 72' lang='lat' dir='ltr'><strong>Carthaginem</strong></span> <span class='ocrx_word' id='word_1_18' title='bbox 959 1151 1197 1207; x_wconf 83' lang='lat' dir='ltr'><strong>Cerealis</strong></span> <span class='ocrx_word' id='word_1_19' title='bbox 1242 1162 1439 1206; x_wconf 74' lang='lat' dir='ltr'><strong>sanctre</strong></span> <span class='ocrx_word' id='word_1_20' title='bbox 1468 1154 1744 1207; x_wconf 80' lang='lat' dir='ltr'><strong>catholica:</strong></span> <span class='ocrx_word' id='word_1_21' title='bbox 1776 1154 1894 1208; x_wconf 85' lang='lat' dir='ltr'><strong>lidei</strong></span> 
     </span>
    </p>
   </div>
   <div class='ocr_carea' id='block_1_11' title="bbox 311 1242 1896 1311">
    <p class='ocr_par' dir='ltr' id='par_1_11' title="bbox 311 1242 1896 1311">
     <span class='ocr_line' id='line_1_11' title="bbox 311 1242 1896 1311; baseline 0.001 -14"><span class='ocrx_word' id='word_1_22' title='bbox 311 1243 667 1298; x_wconf 86' lang='lat' dir='ltr'><strong>Castellensis</strong></span> <span class='ocrx_word' id='word_1_23' title='bbox 695 1242 975 1311; x_wconf 90' lang='lat' dir='ltr'><strong>cpiscopus</strong></span> <span class='ocrx_word' id='word_1_24' title='bbox 996 1243 1159 1307; x_wconf 87' lang='lat' dir='ltr'><strong>venit,</strong></span> <span class='ocrx_word' id='word_1_25' title='bbox 1206 1249 1260 1298; x_wconf 90' lang='lat' dir='ltr'><strong>et</strong></span> <span class='ocrx_word' id='word_1_26' title='bbox 1287 1243 1405 1311; x_wconf 85' lang='lat' dir='ltr'><strong>quia</strong></span> <span class='ocrx_word' id='word_1_27' title='bbox 1437 1244 1659 1298; x_wconf 80' lang='lat' dir='ltr'><strong>vicinior</strong></span> <span class='ocrx_word' id='word_1_28' title='bbox 1686 1255 1765 1300; x_wconf 80' lang='lat' dir='ltr'><strong>cs1</strong></span> <span class='ocrx_word' id='word_1_29' title='bbox 1794 1242 1896 1299; x_wconf 85' lang='lat' dir='ltr'><strong>illis</strong></span> 
     </span>
    </p>
   </div>
   <div class='ocr_carea' id='block_1_12' title="bbox 312 1331 1897 1405">
    <p class='ocr_par' dir='ltr' id='par_1_12' title="bbox 312 1331 1897 1405">
     <span class='ocr_line' id='line_1_12' title="bbox 312 1331 1897 1405; baseline 0 -17"><span class='ocrx_word' id='word_1_30' title='bbox 312 1334 626 1388; x_wconf 88' lang='lat' dir='ltr'><strong>civitatibus</strong></span> <span class='ocrx_word' id='word_1_31' title='bbox 666 1343 781 1402; x_wconf 76' lang='lat' dir='ltr'><strong>qua:</strong></span> <span class='ocrx_word' id='word_1_32' title='bbox 812 1331 905 1386; x_wconf 85' lang='lat' dir='ltr'><strong>Dei</strong></span> <span class='ocrx_word' id='word_1_33' title='bbox 942 1331 1124 1387; x_wconf 84' lang='lat' dir='ltr'><strong>furore</strong></span> <span class='ocrx_word' id='word_1_34' title='bbox 1164 1333 1495 1399; x_wconf 67' lang='lat' dir='ltr'><strong>innrscrunt,</strong></span> <span class='ocrx_word' id='word_1_35' title='bbox 1542 1336 1745 1405; x_wconf 79' lang='lat' dir='ltr'><strong>regales</strong></span> <span class='ocrx_word' id='word_1_36' title='bbox 1784 1335 1897 1404; x_wconf 83' lang='lat' dir='ltr'><strong>pui-</strong></span> 
     </span>
    </p>
   </div>
   <div class='ocr_carea' id='block_1_13' title="bbox 316 1421 1893 1494">
    <p class='ocr_par' dir='ltr' id='par_1_13' title="bbox 316 1421 1893 1494">
     <span class='ocr_line' id='line_1_13' title="bbox 316 1421 1893 1494; baseline -0.001 -15"><span class='ocrx_word' id='word_1_37' title='bbox 316 1425 459 1479; x_wconf 88' lang='lat' dir='ltr'><strong>savit</strong></span> <span class='ocrx_word' id='word_1_38' title='bbox 487 1438 641 1476; x_wconf 85' lang='lat' dir='ltr'><strong>aures</strong></span> <span class='ocrx_word' id='word_1_39' title='bbox 663 1422 776 1491; x_wconf 80' lang='lat' dir='ltr'><strong>ejus</strong></span> <span class='ocrx_word' id='word_1_40' title='bbox 806 1421 1089 1477; x_wconf 80' lang='lat' dir='ltr'><strong>adventus.</strong></span> <span class='ocrx_word' id='word_1_41' title='bbox 1120 1421 1185 1477; x_wconf 88' lang='lat' dir='ltr'><strong>Et</strong></span> <span class='ocrx_word' id='word_1_42' title='bbox 1218 1438 1337 1478; x_wconf 92' lang='lat' dir='ltr'><strong>cum</strong></span> <span class='ocrx_word' id='word_1_43' title='bbox 1363 1424 1428 1477; x_wconf 90' lang='lat' dir='ltr'><strong>ab</strong></span> <span class='ocrx_word' id='word_1_44' title='bbox 1450 1437 1515 1478; x_wconf 90' lang='lat' dir='ltr'><strong>eo</strong></span> <span class='ocrx_word' id='word_1_45' title='bbox 1536 1424 1893 1494; x_wconf 80' lang='lat' dir='ltr'><strong>requirerent,</strong></span> 
     </span>
    </p>
   </div>
   <div class='ocr_carea' id='block_1_14' title="bbox 316 1514 1893 1587">
    <p class='ocr_par' dir='ltr' id='par_1_14' title="bbox 316 1514 1893 1587">
     <span class='ocr_line' id='line_1_14' title="bbox 316 1514 1893 1587; baseline 0.002 -19"><span class='ocrx_word' id='word_1_46' title='bbox 316 1517 515 1585; x_wconf 86' lang='lat' dir='ltr'><strong>quibus</strong></span> <span class='ocrx_word' id='word_1_47' title='bbox 544 1525 656 1568; x_wconf 91' lang='lat' dir='ltr'><strong>erat</strong></span> <span class='ocrx_word' id='word_1_48' title='bbox 681 1514 993 1581; x_wconf 71' lang='lat' dir='ltr'><strong>iniunctum,</strong></span> <span class='ocrx_word' id='word_1_49' title='bbox 1020 1515 1063 1569; x_wconf 90' lang='lat' dir='ltr'><strong>si</strong></span> <span class='ocrx_word' id='word_1_50' title='bbox 1089 1530 1210 1570; x_wconf 91' lang='lat' dir='ltr'><strong>vera</strong></span> <span class='ocrx_word' id='word_1_51' title='bbox 1232 1515 1335 1569; x_wconf 91' lang='lat' dir='ltr'><strong>sint</strong></span> <span class='ocrx_word' id='word_1_52' title='bbox 1365 1530 1481 1585; x_wconf 73' lang='lat' dir='ltr'><strong>qua:</strong></span> <span class='ocrx_word' id='word_1_53' title='bbox 1506 1514 1893 1587; x_wconf 80' lang='lat' dir='ltr'><strong>famajactavit,</strong></span> 
     </span>
    </p>
   </div>
   <div class='ocr_carea' id='block_1_15' title="bbox 323 1604 1896 1671">
    <p class='ocr_par' dir='ltr' id='par_1_15' title="bbox 323 1604 1896 1671">
     <span class='ocr_line' id='line_1_15' title="bbox 323 1604 1896 1671; baseline 0.001 -10"><span class='ocrx_word' id='word_1_54' title='bbox 323 1622 395 1661; x_wconf 78' lang='lat' dir='ltr'><strong>ex</strong></span> <span class='ocrx_word' id='word_1_55' title='bbox 415 1606 603 1661; x_wconf 85' lang='lat' dir='ltr'><strong>ordine</strong></span> <span class='ocrx_word' id='word_1_56' title='bbox 633 1621 751 1659; x_wconf 90' lang='lat' dir='ltr'><strong>cum</strong></span> <span class='ocrx_word' id='word_1_57' title='bbox 781 1614 1079 1671; x_wconf 79' lang='lat' dir='ltr'><strong>enarraret,</strong></span> <span class='ocrx_word' id='word_1_58' title='bbox 1106 1604 1422 1662; x_wconf 78' lang='lat' dir='ltr'><strong>Maximinus</strong></span> <span class='ocrx_word' id='word_1_59' title='bbox 1446 1607 1896 1662; x_wconf 74' lang='lat' dir='ltr'><strong>Ariomanitarum</strong></span> 
     </span>
    </p>
   </div>
   <div class='ocr_carea' id='block_1_16' title="bbox 290 1696 1897 1766">
    <p class='ocr_par' dir='ltr' id='par_1_16' title="bbox 290 1696 1897 1766">
     <span class='ocr_line' id='line_1_16' title="bbox 290 1696 1897 1766; baseline 0.001 -15"><span class='ocrx_word' id='word_1_60' title='bbox 290 1696 299 1697; x_wconf 30' lang='grc' dir='ltr'>ί</span> <span class='ocrx_word' id='word_1_61' title='bbox 323 1698 610 1766; x_wconf 87' lang='lat' dir='ltr'><strong>episcopus</strong></span> <span class='ocrx_word' id='word_1_62' title='bbox 639 1696 966 1766; x_wconf 89' lang='lat' dir='ltr'><strong>supervenit,</strong></span> <span class='ocrx_word' id='word_1_63' title='bbox 997 1702 1051 1750; x_wconf 91' lang='lat' dir='ltr'><strong>et</strong></span> <span class='ocrx_word' id='word_1_64' title='bbox 1079 1696 1153 1750; x_wconf 86' lang='lat' dir='ltr'><strong>ait</strong></span> <span class='ocrx_word' id='word_1_65' title='bbox 1180 1698 1433 1766; x_wconf 85' lang='lat' dir='ltr'><strong>episeopo</strong></span> <span class='ocrx_word' id='word_1_66' title='bbox 1462 1698 1669 1753; x_wconf 79' lang='lat' dir='ltr'><strong>Cereali</strong></span> <span class='ocrx_word' id='word_1_67' title='bbox 1693 1716 1703 1752; x_wconf 90' lang='lat'><strong>:</strong></span> <span class='ocrx_word' id='word_1_68' title='bbox 1737 1698 1897 1753; x_wconf 83' lang='lat' dir='ltr'><strong>Vide-</strong></span> 
     </span>
    </p>
   </div>
   <div class='ocr_carea' id='block_1_17' title="bbox 328 1786 1898 1857">
    <p class='ocr_par' dir='ltr' id='par_1_17' title="bbox 328 1786 1898 1857">
     <span class='ocr_line' id='line_1_17' title="bbox 328 1786 1898 1857; baseline 0.003 -18"><span class='ocrx_word' id='word_1_69' title='bbox 328 1789 399 1842; x_wconf 85' lang='lat' dir='ltr'><strong>tis</strong></span> <span class='ocrx_word' id='word_1_70' title='bbox 424 1804 541 1857; x_wconf 83' lang='lat' dir='ltr'><strong>qu:e</strong></span> <span class='ocrx_word' id='word_1_71' title='bbox 571 1797 745 1842; x_wconf 85' lang='lat' dir='ltr'><strong>vestra</strong></span> <span class='ocrx_word' id='word_1_72' title='bbox 779 1786 979 1841; x_wconf 82' lang='lat' dir='ltr'><strong>faciunt</strong></span> <span class='ocrx_word' id='word_1_73' title='bbox 1026 1789 1287 1856; x_wconf 78' lang='lat' dir='ltr'><strong>peccata?</strong></span> <span class='ocrx_word' id='word_1_74' title='bbox 1338 1789 1456 1843; x_wconf 90' lang='lat' dir='ltr'><strong>ideo</strong></span> <span class='ocrx_word' id='word_1_75' title='bbox 1484 1788 1718 1845; x_wconf 85' lang='lat' dir='ltr'><strong>deseruit</strong></span> <span class='ocrx_word' id='word_1_76' title='bbox 1760 1788 1898 1846; x_wconf 86' lang='lat' dir='ltr'><strong>Deus</strong></span> 
     </span>
    </p>
   </div>
   <div class='ocr_carea' id='block_1_18' title="bbox 327 1878 1896 1952">
    <p class='ocr_par' dir='ltr' id='par_1_18' title="bbox 327 1878 1896 1952">
     <span class='ocr_line' id='line_1_18' title="bbox 327 1878 1896 1952; baseline 0.004 -19"><span class='ocrx_word' id='word_1_77' title='bbox 327 1895 448 1935; x_wconf 77' lang='lat' dir='ltr'><strong>vos.</strong></span> <span class='ocrx_word' id='word_1_78' title='bbox 473 1878 755 1934; x_wconf 69' lang='lat' dir='ltr'><strong>CEBEAIJS.</strong></span> <span class='ocrx_word' id='word_1_79' title='bbox 775 1880 950 1947; x_wconf 84' lang='lat' dir='ltr'><strong>Quare</strong></span> <span class='ocrx_word' id='word_1_80' title='bbox 976 1895 1073 1935; x_wconf 93' lang='lat' dir='ltr'><strong>nos</strong></span> <span class='ocrx_word' id='word_1_81' title='bbox 1096 1880 1350 1947; x_wconf 85' lang='lat' dir='ltr'><strong>deseruit,</strong></span> <span class='ocrx_word' id='word_1_82' title='bbox 1377 1891 1431 1936; x_wconf 88' lang='lat' dir='ltr'><strong>et</strong></span> <span class='ocrx_word' id='word_1_83' title='bbox 1454 1898 1559 1938; x_wconf 91' lang='lat' dir='ltr'><strong>non</strong></span> <span class='ocrx_word' id='word_1_84' title='bbox 1589 1885 1761 1952; x_wconf 85' lang='lat' dir='ltr'><strong>potius</strong></span> <span class='ocrx_word' id='word_1_85' title='bbox 1781 1899 1896 1951; x_wconf 89' lang='lat' dir='ltr'><strong>vos,</strong></span> 
     </span>
    </p>
   </div>
   <div class='ocr_carea' id='block_1_19' title="bbox 328 1966 1899 2044">
    <p class='ocr_par' dir='ltr' id='par_1_19' title="bbox 328 1966 1899 2044">
     <span class='ocr_line' id='line_1_19' title="bbox 328 1966 1899 2044; baseline 0.005 -22"><span class='ocrx_word' id='word_1_86' title='bbox 328 1970 419 2039; x_wconf 85' lang='lat' dir='ltr'><strong>qui</strong></span> <span class='ocrx_word' id='word_1_87' title='bbox 441 1971 643 2024; x_wconf 89' lang='lat' dir='ltr'><strong>animas</strong></span> <span class='ocrx_word' id='word_1_88' title='bbox 663 1966 1059 2024; x_wconf 82' lang='lat' dir='ltr'><strong>suhChristiani</strong></span> <span class='ocrx_word' id='word_1_89' title='bbox 1083 1969 1314 2025; x_wconf 90' lang='lat' dir='ltr'><strong>nominis</strong></span> <span class='ocrx_word' id='word_1_90' title='bbox 1344 1972 1482 2042; x_wconf 82' lang='lat' dir='ltr'><strong>styln</strong></span> <span class='ocrx_word' id='word_1_91' title='bbox 1499 1973 1774 2044; x_wconf 77' lang='lat' dir='ltr'><strong>jngulatis,</strong></span> <span class='ocrx_word' id='word_1_92' title='bbox 1801 1988 1899 2030; x_wconf 90' lang='lat' dir='ltr'><strong>nec</strong></span> 
     </span>
    </p>
   </div>
   <div class='ocr_carea' id='block_1_20' title="bbox 332 2058 1900 2129">
    <p class='ocr_par' dir='ltr' id='par_1_20' title="bbox 332 2058 1900 2129">
     <span class='ocr_line' id='line_1_20' title="bbox 332 2058 1900 2129; baseline 0.005 -14"><span class='ocrx_word' id='word_1_93' title='bbox 332 2076 512 2129; x_wconf 87' lang='lat' dir='ltr'><strong>veram</strong></span> <span class='ocrx_word' id='word_1_94' title='bbox 546 2061 700 2116; x_wconf 88' lang='lat' dir='ltr'><strong>Iidem</strong></span> <span class='ocrx_word' id='word_1_95' title='bbox 732 2062 920 2118; x_wconf 41' lang='lat' dir='ltr'><strong>tenetis</strong></span> <span class='ocrx_word' id='word_1_96' title='bbox 944 2064 966 2116; x_wconf 89' lang='lat'><strong>?</strong></span> <span class='ocrx_word' id='word_1_97' title='bbox 993 2058 1317 2119; x_wconf 72' lang='lat' dir='ltr'><strong>Mutamus.</strong></span> <span class='ocrx_word' id='word_1_98' title='bbox 1345 2065 1401 2121; x_wconf 87' lang='lat' dir='ltr'><strong>Si</strong></span> <span class='ocrx_word' id='word_1_99' title='bbox 1432 2080 1609 2120; x_wconf 86' lang='lat' dir='ltr'><strong>veram</strong></span> <span class='ocrx_word' id='word_1_100' title='bbox 1639 2066 1792 2122; x_wconf 89' lang='lat' dir='ltr'><strong>Iidem</strong></span> <span class='ocrx_word' id='word_1_101' title='bbox 1825 2076 1900 2123; x_wconf 91' lang='lat' dir='ltr'><strong>te-</strong></span> 
     </span>
    </p>
   </div>
   <div class='ocr_carea' id='block_1_21' title="bbox 332 2154 1898 2223">
    <p class='ocr_par' dir='ltr' id='par_1_21' title="bbox 332 2154 1898 2223">
     <span class='ocr_line' id='line_1_21' title="bbox 332 2154 1898 2223; baseline 0.005 -16"><span class='ocrx_word' id='word_1_102' title='bbox 332 2155 492 2219; x_wconf 84' lang='lat' dir='ltr'><strong>netis,</strong></span> <span class='ocrx_word' id='word_1_103' title='bbox 527 2168 816 2222; x_wconf 86' lang='lat' dir='ltr'><strong>proponam</strong></span> <span class='ocrx_word' id='word_1_104' title='bbox 869 2154 959 2208; x_wconf 86' lang='lat' dir='ltr'><strong>tibi</strong></span> <span class='ocrx_word' id='word_1_105' title='bbox 990 2157 1311 2223; x_wconf 66' lang='lat' dir='ltr'><strong>quaestiones</strong></span> <span class='ocrx_word' id='word_1_106' title='bbox 1360 2168 1548 2213; x_wconf 73' lang='lat' dir='ltr'><strong>vestrrc</strong></span> <span class='ocrx_word' id='word_1_107' title='bbox 1587 2159 1704 2213; x_wconf 78' lang='lat' dir='ltr'><strong>fidei</strong></span> <span class='ocrx_word' id='word_1_108' title='bbox 1728 2202 1740 2223; x_wconf 90' lang='lat'><strong>,</strong></span> <span class='ocrx_word' id='word_1_109' title='bbox 1776 2173 1827 2213; x_wconf 89' lang='lat' dir='ltr'><strong>ut</strong></span> <span class='ocrx_word' id='word_1_110' title='bbox 1856 2162 1898 2215; x_wconf 91' lang='lat' dir='ltr'><strong>si</strong></span> 
     </span>
    </p>
   </div>
   <div class='ocr_carea' id='block_1_22' title="bbox 334 2243 1898 2319">
    <p class='ocr_par' dir='ltr' id='par_1_22' title="bbox 334 2243 1898 2319">
     <span class='ocr_line' id='line_1_22' title="bbox 334 2243 1898 2319; baseline 0.008 -25"><span class='ocrx_word' id='word_1_111' title='bbox 334 2259 511 2297; x_wconf 80' lang='lat' dir='ltr'><strong>veram</strong></span> <span class='ocrx_word' id='word_1_112' title='bbox 558 2243 719 2297; x_wconf 81' lang='lat' dir='ltr'><strong>habes</strong></span> <span class='ocrx_word' id='word_1_113' title='bbox 750 2244 927 2310; x_wconf 83' lang='lat' dir='ltr'><strong>tidem,</strong></span> <span class='ocrx_word' id='word_1_114' title='bbox 963 2246 1082 2299; x_wconf 78' lang='lat' dir='ltr'><strong>\olo</strong></span> <span class='ocrx_word' id='word_1_115' title='bbox 1112 2254 1166 2300; x_wconf 92' lang='lat' dir='ltr'><strong>ut</strong></span> <span class='ocrx_word' id='word_1_116' title='bbox 1195 2246 1260 2299; x_wconf 90' lang='lat' dir='ltr'><strong>ad</strong></span> <span class='ocrx_word' id='word_1_117' title='bbox 1292 2263 1446 2301; x_wconf 82' lang='lat' dir='ltr'><strong>unam</strong></span> <span class='ocrx_word' id='word_1_118' title='bbox 1486 2251 1898 2319; x_wconf 78' lang='lat' dir='ltr'><strong>propositionem</strong></span> 
     </span>
    </p>
   </div>
   <div class='ocr_carea' id='block_1_23' title="bbox 332 2330 1899 2395">
    <p class='ocr_par' dir='ltr' id='par_1_23' title="bbox 332 2330 1899 2395">
     <span class='ocr_line' id='line_1_23' title="bbox 332 2330 1899 2395; baseline 0.004 -6"><span class='ocrx_word' id='word_1_119' title='bbox 332 2334 709 2389; x_wconf 72' lang='lat' dir='ltr'><strong>excludendum</strong></span> <span class='ocrx_word' id='word_1_120' title='bbox 734 2330 839 2387; x_wconf 91' lang='lat' dir='ltr'><strong>duo</strong></span> <span class='ocrx_word' id='word_1_121' title='bbox 861 2336 942 2389; x_wconf 86' lang='lat' dir='ltr'><strong>vel</strong></span> <span class='ocrx_word' id='word_1_122' title='bbox 966 2336 1062 2389; x_wconf 84' lang='lat' dir='ltr'><strong>tria</strong></span> <span class='ocrx_word' id='word_1_123' title='bbox 1090 2337 1388 2391; x_wconf 85' lang='lat' dir='ltr'><strong>testimonia</strong></span> <span class='ocrx_word' id='word_1_124' title='bbox 1413 2339 1664 2394; x_wconf 82' lang='lat' dir='ltr'><strong>adducas.</strong></span> <span class='ocrx_word' id='word_1_125' title='bbox 1693 2340 1899 2395; x_wconf 66' lang='lat' dir='ltr'><strong>Cenes-</strong></span> 
     </span>
    </p>
   </div>
   <div class='ocr_carea' id='block_1_24' title="bbox 1860 971 2185 984">
    <p class='ocr_par' dir='ltr' id='par_1_24' title="bbox 1860 971 2185 984">
     <span class='ocr_line' id='line_1_24' title="bbox 1860 971 2185 984; baseline 0.012 -4"><span class='ocrx_word' id='word_1_126' title='bbox 1860 971 2185 984; x_wconf 69' lang='lat'><strong>-—-—_..._....</strong></span> 
     </span>
    </p>
   </div>
   <div class='ocr_carea' id='block_1_25' title="bbox 1916 1063 3561 1139">
    <p class='ocr_par' dir='ltr' id='par_1_25' title="bbox 1916 1063 3561 1139">
     <span class='ocr_line' id='line_1_25' title="bbox 1916 1063 3561 1139; baseline 0.013 -27"><span class='ocrx_word' id='word_1_127' title='bbox 1916 1073 1962 1125; x_wconf 79' lang='grc' dir='ltr'>Α</span> <span class='ocrx_word' id='word_1_128' title='bbox 2000 1063 2117 1117; x_wconf 77' lang='lat' dir='ltr'><strong>ideo</strong></span> <span class='ocrx_word' id='word_1_129' title='bbox 2147 1067 2298 1133; x_wconf 74' lang='lat' dir='ltr'><strong>dixit,</strong></span> <span class='ocrx_word' id='word_1_130' title='bbox 2320 1072 2439 1139; x_wconf 89' lang='lat' dir='ltr'><strong>quia</strong></span> <span class='ocrx_word' id='word_1_131' title='bbox 2465 1074 2600 1127; x_wconf 88' lang='lat' dir='ltr'><strong>alius</strong></span> <span class='ocrx_word' id='word_1_132' title='bbox 2637 1082 2715 1126; x_wconf 80' lang='lat' dir='ltr'><strong>est</strong></span> <span class='ocrx_word' id='word_1_133' title='bbox 2746 1074 2925 1127; x_wconf 75' lang='lat' dir='ltr'><strong>Filius.</strong></span> <span class='ocrx_word' id='word_1_134' title='bbox 2953 1075 3054 1130; x_wconf 80' lang='lat' dir='ltr'><strong>Sed</strong></span> <span class='ocrx_word' id='word_1_135' title='bbox 3081 1092 3241 1130; x_wconf 60' lang='lat' dir='ltr'><strong>unum</strong></span> <span class='ocrx_word' id='word_1_136' title='bbox 3267 1079 3561 1134; x_wconf 78' lang='lat' dir='ltr'><strong>sutttP.tiet&#39;</strong></span> 
     </span>
    </p>
   </div>
   <div class='ocr_carea' id='block_1_26' title="bbox 1999 1156 3560 1234">
    <p class='ocr_par' dir='ltr' id='par_1_26' title="bbox 1999 1156 3560 1234">
     <span class='ocr_line' id='line_1_26' title="bbox 1999 1156 3560 1234; baseline 0.012 -27"><span class='ocrx_word' id='word_1_137' title='bbox 1999 1164 2049 1207; x_wconf 89' lang='lat' dir='ltr'><strong>et</strong></span> <span class='ocrx_word' id='word_1_138' title='bbox 2078 1156 2261 1214; x_wconf 84' lang='lat' dir='ltr'><strong>Filius.</strong></span> <span class='ocrx_word' id='word_1_139' title='bbox 2284 1160 2463 1231; x_wconf 83' lang='lat' dir='ltr'><strong>Neque</strong></span> <span class='ocrx_word' id='word_1_140' title='bbox 2490 1164 2630 1217; x_wconf 88' lang='lat' dir='ltr'><strong>enim</strong></span> <span class='ocrx_word' id='word_1_141' title='bbox 2654 1162 2910 1218; x_wconf 89' lang='lat' dir='ltr'><strong>dividitur</strong></span> <span class='ocrx_word' id='word_1_142' title='bbox 2927 1164 3085 1232; x_wconf 84' lang='lat' dir='ltr'><strong>Deus,</strong></span> <span class='ocrx_word' id='word_1_143' title='bbox 3110 1183 3227 1221; x_wconf 86' lang='lat' dir='ltr'><strong>cum</strong></span> <span class='ocrx_word' id='word_1_144' title='bbox 3261 1169 3371 1234; x_wconf 80' lang='lat' dir='ltr'><strong>ipse</strong></span> <span class='ocrx_word' id='word_1_145' title='bbox 3401 1170 3560 1225; x_wconf 73' lang='lat' dir='ltr'><strong>Filius</strong></span> 
     </span>
    </p>
   </div>
   <div class='ocr_carea' id='block_1_27' title="bbox 1998 1246 3562 1324">
    <p class='ocr_par' dir='ltr' id='par_1_27' title="bbox 1998 1246 3562 1324">
     <span class='ocr_line' id='line_1_27' title="bbox 1998 1246 3562 1324; baseline 0.009 -25"><span class='ocrx_word' id='word_1_146' title='bbox 1998 1246 2175 1300; x_wconf 89' lang='lat' dir='ltr'><strong>dicat:</strong></span> <span class='ocrx_word' id='word_1_147' title='bbox 2224 1247 2334 1319; x_wconf 86' lang='lat' dir='ltr'><strong>Ego</strong></span> <span class='ocrx_word' id='word_1_148' title='bbox 2356 1251 2407 1303; x_wconf 88' lang='lat' dir='ltr'><strong>in</strong></span> <span class='ocrx_word' id='word_1_149' title='bbox 2442 1249 2616 1317; x_wconf 94' lang='lat' dir='ltr'><strong>Patre,</strong></span> <span class='ocrx_word' id='word_1_150' title='bbox 2662 1263 2706 1305; x_wconf 80' lang='lat' dir='ltr'><strong>et</strong></span> <span class='ocrx_word' id='word_1_151' title='bbox 2756 1253 2989 1323; x_wconf 67' lang='lat' dir='ltr'><strong>Paterjn</strong></span> <span class='ocrx_word' id='word_1_152' title='bbox 3036 1268 3116 1309; x_wconf 84' lang='lat' dir='ltr'><strong>me</strong></span> <span class='ocrx_word' id='word_1_153' title='bbox 3152 1268 3245 1311; x_wconf 88' lang='lat' dir='ltr'><strong>est.</strong></span> <span class='ocrx_word' id='word_1_154' title='bbox 3285 1258 3415 1324; x_wconf 90' lang='lat' dir='ltr'><strong>Quia</strong></span> <span class='ocrx_word' id='word_1_155' title='bbox 3438 1275 3562 1313; x_wconf 84' lang='lat' dir='ltr'><strong>vero</strong></span> 
     </span>
    </p>
   </div>
   <div class='ocr_carea' id='block_1_28' title="bbox 2002 1338 3563 1413">
    <p class='ocr_par' dir='ltr' id='par_1_28' title="bbox 2002 1338 3563 1413">
     <span class='ocr_line' id='line_1_28' title="bbox 2002 1338 3563 1413; baseline 0.006 -24"><span class='ocrx_word' id='word_1_156' title='bbox 2002 1350 2105 1389; x_wconf 92' lang='lat' dir='ltr'><strong>non</strong></span> <span class='ocrx_word' id='word_1_157' title='bbox 2138 1338 2306 1391; x_wconf 86' lang='lat' dir='ltr'><strong>solum</strong></span> <span class='ocrx_word' id='word_1_158' title='bbox 2337 1353 2498 1394; x_wconf 89' lang='lat' dir='ltr'><strong>unum</strong></span> <span class='ocrx_word' id='word_1_159' title='bbox 2540 1354 2663 1401; x_wconf 83' lang='lat' dir='ltr'><strong>sunt</strong></span> <span class='ocrx_word' id='word_1_160' title='bbox 2696 1342 2851 1395; x_wconf 70' lang='lat' dir='ltr'><strong>Patrr</strong></span> <span class='ocrx_word' id='word_1_161' title='bbox 2879 1354 2933 1398; x_wconf 91' lang='lat' dir='ltr'><strong>et</strong></span> <span class='ocrx_word' id='word_1_162' title='bbox 2965 1343 3127 1398; x_wconf 79' lang='lat' dir='ltr'><strong>Filius</strong></span> <span class='ocrx_word' id='word_1_163' title='bbox 3158 1344 3337 1399; x_wconf 86' lang='lat' dir='ltr'><strong>addito</strong></span> <span class='ocrx_word' id='word_1_164' title='bbox 3368 1347 3563 1413; x_wconf 81' lang='lat' dir='ltr'><strong>Spir-itu</strong></span> 
     </span>
    </p>
   </div>
   <div class='ocr_carea' id='block_1_29' title="bbox 2000 1426 3564 1498">
    <p class='ocr_par' dir='ltr' id='par_1_29' title="bbox 2000 1426 3564 1498">
     <span class='ocr_line' id='line_1_29' title="bbox 2000 1426 3564 1498; baseline 0.008 -19"><span class='ocrx_word' id='word_1_165' title='bbox 2000 1436 2203 1493; x_wconf 87' lang='lat' dir='ltr'><strong>sancto,</strong></span> <span class='ocrx_word' id='word_1_166' title='bbox 2232 1428 2417 1484; x_wconf 88' lang='lat' dir='ltr'><strong>subter</strong></span> <span class='ocrx_word' id='word_1_167' title='bbox 2444 1426 2607 1486; x_wconf 88' lang='lat' dir='ltr'><strong>habes</strong></span> <span class='ocrx_word' id='word_1_168' title='bbox 2633 1433 3079 1498; x_wconf 68' lang='lat' dir='ltr'><strong>demonstratum,</strong></span> <span class='ocrx_word' id='word_1_169' title='bbox 3104 1452 3266 1490; x_wconf 87' lang='lat' dir='ltr'><strong>unum</strong></span> <span class='ocrx_word' id='word_1_170' title='bbox 3298 1448 3472 1492; x_wconf 79' lang='lat' dir='ltr'><strong>autem</strong></span> <span class='ocrx_word' id='word_1_171' title='bbox 3502 1442 3564 1491; x_wconf 84' lang='lat' dir='ltr'><strong>ad</strong></span> 
     </span>
    </p>
   </div>
   <div class='ocr_carea' id='block_1_30' title="bbox 2000 1516 3565 1590">
    <p class='ocr_par' dir='ltr' id='par_1_30' title="bbox 2000 1516 3565 1590">
     <span class='ocr_line' id='line_1_30' title="bbox 2000 1516 3565 1590; baseline 0.008 -21"><span class='ocrx_word' id='word_1_172' title='bbox 2000 1516 2308 1573; x_wconf 80' lang='lat' dir='ltr'><strong>societatem</strong></span> <span class='ocrx_word' id='word_1_173' title='bbox 2335 1521 2562 1584; x_wconf 70' lang='lat' dir='ltr'><strong>perti..ct</strong></span> <span class='ocrx_word' id='word_1_174' title='bbox 2603 1522 2773 1576; x_wconf 86' lang='lat' dir='ltr'><strong>Patris</strong></span> <span class='ocrx_word' id='word_1_175' title='bbox 2817 1534 2868 1579; x_wconf 88' lang='lat' dir='ltr'><strong>et</strong></span> <span class='ocrx_word' id='word_1_176' title='bbox 2918 1524 3057 1590; x_wconf 86' lang='lat' dir='ltr'><strong>Filii,</strong></span> <span class='ocrx_word' id='word_1_177' title='bbox 3091 1541 3251 1579; x_wconf 90' lang='lat' dir='ltr'><strong>unum</strong></span> <span class='ocrx_word' id='word_1_178' title='bbox 3291 1536 3465 1580; x_wconf 86' lang='lat' dir='ltr'><strong>autem</strong></span> <span class='ocrx_word' id='word_1_179' title='bbox 3504 1531 3565 1581; x_wconf 86' lang='lat' dir='ltr'><strong>ad</strong></span> 
     </span>
    </p>
   </div>
   <div class='ocr_carea' id='block_1_31' title="bbox 2000 1609 3567 1684">
    <p class='ocr_par' dir='ltr' id='par_1_31' title="bbox 2000 1609 3567 1684">
     <span class='ocr_line' id='line_1_31' title="bbox 2000 1609 3567 1684; baseline 0.008 -24"><span class='ocrx_word' id='word_1_180' title='bbox 2000 1609 2169 1662; x_wconf 88' lang='lat' dir='ltr'><strong>solum</strong></span> <span class='ocrx_word' id='word_1_181' title='bbox 2207 1610 2484 1666; x_wconf 90' lang='lat' dir='ltr'><strong>Dominum</strong></span> <span class='ocrx_word' id='word_1_182' title='bbox 2516 1614 2762 1681; x_wconf 80' lang='lat' dir='ltr'><strong>pertinet,</strong></span> <span class='ocrx_word' id='word_1_183' title='bbox 2787 1616 2908 1684; x_wconf 88' lang='lat' dir='ltr'><strong>quia</strong></span> <span class='ocrx_word' id='word_1_184' title='bbox 2932 1625 2985 1671; x_wconf 91' lang='lat' dir='ltr'><strong>et</strong></span> <span class='ocrx_word' id='word_1_185' title='bbox 3010 1616 3184 1684; x_wconf 83' lang='lat' dir='ltr'><strong>Pater,</strong></span> <span class='ocrx_word' id='word_1_186' title='bbox 3219 1627 3270 1672; x_wconf 88' lang='lat' dir='ltr'><strong>et</strong></span> <span class='ocrx_word' id='word_1_187' title='bbox 3298 1619 3482 1681; x_wconf 84' lang='lat' dir='ltr'><strong>Filius,</strong></span> <span class='ocrx_word' id='word_1_188' title='bbox 3518 1632 3567 1673; x_wconf 88' lang='lat' dir='ltr'><strong>ct</strong></span> 
     </span>
    </p>
   </div>
   <div class='ocr_carea' id='block_1_32' title="bbox 2002 1700 3565 1776">
    <p class='ocr_par' dir='ltr' id='par_1_32' title="bbox 2002 1700 3565 1776">
     <span class='ocr_line' id='line_1_32' title="bbox 2002 1700 3565 1776; baseline 0.004 -21"><span class='ocrx_word' id='word_1_189' title='bbox 2002 1700 2232 1768; x_wconf 84' lang='lat' dir='ltr'><strong>Spiritus</strong></span> <span class='ocrx_word' id='word_1_190' title='bbox 2261 1712 2494 1757; x_wconf 82' lang='lat' dir='ltr'><strong>sanctus.</strong></span> <span class='ocrx_word' id='word_1_191' title='bbox 2533 1706 2660 1758; x_wconf 91' lang='lat' dir='ltr'><strong>Itent</strong></span> <span class='ocrx_word' id='word_1_192' title='bbox 2703 1705 2815 1774; x_wconf 88' lang='lat' dir='ltr'><strong>ipse</strong></span> <span class='ocrx_word' id='word_1_193' title='bbox 2854 1707 3111 1760; x_wconf 87' lang='lat' dir='ltr'><strong>Dominus</strong></span> <span class='ocrx_word' id='word_1_194' title='bbox 3158 1710 3210 1761; x_wconf 93' lang='lat' dir='ltr'><strong>in</strong></span> <span class='ocrx_word' id='word_1_195' title='bbox 3242 1708 3565 1776; x_wconf 81' lang='lat' dir='ltr'><strong>Evangelia,</strong></span> 
     </span>
    </p>
   </div>
   <div class='ocr_carea' id='block_1_33' title="bbox 2004 1791 3568 1867">
    <p class='ocr_par' dir='ltr' id='par_1_33' title="bbox 2004 1791 3568 1867">
     <span class='ocr_line' id='line_1_33' title="bbox 2004 1791 3568 1867; baseline 0.002 -22"><span class='ocrx_word' id='word_1_196' title='bbox 2004 1791 2191 1845; x_wconf 83' lang='lat' dir='ltr'><strong>Omnia</strong></span> <span class='ocrx_word' id='word_1_197' title='bbox 2213 1809 2325 1863; x_wconf 83' lang='lat' dir='ltr'><strong>qua</strong></span> <span class='ocrx_word' id='word_1_198' title='bbox 2350 1792 2496 1847; x_wconf 84' lang='lat' dir='ltr'><strong>Itabet</strong></span> <span class='ocrx_word' id='word_1_199' title='bbox 2529 1793 2705 1859; x_wconf 88' lang='lat' dir='ltr'><strong>Pater,</strong></span> <span class='ocrx_word' id='word_1_200' title='bbox 2738 1812 2848 1849; x_wconf 90' lang='lat' dir='ltr'><strong>mea</strong></span> <span class='ocrx_word' id='word_1_201' title='bbox 2876 1810 3008 1851; x_wconf 86' lang='lat' dir='ltr'><strong>sunt.</strong></span> <span class='ocrx_word' id='word_1_202' title='bbox 3032 1798 3157 1852; x_wconf 88' lang='lat' dir='ltr'><strong>Item</strong></span> <span class='ocrx_word' id='word_1_203' title='bbox 3191 1798 3302 1867; x_wconf 87' lang='lat' dir='ltr'><strong>ipse</strong></span> <span class='ocrx_word' id='word_1_204' title='bbox 3324 1797 3490 1851; x_wconf 80' lang='lat' dir='ltr'><strong>Filius</strong></span> <span class='ocrx_word' id='word_1_205' title='bbox 3521 1801 3568 1851; x_wconf 90' lang='lat' dir='ltr'><strong>in</strong></span> 
     </span>
    </p>
   </div>
   <div class='ocr_carea' id='block_1_34' title="bbox 2004 1882 3567 1951">
    <p class='ocr_par' dir='ltr' id='par_1_34' title="bbox 2004 1882 3567 1951">
     <span class='ocr_line' id='line_1_34' title="bbox 2004 1882 3567 1951; baseline 0.002 -16"><span class='ocrx_word' id='word_1_206' title='bbox 2004 1882 2286 1951; x_wconf 83' lang='lat' dir='ltr'><strong>Evangelia</strong></span> <span class='ocrx_word' id='word_1_207' title='bbox 2328 1883 2392 1937; x_wconf 88' lang='lat' dir='ltr'><strong>ad</strong></span> <span class='ocrx_word' id='word_1_208' title='bbox 2433 1884 2641 1937; x_wconf 88' lang='lat' dir='ltr'><strong>Patrem</strong></span> <span class='ocrx_word' id='word_1_209' title='bbox 2671 1883 2831 1939; x_wconf 83' lang='lat' dir='ltr'><strong>dicit:</strong></span> <span class='ocrx_word' id='word_1_210' title='bbox 2869 1886 3053 1939; x_wconf 85' lang='lat' dir='ltr'><strong>Omnia</strong></span> <span class='ocrx_word' id='word_1_211' title='bbox 3099 1902 3209 1939; x_wconf 86' lang='lat' dir='ltr'><strong>mea</strong></span> <span class='ocrx_word' id='word_1_212' title='bbox 3240 1894 3330 1939; x_wconf 90' lang='lat' dir='ltr'><strong>tua</strong></span> <span class='ocrx_word' id='word_1_213' title='bbox 3360 1897 3496 1946; x_wconf 84' lang='lat' dir='ltr'><strong>sunt,</strong></span> <span class='ocrx_word' id='word_1_214' title='bbox 3526 1898 3567 1938; x_wconf 87' lang='lat' dir='ltr'><strong>et</strong></span> 
     </span>
    </p>
   </div>
   <div class='ocr_carea' id='block_1_35' title="bbox 2000 1972 3567 2043">
    <p class='ocr_par' dir='ltr' id='par_1_35' title="bbox 2000 1972 3567 2043">
     <span class='ocr_line' id='line_1_35' title="bbox 2000 1972 3567 2043; baseline 0.002 -21"><span class='ocrx_word' id='word_1_215' title='bbox 2000 1979 2089 2023; x_wconf 89' lang='lat' dir='ltr'><strong>tua</strong></span> <span class='ocrx_word' id='word_1_216' title='bbox 2113 1972 2282 2024; x_wconf 86' lang='lat' dir='ltr'><strong>omnia</strong></span> <span class='ocrx_word' id='word_1_217' title='bbox 2305 1984 2413 2025; x_wconf 85' lang='lat' dir='ltr'><strong>utea</strong></span> <span class='ocrx_word' id='word_1_218' title='bbox 2443 1983 2578 2028; x_wconf 90' lang='lat' dir='ltr'><strong>sunt.</strong></span> <span class='ocrx_word' id='word_1_219' title='bbox 2612 1974 2675 2028; x_wconf 85' lang='lat' dir='ltr'><strong>Et</strong></span> <span class='ocrx_word' id='word_1_220' title='bbox 2718 1974 2908 2029; x_wconf 87' lang='lat' dir='ltr'><strong>iterum</strong></span> <span class='ocrx_word' id='word_1_221' title='bbox 2940 1992 2951 2026; x_wconf 92' lang='lat'><strong>:</strong></span> <span class='ocrx_word' id='word_1_222' title='bbox 2995 1975 3096 2041; x_wconf 90' lang='lat' dir='ltr'><strong>Qui</strong></span> <span class='ocrx_word' id='word_1_223' title='bbox 3129 1991 3229 2029; x_wconf 88' lang='lat' dir='ltr'><strong>non</strong></span> <span class='ocrx_word' id='word_1_224' title='bbox 3269 1976 3567 2043; x_wconf 77' lang='lat' dir='ltr'><strong>honori/irai</strong></span> 
     </span>
    </p>
   </div>
   <div class='ocr_carea' id='block_1_36' title="bbox 2003 2058 3567 2133">
    <p class='ocr_par' dir='ltr' id='par_1_36' title="bbox 2003 2058 3567 2133">
     <span class='ocr_line' id='line_1_36' title="bbox 2003 2058 3567 2133; baseline 0.003 -22"><span class='ocrx_word' id='word_1_225' title='bbox 2003 2058 2218 2123; x_wconf 83' lang='lat' dir='ltr'><strong>Filium,</strong></span> <span class='ocrx_word' id='word_1_226' title='bbox 2252 2078 2351 2114; x_wconf 90' lang='lat' dir='ltr'><strong>non</strong></span> <span class='ocrx_word' id='word_1_227' title='bbox 2376 2063 2680 2130; x_wconf 82' lang='lat' dir='ltr'><strong>Itonoriﬁcat</strong></span> <span class='ocrx_word' id='word_1_228' title='bbox 2717 2064 2946 2117; x_wconf 87' lang='lat' dir='ltr'><strong>Patrem.</strong></span> <span class='ocrx_word' id='word_1_229' title='bbox 3001 2065 3129 2119; x_wconf 88' lang='lat' dir='ltr'><strong>Item</strong></span> <span class='ocrx_word' id='word_1_230' title='bbox 3161 2064 3211 2118; x_wconf 85' lang='lat' dir='ltr'><strong>in</strong></span> <span class='ocrx_word' id='word_1_231' title='bbox 3244 2064 3567 2133; x_wconf 79' lang='lat' dir='ltr'><strong>Evangelia:</strong></span> 
     </span>
    </p>
   </div>
   <div class='ocr_carea' id='block_1_37' title="bbox 2006 2152 3567 2222">
    <p class='ocr_par' dir='ltr' id='par_1_37' title="bbox 2006 2152 3567 2222">
     <span class='ocr_line' id='line_1_37' title="bbox 2006 2152 3567 2222; baseline 0.003 -19"><span class='ocrx_word' id='word_1_232' title='bbox 2006 2152 2106 2218; x_wconf 85' lang='lat' dir='ltr'><strong>Qui</strong></span> <span class='ocrx_word' id='word_1_233' title='bbox 2132 2166 2210 2203; x_wconf 89' lang='lat' dir='ltr'><strong>me</strong></span> <span class='ocrx_word' id='word_1_234' title='bbox 2238 2154 2364 2215; x_wconf 76' lang='lat' dir='ltr'><strong>odit,</strong></span> <span class='ocrx_word' id='word_1_235' title='bbox 2395 2164 2440 2204; x_wconf 90' lang='lat' dir='ltr'><strong>ct</strong></span> <span class='ocrx_word' id='word_1_236' title='bbox 2474 2153 2676 2206; x_wconf 70' lang='lat' dir='ltr'><strong>Putrem</strong></span> <span class='ocrx_word' id='word_1_237' title='bbox 2711 2169 2871 2209; x_wconf 86' lang='lat' dir='ltr'><strong>meum</strong></span> <span class='ocrx_word' id='word_1_238' title='bbox 2895 2156 3021 2208; x_wconf 87' lang='lat' dir='ltr'><strong>odit.</strong></span> <span class='ocrx_word' id='word_1_239' title='bbox 3061 2157 3186 2208; x_wconf 89' lang='lat' dir='ltr'><strong>Item</strong></span> <span class='ocrx_word' id='word_1_240' title='bbox 3235 2156 3287 2208; x_wconf 89' lang='lat' dir='ltr'><strong>in</strong></span> <span class='ocrx_word' id='word_1_241' title='bbox 3338 2155 3567 2222; x_wconf 81' lang='lat' dir='ltr'><strong>Episloia</strong></span> 
     </span>
    </p>
   </div>
   <div class='ocr_carea' id='block_1_38' title="bbox 2000 2243 3566 2315">
    <p class='ocr_par' dir='ltr' id='par_1_38' title="bbox 2000 2243 3566 2315">
     <span class='ocr_line' id='line_1_38' title="bbox 2000 2243 3566 2315; baseline 0 -18"><span class='ocrx_word' id='word_1_242' title='bbox 2000 2243 2249 2297; x_wconf 82' lang='lat' dir='ltr'><strong>Joannis:</strong></span> <span class='ocrx_word' id='word_1_243' title='bbox 2277 2244 2378 2310; x_wconf 87' lang='lat' dir='ltr'><strong>Qui</strong></span> <span class='ocrx_word' id='word_1_244' title='bbox 2400 2254 2546 2315; x_wconf 80' lang='lat' dir='ltr'><strong>negat</strong></span> <span class='ocrx_word' id='word_1_245' title='bbox 2578 2243 2793 2307; x_wconf 82' lang='lat' dir='ltr'><strong>Ftliunt,</strong></span> <span class='ocrx_word' id='word_1_246' title='bbox 2824 2262 2913 2298; x_wconf 88' lang='lat' dir='ltr'><strong>nec</strong></span> <span class='ocrx_word' id='word_1_247' title='bbox 2940 2246 3144 2300; x_wconf 80' lang='lat' dir='ltr'><strong>Patrem</strong></span> <span class='ocrx_word' id='word_1_248' title='bbox 3168 2247 3315 2299; x_wconf 78' lang='lat' dir='ltr'><strong>habet</strong></span> <span class='ocrx_word' id='word_1_249' title='bbox 3334 2264 3352 2311; x_wconf 88' lang='lat'><strong><em>;</em></strong></span> <span class='ocrx_word' id='word_1_250' title='bbox 3374 2247 3461 2299; x_wconf 87' lang='lat' dir='ltr'><strong>sed</strong></span> <span class='ocrx_word' id='word_1_251' title='bbox 3487 2262 3566 2315; x_wconf 82' lang='lat' dir='ltr'><strong>qu.</strong></span> 
     </span>
    </p>
   </div>
   <div class='ocr_carea' id='block_1_39' title="bbox 2002 2334 3566 2403">
    <p class='ocr_par' dir='ltr' id='par_1_39' title="bbox 2002 2334 3566 2403">
     <span class='ocr_line' id='line_1_39' title="bbox 2002 2334 3566 2403; baseline -0.001 -14"><span class='ocrx_word' id='word_1_252' title='bbox 2002 2336 2271 2403; x_wconf 81' lang='lat' dir='ltr'><strong>conﬁtetur</strong></span> <span class='ocrx_word' id='word_1_253' title='bbox 2303 2334 2516 2402; x_wconf 81' lang='lat' dir='ltr'><strong>Filium,</strong></span> <span class='ocrx_word' id='word_1_254' title='bbox 2540 2345 2591 2390; x_wconf 80' lang='lat' dir='ltr'><strong>et</strong></span> <span class='ocrx_word' id='word_1_255' title='bbox 2625 2334 2818 2389; x_wconf 81' lang='lat' dir='ltr'><strong>Filium</strong></span> <span class='ocrx_word' id='word_1_256' title='bbox 2844 2336 2992 2389; x_wconf 77' lang='lat' dir='ltr'><strong>habet</strong></span> <span class='ocrx_word' id='word_1_257' title='bbox 3027 2346 3073 2389; x_wconf 87' lang='lat' dir='ltr'><strong>et</strong></span> <span class='ocrx_word' id='word_1_258' title='bbox 3106 2336 3330 2390; x_wconf 80' lang='lat' dir='ltr'><strong>Patrem.</strong></span> <span class='ocrx_word' id='word_1_259' title='bbox 3366 2336 3490 2389; x_wconf 88' lang='lat' dir='ltr'><strong>Item</strong></span> <span class='ocrx_word' id='word_1_260' title='bbox 3518 2338 3566 2388; x_wconf 72' lang='lat' dir='ltr'><strong>it:</strong></span> 
     </span>
    </p>
   </div>
   <div class='ocr_carea' id='block_1_40' title="bbox 338 2422 3556 2495">
    <p class='ocr_par' dir='ltr' id='par_1_40' title="bbox 338 2422 3556 2495">
     <span class='ocr_line' id='line_1_40' title="bbox 338 2422 3556 2495; baseline 0.001 -19"><span class='ocrx_word' id='word_1_261' title='bbox 338 2436 440 2477; x_wconf 78' lang='lat' dir='ltr'><strong>us.</strong></span> <span class='ocrx_word' id='word_1_262' title='bbox 470 2422 582 2477; x_wconf 74' lang='lat' dir='ltr'><strong>Non</strong></span> <span class='ocrx_word' id='word_1_263' title='bbox 615 2422 719 2476; x_wconf 88' lang='lat' dir='ltr'><strong>duo</strong></span> <span class='ocrx_word' id='word_1_264' title='bbox 740 2423 820 2477; x_wconf 86' lang='lat' dir='ltr'><strong>vel</strong></span> <span class='ocrx_word' id='word_1_265' title='bbox 854 2422 974 2487; x_wconf 83' lang='lat' dir='ltr'><strong>tria,</strong></span> <span class='ocrx_word' id='word_1_266' title='bbox 998 2424 1088 2479; x_wconf 89' lang='lat' dir='ltr'><strong>sed</strong></span> <span class='ocrx_word' id='word_1_267' title='bbox 1122 2426 1269 2495; x_wconf 85' lang='lat' dir='ltr'><strong>plura</strong></span> <span class='ocrx_word' id='word_1_268' title='bbox 1292 2428 1549 2482; x_wconf 89' lang='lat' dir='ltr'><strong>adducam</strong></span> <span class='ocrx_word' id='word_1_269' title='bbox 1576 2429 1895 2484; x_wconf 86' lang='lat' dir='ltr'><strong>testimonia.</strong></span> <span class='ocrx_word' id='word_1_270' title='bbox 1934 2424 1974 2483; x_wconf 89' lang='grc' dir='ltr'><strong>Β</strong></span> <span class='ocrx_word' id='word_1_271' title='bbox 2004 2422 2288 2480; x_wconf 64' lang='lat' dir='ltr'><strong>Salomone</strong></span> <span class='ocrx_word' id='word_1_272' title='bbox 2316 2443 2329 2478; x_wconf 91' lang='lat'><strong>:</strong></span> <span class='ocrx_word' id='word_1_273' title='bbox 2374 2426 2629 2494; x_wconf 84' lang='lat' dir='ltr'><strong>Splendor</strong></span> <span class='ocrx_word' id='word_1_274' title='bbox 2668 2434 2743 2479; x_wconf 88' lang='lat' dir='ltr'><strong>est</strong></span> <span class='ocrx_word' id='word_1_275' title='bbox 2789 2426 2914 2478; x_wconf 87' lang='lat' dir='ltr'><strong>lucis</strong></span> <span class='ocrx_word' id='word_1_276' title='bbox 2955 2435 3187 2490; x_wconf 89' lang='lat' dir='ltr'><strong>aterna,</strong></span> <span class='ocrx_word' id='word_1_277' title='bbox 3220 2436 3266 2478; x_wconf 85' lang='lat' dir='ltr'><strong>et</strong></span> <span class='ocrx_word' id='word_1_278' title='bbox 3316 2424 3556 2495; x_wconf 60' lang='lat' dir='ltr'><strong>spnculun</strong></span> 
     </span>
    </p>
   </div>
   <div class='ocr_carea' id='block_1_41' title="bbox 334 2510 1066 2569">
    <p class='ocr_par' dir='ltr' id='par_1_41' title="bbox 334 2510 1066 2569">
     <span class='ocr_line' id='line_1_41' title="bbox 334 2510 1066 2569; baseline 0.004 -4"><span class='ocrx_word' id='word_1_279' title='bbox 334 2511 651 2569; x_wconf 71' lang='lat' dir='ltr'><strong>Mastutuus.</strong></span> <span class='ocrx_word' id='word_1_280' title='bbox 685 2510 864 2567; x_wconf 84' lang='lat' dir='ltr'><strong>Primo</strong></span> <span class='ocrx_word' id='word_1_281' title='bbox 892 2514 1025 2568; x_wconf 90' lang='lat' dir='ltr'><strong>doce</strong></span> <span class='ocrx_word' id='word_1_282' title='bbox 1054 2532 1066 2568; x_wconf 92' lang='lat'><strong>:</strong></span> 
     </span>
    </p>
   </div>
   <div class='ocr_carea' id='block_1_42' title="bbox 408 2620 1284 2691">
    <p class='ocr_par' dir='ltr' id='par_1_42' title="bbox 408 2620 1284 2691">
     <span class='ocr_line' id='line_1_42' title="bbox 408 2620 1284 2691; baseline 0.006 -18"><span class='ocrx_word' id='word_1_283' title='bbox 408 2620 540 2684; x_wconf 82' lang='lat' dir='ltr'><strong>Quia</strong></span> <span class='ocrx_word' id='word_1_284' title='bbox 566 2622 780 2691; x_wconf 87' lang='lat' dir='ltr'><strong>aqualis</strong></span> <span class='ocrx_word' id='word_1_285' title='bbox 805 2632 876 2676; x_wconf 87' lang='lat' dir='ltr'><strong>est</strong></span> <span class='ocrx_word' id='word_1_286' title='bbox 911 2621 1057 2677; x_wconf 83' lang='lat' dir='ltr'><strong>Patri</strong></span> <span class='ocrx_word' id='word_1_287' title='bbox 1091 2622 1284 2678; x_wconf 64' lang='lat' dir='ltr'><strong>Filius.</strong></span> 
     </span>
    </p>
   </div>
   <div class='ocr_carea' id='block_1_43' title="bbox 406 2691 1899 2765">
    <p class='ocr_par' dir='ltr' id='par_1_43' title="bbox 406 2691 1899 2765">
     <span class='ocr_line' id='line_1_43' title="bbox 406 2691 1899 2765; baseline 0.006 -21"><span class='ocrx_word' id='word_1_288' title='bbox 406 2691 735 2765; x_wconf 77' lang='lat' dir='ltr'><strong>De_unitate;</strong></span> <span class='ocrx_word' id='word_1_289' title='bbox 762 2694 882 2762; x_wconf 86' lang='lat' dir='ltr'><strong>quia</strong></span> <span class='ocrx_word' id='word_1_290' title='bbox 910 2708 1040 2747; x_wconf 86' lang='lat' dir='ltr'><strong>unus</strong></span> <span class='ocrx_word' id='word_1_291' title='bbox 1068 2705 1139 2748; x_wconf 90' lang='lat' dir='ltr'><strong>est</strong></span> <span class='ocrx_word' id='word_1_292' title='bbox 1173 2695 1310 2750; x_wconf 89' lang='lat' dir='ltr'><strong>Deus</strong></span> <span class='ocrx_word' id='word_1_293' title='bbox 1348 2693 1530 2761; x_wconf 87' lang='lat' dir='ltr'><strong>Pater,</strong></span> <span class='ocrx_word' id='word_1_294' title='bbox 1561 2707 1608 2751; x_wconf 86' lang='lat' dir='ltr'><strong>et</strong></span> <span class='ocrx_word' id='word_1_295' title='bbox 1634 2694 1825 2765; x_wconf 79' lang='lat' dir='ltr'><strong>Filius,</strong></span> <span class='ocrx_word' id='word_1_296' title='bbox 1852 2711 1899 2753; x_wconf 90' lang='lat' dir='ltr'><strong>et</strong></span> 
     </span>
    </p>
   </div>
   <div class='ocr_carea' id='block_1_44' title="bbox 477 2761 949 2831">
    <p class='ocr_par' dir='ltr' id='par_1_44' title="bbox 477 2761 949 2831">
     <span class='ocr_line' id='line_1_44' title="bbox 477 2761 949 2831; baseline 0.004 -16"><span class='ocrx_word' id='word_1_297' title='bbox 477 2761 700 2831; x_wconf 87' lang='lat' dir='ltr'><strong>Spiritus</strong></span> <span class='ocrx_word' id='word_1_298' title='bbox 718 2761 949 2831; x_wconf 76' lang='lat' dir='ltr'><strong>sanctus.</strong></span> 
     </span>
    </p>
   </div>
   <div class='ocr_carea' id='block_1_45' title="bbox 411 2829 1334 2895">
    <p class='ocr_par' dir='ltr' id='par_1_45' title="bbox 411 2829 1334 2895">
     <span class='ocr_line' id='line_1_45' title="bbox 411 2829 1334 2895; baseline 0.008 -14"><span class='ocrx_word' id='word_1_299' title='bbox 411 2829 675 2895; x_wconf 76' lang='lat' dir='ltr'><strong>Quomodo</strong></span> <span class='ocrx_word' id='word_1_300' title='bbox 706 2829 864 2886; x_wconf 86' lang='lat' dir='ltr'><strong>Pater</strong></span> <span class='ocrx_word' id='word_1_301' title='bbox 891 2833 1083 2885; x_wconf 80' lang='lat' dir='ltr'><strong>miserit</strong></span> <span class='ocrx_word' id='word_1_302' title='bbox 1120 2831 1165 2885; x_wconf 68' lang='grc' dir='ltr'><em>Γ</em></span> <span class='ocrx_word' id='word_1_303' title='bbox 1168 2833 1205 2886; x_wconf 88' lang='lat' dir='ltr'><strong>il</strong></span> <span class='ocrx_word' id='word_1_304' title='bbox 1218 2837 1334 2890; x_wconf 82' lang='lat' dir='ltr'><strong>&#39;um.</strong></span> 
     </span>
    </p>
   </div>
   <div class='ocr_carea' id='block_1_46' title="bbox 412 2899 1379 2965">
    <p class='ocr_par' dir='ltr' id='par_1_46' title="bbox 412 2899 1379 2965">
     <span class='ocr_line' id='line_1_46' title="bbox 412 2899 1379 2965; baseline 0.006 -14"><span class='ocrx_word' id='word_1_305' title='bbox 412 2900 676 2965; x_wconf 86' lang='lat' dir='ltr'><strong>Quomodo</strong></span> <span class='ocrx_word' id='word_1_306' title='bbox 710 2899 866 2956; x_wconf 87' lang='lat' dir='ltr'><strong>Pater</strong></span> <span class='ocrx_word' id='word_1_307' title='bbox 893 2902 1135 2965; x_wconf 76' lang='lat' dir='ltr'><strong>clari/ieci</strong></span> <span class='ocrx_word' id='word_1_308' title='bbox 1169 2903 1379 2957; x_wconf 81' lang='lat' dir='ltr'><strong>Filium.</strong></span> 
     </span>
    </p>
   </div>
   <div class='ocr_carea' id='block_1_47' title="bbox 413 2968 1206 3040">
    <p class='ocr_par' dir='ltr' id='par_1_47' title="bbox 413 2968 1206 3040">
     <span class='ocr_line' id='line_1_47' title="bbox 413 2968 1206 3040; baseline 0.006 -19"><span class='ocrx_word' id='word_1_309' title='bbox 413 2968 545 3033; x_wconf 91' lang='lat' dir='ltr'><strong>Quia</strong></span> <span class='ocrx_word' id='word_1_310' title='bbox 573 2970 884 3040; x_wconf 57' lang='lat' dir='ltr'><strong>omnipotens</strong></span> <span class='ocrx_word' id='word_1_311' title='bbox 913 2981 984 3025; x_wconf 86' lang='lat' dir='ltr'><strong>est</strong></span> <span class='ocrx_word' id='word_1_312' title='bbox 1017 2968 1206 3040; x_wconf 83' lang='lat' dir='ltr'><strong>ilius.</strong></span> 
     </span>
    </p>
   </div>
   <div class='ocr_carea' id='block_1_48' title="bbox 411 3038 1903 3116">
    <p class='ocr_par' dir='ltr' id='par_1_48' title="bbox 411 3038 1903 3116">
     <span class='ocr_line' id='line_1_48' title="bbox 411 3038 1903 3116; baseline 0.007 -24"><span class='ocrx_word' id='word_1_313' title='bbox 411 3040 580 3116; x_wconf 71' lang='lat' dir='ltr'><strong>Quare</strong></span> <span class='ocrx_word' id='word_1_314' title='bbox 618 3038 746 3093; x_wconf 69' lang='lat' dir='ltr'><strong>dixit</strong></span> <span class='ocrx_word' id='word_1_315' title='bbox 776 3038 980 3116; x_wconf 52' lang='lat' dir='ltr'><strong>Filius:</strong></span> <span class='ocrx_word' id='word_1_316' title='bbox 1015 3039 1358 3116; x_wconf 55' lang='lat' dir='ltr'><strong>Patet-inan-</strong></span> <span class='ocrx_word' id='word_1_317' title='bbox 1384 3060 1461 3096; x_wconf 89' lang='lat' dir='ltr'><strong>me</strong></span> <span class='ocrx_word' id='word_1_318' title='bbox 1497 3056 1590 3099; x_wconf 66' lang='lat' dir='ltr'><strong>est.</strong></span> <span class='ocrx_word' id='word_1_319' title='bbox 1631 3044 1718 3100; x_wconf 83' lang='lat' dir='ltr'><strong>Vel</strong></span> <span class='ocrx_word' id='word_1_320' title='bbox 1746 3063 1903 3116; x_wconf 84' lang='lat' dir='ltr'><strong>quare</strong></span> 
     </span>
    </p>
   </div>
   <div class='ocr_carea' id='block_1_49' title="bbox 477 3109 1514 3171">
    <p class='ocr_par' dir='ltr' id='par_1_49' title="bbox 477 3109 1514 3171">
     <span class='ocr_line' id='line_1_49' title="bbox 477 3109 1514 3171; baseline 0.004 -10"><span class='ocrx_word' id='word_1_321' title='bbox 477 3109 700 3164; x_wconf 83' lang='lat' dir='ltr'><strong>dictum:</strong></span> <span class='ocrx_word' id='word_1_322' title='bbox 725 3111 861 3171; x_wconf 83' lang='lat' dir='ltr'><strong>quod</strong></span> <span class='ocrx_word' id='word_1_323' title='bbox 895 3110 1048 3165; x_wconf 88' lang='lat' dir='ltr'><strong>Pater</strong></span> <span class='ocrx_word' id='word_1_324' title='bbox 1070 3109 1283 3166; x_wconf 79' lang='lat' dir='ltr'><strong>tradidit</strong></span> <span class='ocrx_word' id='word_1_325' title='bbox 1303 3112 1514 3167; x_wconf 84' lang='lat' dir='ltr'><strong>Filium.</strong></span> 
     </span>
    </p>
   </div>
   <div class='ocr_carea' id='block_1_50' title="bbox 410 3176 1121 3249">
    <p class='ocr_par' dir='ltr' id='par_1_50' title="bbox 410 3176 1121 3249">
     <span class='ocr_line' id='line_1_50' title="bbox 410 3176 1121 3249; baseline 0.006 -19"><span class='ocrx_word' id='word_1_326' title='bbox 410 3176 488 3249; x_wconf 72' lang='lat' dir='ltr'><strong>De</strong></span> <span class='ocrx_word' id='word_1_327' title='bbox 515 3180 670 3233; x_wconf 88' lang='lat' dir='ltr'><strong>libera</strong></span> <span class='ocrx_word' id='word_1_328' title='bbox 701 3177 829 3232; x_wconf 80' lang='lat' dir='ltr'><strong>Filii</strong></span> <span class='ocrx_word' id='word_1_329' title='bbox 857 3190 1121 3249; x_wconf 84' lang='lat' dir='ltr'><strong>potestate.</strong></span> 
     </span>
    </p>
   </div>
   <div class='ocr_carea' id='block_1_51' title="bbox 410 3247 1906 3327">
    <p class='ocr_par' dir='ltr' id='par_1_51' title="bbox 410 3247 1906 3327">
     <span class='ocr_line' id='line_1_51' title="bbox 410 3247 1906 3327; baseline 0.007 -26"><span class='ocrx_word' id='word_1_330' title='bbox 410 3247 601 3327; x_wconf 74' lang='lat' dir='ltr'><strong>Contra</strong></span> <span class='ocrx_word' id='word_1_331' title='bbox 621 3249 675 3327; x_wconf 70' lang='lat' dir='ltr'><strong>id</strong></span> <span class='ocrx_word' id='word_1_332' title='bbox 693 3247 1053 3327; x_wconf 69' lang='lat' dir='ltr'><strong>_quod_dicu_nt:</strong></span> <span class='ocrx_word' id='word_1_333' title='bbox 1075 3253 1263 3304; x_wconf 80' lang='lat' dir='ltr'><strong>Auctor</strong></span> <span class='ocrx_word' id='word_1_334' title='bbox 1286 3264 1355 3306; x_wconf 77' lang='lat' dir='ltr'><strong>est</strong></span> <span class='ocrx_word' id='word_1_335' title='bbox 1376 3257 1463 3325; x_wconf 87' lang='lat' dir='ltr'><strong>qui</strong></span> <span class='ocrx_word' id='word_1_336' title='bbox 1487 3264 1709 3327; x_wconf 83' lang='lat' dir='ltr'><strong>generat,</strong></span> <span class='ocrx_word' id='word_1_337' title='bbox 1736 3258 1906 3312; x_wconf 83' lang='lat' dir='ltr'><strong>vident</strong></span> 
     </span>
    </p>
   </div>
   <div class='ocr_carea' id='block_1_52' title="bbox 487 3317 1119 3384">
    <p class='ocr_par' dir='ltr' id='par_1_52' title="bbox 487 3317 1119 3384">
     <span class='ocr_line' id='line_1_52' title="bbox 487 3317 1119 3384; baseline 0.006 -16"><span class='ocrx_word' id='word_1_338' title='bbox 487 3317 791 3384; x_wconf 77' lang='lat' dir='ltr'><strong>principium</strong></span> <span class='ocrx_word' id='word_1_339' title='bbox 819 3317 984 3384; x_wconf 87' lang='lat' dir='ltr'><strong>Patri,</strong></span> <span class='ocrx_word' id='word_1_340' title='bbox 1015 3328 1119 3374; x_wconf 87' lang='lat' dir='ltr'><strong>etc.</strong></span> 
     </span>
    </p>
   </div>
   <div class='ocr_carea' id='block_1_53' title="bbox 411 3386 1905 3466">
    <p class='ocr_par' dir='ltr' id='par_1_53' title="bbox 411 3386 1905 3466">
     <span class='ocr_line' id='line_1_53' title="bbox 411 3386 1905 3466; baseline 0.007 -26"><span class='ocrx_word' id='word_1_341' title='bbox 411 3386 599 3466; x_wconf 75' lang='lat' dir='ltr'><strong>Contra</strong></span> <span class='ocrx_word' id='word_1_342' title='bbox 619 3388 673 3440; x_wconf 89' lang='lat' dir='ltr'><strong>id</strong></span> <span class='ocrx_word' id='word_1_343' title='bbox 694 3388 825 3456; x_wconf 84' lang='lat' dir='ltr'><strong>quod</strong></span> <span class='ocrx_word' id='word_1_344' title='bbox 862 3389 1035 3443; x_wconf 79' lang='lat' dir='ltr'><strong>dicunt</strong></span> <span class='ocrx_word' id='word_1_345' title='bbox 1066 3405 1086 3444; x_wconf 90' lang='lat'><strong>:</strong></span> <span class='ocrx_word' id='word_1_346' title='bbox 1120 3389 1327 3446; x_wconf 84' lang='lat' dir='ltr'><strong>Patrem</strong></span> <span class='ocrx_word' id='word_1_347' title='bbox 1371 3397 1639 3466; x_wconf 66' lang='lat' dir='ltr'><strong>imperasse</strong></span> <span class='ocrx_word' id='word_1_348' title='bbox 1674 3395 1810 3452; x_wconf 79' lang='lat' dir='ltr'><strong>Filio</strong></span> <span class='ocrx_word' id='word_1_349' title='bbox 1852 3408 1905 3451; x_wconf 87' lang='lat' dir='ltr'><strong>ut</strong></span> 
     </span>
    </p>
   </div>
   <div class='ocr_carea' id='block_1_54' title="bbox 488 3458 997 3525">
    <p class='ocr_par' dir='ltr' id='par_1_54' title="bbox 488 3458 997 3525">
     <span class='ocr_line' id='line_1_54' title="bbox 488 3458 997 3525; baseline 0.01 -16"><span class='ocrx_word' id='word_1_350' title='bbox 488 3458 673 3525; x_wconf 82' lang='lat' dir='ltr'><strong>faceret</strong></span> <span class='ocrx_word' id='word_1_351' title='bbox 692 3468 997 3514; x_wconf 86' lang='lat' dir='ltr'><strong>creaturam.</strong></span> 
     </span>
    </p>
   </div>
   <div class='ocr_carea' id='block_1_55' title="bbox 415 3525 1316 3596">
    <p class='ocr_par' dir='ltr' id='par_1_55' title="bbox 415 3525 1316 3596">
     <span class='ocr_line' id='line_1_55' title="bbox 415 3525 1316 3596; baseline 0.006 -18"><span class='ocrx_word' id='word_1_352' title='bbox 415 3527 548 3592; x_wconf 86' lang='lat' dir='ltr'><strong>Quia</strong></span> <span class='ocrx_word' id='word_1_353' title='bbox 578 3525 714 3580; x_wconf 77' lang='lat' dir='ltr'><strong>Deus</strong></span> <span class='ocrx_word' id='word_1_354' title='bbox 740 3539 812 3581; x_wconf 88' lang='lat' dir='ltr'><strong>est</strong></span> <span class='ocrx_word' id='word_1_355' title='bbox 844 3528 1068 3596; x_wconf 85' lang='lat' dir='ltr'><strong>Spiritus</strong></span> <span class='ocrx_word' id='word_1_356' title='bbox 1094 3539 1316 3583; x_wconf 82' lang='lat' dir='ltr'><strong>sanctus.</strong></span> 
     </span>
    </p>
   </div>
   <div class='ocr_carea' id='block_1_56' title="bbox 413 3598 1352 3666">
    <p class='ocr_par' dir='ltr' id='par_1_56' title="bbox 413 3598 1352 3666">
     <span class='ocr_line' id='line_1_56' title="bbox 413 3598 1352 3666; baseline 0.011 -19"><span class='ocrx_word' id='word_1_357' title='bbox 413 3598 548 3661; x_wconf 88' lang='lat' dir='ltr'><strong>Quia</strong></span> <span class='ocrx_word' id='word_1_358' title='bbox 575 3605 770 3650; x_wconf 87' lang='lat' dir='ltr'><strong>creator</strong></span> <span class='ocrx_word' id='word_1_359' title='bbox 785 3608 857 3651; x_wconf 87' lang='lat' dir='ltr'><strong>est</strong></span> <span class='ocrx_word' id='word_1_360' title='bbox 885 3598 1108 3666; x_wconf 82' lang='lat' dir='ltr'><strong>Spiritus</strong></span> <span class='ocrx_word' id='word_1_361' title='bbox 1129 3610 1352 3657; x_wconf 54' lang='lat' dir='ltr'><strong>sanctus.</strong></span> 
     </span>
    </p>
   </div>
   <div class='ocr_carea' id='block_1_57' title="bbox 415 3667 1463 3740">
    <p class='ocr_par' dir='ltr' id='par_1_57' title="bbox 415 3667 1463 3740">
     <span class='ocr_line' id='line_1_57' title="bbox 415 3667 1463 3740; baseline 0.005 -21"><span class='ocrx_word' id='word_1_362' title='bbox 415 3667 547 3740; x_wconf 81' lang='lat' dir='ltr'><strong>Quia</strong></span> <span class='ocrx_word' id='word_1_363' title='bbox 572 3667 849 3740; x_wconf 77' lang='lat' dir='ltr'><strong>viviﬁcator</strong></span> <span class='ocrx_word' id='word_1_364' title='bbox 878 3678 949 3722; x_wconf 89' lang='lat' dir='ltr'><strong>est</strong></span> <span class='ocrx_word' id='word_1_365' title='bbox 979 3668 1204 3740; x_wconf 78' lang='lat' dir='ltr'><strong>Spiritus</strong></span> <span class='ocrx_word' id='word_1_366' title='bbox 1236 3683 1463 3727; x_wconf 82' lang='lat' dir='ltr'><strong>sanctus.</strong></span> 
     </span>
    </p>
   </div>
   <div class='ocr_carea' id='block_1_58' title="bbox 415 3736 905 3805">
    <p class='ocr_par' dir='ltr' id='par_1_58' title="bbox 415 3736 905 3805">
     <span class='ocr_line' id='line_1_58' title="bbox 415 3736 905 3805; baseline 0.006 -17"><span class='ocrx_word' id='word_1_367' title='bbox 415 3736 548 3801; x_wconf 87' lang='lat' dir='ltr'><strong>Quia</strong></span> <span class='ocrx_word' id='word_1_368' title='bbox 581 3745 629 3788; x_wconf 83' lang='lat' dir='ltr'><strong>et</strong></span> <span class='ocrx_word' id='word_1_369' title='bbox 657 3738 766 3805; x_wconf 90' lang='lat' dir='ltr'><strong>ipse</strong></span> <span class='ocrx_word' id='word_1_370' title='bbox 813 3753 905 3805; x_wconf 89' lang='lat' dir='ltr'><strong>pro</strong></span> 
     </span>
    </p>
   </div>
   <div class='ocr_carea' id='block_1_59' title="bbox 486 3806 825 3870">
    <p class='ocr_par' dir='ltr' id='par_1_59' title="bbox 486 3806 825 3870">
     <span class='ocr_line' id='line_1_59' title="bbox 486 3806 825 3870; baseline 0.012 -13"><span class='ocrx_word' id='word_1_371' title='bbox 486 3806 825 3870; x_wconf 85' lang='lat' dir='ltr'><strong>omnipotens.</strong></span> 
     </span>
    </p>
   </div>
   <div class='ocr_carea' id='block_1_60' title="bbox 416 3874 1101 3932">
    <p class='ocr_par' dir='ltr' id='par_1_60' title="bbox 416 3874 1101 3932">
     <span class='ocr_line' id='line_1_60' title="bbox 416 3874 1101 3932; baseline 0.007 -5"><span class='ocrx_word' id='word_1_372' title='bbox 416 3874 492 3929; x_wconf 88' lang='lat' dir='ltr'><strong>De</strong></span> <span class='ocrx_word' id='word_1_373' title='bbox 515 3874 864 3929; x_wconf 77' lang='lat' dir='ltr'><strong>Timitate&#39;vel</strong></span> <span class='ocrx_word' id='word_1_374' title='bbox 888 3879 1101 3932; x_wconf 84' lang='lat' dir='ltr'><strong>unitate.</strong></span> 
     </span>
    </p>
   </div>
   <div class='ocr_carea' id='block_1_61' title="bbox 418 3945 1149 4012">
    <p class='ocr_par' dir='ltr' id='par_1_61' title="bbox 418 3945 1149 4012">
     <span class='ocr_line' id='line_1_61' title="bbox 418 3945 1149 4012; baseline 0.005 -15"><span class='ocrx_word' id='word_1_375' title='bbox 418 3946 551 4012; x_wconf 81' lang='lat' dir='ltr'><strong>Quia</strong></span> <span class='ocrx_word' id='word_1_376' title='bbox 573 3945 836 3999; x_wconf 60' lang='lat' dir='ltr'><strong>invisibilis</strong></span> <span class='ocrx_word' id='word_1_377' title='bbox 863 3957 935 3999; x_wconf 89' lang='lat' dir='ltr'><strong>est</strong></span> <span class='ocrx_word' id='word_1_378' title='bbox 961 3945 1149 4001; x_wconf 84' lang='lat' dir='ltr'><strong>Filius.</strong></span> 
     </span>
    </p>
   </div>
   <div class='ocr_carea' id='block_1_62' title="bbox 418 4014 1911 4089">
    <p class='ocr_par' dir='ltr' id='par_1_62' title="bbox 418 4014 1911 4089">
     <span class='ocr_line' id='line_1_62' title="bbox 418 4014 1911 4089; baseline 0.003 -21"><span class='ocrx_word' id='word_1_379' title='bbox 418 4014 606 4068; x_wconf 89' lang='lat' dir='ltr'><strong>Contra</strong></span> <span class='ocrx_word' id='word_1_380' title='bbox 626 4016 679 4066; x_wconf 88' lang='lat' dir='ltr'><strong>id</strong></span> <span class='ocrx_word' id='word_1_381' title='bbox 703 4015 841 4089; x_wconf 75' lang='lat' dir='ltr'><strong>quod</strong></span> <span class='ocrx_word' id='word_1_382' title='bbox 866 4016 1038 4089; x_wconf 83' lang='lat' dir='ltr'><strong>dicunt</strong></span> <span class='ocrx_word' id='word_1_383' title='bbox 1063 4033 1079 4069; x_wconf 88' lang='lat'><strong>:</strong></span> <span class='ocrx_word' id='word_1_384' title='bbox 1113 4017 1193 4072; x_wconf 80' lang='lat' dir='ltr'><strong>Ex</strong></span> <span class='ocrx_word' id='word_1_385' title='bbox 1222 4018 1376 4073; x_wconf 88' lang='lat' dir='ltr'><strong>Putre</strong></span> <span class='ocrx_word' id='word_1_386' title='bbox 1402 4019 1613 4085; x_wconf 83' lang='lat' dir='ltr'><strong>Filium,</strong></span> <span class='ocrx_word' id='word_1_387' title='bbox 1640 4029 1686 4074; x_wconf 88' lang='lat' dir='ltr'><strong>et</strong></span> <span class='ocrx_word' id='word_1_388' title='bbox 1709 4020 1911 4089; x_wconf 85' lang='lat' dir='ltr'><strong>Spiritu</strong></span> 
     </span>
    </p>
   </div>
   <div class='ocr_carea' id='block_1_63' title="bbox 486 4086 1043 4207">
    <p class='ocr_par' dir='ltr' id='par_1_63' title="bbox 486 4086 1043 4207">
     <span class='ocr_line' id='line_1_63' title="bbox 486 4086 1043 4207; baseline 0 -70"><span class='ocrx_word' id='word_1_389' title='bbox 486 4086 825 4207; x_wconf 57' lang='lat' dir='ltr'><strong>sanctajacta</strong></span> <span class='ocrx_word' id='word_1_390' title='bbox 855 4088 1043 4138; x_wconf 85' lang='lat' dir='ltr'><strong>omnia.</strong></span> 
     </span>
     <span class='ocr_line' id='line_1_64' title="bbox 486 4154 1043 4207; baseline 0.011 -6"><span class='ocrx_word' id='word_1_391' title='bbox 486 4167 609 4206; x_wconf 67' lang='lat' dir='ltr'><strong>intra</strong></span> <span class='ocrx_word' id='word_1_392' title='bbox 638 4155 656 4207; x_wconf 90' lang='lat' dir='ltr'><strong>i</strong></span> <span class='ocrx_word' id='word_1_393' title='bbox 732 4154 867 4207; x_wconf 89' lang='lat' dir='ltr'><strong>auod</strong></span> <span class='ocrx_word' id='word_1_394' title='bbox 894 4155 1043 4207; x_wconf 87' lang='lat' dir='ltr'><strong>dicun</strong></span> 
     </span>
    </p>
   </div>
   <div class='ocr_carea' id='block_1_64' title="bbox 421 4154 1103 4222">
    <p class='ocr_par' dir='ltr' id='par_1_64' title="bbox 421 4154 1103 4222">
     <span class='ocr_line' id='line_1_65' title="bbox 421 4154 1103 4222; baseline 0.004 -15"><span class='ocrx_word' id='word_1_395' title='bbox 421 4154 609 4222; x_wconf 80' lang='lat' dir='ltr'><strong>Contra</strong></span> <span class='ocrx_word' id='word_1_396' title='bbox 638 4154 691 4207; x_wconf 89' lang='lat' dir='ltr'><strong>id</strong></span> <span class='ocrx_word' id='word_1_397' title='bbox 732 4154 867 4222; x_wconf 89' lang='lat' dir='ltr'><strong>quod</strong></span> <span class='ocrx_word' id='word_1_398' title='bbox 894 4155 1103 4210; x_wconf 88' lang='lat' dir='ltr'><strong>dicunt:</strong></span> 
     </span>
    </p>
   </div>
   <div class='ocr_carea' id='block_1_65' title="bbox 494 4221 1005 4277">
    <p class='ocr_par' dir='ltr' id='par_1_65' title="bbox 494 4221 1005 4277">
     <span class='ocr_line' id='line_1_66' title="bbox 494 4221 1005 4277; baseline 0 -1"><span class='ocrx_word' id='word_1_399' title='bbox 494 4221 664 4277; x_wconf 76' lang='lat' dir='ltr'><strong>Filius</strong></span> <span class='ocrx_word' id='word_1_400' title='bbox 695 4221 1005 4276; x_wconf 67' lang='lat' dir='ltr'><strong>nominatur.</strong></span> 
     </span>
    </p>
   </div>
   <div class='ocr_carea' id='block_1_66' title="bbox 420 4294 1912 4370">
    <p class='ocr_par' dir='ltr' id='par_1_66' title="bbox 420 4294 1912 4370">
     <span class='ocr_line' id='line_1_67' title="bbox 420 4294 1912 4370; baseline 0.002 -22"><span class='ocrx_word' id='word_1_401' title='bbox 420 4295 607 4348; x_wconf 87' lang='lat' dir='ltr'><strong>Contra</strong></span> <span class='ocrx_word' id='word_1_402' title='bbox 625 4295 678 4346; x_wconf 88' lang='lat' dir='ltr'><strong>id</strong></span> <span class='ocrx_word' id='word_1_403' title='bbox 691 4295 826 4364; x_wconf 87' lang='lat' dir='ltr'><strong>quod</strong></span> <span class='ocrx_word' id='word_1_404' title='bbox 848 4294 1021 4347; x_wconf 82' lang='lat' dir='ltr'><strong>dicunt</strong></span> <span class='ocrx_word' id='word_1_405' title='bbox 1038 4312 1055 4350; x_wconf 90' lang='lat'><strong>:</strong></span> <span class='ocrx_word' id='word_1_406' title='bbox 1077 4295 1225 4361; x_wconf 80' lang='lat' dir='ltr'><strong>Quod</strong></span> <span class='ocrx_word' id='word_1_407' title='bbox 1245 4295 1398 4351; x_wconf 84' lang='lat' dir='ltr'><strong>Pater</strong></span> <span class='ocrx_word' id='word_1_408' title='bbox 1408 4298 1620 4370; x_wconf 82' lang='lat' dir='ltr'><strong>subjecit</strong></span> <span class='ocrx_word' id='word_1_409' title='bbox 1633 4298 1710 4351; x_wconf 89' lang='lat' dir='ltr'><strong>illi</strong></span> <span class='ocrx_word' id='word_1_410' title='bbox 1725 4300 1912 4351; x_wconf 83' lang='lat' dir='ltr'><strong>omnia.</strong></span> 
     </span>
    </p>
   </div>
   <div class='ocr_carea' id='block_1_67' title="bbox 818 4403 1445 4463">
    <p class='ocr_par' dir='ltr' id='par_1_67' title="bbox 818 4403 1445 4463">
     <span class='ocr_line' id='line_1_68' title="bbox 818 4403 1445 4463; baseline 0.008 -7"><span class='ocrx_word' id='word_1_411' title='bbox 818 4403 1059 4459; x_wconf 74' lang='lat' dir='ltr'><strong>INCIPIT</strong></span> <span class='ocrx_word' id='word_1_412' title='bbox 1100 4404 1383 4463; x_wconf 85' lang='lat' dir='ltr'><strong>LIBELLU</strong></span> <span class='ocrx_word' id='word_1_413' title='bbox 1393 4408 1445 4462; x_wconf 86' lang='lat' dir='ltr'><strong>S.</strong></span> 
     </span>
    </p>
   </div>
   <div class='ocr_carea' id='block_1_68' title="bbox 896 4510 1323 4551">
    <p class='ocr_par' dir='ltr' id='par_1_68' title="bbox 896 4510 1323 4551">
     <span class='ocr_line' id='line_1_69' title="bbox 896 4510 1323 4551; baseline 0.005 -2"><span class='ocrx_word' id='word_1_414' title='bbox 896 4510 1065 4549; x_wconf 74' lang='lat' dir='ltr'><strong>CLPUT</strong></span> <span class='ocrx_word' id='word_1_415' title='bbox 1103 4511 1323 4551; x_wconf 65' lang='lat' dir='ltr'><strong>PRIHIJI.</strong></span> 
     </span>
    </p>
   </div>
   <div class='ocr_carea' id='block_1_69' title="bbox 1136 4157 1916 4227">
    <p class='ocr_par' dir='ltr' id='par_1_69' title="bbox 1136 4157 1916 4227">
     <span class='ocr_line' id='line_1_70' title="bbox 1136 4157 1916 4227; baseline 0.003 -17"><span class='ocrx_word' id='word_1_416' title='bbox 1136 4158 1303 4222; x_wconf 83' lang='lat' dir='ltr'><strong>Quare</strong></span> <span class='ocrx_word' id='word_1_417' title='bbox 1333 4159 1472 4227; x_wconf 87' lang='lat' dir='ltr'><strong>prius</strong></span> <span class='ocrx_word' id='word_1_418' title='bbox 1504 4157 1680 4225; x_wconf 66' lang='lat' dir='ltr'><strong>Pater,</strong></span> <span class='ocrx_word' id='word_1_419' title='bbox 1734 4158 1916 4212; x_wconf 87' lang='lat' dir='ltr'><strong>deinde</strong></span> 
     </span>
    </p>
   </div>
   <div class='ocr_carea' id='block_1_70' title="bbox 424 4604 1923 4676">
    <p class='ocr_par' dir='ltr' id='par_1_70' title="bbox 424 4604 1923 4676">
     <span class='ocr_line' id='line_1_71' title="bbox 424 4604 1923 4676; baseline 0.002 -14"><span class='ocrx_word' id='word_1_420' title='bbox 424 4608 591 4662; x_wconf 68' lang='lat' dir='ltr'><strong>Cum</strong></span> <span class='ocrx_word' id='word_1_421' title='bbox 611 4604 707 4661; x_wconf 83' lang='lat' dir='ltr'><strong>us.</strong></span> <span class='ocrx_word' id='word_1_422' title='bbox 738 4605 870 4673; x_wconf 77' lang='lat' dir='ltr'><strong>Quia</strong></span> <span class='ocrx_word' id='word_1_423' title='bbox 898 4608 1119 4676; x_wconf 82' lang='lat' dir='ltr'><strong>:equaiis</strong></span> <span class='ocrx_word' id='word_1_424' title='bbox 1147 4618 1230 4662; x_wconf 84' lang='lat' dir='ltr'><strong>est</strong></span> <span class='ocrx_word' id='word_1_425' title='bbox 1260 4609 1397 4662; x_wconf 83' lang='lat' dir='ltr'><strong>Patri</strong></span> <span class='ocrx_word' id='word_1_426' title='bbox 1430 4609 1615 4676; x_wconf 80' lang='lat' dir='ltr'><strong>Filius,</strong></span> <span class='ocrx_word' id='word_1_427' title='bbox 1650 4610 1727 4664; x_wconf 90' lang='lat' dir='ltr'><strong>sic</strong></span> <span class='ocrx_word' id='word_1_428' title='bbox 1767 4610 1923 4665; x_wconf 80' lang='lat' dir='ltr'><strong>docet</strong></span> 
     </span>
    </p>
   </div>
   <div class='ocr_carea' id='block_1_71' title="bbox 357 4698 1923 4769">
    <p class='ocr_par' dir='ltr' id='par_1_71' title="bbox 357 4698 1923 4769">
     <span class='ocr_line' id='line_1_72' title="bbox 357 4698 1923 4769; baseline 0 -18"><span class='ocrx_word' id='word_1_429' title='bbox 357 4699 628 4769; x_wconf 68' lang='lat' dir='ltr'><strong>apvstnlus</strong></span> <span class='ocrx_word' id='word_1_430' title='bbox 651 4698 846 4752; x_wconf 71' lang='lat' dir='ltr'><strong>Paulus</strong></span> <span class='ocrx_word' id='word_1_431' title='bbox 875 4698 1058 4753; x_wconf 89' lang='lat' dir='ltr'><strong>dicens</strong></span> <span class='ocrx_word' id='word_1_432' title='bbox 1089 4714 1103 4751; x_wconf 92' lang='lat'><strong>:</strong></span> <span class='ocrx_word' id='word_1_433' title='bbox 1162 4698 1274 4751; x_wconf 86' lang='lat' dir='ltr'><strong>Hoc</strong></span> <span class='ocrx_word' id='word_1_434' title='bbox 1305 4700 1481 4752; x_wconf 76' lang='lat' dir='ltr'><strong>sentite</strong></span> <span class='ocrx_word' id='word_1_435' title='bbox 1522 4700 1572 4750; x_wconf 88' lang='lat' dir='ltr'><strong>in</strong></span> <span class='ocrx_word' id='word_1_436' title='bbox 1601 4700 1756 4766; x_wconf 81' lang='lat' dir='ltr'><strong>vobis,</strong></span> <span class='ocrx_word' id='word_1_437' title='bbox 1788 4702 1923 4769; x_wconf 85' lang='lat' dir='ltr'><strong>quod</strong></span> 
     </span>
    </p>
   </div>
   <div class='ocr_carea' id='block_1_72' title="bbox 357 4786 1925 4856">
    <p class='ocr_par' dir='ltr' id='par_1_72' title="bbox 357 4786 1925 4856">
     <span class='ocr_line' id='line_1_73' title="bbox 357 4786 1925 4856; baseline 0 -14"><span class='ocrx_word' id='word_1_438' title='bbox 357 4800 405 4842; x_wconf 90' lang='lat' dir='ltr'><strong>et</strong></span> <span class='ocrx_word' id='word_1_439' title='bbox 435 4789 486 4841; x_wconf 88' lang='lat' dir='ltr'><strong>in</strong></span> <span class='ocrx_word' id='word_1_440' title='bbox 516 4786 716 4847; x_wconf 82' lang='lat' dir='ltr'><strong>Christo</strong></span> <span class='ocrx_word' id='word_1_441' title='bbox 761 4786 917 4853; x_wconf 74' lang='lat' dir='ltr'><strong>Iesu,</strong></span> <span class='ocrx_word' id='word_1_442' title='bbox 948 4789 1036 4856; x_wconf 84' lang='lat' dir='ltr'><strong>qui</strong></span> <span class='ocrx_word' id='word_1_443' title='bbox 1064 4802 1177 4838; x_wconf 84' lang='lat' dir='ltr'><strong>cum</strong></span> <span class='ocrx_word' id='word_1_444' title='bbox 1226 4790 1278 4839; x_wconf 78' lang='lat' dir='ltr'><strong>in</strong></span> <span class='ocrx_word' id='word_1_445' title='bbox 1317 4791 1482 4855; x_wconf 76' lang='lat' dir='ltr'><strong>[arma</strong></span> <span class='ocrx_word' id='word_1_446' title='bbox 1516 4788 1607 4840; x_wconf 85' lang='lat' dir='ltr'><strong>Dei</strong></span> <span class='ocrx_word' id='word_1_447' title='bbox 1636 4800 1794 4855; x_wconf 82' lang='lat' dir='ltr'><strong>esset,</strong></span> <span class='ocrx_word' id='word_1_448' title='bbox 1823 4804 1925 4842; x_wconf 86' lang='lat' dir='ltr'><strong>non</strong></span> 
     </span>
    </p>
   </div>
   <div class='ocr_carea' id='block_1_73' title="bbox 356 4875 1923 4949">
    <p class='ocr_par' dir='ltr' id='par_1_73' title="bbox 356 4875 1923 4949">
     <span class='ocr_line' id='line_1_74' title="bbox 356 4875 1923 4949; baseline 0 -18"><span class='ocrx_word' id='word_1_449' title='bbox 356 4880 590 4949; x_wconf 87' lang='lat' dir='ltr'><strong>rapinam</strong></span> <span class='ocrx_word' id='word_1_450' title='bbox 610 4878 884 4932; x_wconf 79' lang='lat' dir='ltr'><strong>arbitratus</strong></span> <span class='ocrx_word' id='word_1_451' title='bbox 908 4885 982 4930; x_wconf 88' lang='lat' dir='ltr'><strong>est</strong></span> <span class='ocrx_word' id='word_1_452' title='bbox 996 4892 1104 4930; x_wconf 85' lang='lat' dir='ltr'><strong>esse</strong></span> <span class='ocrx_word' id='word_1_453' title='bbox 1126 4892 1180 4930; x_wconf 85' lang='lat' dir='ltr'><strong>se</strong></span> <span class='ocrx_word' id='word_1_454' title='bbox 1204 4876 1450 4946; x_wconf 86' lang='lat' dir='ltr'><strong>aqualem</strong></span> <span class='ocrx_word' id='word_1_455' title='bbox 1472 4875 1579 4930; x_wconf 89' lang='lat' dir='ltr'><strong>Deo</strong></span> <span class='ocrx_word' id='word_1_456' title='bbox 1601 4878 1821 4949; x_wconf 75' lang='lat' dir='ltr'><strong>(Philip.</strong></span> <span class='ocrx_word' id='word_1_457' title='bbox 1844 4879 1923 4948; x_wconf 85' lang='lat' dir='ltr'><strong>tt).</strong></span> 
     </span>
    </p>
   </div>
   <div class='ocr_carea' id='block_1_74' title="bbox 356 4968 1924 5038">
    <p class='ocr_par' dir='ltr' id='par_1_74' title="bbox 356 4968 1924 5038">
     <span class='ocr_line' id='line_1_75' title="bbox 356 4968 1924 5038; baseline 0 -15"><span class='ocrx_word' id='word_1_458' title='bbox 356 4971 456 5038; x_wconf 86' lang='lat' dir='ltr'><strong>Qui</strong></span> <span class='ocrx_word' id='word_1_459' title='bbox 485 4979 569 5026; x_wconf 88' lang='lat' dir='ltr'><strong>est</strong></span> <span class='ocrx_word' id='word_1_460' title='bbox 597 4972 648 5024; x_wconf 93' lang='lat' dir='ltr'><strong>in</strong></span> <span class='ocrx_word' id='word_1_461' title='bbox 684 4970 851 5024; x_wconf 80' lang='lat' dir='ltr'><strong>forma</strong></span> <span class='ocrx_word' id='word_1_462' title='bbox 885 4970 977 5024; x_wconf 88' lang='lat' dir='ltr'><strong>Dei</strong></span> <span class='ocrx_word' id='word_1_463' title='bbox 1004 4968 1195 5034; x_wconf 78' lang='lat' dir='ltr'><strong>Patris,</strong></span> <span class='ocrx_word' id='word_1_464' title='bbox 1230 4983 1336 5022; x_wconf 91' lang='lat' dir='ltr'><strong>non</strong></span> <span class='ocrx_word' id='word_1_465' title='bbox 1377 4979 1551 5037; x_wconf 86' lang='lat' dir='ltr'><strong>potest</strong></span> <span class='ocrx_word' id='word_1_466' title='bbox 1582 4984 1703 5024; x_wconf 88' lang='lat' dir='ltr'><strong>esse</strong></span> <span class='ocrx_word' id='word_1_467' title='bbox 1731 4972 1924 5037; x_wconf 85' lang='lat' dir='ltr'><strong>minor,</strong></span> 
     </span>
    </p>
   </div>
   <div class='ocr_carea' id='block_1_75' title="bbox 355 5059 1925 5132">
    <p class='ocr_par' dir='ltr' id='par_1_75' title="bbox 355 5059 1925 5132">
     <span class='ocr_line' id='line_1_76' title="bbox 355 5059 1925 5132; baseline -0.001 -15"><span class='ocrx_word' id='word_1_468' title='bbox 355 5062 448 5132; x_wconf 85' lang='lat' dir='ltr'><strong>qui</strong></span> <span class='ocrx_word' id='word_1_469' title='bbox 480 5077 583 5117; x_wconf 91' lang='lat' dir='ltr'><strong>non</strong></span> <span class='ocrx_word' id='word_1_470' title='bbox 606 5062 939 5132; x_wconf 82' lang='lat' dir='ltr'><strong>rapuitquod</strong></span> <span class='ocrx_word' id='word_1_471' title='bbox 968 5077 1073 5115; x_wconf 90' lang='lat' dir='ltr'><strong>non</strong></span> <span class='ocrx_word' id='word_1_472' title='bbox 1104 5059 1304 5127; x_wconf 82' lang='lat' dir='ltr'><strong>habuit,</strong></span> <span class='ocrx_word' id='word_1_473' title='bbox 1329 5061 1448 5129; x_wconf 87' lang='lat' dir='ltr'><strong>quia</strong></span> <span class='ocrx_word' id='word_1_474' title='bbox 1481 5060 1532 5113; x_wconf 93' lang='lat' dir='ltr'><strong>in</strong></span> <span class='ocrx_word' id='word_1_475' title='bbox 1563 5060 1729 5115; x_wconf 76' lang='lat' dir='ltr'><strong>forma</strong></span> <span class='ocrx_word' id='word_1_476' title='bbox 1760 5060 1925 5115; x_wconf 81' lang='lat' dir='ltr'><strong>Patris</strong></span> 
     </span>
    </p>
   </div>
   <div class='ocr_carea' id='block_1_76' title="bbox 358 5150 1928 5223">
    <p class='ocr_par' dir='ltr' id='par_1_76' title="bbox 358 5150 1928 5223">
     <span class='ocr_line' id='line_1_77' title="bbox 358 5150 1928 5223; baseline -0.003 -15"><span class='ocrx_word' id='word_1_477' title='bbox 358 5169 572 5222; x_wconf 79' lang='lat' dir='ltr'><strong>semper</strong></span> <span class='ocrx_word' id='word_1_478' title='bbox 621 5150 741 5207; x_wconf 76' lang='lat' dir='ltr'><strong>fuit.</strong></span> <span class='ocrx_word' id='word_1_479' title='bbox 774 5152 829 5207; x_wconf 89' lang='lat' dir='ltr'><strong>In</strong></span> <span class='ocrx_word' id='word_1_480' title='bbox 862 5151 1153 5223; x_wconf 68' lang='lat' dir='ltr'><strong>Evangelia</strong></span> <span class='ocrx_word' id='word_1_481' title='bbox 1200 5151 1437 5207; x_wconf 78' lang='lat' dir='ltr'><strong>Joannes</strong></span> <span class='ocrx_word' id='word_1_482' title='bbox 1481 5152 1597 5204; x_wconf 89' lang='lat' dir='ltr'><strong>ait:</strong></span> <span class='ocrx_word' id='word_1_483' title='bbox 1652 5151 1928 5220; x_wconf 82' lang='lat' dir='ltr'><strong>Propterea</strong></span> 
     </span>
    </p>
   </div>
   <div class='ocr_carea' id='block_1_77' title="bbox 358 5244 1931 5316">
    <p class='ocr_par' dir='ltr' id='par_1_77' title="bbox 358 5244 1931 5316">
     <span class='ocr_line' id='line_1_78' title="bbox 358 5244 1931 5316; baseline -0.001 -16"><span class='ocrx_word' id='word_1_484' title='bbox 358 5248 531 5301; x_wconf 83' lang='lat' dir='ltr'><strong>Judai</strong></span> <span class='ocrx_word' id='word_1_485' title='bbox 554 5249 781 5302; x_wconf 86' lang='lat' dir='ltr'><strong>volebant</strong></span> <span class='ocrx_word' id='word_1_486' title='bbox 801 5249 1239 5316; x_wconf 77' lang='lat' dir='ltr'><strong>euminter/icere,</strong></span> <span class='ocrx_word' id='word_1_487' title='bbox 1262 5247 1383 5315; x_wconf 82' lang='lat' dir='ltr'><strong>quia</strong></span> <span class='ocrx_word' id='word_1_488' title='bbox 1402 5261 1501 5298; x_wconf 86' lang='lat' dir='ltr'><strong>non</strong></span> <span class='ocrx_word' id='word_1_489' title='bbox 1525 5246 1689 5298; x_wconf 87' lang='lat' dir='ltr'><strong>solum</strong></span> <span class='ocrx_word' id='word_1_490' title='bbox 1710 5244 1931 5298; x_wconf 83' lang='lat' dir='ltr'><strong>solvebat</strong></span> 
     </span>
    </p>
   </div>
   <div class='ocr_carea' id='block_1_78' title="bbox 362 5333 1932 5407">
    <p class='ocr_par' dir='ltr' id='par_1_78' title="bbox 362 5333 1932 5407">
     <span class='ocr_line' id='line_1_79' title="bbox 362 5333 1932 5407; baseline -0.004 -14"><span class='ocrx_word' id='word_1_491' title='bbox 362 5341 647 5407; x_wconf 79' lang='lat' dir='ltr'><strong>sabbatum,</strong></span> <span class='ocrx_word' id='word_1_492' title='bbox 668 5341 753 5393; x_wconf 70' lang='lat' dir='ltr'><strong>sed</strong></span> <span class='ocrx_word' id='word_1_493' title='bbox 778 5350 825 5394; x_wconf 89' lang='lat' dir='ltr'><strong>et</strong></span> <span class='ocrx_word' id='word_1_494' title='bbox 859 5336 1065 5393; x_wconf 85' lang='lat' dir='ltr'><strong>Patrem</strong></span> <span class='ocrx_word' id='word_1_495' title='bbox 1093 5356 1242 5393; x_wconf 88' lang='lat' dir='ltr'><strong>suum</strong></span> <span class='ocrx_word' id='word_1_496' title='bbox 1264 5337 1457 5391; x_wconf 85' lang='lat' dir='ltr'><strong>dicebat</strong></span> <span class='ocrx_word' id='word_1_497' title='bbox 1477 5333 1662 5399; x_wconf 87' lang='lat' dir='ltr'><strong>Deum,</strong></span> <span class='ocrx_word' id='word_1_498' title='bbox 1686 5336 1932 5404; x_wconf 85' lang='lat' dir='ltr'><strong>aqualem</strong></span> 
     </span>
    </p>
   </div>
   <div class='ocr_carea' id='block_1_79' title="bbox 364 5427 1928 5502">
    <p class='ocr_par' dir='ltr' id='par_1_79' title="bbox 364 5427 1928 5502">
     <span class='ocr_line' id='line_1_80' title="bbox 364 5427 1928 5502; baseline -0.003 -18"><span class='ocrx_word' id='word_1_499' title='bbox 364 5448 415 5484; x_wconf 67' lang='lat' dir='ltr'><strong>se</strong></span> <span class='ocrx_word' id='word_1_500' title='bbox 448 5434 639 5502; x_wconf 73' lang='lat' dir='ltr'><strong>faciens</strong></span> <span class='ocrx_word' id='word_1_501' title='bbox 672 5431 779 5485; x_wconf 85' lang='lat' dir='ltr'><strong>Deo</strong></span> <span class='ocrx_word' id='word_1_502' title='bbox 828 5429 1003 5501; x_wconf 83' lang='lat' dir='ltr'><strong>(Joan.</strong></span> <span class='ocrx_word' id='word_1_503' title='bbox 1038 5431 1109 5500; x_wconf 72' lang='grc' dir='ltr'><strong>ν).</strong></span> <span class='ocrx_word' id='word_1_504' title='bbox 1146 5431 1273 5484; x_wconf 83' lang='lat' dir='ltr'><strong>Item</strong></span> <span class='ocrx_word' id='word_1_505' title='bbox 1322 5430 1434 5498; x_wconf 87' lang='lat' dir='ltr'><strong>ipse</strong></span> <span class='ocrx_word' id='word_1_506' title='bbox 1466 5428 1717 5482; x_wconf 87' lang='lat' dir='ltr'><strong>Dominus</strong></span> <span class='ocrx_word' id='word_1_507' title='bbox 1757 5427 1928 5480; x_wconf 83' lang='lat' dir='ltr'><strong>dixit:</strong></span> 
     </span>
    </p>
   </div>
   <div class='ocr_carea' id='block_1_80' title="bbox 366 5515 1932 5589">
    <p class='ocr_par' dir='ltr' id='par_1_80' title="bbox 366 5515 1932 5589">
     <span class='ocr_line' id='line_1_81' title="bbox 366 5515 1932 5589; baseline -0.004 -14"><span class='ocrx_word' id='word_1_508' title='bbox 366 5523 471 5588; x_wconf 87' lang='lat' dir='ltr'><strong>Qui</strong></span> <span class='ocrx_word' id='word_1_509' title='bbox 500 5537 578 5577; x_wconf 90' lang='lat' dir='ltr'><strong>me</strong></span> <span class='ocrx_word' id='word_1_510' title='bbox 604 5521 908 5589; x_wconf 75' lang='lat' dir='ltr'><strong>ridet,oidet</strong></span> <span class='ocrx_word' id='word_1_511' title='bbox 935 5531 981 5573; x_wconf 88' lang='lat' dir='ltr'><strong>et</strong></span> <span class='ocrx_word' id='word_1_512' title='bbox 1006 5519 1228 5574; x_wconf 77' lang='lat' dir='ltr'><strong>Patrem.</strong></span> <span class='ocrx_word' id='word_1_513' title='bbox 1257 5520 1384 5574; x_wconf 90' lang='lat' dir='ltr'><strong>Item</strong></span> <span class='ocrx_word' id='word_1_514' title='bbox 1410 5519 1459 5571; x_wconf 94' lang='lat' dir='ltr'><strong>in</strong></span> <span class='ocrx_word' id='word_1_515' title='bbox 1486 5518 1771 5587; x_wconf 84' lang='lat' dir='ltr'><strong>Evangelia</strong></span> <span class='ocrx_word' id='word_1_516' title='bbox 1791 5532 1806 5570; x_wconf 90' lang='lat'><strong>:</strong></span> <span class='ocrx_word' id='word_1_517' title='bbox 1825 5515 1932 5586; x_wconf 86' lang='lat' dir='ltr'><strong>Ego</strong></span> 
     </span>
    </p>
   </div>
   <div class='ocr_carea' id='block_1_81' title="bbox 365 5605 1929 5677">
    <p class='ocr_par' dir='ltr' id='par_1_81' title="bbox 365 5605 1929 5677">
     <span class='ocr_line' id='line_1_82' title="bbox 365 5605 1929 5677; baseline -0.005 -13"><span class='ocrx_word' id='word_1_518' title='bbox 365 5621 409 5664; x_wconf 84' lang='lat' dir='ltr'><strong>ct</strong></span> <span class='ocrx_word' id='word_1_519' title='bbox 435 5610 592 5666; x_wconf 86' lang='lat' dir='ltr'><strong>Pater</strong></span> <span class='ocrx_word' id='word_1_520' title='bbox 620 5627 777 5664; x_wconf 84' lang='lat' dir='ltr'><strong>unum</strong></span> <span class='ocrx_word' id='word_1_521' title='bbox 803 5627 996 5664; x_wconf 88' lang='lat' dir='ltr'><strong>sumus.</strong></span> <span class='ocrx_word' id='word_1_522' title='bbox 1026 5609 1120 5665; x_wconf 86' lang='lat' dir='ltr'><strong>Hic</strong></span> <span class='ocrx_word' id='word_1_523' title='bbox 1141 5624 1305 5663; x_wconf 88' lang='lat' dir='ltr'><strong>unum</strong></span> <span class='ocrx_word' id='word_1_524' title='bbox 1334 5622 1428 5677; x_wconf 89' lang='lat' dir='ltr'><strong>pro</strong></span> <span class='ocrx_word' id='word_1_525' title='bbox 1451 5607 1749 5677; x_wconf 81' lang='lat' dir='ltr'><strong>:cquaiitate</strong></span> <span class='ocrx_word' id='word_1_526' title='bbox 1777 5605 1929 5667; x_wconf 75' lang='lat' dir='ltr'><strong>dixit,</strong></span> 
     </span>
    </p>
   </div>
   <div class='ocr_carea' id='block_1_82' title="bbox 366 5698 1931 5772">
    <p class='ocr_par' dir='ltr' id='par_1_82' title="bbox 366 5698 1931 5772">
     <span class='ocr_line' id='line_1_83' title="bbox 366 5698 1931 5772; baseline -0.003 -21"><span class='ocrx_word' id='word_1_527' title='bbox 366 5702 487 5769; x_wconf 83' lang='lat' dir='ltr'><strong>quia</strong></span> <span class='ocrx_word' id='word_1_528' title='bbox 536 5701 764 5772; x_wconf 70' lang='lat' dir='ltr'><strong>aequales</strong></span> <span class='ocrx_word' id='word_1_529' title='bbox 793 5710 915 5756; x_wconf 89' lang='lat' dir='ltr'><strong>sunt</strong></span> <span class='ocrx_word' id='word_1_530' title='bbox 941 5740 956 5768; x_wconf 92' lang='lat'><strong>,</strong></span> <span class='ocrx_word' id='word_1_531' title='bbox 990 5701 1077 5770; x_wconf 87' lang='lat' dir='ltr'><strong>qui</strong></span> <span class='ocrx_word' id='word_1_532' title='bbox 1109 5714 1269 5755; x_wconf 91' lang='lat' dir='ltr'><strong>unum</strong></span> <span class='ocrx_word' id='word_1_533' title='bbox 1321 5706 1461 5754; x_wconf 90' lang='lat' dir='ltr'><strong>sunt.</strong></span> <span class='ocrx_word' id='word_1_534' title='bbox 1518 5698 1714 5752; x_wconf 86' lang='lat' dir='ltr'><strong>Sumus</strong></span> <span class='ocrx_word' id='word_1_535' title='bbox 1758 5704 1931 5751; x_wconf 88' lang='lat' dir='ltr'><strong>autem</strong></span> 
     </span>
    </p>
   </div>
   <div class='ocr_carea' id='block_1_83' title="bbox 2004 2515 3566 2586">
    <p class='ocr_par' dir='ltr' id='par_1_83' title="bbox 2004 2515 3566 2586">
     <span class='ocr_line' id='line_1_84' title="bbox 2004 2515 3566 2586; baseline -0.001 -17"><span class='ocrx_word' id='word_1_536' title='bbox 2004 2517 2113 2570; x_wconf 89' lang='lat' dir='ltr'><strong>sine</strong></span> <span class='ocrx_word' id='word_1_537' title='bbox 2145 2517 2343 2571; x_wconf 81' lang='lat' dir='ltr'><strong>macula</strong></span> <span class='ocrx_word' id='word_1_538' title='bbox 2390 2515 2483 2570; x_wconf 91' lang='lat' dir='ltr'><strong>Dei</strong></span> <span class='ocrx_word' id='word_1_539' title='bbox 2513 2517 2822 2584; x_wconf 82' lang='lat' dir='ltr'><strong>majestatis,</strong></span> <span class='ocrx_word' id='word_1_540' title='bbox 2855 2527 2904 2570; x_wconf 88' lang='lat' dir='ltr'><strong>et</strong></span> <span class='ocrx_word' id='word_1_541' title='bbox 2953 2517 3120 2586; x_wconf 60' lang='lat' dir='ltr'><strong>imago</strong></span> <span class='ocrx_word' id='word_1_542' title='bbox 3156 2516 3390 2570; x_wconf 87' lang='lat' dir='ltr'><strong>bonitatis</strong></span> <span class='ocrx_word' id='word_1_543' title='bbox 3436 2516 3566 2569; x_wconf 82' lang='lat' dir='ltr'><strong>illius</strong></span> 
     </span>
    </p>
   </div>
   <div class='ocr_carea' id='block_1_84' title="bbox 2008 2598 3567 2676">
    <p class='ocr_par' dir='ltr' id='par_1_84' title="bbox 2008 2598 3567 2676">
     <span class='ocr_line' id='line_1_85' title="bbox 2008 2598 3567 2676; baseline -0.002 -15"><span class='ocrx_word' id='word_1_544' title='bbox 2008 2606 2165 2676; x_wconf 82' lang='lat' dir='ltr'><strong>(Sap.</strong></span> <span class='ocrx_word' id='word_1_545' title='bbox 2199 2607 2315 2675; x_wconf 88' lang='lat' dir='ltr'><strong>vn).</strong></span> <span class='ocrx_word' id='word_1_546' title='bbox 2353 2606 2463 2660; x_wconf 90' lang='lat' dir='ltr'><strong>Iloc</strong></span> <span class='ocrx_word' id='word_1_547' title='bbox 2490 2606 2558 2661; x_wconf 90' lang='lat' dir='ltr'><strong>de</strong></span> <span class='ocrx_word' id='word_1_548' title='bbox 2592 2607 2727 2662; x_wconf 86' lang='lat' dir='ltr'><strong>Filio</strong></span> <span class='ocrx_word' id='word_1_549' title='bbox 2774 2598 2919 2660; x_wconf 76' lang='lat' dir='ltr'><strong>dicit.</strong></span> <span class='ocrx_word' id='word_1_550' title='bbox 2973 2605 3101 2660; x_wconf 91' lang='lat' dir='ltr'><strong>Item</strong></span> <span class='ocrx_word' id='word_1_551' title='bbox 3157 2607 3209 2659; x_wconf 92' lang='lat' dir='ltr'><strong>in</strong></span> <span class='ocrx_word' id='word_1_552' title='bbox 3254 2606 3567 2674; x_wconf 51' lang='lat' dir='ltr'><strong>Evangelia</strong></span> 
     </span>
    </p>
   </div>
   <div class='ocr_carea' id='block_1_85' title="bbox 2008 2696 3567 2769">
    <p class='ocr_par' dir='ltr' id='par_1_85' title="bbox 2008 2696 3567 2769">
     <span class='ocr_line' id='line_1_86' title="bbox 2008 2696 3567 2769; baseline -0.001 -17"><span class='ocrx_word' id='word_1_553' title='bbox 2008 2698 2150 2752; x_wconf 80' lang='lat' dir='ltr'><strong>Sicu&#39;</strong></span> <span class='ocrx_word' id='word_1_554' title='bbox 2181 2698 2327 2751; x_wconf 89' lang='lat' dir='ltr'><strong>Itabet</strong></span> <span class='ocrx_word' id='word_1_555' title='bbox 2355 2696 2512 2751; x_wconf 90' lang='lat' dir='ltr'><strong>Pater</strong></span> <span class='ocrx_word' id='word_1_556' title='bbox 2532 2698 2685 2751; x_wconf 81' lang='lat' dir='ltr'><strong>vitam</strong></span> <span class='ocrx_word' id='word_1_557' title='bbox 2714 2699 2765 2751; x_wconf 89' lang='lat' dir='ltr'><strong>in</strong></span> <span class='ocrx_word' id='word_1_558' title='bbox 2795 2699 3084 2769; x_wconf 89' lang='lat' dir='ltr'><strong>semetipso,</strong></span> <span class='ocrx_word' id='word_1_559' title='bbox 3109 2699 3181 2752; x_wconf 88' lang='lat' dir='ltr'><strong>sic</strong></span> <span class='ocrx_word' id='word_1_560' title='bbox 3198 2698 3335 2751; x_wconf 85' lang='lat' dir='ltr'><strong>dedit</strong></span> <span class='ocrx_word' id='word_1_561' title='bbox 3358 2706 3409 2751; x_wconf 90' lang='lat' dir='ltr'><strong>et</strong></span> <span class='ocrx_word' id='word_1_562' title='bbox 3436 2696 3567 2750; x_wconf 74' lang='lat' dir='ltr'><strong>Filio</strong></span> 
     </span>
    </p>
   </div>
   <div class='ocr_carea' id='block_1_86' title="bbox 2004 2787 3569 2858">
    <p class='ocr_par' dir='ltr' id='par_1_86' title="bbox 2004 2787 3569 2858">
     <span class='ocr_line' id='line_1_87' title="bbox 2004 2787 3569 2858; baseline 0.003 -23"><span class='ocrx_word' id='word_1_563' title='bbox 2004 2787 2189 2841; x_wconf 83' lang='lat' dir='ltr'><strong>habere</strong></span> <span class='ocrx_word' id='word_1_564' title='bbox 2209 2789 2363 2841; x_wconf 79' lang='lat' dir='ltr'><strong>vitam</strong></span> <span class='ocrx_word' id='word_1_565' title='bbox 2390 2790 2440 2842; x_wconf 87' lang='lat' dir='ltr'><strong>in</strong></span> <span class='ocrx_word' id='word_1_566' title='bbox 2468 2788 2753 2858; x_wconf 87' lang='lat' dir='ltr'><strong>semetipso.</strong></span> <span class='ocrx_word' id='word_1_567' title='bbox 2783 2788 2933 2855; x_wconf 86' lang='lat' dir='ltr'><strong>Quod</strong></span> <span class='ocrx_word' id='word_1_568' title='bbox 2972 2796 3150 2842; x_wconf 84' lang='lat' dir='ltr'><strong>autem</strong></span> <span class='ocrx_word' id='word_1_569' title='bbox 3183 2787 3311 2841; x_wconf 87' lang='lat' dir='ltr'><strong>dicit</strong></span> <span class='ocrx_word' id='word_1_570' title='bbox 3336 2828 3349 2850; x_wconf 91' lang='lat'><strong>,</strong></span> <span class='ocrx_word' id='word_1_571' title='bbox 3399 2787 3569 2849; x_wconf 88' lang='lat' dir='ltr'><strong>dedit,</strong></span> 
     </span>
    </p>
   </div>
   <div class='ocr_carea' id='block_1_87' title="bbox 2007 2876 3569 2948">
    <p class='ocr_par' dir='ltr' id='par_1_87' title="bbox 2007 2876 3569 2948">
     <span class='ocr_line' id='line_1_88' title="bbox 2007 2876 3569 2948; baseline -0.003 -16"><span class='ocrx_word' id='word_1_572' title='bbox 2007 2879 2194 2948; x_wconf 79' lang='lat' dir='ltr'><strong>genuit</strong></span> <span class='ocrx_word' id='word_1_573' title='bbox 2224 2877 2555 2948; x_wconf 78' lang='lat' dir='ltr'><strong>intelligitur.</strong></span> <span class='ocrx_word' id='word_1_574' title='bbox 2588 2881 2690 2932; x_wconf 81' lang='lat' dir='ltr'><strong>Aut</strong></span> <span class='ocrx_word' id='word_1_575' title='bbox 2718 2878 2762 2931; x_wconf 90' lang='lat' dir='ltr'><strong>si</strong></span> <span class='ocrx_word' id='word_1_576' title='bbox 2793 2884 2972 2945; x_wconf 83' lang='lat' dir='ltr'><strong>postea</strong></span> <span class='ocrx_word' id='word_1_577' title='bbox 3004 2876 3148 2930; x_wconf 90' lang='lat' dir='ltr'><strong>dedit</strong></span> <span class='ocrx_word' id='word_1_578' title='bbox 3167 2877 3327 2930; x_wconf 80' lang='lat' dir='ltr'><strong>vitam</strong></span> <span class='ocrx_word' id='word_1_579' title='bbox 3350 2876 3456 2943; x_wconf 86' lang='lat' dir='ltr'><strong>jam</strong></span> <span class='ocrx_word' id='word_1_580' title='bbox 3483 2890 3569 2943; x_wconf 76' lang='lat' dir='ltr'><strong>ge-</strong></span> 
     </span>
    </p>
   </div>
   <div class='ocr_carea' id='block_1_88' title="bbox 2007 2964 3564 3037">
    <p class='ocr_par' dir='ltr' id='par_1_88' title="bbox 2007 2964 3564 3037">
     <span class='ocr_line' id='line_1_89' title="bbox 2007 2964 3564 3037; baseline -0.004 -16"><span class='ocrx_word' id='word_1_581' title='bbox 2007 2969 2116 3023; x_wconf 90' lang='lat' dir='ltr'><strong>nito</strong></span> <span class='ocrx_word' id='word_1_582' title='bbox 2143 2968 2277 3022; x_wconf 82' lang='lat' dir='ltr'><strong>Filio</strong></span> <span class='ocrx_word' id='word_1_583' title='bbox 2321 2968 2497 3031; x_wconf 83' lang='lat' dir='ltr'><strong>Pater,</strong></span> <span class='ocrx_word' id='word_1_584' title='bbox 2549 2981 2677 3036; x_wconf 80' lang='lat' dir='ltr'><strong>ergo</strong></span> <span class='ocrx_word' id='word_1_585' title='bbox 2701 2967 2910 3037; x_wconf 76' lang='lat' dir='ltr'><strong>genitus</strong></span> <span class='ocrx_word' id='word_1_586' title='bbox 2955 2964 3121 3019; x_wconf 85' lang='lat' dir='ltr'><strong>Filius</strong></span> <span class='ocrx_word' id='word_1_587' title='bbox 3150 2966 3264 3018; x_wconf 84' lang='lat' dir='ltr'><strong>sine</strong></span> <span class='ocrx_word' id='word_1_588' title='bbox 3300 2964 3404 3016; x_wconf 86' lang='lat' dir='ltr'><strong>vita</strong></span> <span class='ocrx_word' id='word_1_589' title='bbox 3434 2974 3564 3018; x_wconf 86' lang='lat' dir='ltr'><strong>erat.</strong></span> 
     </span>
    </p>
   </div>
   <div class='ocr_carea' id='block_1_89' title="bbox 2007 3053 3569 3127">
    <p class='ocr_par' dir='ltr' id='par_1_89' title="bbox 2007 3053 3569 3127">
     <span class='ocr_line' id='line_1_90' title="bbox 2007 3053 3569 3127; baseline -0.004 -15"><span class='ocrx_word' id='word_1_590' title='bbox 2007 3058 2073 3113; x_wconf 83' lang='lat' dir='ltr'><strong>Et</strong></span> <span class='ocrx_word' id='word_1_591' title='bbox 2098 3058 2365 3127; x_wconf 83' lang='lat' dir='ltr'><strong>quomodo</strong></span> <span class='ocrx_word' id='word_1_592' title='bbox 2411 3057 2535 3111; x_wconf 91' lang='lat' dir='ltr'><strong>dicit</strong></span> <span class='ocrx_word' id='word_1_593' title='bbox 2568 3059 2679 3125; x_wconf 88' lang='lat' dir='ltr'><strong>ipse</strong></span> <span class='ocrx_word' id='word_1_594' title='bbox 2706 3057 2758 3110; x_wconf 89' lang='lat' dir='ltr'><strong>in</strong></span> <span class='ocrx_word' id='word_1_595' title='bbox 2809 3054 3133 3124; x_wconf 77' lang='lat' dir='ltr'><strong>Evangelio:</strong></span> <span class='ocrx_word' id='word_1_596' title='bbox 3164 3053 3274 3124; x_wconf 78' lang='lat' dir='ltr'><strong>Ego</strong></span> <span class='ocrx_word' id='word_1_597' title='bbox 3317 3069 3428 3107; x_wconf 87' lang='lat' dir='ltr'><strong>sutn</strong></span> <span class='ocrx_word' id='word_1_598' title='bbox 3461 3056 3569 3117; x_wconf 69' lang='lat' dir='ltr'><strong>uia,</strong></span> 
     </span>
    </p>
   </div>
   <div class='ocr_carea' id='block_1_90' title="bbox 2006 3145 3571 3213">
    <p class='ocr_par' dir='ltr' id='par_1_90' title="bbox 2006 3145 3571 3213">
     <span class='ocr_line' id='line_1_91' title="bbox 2006 3145 3571 3213; baseline -0.005 -10"><span class='ocrx_word' id='word_1_599' title='bbox 2006 3152 2217 3213; x_wconf 77' lang='lat' dir='ltr'><strong>veritas,</strong></span> <span class='ocrx_word' id='word_1_600' title='bbox 2258 3159 2303 3202; x_wconf 88' lang='lat' dir='ltr'><strong>et</strong></span> <span class='ocrx_word' id='word_1_601' title='bbox 2327 3150 2467 3201; x_wconf 82' lang='lat' dir='ltr'><strong>rita?</strong></span> <span class='ocrx_word' id='word_1_602' title='bbox 2498 3148 2627 3202; x_wconf 90' lang='lat' dir='ltr'><strong>Item</strong></span> <span class='ocrx_word' id='word_1_603' title='bbox 2658 3148 2721 3201; x_wconf 88' lang='lat' dir='ltr'><strong>ad</strong></span> <span class='ocrx_word' id='word_1_604' title='bbox 2755 3147 3009 3202; x_wconf 81' lang='lat' dir='ltr'><strong>Hebraeos</strong></span> <span class='ocrx_word' id='word_1_605' title='bbox 3058 3145 3137 3199; x_wconf 87' lang='lat' dir='ltr'><strong>sic</strong></span> <span class='ocrx_word' id='word_1_606' title='bbox 3164 3145 3231 3199; x_wconf 89' lang='lat' dir='ltr'><strong>de</strong></span> <span class='ocrx_word' id='word_1_607' title='bbox 3261 3145 3394 3199; x_wconf 84' lang='lat' dir='ltr'><strong>Filio</strong></span> <span class='ocrx_word' id='word_1_608' title='bbox 3443 3145 3571 3198; x_wconf 85' lang='lat' dir='ltr'><strong>dicit</strong></span> 
     </span>
    </p>
   </div>
   <div class='ocr_carea' id='block_1_91' title="bbox 2006 3235 3569 3308">
    <p class='ocr_par' dir='ltr' id='par_1_91' title="bbox 2006 3235 3569 3308">
     <span class='ocr_line' id='line_1_92' title="bbox 2006 3235 3569 3308; baseline -0.005 -13"><span class='ocrx_word' id='word_1_609' title='bbox 2006 3240 2324 3308; x_wconf 74' lang='lat' dir='ltr'><strong>Apostolus:</strong></span> <span class='ocrx_word' id='word_1_610' title='bbox 2362 3238 2461 3305; x_wconf 86' lang='lat' dir='ltr'><strong>Qui</strong></span> <span class='ocrx_word' id='word_1_611' title='bbox 2502 3254 2615 3291; x_wconf 86' lang='lat' dir='ltr'><strong>cum</strong></span> <span class='ocrx_word' id='word_1_612' title='bbox 2654 3238 2749 3307; x_wconf 89' lang='lat' dir='ltr'><strong>sit,</strong></span> <span class='ocrx_word' id='word_1_613' title='bbox 2783 3237 2972 3305; x_wconf 86' lang='lat' dir='ltr'><strong>inquit,</strong></span> <span class='ocrx_word' id='word_1_614' title='bbox 3003 3235 3242 3306; x_wconf 85' lang='lat' dir='ltr'><strong>splendor</strong></span> <span class='ocrx_word' id='word_1_615' title='bbox 3278 3237 3484 3307; x_wconf 83' lang='lat' dir='ltr'><strong>gloria,</strong></span> <span class='ocrx_word' id='word_1_616' title='bbox 3524 3246 3569 3288; x_wconf 91' lang='lat' dir='ltr'><strong>et</strong></span> 
     </span>
    </p>
   </div>
   <div class='ocr_carea' id='block_1_92' title="bbox 2006 3324 3585 3399">
    <p class='ocr_par' dir='ltr' id='par_1_92' title="bbox 2006 3324 3585 3399">
     <span class='ocr_line' id='line_1_93' title="bbox 2006 3324 3585 3399; baseline -0.003 -19"><span class='ocrx_word' id='word_1_617' title='bbox 2006 3329 2172 3399; x_wconf 83' lang='lat' dir='ltr'><strong>ﬁgura</strong></span> <span class='ocrx_word' id='word_1_618' title='bbox 2197 3327 2489 3381; x_wconf 89' lang='lat' dir='ltr'><strong>substantia</strong></span> <span class='ocrx_word' id='word_1_619' title='bbox 2513 3329 2645 3395; x_wconf 84' lang='lat' dir='ltr'><strong>ejus,</strong></span> <span class='ocrx_word' id='word_1_620' title='bbox 2683 3341 2861 3397; x_wconf 82' lang='lat' dir='ltr'><strong>grrens</strong></span> <span class='ocrx_word' id='word_1_621' title='bbox 2886 3341 3083 3395; x_wconf 64' lang='lat' dir='ltr'><strong>quoque</strong></span> <span class='ocrx_word' id='word_1_622' title='bbox 3105 3326 3275 3378; x_wconf 88' lang='lat' dir='ltr'><strong>omnia</strong></span> <span class='ocrx_word' id='word_1_623' title='bbox 3304 3324 3450 3378; x_wconf 79' lang='lat' dir='ltr'><strong>verba</strong></span> <span class='ocrx_word' id='word_1_624' title='bbox 3473 3326 3585 3377; x_wconf 16' lang='lat' dir='ltr'><strong>nir-l</strong></span> 
     </span>
    </p>
   </div>
   <div class='ocr_carea' id='block_1_93' title="bbox 2007 3413 3573 3487">
    <p class='ocr_par' dir='ltr' id='par_1_93' title="bbox 2007 3413 3573 3487">
     <span class='ocr_line' id='line_1_94' title="bbox 2007 3413 3573 3487; baseline -0.001 -18"><span class='ocrx_word' id='word_1_625' title='bbox 2007 3418 2124 3471; x_wconf 84' lang='lat' dir='ltr'><strong>tutis</strong></span> <span class='ocrx_word' id='word_1_626' title='bbox 2145 3432 2253 3473; x_wconf 86' lang='lat' dir='ltr'><strong>sua</strong></span> <span class='ocrx_word' id='word_1_627' title='bbox 2274 3416 2459 3487; x_wconf 85' lang='lat' dir='ltr'><strong>(Hebr.</strong></span> <span class='ocrx_word' id='word_1_628' title='bbox 2479 3415 2540 3487; x_wconf 90' lang='lat' dir='ltr'><strong>t).</strong></span> <span class='ocrx_word' id='word_1_629' title='bbox 2565 3418 2701 3484; x_wconf 71' lang='lat' dir='ltr'><strong>Ergo</strong></span> <span class='ocrx_word' id='word_1_630' title='bbox 2721 3416 2972 3485; x_wconf 85' lang='lat' dir='ltr'><strong>splendor</strong></span> <span class='ocrx_word' id='word_1_631' title='bbox 2988 3415 3184 3484; x_wconf 70' lang='lat' dir='ltr'><strong>gloria,</strong></span> <span class='ocrx_word' id='word_1_632' title='bbox 3202 3413 3428 3483; x_wconf 79' lang='lat' dir='ltr'><strong>etllgura</strong></span> <span class='ocrx_word' id='word_1_633' title='bbox 3449 3414 3573 3467; x_wconf 89' lang='lat' dir='ltr'><strong>sub-</strong></span> 
     </span>
    </p>
   </div>
   <div class='ocr_carea' id='block_1_94' title="bbox 2007 3504 3573 3576">
    <p class='ocr_par' dir='ltr' id='par_1_94' title="bbox 2007 3504 3573 3576">
     <span class='ocr_line' id='line_1_95' title="bbox 2007 3504 3573 3576; baseline -0.004 -15"><span class='ocrx_word' id='word_1_634' title='bbox 2007 3509 2214 3562; x_wconf 69' lang='lat' dir='ltr'><strong>stantia:</strong></span> <span class='ocrx_word' id='word_1_635' title='bbox 2242 3507 2408 3576; x_wconf 83' lang='lat' dir='ltr'><strong>ipsius</strong></span> <span class='ocrx_word' id='word_1_636' title='bbox 2439 3516 2616 3561; x_wconf 80' lang='lat' dir='ltr'><strong>teneat</strong></span> <span class='ocrx_word' id='word_1_637' title='bbox 2644 3506 3001 3573; x_wconf 89' lang='lat' dir='ltr'><strong>splendorem,</strong></span> <span class='ocrx_word' id='word_1_638' title='bbox 3042 3504 3091 3559; x_wconf 89' lang='lat' dir='ltr'><strong>id</strong></span> <span class='ocrx_word' id='word_1_639' title='bbox 3123 3514 3224 3568; x_wconf 60' lang='lat' dir='ltr'><strong>est,</strong></span> <span class='ocrx_word' id='word_1_640' title='bbox 3257 3505 3573 3558; x_wconf 85' lang='lat' dir='ltr'><strong>veritatem?</strong></span> 
     </span>
    </p>
   </div>
   <div class='ocr_carea' id='block_1_95' title="bbox 2012 3594 3574 3667">
    <p class='ocr_par' dir='ltr' id='par_1_95' title="bbox 2012 3594 3574 3667">
     <span class='ocr_line' id='line_1_96' title="bbox 2012 3594 3574 3667; baseline -0.004 -14"><span class='ocrx_word' id='word_1_641' title='bbox 2012 3598 2200 3667; x_wconf 78' lang='lat' dir='ltr'><strong>Figura</strong></span> <span class='ocrx_word' id='word_1_642' title='bbox 2232 3610 2407 3652; x_wconf 88' lang='lat' dir='ltr'><strong>autem</strong></span> <span class='ocrx_word' id='word_1_643' title='bbox 2432 3597 2526 3653; x_wconf 89' lang='lat' dir='ltr'><strong>Dei</strong></span> <span class='ocrx_word' id='word_1_644' title='bbox 2552 3598 2827 3666; x_wconf 55' lang='lat' dir='ltr'><strong>inqualitas</strong></span> <span class='ocrx_word' id='word_1_645' title='bbox 2853 3598 3041 3648; x_wconf 81' lang='lat' dir='ltr'><strong>dicitur</strong></span> <span class='ocrx_word' id='word_1_646' title='bbox 3069 3595 3182 3651; x_wconf 89' lang='lat' dir='ltr'><strong>Dei.</strong></span> <span class='ocrx_word' id='word_1_647' title='bbox 3207 3594 3334 3650; x_wconf 89' lang='lat' dir='ltr'><strong>Item</strong></span> <span class='ocrx_word' id='word_1_648' title='bbox 3362 3605 3574 3663; x_wconf 85' lang='lat' dir='ltr'><strong>aposto—</strong></span> 
     </span>
    </p>
   </div>
   <div class='ocr_carea' id='block_1_96' title="bbox 2009 3683 3568 3754">
    <p class='ocr_par' dir='ltr' id='par_1_96' title="bbox 2009 3683 3568 3754">
     <span class='ocr_line' id='line_1_97' title="bbox 2009 3683 3568 3754; baseline -0.004 -12"><span class='ocrx_word' id='word_1_649' title='bbox 2009 3690 2089 3743; x_wconf 89' lang='lat' dir='ltr'><strong>lus</strong></span> <span class='ocrx_word' id='word_1_650' title='bbox 2116 3688 2308 3742; x_wconf 88' lang='lat' dir='ltr'><strong>Paulus</strong></span> <span class='ocrx_word' id='word_1_651' title='bbox 2335 3688 2401 3741; x_wconf 89' lang='lat' dir='ltr'><strong>ad</strong></span> <span class='ocrx_word' id='word_1_652' title='bbox 2425 3687 2770 3741; x_wconf 74' lang='lat' dir='ltr'><strong>Colossenses</strong></span> <span class='ocrx_word' id='word_1_653' title='bbox 2798 3686 2864 3739; x_wconf 92' lang='lat' dir='ltr'><strong>de</strong></span> <span class='ocrx_word' id='word_1_654' title='bbox 2888 3685 3019 3738; x_wconf 83' lang='lat' dir='ltr'><strong>Filio</strong></span> <span class='ocrx_word' id='word_1_655' title='bbox 3039 3683 3165 3738; x_wconf 90' lang='lat' dir='ltr'><strong>dicit</strong></span> <span class='ocrx_word' id='word_1_656' title='bbox 3197 3701 3212 3738; x_wconf 92' lang='lat'><strong>:</strong></span> <span class='ocrx_word' id='word_1_657' title='bbox 3248 3684 3313 3737; x_wconf 82' lang='lat' dir='ltr'><strong>In</strong></span> <span class='ocrx_word' id='word_1_658' title='bbox 3354 3684 3465 3754; x_wconf 82' lang='lat' dir='ltr'><strong>ipso</strong></span> <span class='ocrx_word' id='word_1_659' title='bbox 3496 3686 3568 3736; x_wconf 87' lang='lat' dir='ltr'><strong>in-</strong></span> 
     </span>
    </p>
   </div>
   <div class='ocr_carea' id='block_1_97' title="bbox 909 3745 1911 3846">
    <p class='ocr_par' dir='ltr' id='par_1_97' title="bbox 909 3745 1901 3809">
     <span class='ocr_line' id='line_1_98' title="bbox 909 3745 1901 3809; baseline 0.007 -19"><span class='ocrx_word' id='word_1_660' title='bbox 909 3745 1034 3808; x_wconf 85' lang='lat' dir='ltr'><strong>pria</strong></span> <span class='ocrx_word' id='word_1_661' title='bbox 1073 3745 1331 3809; x_wconf 85' lang='lat' dir='ltr'><strong>potestatis</strong></span> <span class='ocrx_word' id='word_1_662' title='bbox 1376 3754 1449 3795; x_wconf 86' lang='lat' dir='ltr'><strong>est</strong></span> <span class='ocrx_word' id='word_1_663' title='bbox 1477 3755 1520 3797; x_wconf 89' lang='lat' dir='ltr'><strong>et</strong></span> <span class='ocrx_word' id='word_1_664' title='bbox 1548 3745 1813 3797; x_wconf 66' lang='lat' dir='ltr'><strong>voluntatis</strong></span> <span class='ocrx_word' id='word_1_665' title='bbox 1853 3754 1901 3797; x_wconf 89' lang='lat' dir='ltr'><strong>et</strong></span> 
     </span>
    </p>
   </div>
   <div class='ocr_carea' id='block_1_98' title="bbox 2007 3745 3569 3846">
    <p class='ocr_par' dir='ltr' id='par_1_98' title="bbox 2007 3773 3569 3846">
     <span class='ocr_line' id='line_1_99' title="bbox 2007 3773 3569 3846; baseline -0.001 -17"><span class='ocrx_word' id='word_1_666' title='bbox 2007 3777 2214 3843; x_wconf 83' lang='lat' dir='ltr'><strong>habitat,</strong></span> <span class='ocrx_word' id='word_1_667' title='bbox 2234 3778 2421 3846; x_wconf 89' lang='lat' dir='ltr'><strong>tnquit,</strong></span> <span class='ocrx_word' id='word_1_668' title='bbox 2438 3778 2601 3830; x_wconf 89' lang='lat' dir='ltr'><strong>omnis</strong></span> <span class='ocrx_word' id='word_1_669' title='bbox 2617 3776 2878 3845; x_wconf 86' lang='lat' dir='ltr'><strong>plenitudo</strong></span> <span class='ocrx_word' id='word_1_670' title='bbox 2906 3773 3197 3828; x_wconf 81' lang='lat' dir='ltr'><strong>Divinitutis</strong></span> <span class='ocrx_word' id='word_1_671' title='bbox 3217 3775 3569 3841; x_wconf 80' lang='lat' dir='ltr'><strong>corporaliter.</strong></span> 
     </span>
    </p>
   </div>
   <div class='ocr_carea' id='block_1_99' title="bbox 2010 3862 3576 3930">
    <p class='ocr_par' dir='ltr' id='par_1_99' title="bbox 2010 3862 3576 3930">
     <span class='ocr_line' id='line_1_100' title="bbox 2010 3862 3576 3930; baseline -0.005 -9"><span class='ocrx_word' id='word_1_672' title='bbox 2010 3868 2065 3922; x_wconf 90' lang='lat' dir='ltr'><strong>Si</strong></span> <span class='ocrx_word' id='word_1_673' title='bbox 2097 3868 2148 3919; x_wconf 84' lang='lat' dir='ltr'><strong>i&#39;n</strong></span> <span class='ocrx_word' id='word_1_674' title='bbox 2172 3866 2385 3919; x_wconf 87' lang='lat' dir='ltr'><strong>Christo</strong></span> <span class='ocrx_word' id='word_1_675' title='bbox 2414 3865 2615 3919; x_wconf 86' lang='lat' dir='ltr'><strong>habitat</strong></span> <span class='ocrx_word' id='word_1_676' title='bbox 2653 3864 2827 3918; x_wconf 90' lang='lat' dir='ltr'><strong>omnis</strong></span> <span class='ocrx_word' id='word_1_677' title='bbox 2867 3863 3137 3930; x_wconf 68' lang='lat' dir='ltr'><strong>ptenitudo</strong></span> <span class='ocrx_word' id='word_1_678' title='bbox 3180 3862 3495 3925; x_wconf 70' lang='lat' dir='ltr'><strong>Diiinitatis,</strong></span> <span class='ocrx_word' id='word_1_679' title='bbox 3523 3873 3576 3914; x_wconf 89' lang='lat' dir='ltr'><strong>ct</strong></span> 
     </span>
    </p>
   </div>
   <div class='ocr_carea' id='block_1_100' title="bbox 2014 3954 2805 4026">
    <p class='ocr_par' dir='ltr' id='par_1_100' title="bbox 2014 3954 2805 4026">
     <span class='ocr_line' id='line_1_101' title="bbox 2014 3954 2805 4026; baseline -0.008 -15"><span class='ocrx_word' id='word_1_680' title='bbox 2014 3957 2278 4026; x_wconf 88' lang='lat' dir='ltr'><strong>quomodo</strong></span> <span class='ocrx_word' id='word_1_681' title='bbox 2307 3958 2480 4011; x_wconf 91' lang='lat' dir='ltr'><strong>minor</strong></span> <span class='ocrx_word' id='word_1_682' title='bbox 2504 3964 2586 4010; x_wconf 87' lang='lat' dir='ltr'><strong>est</strong></span> <span class='ocrx_word' id='word_1_683' title='bbox 2611 3955 2756 4009; x_wconf 83' lang='lat' dir='ltr'><strong>Flius</strong></span> <span class='ocrx_word' id='word_1_684' title='bbox 2782 3954 2805 4005; x_wconf 85' lang='lat'><strong>?</strong></span> 
     </span>
    </p>
   </div>
   <div class='ocr_carea' id='block_1_101' title="bbox 2664 4056 2928 4099">
    <p class='ocr_par' dir='ltr' id='par_1_101' title="bbox 2664 4056 2928 4099">
     <span class='ocr_line' id='line_1_102' title="bbox 2664 4056 2928 4099; baseline -0.019 0"><span class='ocrx_word' id='word_1_685' title='bbox 2664 4056 2833 4099; x_wconf 71' lang='lat' dir='ltr'><strong>CAPUT</strong></span> <span class='ocrx_word' id='word_1_686' title='bbox 2872 4058 2928 4095; x_wconf 86' lang='lat' dir='ltr'><strong>Il.</strong></span> 
     </span>
    </p>
   </div>
   <div class='ocr_carea' id='block_1_102' title="bbox 2083 4128 3575 4206">
    <p class='ocr_par' dir='ltr' id='par_1_102' title="bbox 2083 4128 3575 4206">
     <span class='ocr_line' id='line_1_103' title="bbox 2083 4128 3575 4206; baseline -0.009 -13"><span class='ocrx_word' id='word_1_687' title='bbox 2083 4137 2236 4206; x_wconf 85' lang='lat' dir='ltr'><strong>Quod</strong></span> <span class='ocrx_word' id='word_1_688' title='bbox 2264 4144 2403 4191; x_wconf 83' lang='lat' dir='ltr'><strong>unus</strong></span> <span class='ocrx_word' id='word_1_689' title='bbox 2439 4135 2576 4189; x_wconf 82' lang='lat' dir='ltr'><strong>Deus</strong></span> <span class='ocrx_word' id='word_1_690' title='bbox 2612 4133 2785 4195; x_wconf 82' lang='lat' dir='ltr'><strong>Pater,</strong></span> <span class='ocrx_word' id='word_1_691' title='bbox 2810 4141 2865 4186; x_wconf 89' lang='lat' dir='ltr'><strong>et</strong></span> <span class='ocrx_word' id='word_1_692' title='bbox 2890 4131 2947 4184; x_wconf 59' lang='lat' dir='ltr'><strong>lii</strong></span> <span class='ocrx_word' id='word_1_693' title='bbox 2971 4132 3071 4193; x_wconf 87' lang='lat' dir='ltr'><strong>ius,</strong></span> <span class='ocrx_word' id='word_1_694' title='bbox 3121 4137 3176 4185; x_wconf 90' lang='lat' dir='ltr'><strong>et</strong></span> <span class='ocrx_word' id='word_1_695' title='bbox 3200 4128 3432 4198; x_wconf 83' lang='lat' dir='ltr'><strong>Spiritus</strong></span> <span class='ocrx_word' id='word_1_696' title='bbox 3454 4143 3575 4182; x_wconf 83' lang='lat' dir='ltr'><strong>san-</strong></span> 
     </span>
    </p>
   </div>
   <div class='ocr_carea' id='block_1_103' title="bbox 2017 4218 3577 4292">
    <p class='ocr_par' dir='ltr' id='par_1_103' title="bbox 2017 4218 3577 4292">
     <span class='ocr_line' id='line_1_104' title="bbox 2017 4218 3577 4292; baseline -0.009 -8"><span class='ocrx_word' id='word_1_697' title='bbox 2017 4239 2156 4292; x_wconf 87' lang='lat' dir='ltr'><strong>ctus,</strong></span> <span class='ocrx_word' id='word_1_698' title='bbox 2186 4228 2265 4282; x_wconf 88' lang='lat' dir='ltr'><strong>sic</strong></span> <span class='ocrx_word' id='word_1_699' title='bbox 2284 4230 2525 4280; x_wconf 88' lang='lat' dir='ltr'><strong>docetur.</strong></span> <span class='ocrx_word' id='word_1_700' title='bbox 2559 4223 2674 4291; x_wconf 88' lang='lat' dir='ltr'><strong>Ipse</strong></span> <span class='ocrx_word' id='word_1_701' title='bbox 2703 4222 2960 4276; x_wconf 85' lang='lat' dir='ltr'><strong>Dominus</strong></span> <span class='ocrx_word' id='word_1_702' title='bbox 2984 4222 3035 4274; x_wconf 92' lang='lat' dir='ltr'><strong>in</strong></span> <span class='ocrx_word' id='word_1_703' title='bbox 3075 4221 3192 4289; x_wconf 76' lang='lat' dir='ltr'><strong>lege</strong></span> <span class='ocrx_word' id='word_1_704' title='bbox 3216 4219 3381 4274; x_wconf 89' lang='lat' dir='ltr'><strong>dicit:</strong></span> <span class='ocrx_word' id='word_1_705' title='bbox 3420 4218 3577 4282; x_wconf 79' lang='lat' dir='ltr'><strong>Audi,</strong></span> 
     </span>
    </p>
   </div>
   <div class='ocr_carea' id='block_1_104' title="bbox 3620 2026 3629 2053">
    <p class='ocr_par' dir='ltr' id='par_1_104' title="bbox 3620 2026 3629 2053">
     <span class='ocr_line' id='line_1_105' title="bbox 3620 2026 3629 2053; baseline 0 0"><span class='ocrx_word' id='word_1_706' title='bbox 3620 2026 3629 2053; x_wconf 63' lang='grc' dir='ltr'>β</span> 
     </span>
    </p>
   </div>
   <div class='ocr_carea' id='block_1_105' title="bbox 2018 4310 3634 4383">
    <p class='ocr_par' dir='ltr' id='par_1_105' title="bbox 2018 4310 3634 4383">
     <span class='ocr_line' id='line_1_106' title="bbox 2018 4310 3634 4383; baseline -0.006 -12"><span class='ocrx_word' id='word_1_707' title='bbox 2018 4317 2206 4383; x_wconf 86' lang='lat' dir='ltr'><strong>Israel,</strong></span> <span class='ocrx_word' id='word_1_708' title='bbox 2240 4316 2489 4369; x_wconf 85' lang='lat' dir='ltr'><strong>Dominus</strong></span> <span class='ocrx_word' id='word_1_709' title='bbox 2516 4312 2654 4367; x_wconf 82' lang='lat' dir='ltr'><strong>Deus</strong></span> <span class='ocrx_word' id='word_1_710' title='bbox 2672 4319 2788 4365; x_wconf 87' lang='lat' dir='ltr'><strong>tuus</strong></span> <span class='ocrx_word' id='word_1_711' title='bbox 2819 4310 2958 4365; x_wconf 86' lang='lat' dir='ltr'><strong>Deus</strong></span> <span class='ocrx_word' id='word_1_712' title='bbox 2986 4326 3116 4364; x_wconf 87' lang='lat' dir='ltr'><strong>unus</strong></span> <span class='ocrx_word' id='word_1_713' title='bbox 3141 4318 3234 4365; x_wconf 88' lang='lat' dir='ltr'><strong>est.</strong></span> <span class='ocrx_word' id='word_1_714' title='bbox 3263 4310 3329 4364; x_wconf 83' lang='lat' dir='ltr'><strong>Et</strong></span> <span class='ocrx_word' id='word_1_715' title='bbox 3353 4312 3581 4378; x_wconf 81' lang='lat' dir='ltr'><strong>Aposto-</strong></span> <span class='ocrx_word' id='word_1_716' title='bbox 3626 4366 3634 4375; x_wconf 59' lang='grc'><em>,</em></span> 
     </span>
    </p>
   </div>
   <div class='ocr_carea' id='block_1_106' title="bbox 2020 4398 3581 4468">
    <p class='ocr_par' dir='ltr' id='par_1_106' title="bbox 2020 4398 3581 4468">
     <span class='ocr_line' id='line_1_107' title="bbox 2020 4398 3581 4468; baseline -0.006 -7"><span class='ocrx_word' id='word_1_717' title='bbox 2020 4409 2101 4462; x_wconf 81' lang='lat' dir='ltr'><strong>Ius</strong></span> <span class='ocrx_word' id='word_1_718' title='bbox 2130 4406 2262 4460; x_wconf 89' lang='lat' dir='ltr'><strong>dicit</strong></span> <span class='ocrx_word' id='word_1_719' title='bbox 2290 4421 2304 4457; x_wconf 89' lang='lat'><strong>:</strong></span> <span class='ocrx_word' id='word_1_720' title='bbox 2330 4402 2519 4458; x_wconf 85' lang='lat' dir='ltr'><strong>Nullus</strong></span> <span class='ocrx_word' id='word_1_721' title='bbox 2547 4410 2619 4457; x_wconf 87' lang='lat' dir='ltr'><strong>est</strong></span> <span class='ocrx_word' id='word_1_722' title='bbox 2648 4401 2811 4467; x_wconf 88' lang='lat' dir='ltr'><strong>Deus,</strong></span> <span class='ocrx_word' id='word_1_723' title='bbox 2836 4401 2937 4455; x_wconf 85' lang='lat' dir='ltr'><strong>nisi</strong></span> <span class='ocrx_word' id='word_1_724' title='bbox 2961 4414 3110 4453; x_wconf 88' lang='lat' dir='ltr'><strong>unus.</strong></span> <span class='ocrx_word' id='word_1_725' title='bbox 3134 4398 3264 4454; x_wconf 89' lang='lat' dir='ltr'><strong>Item</strong></span> <span class='ocrx_word' id='word_1_726' title='bbox 3288 4398 3404 4468; x_wconf 89' lang='lat' dir='ltr'><strong>ipse</strong></span> <span class='ocrx_word' id='word_1_727' title='bbox 3423 4398 3581 4452; x_wconf 89' lang='lat' dir='ltr'><strong>dicit:</strong></span> 
     </span>
    </p>
   </div>
   <div class='ocr_carea' id='block_1_107' title="bbox 2021 4488 3582 4563">
    <p class='ocr_par' dir='ltr' id='par_1_107' title="bbox 2021 4488 3582 4563">
     <span class='ocr_line' id='line_1_108' title="bbox 2021 4488 3582 4563; baseline -0.007 -11"><span class='ocrx_word' id='word_1_728' title='bbox 2021 4513 2152 4552; x_wconf 88' lang='lat' dir='ltr'><strong>unus</strong></span> <span class='ocrx_word' id='word_1_729' title='bbox 2178 4496 2338 4563; x_wconf 83' lang='lat' dir='ltr'><strong>Deus,</strong></span> <span class='ocrx_word' id='word_1_730' title='bbox 2370 4512 2473 4550; x_wconf 89' lang='lat' dir='ltr'><strong>una</strong></span> <span class='ocrx_word' id='word_1_731' title='bbox 2502 4495 2648 4563; x_wconf 76' lang='lat' dir='ltr'><strong>fides,</strong></span> <span class='ocrx_word' id='word_1_732' title='bbox 2678 4508 2837 4547; x_wconf 82' lang='lat' dir='ltr'><strong>unum</strong></span> <span class='ocrx_word' id='word_1_733' title='bbox 2863 4493 3112 4562; x_wconf 87' lang='lat' dir='ltr'><strong>baptisma</strong></span> <span class='ocrx_word' id='word_1_734' title='bbox 3144 4489 3305 4562; x_wconf 80' lang='lat' dir='ltr'><strong>(Eph.</strong></span> <span class='ocrx_word' id='word_1_735' title='bbox 3338 4489 3432 4561; x_wconf 87' lang='lat' dir='ltr'><strong>tv).</strong></span> <span class='ocrx_word' id='word_1_736' title='bbox 3452 4488 3582 4543; x_wconf 87' lang='lat' dir='ltr'><strong>Item</strong></span> 
     </span>
    </p>
   </div>
   <div class='ocr_carea' id='block_1_108' title="bbox 2022 4579 3583 4659">
    <p class='ocr_par' dir='ltr' id='par_1_108' title="bbox 2022 4579 3583 4659">
     <span class='ocr_line' id='line_1_109' title="bbox 2022 4579 3583 4659; baseline -0.01 -15"><span class='ocrx_word' id='word_1_737' title='bbox 2022 4590 2293 4659; x_wconf 86' lang='lat' dir='ltr'><strong>apostolus</strong></span> <span class='ocrx_word' id='word_1_738' title='bbox 2311 4586 2539 4642; x_wconf 80' lang='lat' dir='ltr'><strong>Jacobus</strong></span> <span class='ocrx_word' id='word_1_739' title='bbox 2568 4584 2723 4639; x_wconf 86' lang='lat' dir='ltr'><strong>dicit:</strong></span> <span class='ocrx_word' id='word_1_740' title='bbox 2754 4581 2828 4635; x_wconf 86' lang='lat' dir='ltr'><strong>Tu</strong></span> <span class='ocrx_word' id='word_1_741' title='bbox 2855 4583 3017 4635; x_wconf 85' lang='lat' dir='ltr'><strong>credis</strong></span> <span class='ocrx_word' id='word_1_742' title='bbox 3036 4582 3155 4650; x_wconf 90' lang='lat' dir='ltr'><strong>quia</strong></span> <span class='ocrx_word' id='word_1_743' title='bbox 3178 4596 3309 4634; x_wconf 86' lang='lat' dir='ltr'><strong>unus</strong></span> <span class='ocrx_word' id='word_1_744' title='bbox 3329 4588 3403 4633; x_wconf 89' lang='lat' dir='ltr'><strong>est</strong></span> <span class='ocrx_word' id='word_1_745' title='bbox 3426 4579 3583 4641; x_wconf 82' lang='lat' dir='ltr'><strong>Deus,</strong></span> 
     </span>
    </p>
   </div>
   <div class='ocr_carea' id='block_1_109' title="bbox 2024 4668 3583 4748">
    <p class='ocr_par' dir='ltr' id='par_1_109' title="bbox 2024 4668 3583 4748">
     <span class='ocr_line' id='line_1_110' title="bbox 2024 4668 3583 4748; baseline -0.008 -17"><span class='ocrx_word' id='word_1_746' title='bbox 2024 4678 2149 4733; x_wconf 88' lang='lat' dir='ltr'><strong>bene</strong></span> <span class='ocrx_word' id='word_1_747' title='bbox 2178 4682 2336 4748; x_wconf 78' lang='lat' dir='ltr'><strong>facis;</strong></span> <span class='ocrx_word' id='word_1_748' title='bbox 2363 4686 2409 4729; x_wconf 88' lang='lat' dir='ltr'><strong>et</strong></span> <span class='ocrx_word' id='word_1_749' title='bbox 2432 4677 2685 4729; x_wconf 88' lang='lat' dir='ltr'><strong>damones</strong></span> <span class='ocrx_word' id='word_1_750' title='bbox 2721 4674 2931 4727; x_wconf 87' lang='lat' dir='ltr'><strong>credunt</strong></span> <span class='ocrx_word' id='word_1_751' title='bbox 2955 4682 3003 4727; x_wconf 89' lang='lat' dir='ltr'><strong>et</strong></span> <span class='ocrx_word' id='word_1_752' title='bbox 3032 4673 3417 4727; x_wconf 86' lang='lat' dir='ltr'><strong>cantremiscunt</strong></span> <span class='ocrx_word' id='word_1_753' title='bbox 3444 4668 3583 4738; x_wconf 71' lang='lat' dir='ltr'><strong>(Jac.</strong></span> 
     </span>
    </p>
   </div>
   <div class='ocr_carea' id='block_1_110' title="bbox 2026 4762 3584 4838">
    <p class='ocr_par' dir='ltr' id='par_1_110' title="bbox 2026 4762 3584 4838">
     <span class='ocr_line' id='line_1_111' title="bbox 2026 4762 3584 4838; baseline -0.008 -15"><span class='ocrx_word' id='word_1_754' title='bbox 2026 4768 2106 4838; x_wconf 85' lang='lat' dir='ltr'><strong>tt).</strong></span> <span class='ocrx_word' id='word_1_755' title='bbox 2133 4768 2276 4822; x_wconf 85' lang='lat' dir='ltr'><strong>Hanc</strong></span> <span class='ocrx_word' id='word_1_756' title='bbox 2304 4766 2459 4820; x_wconf 85' lang='lat' dir='ltr'><strong>Iidem</strong></span> <span class='ocrx_word' id='word_1_757' title='bbox 2488 4762 2904 4818; x_wconf 89' lang='lat' dir='ltr'><strong>contremiscunt</strong></span> <span class='ocrx_word' id='word_1_758' title='bbox 2929 4762 3199 4817; x_wconf 71' lang='lat' dir='ltr'><strong>daemones</strong></span> <span class='ocrx_word' id='word_1_759' title='bbox 3218 4774 3373 4831; x_wconf 89' lang='lat' dir='ltr'><strong>quam</strong></span> <span class='ocrx_word' id='word_1_760' title='bbox 3404 4773 3584 4812; x_wconf 87' lang='lat' dir='ltr'><strong>veratn</strong></span> 
     </span>
    </p>
   </div>
   <div class='ocr_carea' id='block_1_111' title="bbox 2028 4848 3547 4923">
    <p class='ocr_par' dir='ltr' id='par_1_111' title="bbox 2028 4848 3547 4923">
     <span class='ocr_line' id='line_1_112' title="bbox 2028 4848 3547 4923; baseline -0.008 -10"><span class='ocrx_word' id='word_1_761' title='bbox 2028 4873 2149 4913; x_wconf 81' lang='lat' dir='ltr'><strong>esse</strong></span> <span class='ocrx_word' id='word_1_762' title='bbox 2175 4874 2223 4911; x_wconf 70' lang='lat' dir='ltr'><strong>ni</strong></span> <span class='ocrx_word' id='word_1_763' title='bbox 2245 4857 2476 4913; x_wconf 88' lang='lat' dir='ltr'><strong>luerunt.</strong></span> <span class='ocrx_word' id='word_1_764' title='bbox 2504 4854 2617 4921; x_wconf 85' lang='lat' dir='ltr'><strong>Ipse</strong></span> <span class='ocrx_word' id='word_1_765' title='bbox 2640 4848 2890 4908; x_wconf 88' lang='lat' dir='ltr'><strong>Dominus</strong></span> <span class='ocrx_word' id='word_1_766' title='bbox 2918 4854 3078 4908; x_wconf 90' lang='lat' dir='ltr'><strong>dicit:</strong></span> <span class='ocrx_word' id='word_1_767' title='bbox 3131 4853 3239 4923; x_wconf 86' lang='lat' dir='ltr'><strong>Ego</strong></span> <span class='ocrx_word' id='word_1_768' title='bbox 3263 4867 3374 4905; x_wconf 83' lang='lat' dir='ltr'><strong>sunt</strong></span> <span class='ocrx_word' id='word_1_769' title='bbox 3408 4849 3547 4903; x_wconf 87' lang='lat' dir='ltr'><strong>Deus</strong></span> 
     </span>
    </p>
   </div>
   <div class='ocr_carea' id='block_1_112' title="bbox 2029 4938 3590 5015">
    <p class='ocr_par' dir='ltr' id='par_1_112' title="bbox 2029 4938 3590 5015">
     <span class='ocr_line' id='line_1_113' title="bbox 2029 4938 3590 5015; baseline -0.008 -13"><span class='ocrx_word' id='word_1_770' title='bbox 2029 4958 2075 5002; x_wconf 85' lang='lat' dir='ltr'><strong>ct</strong></span> <span class='ocrx_word' id='word_1_771' title='bbox 2107 4964 2204 5000; x_wconf 88' lang='lat' dir='ltr'><strong>non</strong></span> <span class='ocrx_word' id='word_1_772' title='bbox 2226 4956 2298 5001; x_wconf 87' lang='lat' dir='ltr'><strong>est</strong></span> <span class='ocrx_word' id='word_1_773' title='bbox 2322 4946 2457 4999; x_wconf 89' lang='lat' dir='ltr'><strong>alius</strong></span> <span class='ocrx_word' id='word_1_774' title='bbox 2478 4954 2659 5015; x_wconf 87' lang='lat' dir='ltr'><strong>prater</strong></span> <span class='ocrx_word' id='word_1_775' title='bbox 2679 4958 2777 4997; x_wconf 89' lang='lat' dir='ltr'><strong>me.</strong></span> <span class='ocrx_word' id='word_1_776' title='bbox 2804 4943 2933 4998; x_wconf 85' lang='lat' dir='ltr'><strong>Item</strong></span> <span class='ocrx_word' id='word_1_777' title='bbox 2961 4944 3013 4997; x_wconf 89' lang='lat' dir='ltr'><strong>in</strong></span> <span class='ocrx_word' id='word_1_778' title='bbox 3039 4943 3230 5013; x_wconf 87' lang='lat' dir='ltr'><strong>psaim.</strong></span> <span class='ocrx_word' id='word_1_779' title='bbox 3260 4955 3433 4995; x_wconf 75' lang='lat' dir='ltr'><strong>xxv&quot;:</strong></span> <span class='ocrx_word' id='word_1_780' title='bbox 3467 4938 3590 5003; x_wconf 85' lang='lat' dir='ltr'><strong>Quis</strong></span> 
     </span>
    </p>
   </div>
   <div class='ocr_carea' id='block_1_113' title="bbox 2034 5030 3591 5105">
    <p class='ocr_par' dir='ltr' id='par_1_113' title="bbox 2034 5030 3591 5105">
     <span class='ocr_line' id='line_1_114' title="bbox 2034 5030 3591 5105; baseline -0.007 -15"><span class='ocrx_word' id='word_1_781' title='bbox 2034 5037 2173 5091; x_wconf 86' lang='lat' dir='ltr'><strong>Deus</strong></span> <span class='ocrx_word' id='word_1_782' title='bbox 2201 5044 2383 5105; x_wconf 82' lang='lat' dir='ltr'><strong>prater</strong></span> <span class='ocrx_word' id='word_1_783' title='bbox 2411 5034 2716 5099; x_wconf 87' lang='lat' dir='ltr'><strong>Dominum,</strong></span> <span class='ocrx_word' id='word_1_784' title='bbox 2746 5043 2833 5086; x_wconf 84' lang='lat' dir='ltr'><strong>aut</strong></span> <span class='ocrx_word' id='word_1_785' title='bbox 2860 5035 2973 5102; x_wconf 86' lang='lat' dir='ltr'><strong>quis</strong></span> <span class='ocrx_word' id='word_1_786' title='bbox 3024 5033 3162 5087; x_wconf 80' lang='lat' dir='ltr'><strong>Deus</strong></span> <span class='ocrx_word' id='word_1_787' title='bbox 3214 5042 3397 5099; x_wconf 86' lang='lat' dir='ltr'><strong>prater</strong></span> <span class='ocrx_word' id='word_1_788' title='bbox 3426 5030 3591 5083; x_wconf 85' lang='lat' dir='ltr'><strong>Deum</strong></span> 
     </span>
    </p>
   </div>
   <div class='ocr_carea' id='block_1_114' title="bbox 1951 5117 3592 5195">
    <p class='ocr_par' dir='ltr' id='par_1_114' title="bbox 1951 5117 3592 5195">
     <span class='ocr_line' id='line_1_115' title="bbox 1951 5117 3592 5195; baseline -0.007 -12"><span class='ocrx_word' id='word_1_789' title='bbox 1951 5117 2004 5175; x_wconf 78' lang='grc' dir='ltr'><strong>Ι)</strong></span> <span class='ocrx_word' id='word_1_790' title='bbox 2032 5128 2299 5182; x_wconf 82' lang='lat' dir='ltr'><strong>nostrum?</strong></span> <span class='ocrx_word' id='word_1_791' title='bbox 2328 5127 2394 5180; x_wconf 82' lang='lat' dir='ltr'><strong>Et</strong></span> <span class='ocrx_word' id='word_1_792' title='bbox 2417 5124 2517 5195; x_wconf 85' lang='lat' dir='ltr'><strong>ipsi</strong></span> <span class='ocrx_word' id='word_1_793' title='bbox 2542 5123 2860 5179; x_wconf 82' lang='lat' dir='ltr'><strong>conﬁtentur</strong></span> <span class='ocrx_word' id='word_1_794' title='bbox 2888 5124 3009 5190; x_wconf 85' lang='lat' dir='ltr'><strong>quia</strong></span> <span class='ocrx_word' id='word_1_795' title='bbox 3039 5132 3093 5178; x_wconf 88' lang='lat' dir='ltr'><strong>et</strong></span> <span class='ocrx_word' id='word_1_796' title='bbox 3125 5122 3286 5176; x_wconf 79' lang='lat' dir='ltr'><strong>Filius</strong></span> <span class='ocrx_word' id='word_1_797' title='bbox 3323 5121 3461 5174; x_wconf 89' lang='lat' dir='ltr'><strong>Deus</strong></span> <span class='ocrx_word' id='word_1_798' title='bbox 3489 5127 3592 5173; x_wconf 86' lang='lat' dir='ltr'><strong>est.</strong></span> 
     </span>
    </p>
   </div>
   <div class='ocr_carea' id='block_1_115' title="bbox 2034 5210 3593 5284">
    <p class='ocr_par' dir='ltr' id='par_1_115' title="bbox 2034 5210 3593 5284">
     <span class='ocr_line' id='line_1_116' title="bbox 2034 5210 3593 5284; baseline -0.006 -10"><span class='ocrx_word' id='word_1_799' title='bbox 2034 5218 2329 5274; x_wconf 81' lang='lat' dir='ltr'><strong>Ostendam</strong></span> <span class='ocrx_word' id='word_1_800' title='bbox 2349 5216 2479 5271; x_wconf 87' lang='lat' dir='ltr'><strong>mihi</strong></span> <span class='ocrx_word' id='word_1_801' title='bbox 2508 5215 2775 5284; x_wconf 90' lang='lat' dir='ltr'><strong>quomodo</strong></span> <span class='ocrx_word' id='word_1_802' title='bbox 2800 5230 2935 5268; x_wconf 87' lang='lat' dir='ltr'><strong>unus</strong></span> <span class='ocrx_word' id='word_1_803' title='bbox 2962 5222 3074 5277; x_wconf 89' lang='lat' dir='ltr'><strong>est,</strong></span> <span class='ocrx_word' id='word_1_804' title='bbox 3108 5212 3207 5266; x_wconf 86' lang='lat' dir='ltr'><strong>nisi</strong></span> <span class='ocrx_word' id='word_1_805' title='bbox 3236 5211 3357 5278; x_wconf 87' lang='lat' dir='ltr'><strong>quia</strong></span> <span class='ocrx_word' id='word_1_806' title='bbox 3406 5210 3593 5271; x_wconf 79' lang='lat' dir='ltr'><strong>Pater.</strong></span> 
     </span>
    </p>
   </div>
   <div class='ocr_carea' id='block_1_116' title="bbox 2033 5306 3170 5376">
    <p class='ocr_par' dir='ltr' id='par_1_116' title="bbox 2033 5306 3170 5376">
     <span class='ocr_line' id='line_1_117' title="bbox 2033 5306 3170 5376; baseline -0.01 -11"><span class='ocrx_word' id='word_1_807' title='bbox 2033 5321 2084 5365; x_wconf 93' lang='lat' dir='ltr'><strong>et</strong></span> <span class='ocrx_word' id='word_1_808' title='bbox 2116 5309 2297 5372; x_wconf 75' lang='lat' dir='ltr'><strong>FIIIUS,</strong></span> <span class='ocrx_word' id='word_1_809' title='bbox 2327 5315 2383 5363; x_wconf 88' lang='lat' dir='ltr'><strong>et</strong></span> <span class='ocrx_word' id='word_1_810' title='bbox 2413 5306 2642 5376; x_wconf 89' lang='lat' dir='ltr'><strong>Spiritus</strong></span> <span class='ocrx_word' id='word_1_811' title='bbox 2668 5313 2882 5360; x_wconf 87' lang='lat' dir='ltr'><strong>sanctus</strong></span> <span class='ocrx_word' id='word_1_812' title='bbox 2909 5317 3043 5359; x_wconf 90' lang='lat' dir='ltr'><strong>unus</strong></span> <span class='ocrx_word' id='word_1_813' title='bbox 3069 5314 3170 5357; x_wconf 88' lang='lat' dir='ltr'><strong>est.</strong></span> 
     </span>
    </p>
   </div>
   <div class='ocr_carea' id='block_1_117' title="bbox 2666 5429 2950 5471">
    <p class='ocr_par' dir='ltr' id='par_1_117' title="bbox 2666 5429 2950 5471">
     <span class='ocr_line' id='line_1_118' title="bbox 2666 5429 2950 5471; baseline -0.018 -1"><span class='ocrx_word' id='word_1_814' title='bbox 2666 5430 2835 5471; x_wconf 73' lang='lat' dir='ltr'><strong>CAPUT</strong></span> <span class='ocrx_word' id='word_1_815' title='bbox 2876 5429 2950 5468; x_wconf 87' lang='lat' dir='ltr'><strong>Ill.</strong></span> 
     </span>
    </p>
   </div>
   <div class='ocr_carea' id='block_1_118' title="bbox 2109 5498 3597 5575">
    <p class='ocr_par' dir='ltr' id='par_1_118' title="bbox 2109 5498 3597 5575">
     <span class='ocr_line' id='line_1_119' title="bbox 2109 5498 3597 5575; baseline -0.007 -13"><span class='ocrx_word' id='word_1_816' title='bbox 2109 5506 2386 5575; x_wconf 82' lang='lat' dir='ltr'><strong>Quomodo</strong></span> <span class='ocrx_word' id='word_1_817' title='bbox 2412 5505 2617 5561; x_wconf 86' lang='lat' dir='ltr'><strong>miserit</strong></span> <span class='ocrx_word' id='word_1_818' title='bbox 2638 5505 2792 5559; x_wconf 86' lang='lat' dir='ltr'><strong>Pater</strong></span> <span class='ocrx_word' id='word_1_819' title='bbox 2822 5505 3036 5571; x_wconf 84' lang='lat' dir='ltr'><strong>Filium,</strong></span> <span class='ocrx_word' id='word_1_820' title='bbox 3055 5502 3133 5557; x_wconf 81' lang='lat' dir='ltr'><strong>sic</strong></span> <span class='ocrx_word' id='word_1_821' title='bbox 3159 5498 3597 5556; x_wconf 54' lang='lat' dir='ltr'><strong>doceturdlissio</strong></span> 
     </span>
    </p>
   </div>
   <div class='ocr_carea' id='block_1_119' title="bbox 2041 5588 3596 5661">
    <p class='ocr_par' dir='ltr' id='par_1_119' title="bbox 2041 5588 3596 5661">
     <span class='ocr_line' id='line_1_120' title="bbox 2041 5588 3596 5661; baseline -0.011 -5"><span class='ocrx_word' id='word_1_822' title='bbox 2041 5600 2157 5655; x_wconf 86' lang='lat' dir='ltr'><strong>Filii</strong></span> <span class='ocrx_word' id='word_1_823' title='bbox 2190 5602 2477 5654; x_wconf 82' lang='lat' dir='ltr'><strong>incarnatio</strong></span> <span class='ocrx_word' id='word_1_824' title='bbox 2506 5609 2588 5653; x_wconf 87' lang='lat' dir='ltr'><strong>est</strong></span> <span class='ocrx_word' id='word_1_825' title='bbox 2621 5598 2770 5661; x_wconf 83' lang='lat' dir='ltr'><strong>Filii;</strong></span> <span class='ocrx_word' id='word_1_826' title='bbox 2811 5595 3124 5649; x_wconf 81' lang='lat' dir='ltr'><strong>testiﬁcatur</strong></span> <span class='ocrx_word' id='word_1_827' title='bbox 3167 5590 3434 5659; x_wconf 87' lang='lat' dir='ltr'><strong>apostolus</strong></span> <span class='ocrx_word' id='word_1_828' title='bbox 3463 5588 3596 5641; x_wconf 80' lang='lat' dir='ltr'><strong>Pau-</strong></span> 
     </span>
    </p>
   </div>
   <div class='ocr_carea' id='block_1_120' title="bbox 2046 5677 3603 5765">
    <p class='ocr_par' dir='ltr' id='par_1_120' title="bbox 2046 5677 3603 5765">
     <span class='ocr_line' id='line_1_121' title="bbox 2046 5677 3603 5765; baseline -0.009 -19"><span class='ocrx_word' id='word_1_829' title='bbox 2046 5694 2126 5747; x_wconf 86' lang='lat' dir='ltr'><strong>lus</strong></span> <span class='ocrx_word' id='word_1_830' title='bbox 2152 5702 2199 5745; x_wconf 86' lang='lat' dir='ltr'><strong>et</strong></span> <span class='ocrx_word' id='word_1_831' title='bbox 2250 5689 2368 5765; x_wconf 66' lang='lat' dir='ltr'><strong>quis</strong></span> <span class='ocrx_word' id='word_1_832' title='bbox 2398 5690 2588 5745; x_wconf 83' lang='lat' dir='ltr'><strong>missus</strong></span> <span class='ocrx_word' id='word_1_833' title='bbox 2634 5689 2727 5749; x_wconf 86' lang='lat' dir='ltr'><strong>sit,</strong></span> <span class='ocrx_word' id='word_1_834' title='bbox 2777 5696 2951 5739; x_wconf 88' lang='lat' dir='ltr'><strong>ntrttm</strong></span> <span class='ocrx_word' id='word_1_835' title='bbox 2993 5684 3152 5738; x_wconf 79' lang='lat' dir='ltr'><strong>Filius</strong></span> <span class='ocrx_word' id='word_1_836' title='bbox 3185 5679 3303 5743; x_wconf 88' lang='lat' dir='ltr'><strong>Dei,</strong></span> <span class='ocrx_word' id='word_1_837' title='bbox 3344 5693 3408 5730; x_wconf 84' lang='lat' dir='ltr'><strong>an</strong></span> <span class='ocrx_word' id='word_1_838' title='bbox 3441 5677 3603 5732; x_wconf 77' lang='lat' dir='ltr'><strong>Filius</strong></span> 
     </span>
    </p>
   </div>
  </div>
