4068 6348
468 407 568 465 755

1613 404 1944 459 CEIlEAL’IS
1979 401 2479 458 (IASTELLENSIS
2521 395 2820 455 LPISCUPI

469 532 652 572 eorum
679 518 1031 572 defensionem
1079 516 1293 571 robuste
1331 518 1599 585 susz-ipere
1624 519 1757 571 sicut
1787 517 2016 584 carpi-sti,
2051 529 2097 584 Α
2127 533 2210 572 res
2249 516 2469 580 Christi,
2504 516 2652 584 egeni
2699 514 2947 578 mendici,
2996 514 3143 581 :rgri,
3191 515 3376 568 vidum.

468 622 664 676 equum
689 620 864 659 meum
894 605 1202 673 parabilem,
1225 615 1278 660 et
1303 607 1499 660 mulum
1519 621 1672 675 quem
1699 606 2022 674 clegerisdo,

471 697 604 766 lego.
637 696 836 751 Memor
856 705 971 751 esto
993 698 1119 761 mei,
1153 697 1220 750 fili
1245 697 1605 765 dilectissime,
1627 701 1814 752 A'men.

543 786 788 841 Ecclesiae
811 787 867 840 S.
902 785 1042 842 Petri
1069 789 1436 856 peristromata
1462 803 1583 857 qua:
1611 790 1656 842 ei
1684 788 1748 842 ad
1775 787 2025 842 utendum

471 879 524 932 in
546 877 712 931 Natali
739 877 977 945 ejusde
1002 891 1146 946 sape
1172 879 1432 943 concessi,
1466 877 1685 932 omnino
1712 887 1764 932 et
1791 876 2032 930 absolute

472 965 559 1030 do,
585 966 721 1034 lego.

543 1056 658 1110 Tibi
689 1057 833 1112 fratri
871 1067 924 1111 et
953 1057 1319 1111 consacerdoti
1349 1057 1649 1121 carissimo,
1686 1055 1754 1110 de
1791 1071 1896 1124 quo
1928 1055 2034 1108 Do-

473 1146 647 1201 minus
673 1147 970 1215 providebit
997 1146 1239 1215 regenda:
1268 1155 1386 1216 post
1410 1147 1702 1201 discessum
1730 1160 1903 1200 meum
1935 1144 2034 1200 Ec-

475 1237 650 1291 clesiae
679 1253 818 1292 nunc
842 1253 995 1301 mem,
1030 1246 1157 1292 tunc
1188 1246 1312 1304 tuac,
1344 1246 1435 1292 aut
1463 1239 1635 1306 potius
1659 1253 1757 1292 nec
1781 1252 1912 1291 mea
1939 1251 2036 1290 nce

477 1327 718 1393 tnzc,_sed
743 1328 961 1394 Christi,
990 1328 1059 1382 do
1084 1328 1339 1398 quidquid
1379 1328 1441 1382 ad
1482 1343 1634 1383 usum
1678 1328 2035 1396 episcOpalem

477 1417 544 1472 de
574 1417 729 1472 rebus
753 1418 886 1472 meis
916 1419 1148 1473 volueris
1175 1419 1373 1487 eligere
1399 1420 1448 1471 in
1481 1433 1686 1472 camera
1719 1427 1772 1472 et
1802 1418 2037 1471 sacrario

477 1506 671 1560 vicino.
701 1505 852 1572 Quod
887 1506 1145 1573 nolueris,
1177 1507 1446 1562 haeredum
1483 1522 1718 1561 meorum
1761 1507 2042 1560 nominano

480 1597 665 1652 dorum
694 1609 829 1652 esto.
856 1598 1226 1668 Presbyterum
1250 1598 1316 1653 de
1338 1598 1566 1662 Malleio,
1598 1612 1825 1668 eumque
1849 1598 1915 1652 de
1937 1597 2038 1653 0r-

479 1691 616 1744 bona
644 1690 708 1743 ad
738 1689 931 1757 gradus
963 1689 1099 1744 unde
1142 1689 1332 1743 merito
1359 1689 1549 1756 dejecti
1580 1698 1731 1751 sunt,
1771 1703 2040 1757 nunquam

480 1779 718 1834 restitue.
752 1778 1052 1847 Sportulam
1081 1786 1257 1833 tamen
1288 1777 1515 1832 habeant
1553 1777 1786 1846 quandiu
1815 1777 2043 1831 vixerint

2131 622 2243 669 vos,
2291 607 2535 674 inquam,
2581 605 2821 682 ha‘redes
2866 617 3012 657 meos
3050 604 3254 664 scribo,
3309 609 3422 655 d4»-

2131 698 2224 751 ilis
2265 712 2382 763 qua:
2422 710 2579 764 supra
2609 694 2878 758 detractis,
2920 694 3170 763 quidquid
3205 695 3252 745 in
3305 699 3384 746 in...

2130 788 2242 842 sive
2267 787 2316 841 in
2339 787 2498 856 agris,
2521 787 2754 855 pascuis,
2775 787 2960 853 pratis,
2984 787 3307 840 nemoribus.
3349 823 3352 830 -

2132 878 2226 940 sis,
2252 876 2438 940 hortis,
2472 875 2642 944 aquis,
2675 874 3010 939 molendinis,
3037 876 3149 928 sive
3186 876 3234 928 in
3275 893 3333 925 at.

2132 975 2186 1020 et
2208 965 2461 1030 vestibus,
2498 965 2808 1032 cmterisque
2837 964 2997 1018 rebus
3043 963 3109 1017 de
3151 965 3308 1030 quib:-

2135 1058 2303 1113 suisse
2324 1071 2428 1111 non
2452 1056 2736 1120 constabit,
2783 1054 3020 1108 hzcredes
3057 1071 3174 1107 esse
3202 1072 3291 1105 vos:

2135 1150 2308 1204 omnia
2368 1164 2462 1218 per
2512 1147 2888 1201 discretionem
2954 1146 3296 1199 adzniuistrm.

2136 1239 2498 1293 distrahantur
2525 1236 2912 1306 quamprimum
2937 1234 3136 1297 obiero,
3167 1246 3216 1287 et
3254 1238 3296 1285 n-

2139 1328 2191 1380 in
2224 1327 2500 1395 pecuniam
2532 1326 2859 1394 redigantur,
2895 1325 3044 1392 cujus
3079 1333 3182 1376 tres
3215 1342 3242 1388 p
3263 1341 3318 1370 w

2139 1415 2369 1470 minibus
2395 1417 2575 1485 egenis
2601 1415 2719 1469 dua:
2739 1415 3139 1477 distribuantur,
3165 1427 3218 1465 ut
3253 1434 3262 1470 i

2142 1509 2222 1562 rio
2250 1507 2583 1576 presbytero,
2625 1515 2679 1560 et
2722 1506 2904 1559 comiti
2961 1505 3187 1573 Agiloni.
3235 1507 3260 1554 ’ί

2141 1598 2461 1668 pauperibus
2502 1596 2732 1661 feminis,
2776 1597 2849 1650 uti
2889 1596 3140 1665 placuerit
3172 1615 3238 1646 vn

2142 1688 2544 1752 distribuantur,
2575 1687 2714 1750 volo,
2745 1701 2894 1756 rogo,
2925 1697 3121 1741 statuo.

2213 1782 2608 1836 Testamentum
2632 1778 2733 1832 hoc
2760 1793 2916 1831 manu
2950 1780 3158 1847 propria
3195 1798 3203 1816 ς

481 1883 642 1938 super
669 1878 815 1938 parte
844 1869 1107 1924 redituum
1132 1884 1371 1924 meorum
1401 1869 1467 1923 de
1492 1869 1754 1933 Preslaio;
1782 1869 1924 1937 quod
1945 1884 2037 1923 su-
2071 1874 2118 1933 Β
2143 1872 2430 1939 subscripsi
2452 1885 2550 1939 ego
2580 1870 2893 1938 Perpetuus,
2926 1871 3130 1924 calend.
3175 1872 3208 1918 δ’

482 1960 699 2027 pererit,
731 1975 849 2013 cum
873 1965 1022 2029 parte
1052 1958 1140 2012 illa
1165 1974 1321 2026 quam
1349 1958 1597 2014 utendam
1628 1959 1898 2014 fruendam
1935 1959 2038 2014 illis

483 2048 742 2114 concessi,
774 2057 1052 2117 postquam
1078 2048 1328 2111 obierint,
1358 2055 1411 2103 et
1441 2047 1532 2103 tibi
1572 2048 1825 2102 utendum
1861 2047 2042 2102 fruen-

483 2138 608 2190 dum
648 2137 928 2205 relinquo:
969 2148 1087 2205 post
1120 2137 1412 2192 discessum
1444 2146 1586 2192 tuum
1630 2138 1880 2193 Ecclesia:
1913 2154 2044 2193 "le

484 2227 573 2289 do.
613 2226 750 2294 lego.
799 2229 868 2280 At
915 2236 990 2288 tu,
1039 2225 1199 2281 frater
1235 2236 1292 2282 et
1337 2228 1692 2284 consacerdos
1746 2228 2039 2294 carissime,

483 2315 845 2385 presbyteros,
867 2314 1142 2381 diaconos,
1164 2317 1408 2384 clericos,
1433 2318 1681 2388 virgines,
1704 2333 1873 2383 meos,
1901 2329 2042 2386 tuos,

2143 1964 2306 2017 latum
2332 1961 2522 2015 Leonis
2551 1960 2764 2015 Minoris
2808 1961 2870 2016 Δ.
2915 1961 3046 2015 lllud
3078 1971 3150 2016 tu.
3193 1965 3204 2006 -’

2145 2064 2196 2109 te
2224 2054 2523 2122 depositum
2559 2069 2741 2118 serva;
2795 2062 2848 2108 et
2875 2069 2993 2108 eum
3034 2054 3136 2106 alio
3172 2081 3186 2092 ~-

2146 2158 2306 2198 manu
2336 2144 2594 2212 scriptum
2617 2151 2670 2198 et
2697 2143 3077 2212 subscriptum,
3129 2161 3170 2209 εξ-

2151 2249 2270 2288 nam
2300 2235 2541 2302 deposui,
2585 2234 2790 2304 Agi‘oni
2823 2236 3001 2288 comiti
3052 2250 3170 2288 cor:-

2151 2326 2497 2397 presbyteris,
2521 2325 2830 2380 diaconibus
2861 2335 2915 2380 et
2938 2326 3141 2379 clericis
3193 2351 3196 2354 -

485 2420 623 2470 ama,
661 2405 904 2473 exemplo
939 2406 1085 2475 juva,
1137 2407 1505 2462 benevolentia
1546 2409 1816 2476 praeveni;
1862 2409 1944 2463 fac
1992 2418 2049 2463 ut
2146 2417 2372 2485 gendum
2398 2413 2596 2480 trades,
2626 2414 2679 2468 in
2705 2415 2920 2470 nomine
2943 2416 3147 2468 Domini

485 2493 653 2548 sciant
679 2509 738 2549 se
765 2495 854 2549 tibi
900 2495 1056 2562 ﬁlios,
1080 2510 1182 2549 non
1212 2511 1428 2564 servos;
1456 2507 1508 2552 te
1540 2499 1640 2553 illis
1669 2507 1896 2568 patrem,
1943 2516 2046 2555 non

487 2583 892 2649 dominatorem,
924 2600 1076 2654 rogo,
1109 2586 1250 2648 volo,
1281 2596 1472 2642 statuo.

558 2678 623 2730 At
667 2692 762 2732 vos
802 2679 1005 2732 viscera
1050 2693 1189 2748 mea,
1228 2678 1418 2734 fratres
1462 2680 1814 2747 dilectissimi,
1853 2696 2047 2736 corona

490 2781 628 2832 mea,
655 2765 902 2833 gaudium
943 2780 1144 2832 meum,
1176 2768 1223 2820 di
1249 2769 1376 2822 mini
1415 2772 1536 2837 mei,
1573 2772 1661 2826 lilii
1705 2773 1830 2839 mei,
1858 2789 2050 2842 paupe-

2045 2991 2190 2998 _—fv,

2149 2506 2308 2557 fixum
2340 2513 2619 2572 ratumque
2640 2504 2729 2557 sit.
2762 2503 3011 2568 Benedic,
3049 2505 3098 2555 ῐῐ-
3130 2549 3132 2554 .

2149 2593 2296 2647 Jesu.

2225 2686 2336 2752 Ego
2363 2684 2658 2754 Perpetuus
2686 2685 2737 2738 in
2763 2684 2972 2738 nomine
3003 2695 3110 2740 tuo.

2327 2991 2352 2993 κ-
2359 2988 2744 2996 ___..—_.-___—__-
2753 2992 2770 2994 ._
2809 2990 2860 2994 __.
2871 2990 2898 2994 .-

1128 3137 1848 3255 EPITAPHIUM
1912 3139 2492 3223 PERPETUI
2551 3139 3094 3223 EPISCOPI.

491 3385 729 3442 Culmina
756 3390 968 3443 sublimi
999 3392 1190 3446 tollunt
1216 3409 1334 3462 qua:
1361 3395 1561 3449 vertice
1590 3398 1778 3450 cristas

558 3477 797 3532 Eximius
823 3481 1024 3534 meritis
1055 3482 1344 3551 Perpetuus
1368 3484 1584 3540 dederat

491 3566 696 3621 Domno
719 3568 962 3634 Martino,
991 3570 1142 3638 cujus
1171 3573 1270 3625 sub
1305 3588 1571 3630 marmore
1603 3587 1827 3645 pausmt

557 3654 713 3721 Ossa,
739 3667 1022 3712 veneratur
1050 3649 1168 3729 qua:
1199 3661 1278 3729 pia
1310 3662 1454 3730 plebs
1482 3667 1746 3735 precibus.

493 3742 768 3799 llzeredem
795 3747 1006 3814 scripsit
1032 3747 1322 3816 Christum,
1347 3748 1515 3822 atque
1532 3769 1692 3809 aurea
1719 3756 1880 3811 multa

558 3832 826 3889 Sacrando
858 3836 1060 3894 Domini
1090 3854 1212 3894 vasa
1243 3855 1430 3898 cruore
1459 3843 1621 3898 dedit.

494 3917 988 3996 Trausmisitcrelo,
1018 3945 1136 3999 quae
1165 3933 1386 4000 plurima
1417 3938 1576 3989 cessit
1602 3938 1804 4006 egenis,
1863 3955 1867 3958 ·

559 4013 708 4070 Fecit
734 4023 791 4071 et
816 4030 939 4073 ante
959 4032 1083 4074 suas
1109 4021 1364 4078 scandere
1383 4023 1614 4079 divitias.

2071 3400 2114 3460 C
2147 3397 2330 3450 Clarus
2359 3397 2491 3457 avis,
2520 3396 2793 3464 atavisque
2819 3403 3026 3466 potens,
3069 3405 3152 3446 lwi

2224 3487 2429 3541 Clarior
2449 3495 2504 3540 at
2531 3501 2623 3540 sua
2644 3487 2768 3541 dum
2794 3486 3112 3554 pauperibus
3151 3521 3154 3528 .

2155 3577 2260 3631 Sed
2286 3591 2454 3645 neque
2476 3575 2700 3634 Martin
2719 3575 2818 3630 soli
2853 3583 2953 3629 tam
2984 3591 3164 3642 gl‘dllut

2223 3667 2554 3730 Construxit,
2586 3665 2842 3720 tumulum
2870 3664 2991 3718 fecit
3018 3677 3068 3718 et
3103 3689 3150 3713 ι·-

2157 3756 2220 3810 Et
2247 3757 2373 3811 licet
2400 3769 2522 3810 ante
2554 3757 2715 3824 pedes
2737 3755 2948 3809 Martini
2980 3770 3073 3806 con

2229 3849 2282 3897 In
2310 3846 2448 3901 caelo
2469 3845 2627 3899 simili
2651 3844 2843 3914 gaudet
2869 3852 3084 3911 uterqm-

2157 3935 2380 4004 ReSpice
2401 3936 2465 3989 de
2495 3937 2698 4004 superis
2729 3949 2887 4004 super
2908 3935 3027 3997 hoc,
3058 3939 3136 3986 1...;

2227 4029 2622 4096 Perpetuusque
2643 4036 2782 4082 tuam
2810 4037 3058 4096 perpetua
3101 4071 3110 4094 ,

661 4143 976 4212 (Epistolam
1007 4146 1207 4201 Sidonii
1235 4149 1556 4216 Apollinaris
1579 4152 1644 4205 ad
1676 4152 1991 4222 Perpetuam
2025 4154 2222 4209 videsis
2250 4171 2405 4224 supra
2438 4156 2576 4210 inter
2607 4170 2764 4225 opera
2794 4156 2994 4211 Sidonii
3029 4157 3096 4207 Iit.

498 4325 3152 4384 Ἠ

2650 4375 3072 4384 ..——-—._—.—.

1658 4512 1820 4554 ANNO
1865 4512 2088 4555 DOMINI
2137 4513 2527 4556 CCCCLXXXV.

1251 4649 2966 4956 CEREALIS

1674 5032 2122 5084 CASTELLENSIS
2154 5032 2512 5085 EPISCOPL’S.

1411 5322 1857 5396 NOTITIA
1910 5327 2057 5398 EX
2114 5329 2688 5401 GENNADIO.

551 5460 789 5534 Cerealis
831 5473 1112 5544 episcopus
1151 5474 1366 5529 natione
1416 5473 1546 5530 Afer
1568 5518 1583 5543 ,
1639 5476 1992 5547 interrogatus
2017 5494 2044 5532 a
2073 5481 2125 5540 ι)
2151 5481 2316 5546 Quam
2348 5480 2434 5533 ille
2460 5481 2512 5533 in
2537 5481 2749 5533 nomine
2773 5480 2978 5534 Domini
3007 5487 3098 5533 snt"

486 5566 803 5622 Maximiano
827 5563 1194 5620 Africanorum
1217 5563 1468 5635 episcopo
1494 5567 1536 5621 si
1561 5578 1737 5635 posset
1762 5570 1842 5623 vel
1867 5570 2048 5638 paucis

488 5657 679 5712 divinae
707 5655 996 5726 Scriptura:
1026 5655 1338 5710 testimoniis
1381 5654 1578 5724 absque
1608 5656 1711 5710 ulla
1735 5658 2045 5728 disputatio-

489 5744 569 5808 uis
590 5743 842 5801 duntaxat
869 5743 1182 5812 assertione,
1216 5744 1371 5801 (idem
1399 5745 1714 5801 catholicam
1749 5747 2039 5816 assignare.

2155 5585 2260 5623 non
2291 5569 2472 5636 paucis
2498 5569 2812 5624 testimoniis
2836 5571 2971 5624 sicut
3003 5572 3076 5623 Ma

2152 5663 2328 5724 tierat,
2354 5659 2448 5714 sed
2466 5659 2694 5729 copiosis
2718 5671 2822 5715 tam
2847 5661 3049 5716 Veteris
3069 5667 3092 5712 ’ἱ

2151 5748 2477 5816 approbavit,
2504 5757 2552 5802 ct
2583 5748 2669 5804 ιὶὺι
2691 5749 2761 5804 llo
2791 5751 2973 5806 edidit.

4000 5301 4013 5636 ψ
