4068 6348
353 365 466 425 76I

1004 492 1170 531 CAPUT
1222 492 1307 531 ViI.

1282 368 1607 424 LIBELLUS
1643 366 1915 423 CONTRA
1960 368 2346 427 MAXIIIINUII
2388 374 2715 430 ARIANUII.

3511 385 3610 440 762

1678 532 1681 533 ν
1964 477 2008 533 Α
2042 476 2226 537 FiIiue,
2257 479 2463 534 dicatur
2490 483 2615 535 mihi
2647 484 2915 551 quomrdo
2953 497 3136 539 auctor
3164 496 3245 542 est
3282 487 3461 554 Pater.
3482 496 3598 551 sine

438 567 513 621 De
541 566 704 619 libera
730 566 847 619 Filii
877 576 1136 634 potestate
1170 569 1247 623 sic
1272 568 1513 620 docetur.
1550 567 1604 620 In
1647 567 1936 635 Evangelia
1984 578 1985 581 ‘

356 657 532 711 dicit:
561 652 736 721 Pater,
771 656 883 709 volo
902 665 957 708 ut
986 656 1070 709 u‘i
1112 671 1207 725 ego
1254 672 1386 721 sum,
1418 666 1465 708 et
1491 656 1573 708 isti
1618 658 1718 710 sint
1743 671 1934 708 mecum

2040 584 2147 637 quo
2177 574 2575 639 nunquamluit
2620 574 2805 639 Filius,
2850 577 2971 645 quia
3004 577 3164 634 Pater
3187 581 3304 634 sine
3333 584 3605 640 voluntate

2038 674 2158 714 esse
2188 674 2292 714 non
2326 662 2530 729 potuit?
2559 665 2707 731 Quod
2732 666 2925 720 dicitur
2955 667 3129 735 Pater,
3160 678 3379 736 propter
3411 670 3600 724 Filium

357 746 543 814 (Joan.
567 746 719 812 xvu).
748 744 862 799 Non
892 744 1046 808 dixit,
1080 755 1217 813 peto.
1252 746 1365 799 Non
1398 747 1530 799 dixit
1560 747 1613 800 in
1648 746 1934 819 Evangelia
2035 751 2250 819 dicitur,
2296 762 2353 807 et
2396 752 2485 807 ille
2530 753 2668 826 Deus
2695 756 2888 809 dicitur
2915 756 2983 811 de
3015 757 3143 811 Deo.
3169 756 3273 812 Sed
3303 758 3421 826 quia
3467 758 3597 812 dixit

356 839 428 891 ad
460 840 746 905 leprosum.
776 845 917 904 peto,
951 838 1041 891 sed
1090 839 1223 903 volo,
1260 840 1505 892 ntundare
1550 840 1763 909 (Matth.
1791 843 1927 909 rm).

358 928 492 983 Item
512 928 562 981 in
592 928 879 997 Evangelio
896 928 963 981 ad
998 928 1232 990 Petrum,
1265 929 1391 983 dum
1418 944 1476 981 se
1498 939 1707 998 peteret
1734 939 1791 983 ut
1816 945 1932 982 am-

358 1020 570 1073 bularet
598 1032 759 1083 super
786 1033 999 1085 aquam,
1029 1018 1103 1071 ait
1131 1018 1317 1072 Jcsus:
1358 1018 1503 1072 Veni.
1548 1018 1661 1072 Non
1702 1019 1925 1087 rogavit,

354 1109 452 1164 sed
480 1110 591 1162 veni
612 1108 912 1162 dixit.ltem
954 1108 1017 1160 ad
1046 1108 1401 1163 Chanauaram
1443 1109 1721 1163 mulierem
1754 1109 1926 1163 dixit:

357 1197 482 1251 Non
521 1213 634 1251 sum
668 1198 848 1252 missus
885 1198 983 1250 nisi
1013 1199 1081 1249 ad
1130 1214 1244 1251 oves
1286 1215 1396 1266 quia
1439 1200 1695 1267 perierunt
1744 1201 1927 1252 domus

355 1286 522 1342 Israel
550 1286 761 1356 (Matth.
809 1284 923 1355 xv).
956 1285 1181 1339 Gentilis
1207 1297 1325 1342 erat
1353 1287 1564 1351 mulier,
1595 1296 1772 1341 tamen
1803 1289 1925 1357 quia

355 1381 543 1444 voluit,
567 1378 810 1448 praestitit
839 1378 1152 1432 beneﬁt-ium
1181 1386 1232 1433 et
1260 1380 1467 1432 sanavit
1496 1379 1656 1433 tiliam
1690 1381 1828 1447 ejus,
1857 1380 1924 1434 ad

353 1484 514 1537 quam
546 1483 605 1523 se
627 1468 847 1522 missum
875 1482 980 1521 non
1006 1482 1127 1521 esse
1151 1467 1379 1523 dixerat.
1399 1467 1512 1523 Non
1535 1469 1677 1523 enim
1709 1470 1774 1522 ad
1796 1482 1925 1538 gen-
1966 1492 1973 1497 -

358 1572 460 1628 tes,
488 1561 584 1616 sed
632 1560 697 1614 ad
747 1559 963 1613 .Iudtros
993 1568 1110 1613 erat
1154 1560 1448 1614 destinatus
1484 1560 1769 1626 Christus;
1802 1570 1926 1616 tunc

355 1654 522 1708 dixit:
558 1652 817 1717 Omulier,
847 1669 1033 1722 magna
1061 1663 1134 1705 est
1161 1653 1289 1719 ﬁdes
1309 1662 1421 1716 tua,
1449 1653 1541 1720 ﬁat
1560 1654 1650 1706 tibi
1670 1656 1797 1708 sicut
1825 1656 1920 1709 vis.

356 1742 424 1795 Et
445 1752 626 1797 sanata
647 1754 715 1796 est
743 1742 854 1811 ﬁlia
882 1747 993 1815 ejus
1018 1759 1081 1797 ea:
1107 1744 1199 1796 illa
1228 1742 1379 1797 hora.
1415 1744 1493 1798 Ad
1520 1758 1678 1812 quam
1706 1758 1765 1799 se
1796 1745 1922 1799 mis-

2038 842 2219 904 Filius,
2238 851 2293 895 et
2315 841 2456 911 quod
2484 843 2676 897 dicitur
2702 844 2885 907 Filius.
2910 856 3124 911 promer
3146 847 3355 901 Patrem
3380 847 3593 901 dicitur.

2034 930 2163 984 Nam
2215 931 2327 1000 Ego
2354 932 2406 983 in
2436 930 2623 995 Patre,
2661 943 2708 986 et
2746 933 2900 987 Pater
2926 936 2978 988 in
3007 951 3086 989 me
3106 975 3123 999 ,
3157 951 3259 999 non
3289 920 3593 1003 separatur,

2032 1023 2124 1076 sed
2155 1023 2275 1076 ideo
2306 1038 2441 1076 unus
2467 1034 2550 1077 est
2579 1024 2734 1079 Deus.
2760 1024 2863 1079 Sed
2895 1027 2938 1079 si
2965 1027 3138 1080 minor
3162 1037 3244 1081 est
3267 1026 3430 1082 Filius
3452 1043 3479 1079 a
3499 1027 3593 1080 Pa-

2033 1122 2134 1176 tre,
2158 1127 2322 1175 quare
2350 1114 2490 1167 dixit
2520 1113 2741 1167 Pa'eriu
2773 1131 2851 1168 me
2871 1116 3004 1170 ειη.
3024 1115 3299 1185 Nunquam
3339 1117 3592 1186 majorem

2030 1210 2164 1269 pote
2182 1208 2203 1253 t
2231 1216 2422 1269 capere
2447 1202 2641 1256 minor.

2649 1306 2816 1345 CAPUT
2847 1308 2901 1346 Χ.

2098 1382 2291 1435 (Σοιιιτει
2321 1381 2370 1434 id
2401 1380 2541 1449 quod
2566 1381 2747 1435 dicunt
2779 1382 2983 1436 Patrem
3031 1382 3319 1451 imperasse
3374 1380 3506 1436 Filio
3536 1391 3591 1436 ut

2028 1472 2225 1526 laceret
2247 1479 2565 1537 creaturam,
2596 1471 2969 1540 respondetur.
2994 1472 3125 1524 Cum
3171 1471 3350 1540 utique
3376 1480 3437 1541 et
3477 1471 3590 1538 ipse

2028 1565 2181 1620 Pater
2211 1564 2415 1629 fecerit,
2449 1579 2569 1618 nam
2599 1564 2853 1632 scriptum
2876 1575 2994 1618 est:
3038 1562 3310 1619 Faciamus
3328 1566 3591 1628 hominem

2024 1655 2091 1706 ad
2109 1654 2379 1722 imaginem
2402 1664 2450 1708 et
2467 1653 3123 1733 similitudinemnostram
3169 1655 3319 1725 (Gen.
3378 1657 3439 1725 ι).
3491 1656 3591 1711 Ubi

2024 1744 2323 1796 esti-oditur
2367 1745 2564 1816 pariter
2599 1752 2869 1811 operatos,
2923 1752 2982 1798 ut
3038 1760 3199 1799 unum
3252 1746 3420 1799 Deum
3470 1761 3591 1801 esse

355 1852 474 1890 sum
507 1852 610 1889 non
638 1849 758 1890 esse
798 1834 1032 1897 dixerat,
1060 1848 1223 1902 quare
1248 1833 1574 1888 concedebat
1605 1835 1922 1890 beneﬁcium
1958 1827 2002 1888 Β
2030 1848 2364 1893 monstraret.
2392 1839 2641 1907 Sequitur
2668 1838 2939 1906 Scriptura
2969 1856 2982 1891 :
3024 1836 3090 1890 Et
3110 1833 3243 1907 'fecit
3268 1837 3404 1893 Deus
3432 1839 3590 1892 homi-

356 1928 446 1981 ei?
474 1927 613 1995 Ergo
634 1926 789 1980 .vides
820 1927 939 1995 quia
971 1941 1089 1995 quae
1116 1925 1282 1980 voluit
1333 1925 1478 1991 fecit,
1510 1942 1613 1980 non
1646 1941 1763 1995 quas
1787 1928 1921 1981 alius

351 2018 656 2086 imperavit.
701 2017 830 2071 Item
881 2018 931 2070 in
976 2020 1179 2086 psa'mo
1206 2016 1274 2072 de
1299 2015 1514 2072 Christo
1544 2018 1703 2071 dicit:
1740 2017 1924 2071 Omnia

348 2125 658 2180 qutzctmque
688 2108 936 2162 Dominus
966 2108 1122 2162 voluit
1153 2108 1272 2177 fecit
1301 2108 1354 2161 in
1403 2107 1547 2174 calo,
1598 2116 1647 2161 et
1684 2110 1736 2162 in
1765 2118 1920 2173 terra,

347 2202 404 2253 in
425 2200 558 2252 mari
582 2211 627 2252 et
658 2199 886 2253 omnibus
915 2199 1130 2268 abyssis.
1158 2197 1274 2253 Non
1296 2197 1451 2265 dixit,
1481 2213 1809 2268 quaecunque
1831 2213 1919 2267 pe-

351 2292 489 2344 tivit.

982 2394 1152 2434 csrur
1181 2395 1291 2433 ιἰιι.
1728 2448 1733 2453 ἢ

418 2470 616 2525 Contra
647 2470 698 2525 id
722 2470 862 2540 quod
890 2471 1043 2525 dicit:
1070 2470 1237 2540 Major
1258 2481 1341 2525 est
1362 2470 1450 2538 qui
1478 2480 1717 2540 generat,
1746 2472 1922 2525 minor

349 2572 433 2617 est
489 2564 579 2632 qui
630 2574 933 2632 generatur.
986 2565 1108 2618 Hinc
1143 2564 1470 2632 temporibus
1508 2576 1919 2635 cognOscuntur,

351 2655 405 2707 in
434 2652 651 2708 Christo
671 2664 848 2707 autem
881 2654 1023 2708 nulla
1055 2664 1180 2708 sunt
1211 2665 1476 2724 tempora,
1512 2669 1606 2722 per
1632 2669 1788 2724 quem
1813 2669 1924 2709 om-

351 2746 437 2800 nia
466 2745 600 2800 facta
641 2755 781 2799 sunt.
814 2744 928 2799 Non
958 2754 1042 2800 est
1068 2747 1210 2801 enim
1255 2762 1321 2801 ex
1367 2757 1607 2816 tempore
1640 2748 1921 2816 sempiter-

352 2850 476 2899 nus,
498 2835 587 2904 qui
616 2843 741 2891 ante
768 2844 1005 2904 tempora
1044 2838 1283 2891 noscitur
1300 2846 1605 2906 generatus,
1627 2840 1765 2891 sicut
1792 2837 1922 2906 legi-

352 2938 473 2978 mus
501 2926 619 2994 quia
655 2926 822 2979 Adam
856 2940 884 2977 a
916 2925 1064 2979 nullo
1091 2928 1301 2995 genitus
1331 2935 1447 2990 est,
1497 2936 1554 2982 et
1581 2936 1754 2981 tamen
1806 2928 1920 2995 ipse

348 3026 404 3070 et
435 3017 573 3085 [ilius
587 3017 705 3084 ejus
730 3018 889 3071 ambo
913 3027 1065 3071 erant
1092 3032 1246 3085 paies
1270 3029 1322 3072 et
1352 3018 1601 3088 mquales,
1626 3020 1745 3086 quia
1761 3019 1918 3073 ambo

348 3104 513 3165 erant
560 3110 827 3164 homines.
871 3112 1039 3179 Major
1079 3120 1134 3165 et
1164 3112 1336 3184 minor
1373 3112 1699 3180 temporibus
1749 3114 1913 3178 ﬁunt,

346 3204 473 3269 quia
502 3217 639 3255 unus
668 3204 921 3266 senescit,
945 3212 998 3256 et
1031 3204 1167 3257 alius
1194 3181 1407 3258 crescit.
1442 3204 1545 3259 Sed
1576 3205 1715 3273 apud
1747 3205 1911 3259 Deum
1940 3181 1985 3242 ο

350 3310 622 3363 nuuqttzttn
655 3293 864 3349 luerunt
891 3304 1155 3363 tempora.

421 3386 534 3455 Ipsa
557 3387 697 3440 enim
727 3395 958 3455 tempora
988 3404 1079 3453 per
1102 3388 1290 3442 Filium
1320 3387 1453 3441 laeta
1474 3398 1615 3453 sunt,
1632 3400 1681 3443 et
1708 3390 1836 3443 n7hil
1862 3391 1912 3443 in

349 3476 458 3531 Deo
490 3477 783 3544 temporale
807 3486 908 3531 est.
956 3477 1111 3532 Tolle
1149 3493 1278 3547 ergo
1309 3487 1545 3547 tempora
1566 3520 1580 3541 ,
1612 3490 1665 3533 et
1690 3480 1915 3534 ostende

345 3567 472 3621 mihi
498 3568 753 3635 majorem
782 3577 834 3622 et
857 3569 1139 3623 minorem.
1162 3571 1614 3637 Quemadmodum
1647 3573 1822 3626 minor
1846 3576 1917 3634 sit

346 3658 511 3712 Filius
541 3674 644 3712 non
671 3659 843 3713 solum
876 3660 1030 3715 Patre
1050 3675 1167 3728 sue,
1192 3662 1285 3716 sed
1317 3670 1371 3716 et
1396 3664 1615 3730 angelis,
1643 3665 1914 3730 apostolus

347 3749 541 3802 Paulus
580 3750 645 3803 ad
679 3750 929 3805 Ilebrzeos
981 3751 1048 3805 de
1077 3752 1191 3821 ipso
1238 3751 1368 3806 dicit
1404 3768 1418 3807 ε
1454 3753 1604 3806 Nunc
1627 3795 1643 3818 ,
1677 3756 1909 3821 inquam,

260 3864 276 3873 ο
341 3841 539 3893 modico
581 3841 747 3894 minus
776 3841 838 3894 ab
884 3843 1076 3911 angelis
1127 3843 1430 3895 minoratum
1470 3843 1685 3896 tidimus
1713 3842 1907 3897 Jesum.

338 3931 550 3996 Quare?
581 3932 860 4001 Sequitur:
887 3932 1102 4002 Propter
1122 3935 1405 4004 passionem
1430 3935 1601 3988 mortis
1622 3934 1803 4003 (Hebr.
1820 3934 1905 4003 tt).

986 4042 1154 4080 CAPUT
1190 4043 1261 4081 IX.

408 4112 603 4166 Contra
635 4114 683 4168 id
711 4114 849 4183 quod
880 4114 1088 4174 dicunt:
1114 4119 1312 4170 Auctor
1339 4125 1421 4171 est
1447 4118 1533 4186 qui
1560 4124 1800 4185 generat,
1828 4118 1905 4170 vi-

338 4205 468 4258 dent
498 4206 837 4273 principium.
865 4207 1004 4261 Patri
1036 4222 1140 4262 non
1168 4218 1252 4263 est
1270 4209 1575 4276 auctoritas,
1601 4208 1690 4262 ubi
1722 4210 1906 4262 volun-

339 4306 422 4350 tas
454 4297 595 4350 nulla
627 4306 727 4351 est.
763 4298 919 4353 Pater
957 4314 1022 4353 en
1048 4314 1097 4353 m
1133 4314 1230 4355 nec
1251 4300 1435 4355 volens
1478 4316 1575 4355 nec
1602 4301 1791 4355 nolens
1816 4316 1906 4370 ge-

338 4387 480 4451 nuit,
512 4387 604 4440 sed
653 4397 859 4442 natura.
893 4388 1023 4443 Nam
1073 4391 1115 4444 si
1167 4392 1351 4446 volens
1386 4392 1595 4460 genuit,
1636 4406 1764 4461 ergo
1793 4393 1902 4461 ipsa

333 4480 581 4533 voluntas
627 4479 798 4562 Patris
824 4481 990 4536 Filius
1027 4491 1139 4546 est,
1182 4485 1318 4537 sicut
1363 4483 1606 4553 legimus.
1631 4483 1761 4551 Quia
1792 4484 1904 4552 ipse

332 4579 416 4624 est
437 4571 657 4624 verbum
683 4579 738 4625 et
763 4572 930 4626 virtus
958 4582 1013 4627 et
1033 4573 1289 4640 sapientia
1312 4590 1325 4645 ;
1352 4575 1463 4642 ipse
1485 4583 1571 4630 est
1586 4586 1640 4630 et
1661 4576 1901 4630 voluntas

334 4659 528 4713 Patris.
559 4660 614 4715 Si
654 4662 939 4730 aliquando
972 4677 1076 4715 ton
1126 4661 1220 4715 luit
1250 4663 1414 4718 Filius
1434 4704 1449 4729 ,
1480 4666 1766 4735 aliquanto
1793 4682 1898 4721 non

333 4753 430 4804 toit
460 4751 633 4814 Pater,
662 4754 780 4820 q'ia
813 4756 968 4807 I’ater
995 4767 1118 4807 esse
1148 4769 1252 4807 non
1276 4756 1466 4823 potuit,
1500 4758 1544 4810 si
1579 4758 1767 4811 Filium
1794 4774 1899 4813 non

332 4840 627 4895 habuisset.
666 4842 770 4898 Sed
807 4844 942 4896 sicut
976 4844 1129 4898 Pater
1152 4851 1385 4898 :rternus
1419 4854 1522 4908 est,
1556 4847 1623 4901 ita
1656 4857 1710 4902 et
1734 4848 1900 4902 Filius

325 4939 561 4983 aeternus
590 4940 692 4996 est,
719 4933 787 4987 de
809 4949 914 5003 quo
939 4934 1193 5002 scriptum
1227 4944 1306 4987 est
1343 4952 1359 4990 :
1400 4934 1465 4988 In
1490 4939 1619 5005 prin.
1639 4938 1745 5007 ipio
1790 4946 1897 4990 erat

338 5019 580 5085 Verbum,
611 5031 655 5074 et
711 5022 925 5076 Verbum
955 5034 1062 5078 erat
1102 5024 1242 5095 apud
1287 5024 1481 5088 Deum;
1527 5036 1573 5078 et
1623 5025 1758 5078 Deus
1792 5037 1898 5080 erat

336 5110 577 5175 Verbum,
601 5114 695 5166 hoc
720 5125 829 5170 erat
854 5116 907 5168 in
952 5117 1206 5187 principio
1245 5118 1387 5182 apud
1434 5115 1593 5170 Deum
1626 5118 1802 5186 (Joan.
1834 5119 1894 5184 I).

326 5202 441 5255 Non
475 5205 680 5273 capitur
707 5215 966 5275 tempore,
996 5223 1102 5261 non
1137 5208 1298 5261 habet
1326 5207 1559 5272 initium,
1593 5222 1691 5261 nec
1741 5207 1897 5261 inelu-

324 5293 471 5347 ditur
494 5292 743 5357 stimulis.
768 5297 833 5350 Et
861 5297 912 5352 in
940 5300 1144 5367 psalmo
1168 5298 1296 5353 dicit
1322 5298 1487 5352 Filius
1534 5297 1600 5352 ad
1639 5297 1848 5353 Patrem
1881 5313 1894 5350 :

300 5460 301 5463 η
327 5382 442 5453 Ego
469 5400 665 5455 semper
710 5395 877 5440 tecum
902 5403 1036 5441 sum.
1068 5389 1122 5443 Si
1159 5390 1303 5445 enim
1335 5403 1548 5457 semper
1574 5402 1693 5442 cum
1742 5388 1899 5442 Patre

294 5466 426 5526 'lnit
455 5472 641 5542 Filius,
668 5478 937 5543 quomodo
963 5487 1151 5533 auctor
1178 5489 1261 5534 est
1291 5480 1467 5545 Pater,
1500 5479 1587 5547 qui
1620 5487 1744 5532 ante
1767 5493 1901 5530 nuu-

323 5578 483 5630 quam
524 5564 671 5619 luit?
723 5566 851 5620 Item
881 5567 949 5622 de
977 5568 1095 5636 ipso
1137 5569 1351 5635 dicitur,
1388 5567 1701 5639 Priusquam
1726 5568 1901 5635 ﬁerent

324 5662 538 5719 montes,
591 5664 638 5708 et
668 5656 942 5726 ﬁngeretur
983 5667 1139 5720 terra,
1171 5669 1215 5711 et
1244 5659 1377 5711 orbis
1423 5668 1593 5722 terrm,
1634 5675 1665 5709 a
1712 5658 1897 5711 siccato

324 5760 481 5807 iisque
510 5748 559 5798 in
590 5748 831 5801 sa'culum
855 5759 905 5802 tu
938 5768 1006 5804 es.
1034 5751 1089 5804 Si
1121 5750 1277 5812 igitur
1316 5753 1557 5825 voluntas
1604 5760 1683 5805 est
1726 5750 1895 5802 I'atris

2026 1946 2138 1981 nem
2168 1928 2235 1980 ad
2258 1930 2532 1997 imaginem
2555 1939 2600 1981 et
2622 1928 3007 1981 similitudinem
3028 1944 3197 1982 suam.
3220 1929 3333 1984 Non
3362 1930 3493 1983 dixit
3520 1931 3590 1984 les

2024 2030 2211 2074 ct-runt
2237 2020 2331 2083 dii,
2348 2034 2467 2073 cum
2487 2019 2705 2073 dixisset
2721 2020 2968 2088 faciamus
2988 2020 3276 2086 hominem;
3307 2020 3399 2073 sed
3422 2020 3589 2073 dixit:

2027 2090 2177 2163 υειίε
2214 2110 2330 2175 fecit
2373 2109 2625 2161 hominem
2679 2109 2746 2160 ad
2793 2109 3067 2180 imaginem
3111 2118 3157 2161 et
3200 2109 3589 2161 similitudinem

2023 2216 2116 2251 sua
2174 2235 2188 2249 .
2223 2200 2349 2253 Item
2375 2198 2419 2252 si
2454 2198 2608 2251 Pater
2631 2211 2733 2251 non
2763 2197 2888 2252 fecit
2912 2206 3228 2261 creaturam,
3252 2207 3306 2251 et
3327 2212 3521 2264 quomo
3560 2214 3590 2249 n

2024 2290 2150 2342 dicit
2182 2288 2345 2342 Filius
2372 2303 2388 2343 :
2421 2286 2576 2340 Pater
2594 2302 2736 2341 incus
2756 2302 2913 2355 usque
2936 2287 3085 2340 modo
3130 2296 3392 2354 operatur,
3424 2298 3471 2340 et
3497 2303 3589 2356 ego

2024 2378 2243 2448 cperor?
2264 2378 2393 2432 Item
2421 2377 2467 2432 si
2498 2379 2657 2433 Pater
2686 2393 2788 2431 non
2821 2378 2943 2432 fecit
2987 2386 3281 2432 creaturam
3303 2417 3318 2441 ,
3359 2385 3414 2431 et
3456 2393 3589 2446 quo-

2025 2470 2183 2525 modo
2208 2471 2391 2525 dicunt
2418 2469 2644 2539 apostoli
2663 2470 2728 2524 ad
2753 2470 2961 2523 Patrem
2996 2486 3009 2523 :
3041 2464 3221 2534 Turs,
3254 2468 3588 2535 Domine,qui

2025 2561 2188 2630 fecisti
2208 2559 2389 2614 ctelum
2417 2571 2463 2613 et
2493 2570 2700 2624 terram,
2723 2574 2860 2614 mare
2880 2569 2925 2611 et
2949 2559 3120 2612 omnia
3140 2574 3254 2628 qua:
3278 2560 3331 2610 in
3355 2559 3428 2611 eis
3448 2568 3588 2621 sunt,

2022 2652 2109 2719 qui
2130 2666 2218 2718 per
2241 2666 2296 2704 os
2317 2651 2479 2702 sancti
2513 2650 2656 2716 pueri
2686 2650 2760 2701 tui
2790 2648 2955 2701 Dauid
2980 2648 3154 2700 dixisti
3205 2662 3224 2700 :
3277 2646 3447 2711 Quare
3490 2646 3589 2712 {re-

2025 2752 2258 2798 mummt
2276 2754 2467 2815 gentes,
2493 2752 2537 2795 et
2561 2742 2737 2809 populi
2768 2741 2994 2793 meditati
3022 2747 3139 2790 sunt
3167 2738 3341 2790 inania
3363 2738 3387 2790 ?
3406 2737 3589 2789 Astite-

2022 2847 2140 2890 runt
2162 2852 2301 2905 reges
2324 2846 2490 2897 terrai,
2514 2844 2560 2886 et
2589 2833 2842 2903 principes
2864 2838 3197 2883 conuenerunt
3236 2830 3285 2879 in
3311 2843 3467 2879 unum
3493 2828 3586 2878 adi

2021 2943 2189 2980 uersus
2213 2925 2505 2988 Dominum,
2529 2933 2575 2975 et
2601 2923 2840 2975 adversus
2863 2919 3117 2973 Christum
3146 2920 3253 2986 ejus
3291 2916 3469 2988 (Psal.
3502 2919 3583 2983 ιι).

2022 3016 2370 3070 Conrenerunt
2398 3014 2531 3066 enim
2552 3015 2601 3063 in
2633 3013 2837 3064 ueritate
2858 3010 2908 3061 in
2931 3010 3131 3062 ciuitate
3161 3009 3257 3059 ista
3283 3022 3434 3075 super
3462 3020 3584 3056 sau-

2022 3118 2156 3160 ctum
2185 3120 2396 3175 puerum
2424 3114 2565 3156 tuum
2587 3101 2765 3155 Jesum
2785 3099 3055 3160 Christum,
3076 3113 3226 3168 quem
3248 3097 3462 3161 uouisti,
3480 3094 3585 3146 He-

2019 3198 2167 3250 rodes
2192 3205 2236 3248 et
2267 3194 2479 3248 Pontius
2509 3191 2711 3245 Pilatus
2749 3207 2862 3243 cum
2902 3188 3150 3260 g-ntibus,
3172 3195 3219 3240 et
3258 3196 3363 3239 toto
3397 3185 3580 3257 Isrryl,

2018 3300 2063 3342 et
2095 3291 2319 3357 fecerunt
2342 3288 2471 3351 sicut
2495 3301 2673 3338 manus
2700 3293 2788 3335 tua
2808 3292 2851 3335 et
2868 3281 3136 3335 consilium
3159 3289 3303 3333 tuum
3330 3279 3609 3349 prie/iuie-,

2018 3390 2098 3433 rat
2129 3378 2385 3449 (AtflJV).
2421 3377 2558 3444 Ergo
2584 3375 2651 3428 de
2703 3372 2915 3427 Christo
2970 3370 3321 3441 loquebantur
3369 3371 3433 3422 ad
3489 3369 3584 3423 Pa-

2018 3480 2174 3535 trem,
2197 3468 2283 3537 qui
2316 3466 2559 3520 dieebaut
2592 3482 2605 3517 :
2638 3463 2712 3516 Tu
2736 3480 2807 3528 es,
2840 3460 3074 3524 Domine,
3097 3462 3186 3530 qui
3214 3460 3376 3528 fecisti
3405 3460 3585 3512 caelum

2015 3572 2061 3613 et
2084 3571 2290 3618 terram,
2319 3572 2457 3608 mare
2484 3564 2527 3608 et
2557 3554 2730 3606 omnia
2756 3568 2869 3621 qua:
2885 3552 2937 3604 in
2958 3554 3031 3604 eis
3055 3558 3194 3603 sunt.
3228 3549 3365 3620 Lege
3397 3552 3448 3601 in
3480 3552 3582 3603 Ac-

2017 3651 2155 3703 tibus
2188 3646 2585 3715 Apostolorum,
2617 3652 2670 3697 et
2699 3642 2935 3697 invenies
2957 3641 3022 3694 de
3054 3639 3189 3694 Filio
3232 3632 3337 3693 dici
3380 3638 3446 3691 ad
3487 3638 3582 3692 Pa~

2016 3751 2147 3795 trem
2180 3739 2331 3791 istam
2354 3735 2692 3790 sententiam.

2648 3839 2815 3878 CAPUT
2858 3839 2933 3875 XI.

2082 3922 2214 3990 Quia
2247 3922 2384 3975 Deus
2412 3927 2495 3974 est
2519 3918 2744 3987 Spiritus
2767 3924 3004 3979 sanctus,
3028 3915 3105 3967 sic
3121 3913 3359 3967 docetur.
3389 3911 3577 3964 Petrus

2012 4012 2076 4066 ad
2104 4026 2223 4066 eum
2254 4010 2343 4081 qui
2372 4010 2708 4079 subtraxerat
2729 4006 2797 4060 de
2827 4004 2999 4074 pretio
3028 4003 3172 4058 villae
3223 4002 3355 4055 dixit
3390 4017 3404 4053 :
3439 4000 3574 4064 Quid

2008 4114 2081 4157 est
2122 4102 2261 4172 quod
2287 4099 2512 4170 impleuit
2553 4096 2774 4153 Satanas
2823 4112 2909 4149 cor
2938 4104 3079 4146 tuum
3128 4090 3327 4144 mentiri
3358 4088 3577 4157 Spiritui

2008 4197 2228 4249 sancto?
2265 4196 2325 4247 Et
2364 4189 2705 4263 postmodum
2744 4186 2983 4255 adjunxit
3020 4202 3031 4236 :
3070 4184 3191 4236 Non
3241 4198 3293 4235 es
3342 4180 3575 4233 mentitus

2008 4286 2313 4349 hominibus,
2330 4284 2417 4339 sed
2446 4283 2552 4337 Deo
2579 4281 2716 4352 (Act.
2735 4279 2816 4348 ν).
2834 4279 2959 4333 Item
2984 4276 3035 4329 in
3053 4275 3270 4331 Actibus
3294 4272 3577 4340 Apostolo-

2010 4393 2124 4432 rum
2151 4376 2422 4440 scribitur,
2457 4372 2613 4426 Petto
2638 4369 2904 4438 cogitante
2928 4372 2982 4420 et
3012 4366 3288 4419 hmsitante
3328 4363 3393 4416 de
3421 4362 3538 4414 visu
3556 4402 3571 4426 ,

2006 4470 2133 4525 dicit
2158 4467 2387 4537 Spiritus
2411 4476 2623 4521 sanctus
2656 4481 2669 4515 :
2703 4460 2834 4515 Ecce
2862 4460 2954 4512 uiri
2980 4466 3212 4527 quierunt
3242 4466 3318 4519 te;
3338 4469 3570 4522 exsurge,

2007 4572 2055 4614 et
2076 4558 2341 4622 descende,
2362 4568 2407 4610 et
2429 4557 2553 4611 uade
2571 4571 2683 4608 cum
2709 4552 2813 4606 illis
2842 4551 2971 4604 nihil
3013 4550 3268 4613 dubtans,
3318 4547 3437 4615 quia
3480 4561 3573 4616 ego

2008 4656 2122 4708 illos
2152 4654 2265 4706 misi
2289 4653 2357 4704 ad
2380 4661 2447 4703 te.
2476 4648 2539 4705 Et
2566 4648 2765 4701 veniens
2790 4642 2973 4707 Petrus
2999 4641 3064 4694 ad
3087 4639 3372 4694 Cornelium
3402 4636 3530 4689 dixit
3555 4653 3576 4691 :

2009 4746 2073 4799 In
2100 4748 2306 4799 veritate
2342 4742 2446 4793 scio
2487 4740 2607 4808 quia
2627 4753 2729 4790 non
2756 4741 2829 4787 est
2859 4744 3193 4801 personarum
3238 4729 3372 4780 Deus
3420 4742 3569 4778 acre-

2008 4850 2123 4906 ptor
2150 4836 2288 4903 (Act.
2313 4834 2392 4900 x).
2424 4829 2501 4884 Ad
2528 4827 2776 4897 gentilem
2806 4826 2949 4877 en‘m
3005 4821 3200 4874 missus
3252 4818 3319 4871 ab
3371 4816 3573 4885 Spiti2u

2007 4937 2210 4986 Sancto.
2244 4926 2365 4995 quia
2393 4923 2568 4975 adlmc
2592 4917 2836 4989 gentibus
2865 4929 2969 4969 non
2992 4912 3378 4983 praedicabatur
3402 4911 3573 4962 Evan-

2006 5022 2224 5091 gelium,
2256 5015 2348 5070 sed
2373 5014 2497 5067 solis
2521 5010 2737 5065 Iudaeis.
2766 5008 2896 5061 Item
2939 5005 2991 5058 in
3037 5001 3377 5099 Evangelia:
3416 4996 3587 5099 (ραιιῖ

2007 5089 2175 5165 autem
2206 5108 2405 5177 Spiritu
2434 5112 2609 5157 sancto
2631 5101 2805 5166 plenus
2828 5111 3088 5166 regressus
3126 5103 3197 5148 est
3236 5108 3269 5145 a
3314 5089 3568 5144 Jordane.

2008 5203 2088 5255 Au
2121 5192 2226 5251 non
2257 5204 2339 5250 est
2369 5195 2508 5247 Deus
2535 5190 2622 5257 qui
2652 5189 2837 5256 implet
2883 5182 3082 5240 Deum?
3120 5183 3259 5251 Ergo
3290 5181 3428 5235 Deus
3455 5191 3569 5235 erat

2009 5293 2061 5344 in
2093 5289 2326 5350 Christo,
2357 5300 2463 5354 quo
2487 5283 2670 5351 plenus
2696 5288 2781 5333 est
2809 5289 3083 5346 regressus
3103 5289 3131 5326 a
3160 5272 3411 5328 Iordane.
3436 5272 3566 5325 Item

2007 5377 2293 5449 Apostolus
2328 5392 2340 5427 :
2370 5373 2587 5428 Nescitis
2611 5371 2728 5439 quia
2760 5383 2975 5436 corpora
3011 5373 3177 5418 vestra
3222 5362 3465 5431 templum
3512 5361 3566 5411 in

2005 5469 2140 5523 vobis
2155 5478 2227 5521 est
2254 5465 2479 5535 Spiritus
2506 5461 2708 5516 sancti?
2735 5459 2963 5514 Secutus
2990 5464 3073 5510 est
3100 5470 3112 5507 :
3140 5454 3431 5521 Gloriﬁcate
3450 5464 3567 5517 ergo

2008 5562 2169 5616 Deum
2192 5562 2241 5613 in
2269 5573 2477 5628 corpore
2505 5563 2685 5608 vestro.
2712 5552 2838 5606 Item
2878 5550 2927 5602 in
2976 5548 3259 5629 Salomone
3294 5560 3305 5593 :
3341 5540 3567 5629 Spiritus

2006 5651 2213 5705 Domini
2242 5648 2448 5718 replevit
2471 5645 2637 5697 orbem
2659 5653 2929 5695 tirrarum.
2959 5638 3090 5691 Item
3118 5628 3301 5688 Esaias
3331 5628 3563 5696 prophe-

2008 5759 2054 5798 ta
2082 5763 2094 5797 :
2132 5742 2194 5794 Et
2229 5740 2366 5793 Dixit
2395 5738 2637 5791 Dominus
2659 5735 2725 5787 ad
2748 5748 2862 5784 me:
2896 5730 3059 5784 Vade.
3086 5728 3157 5779 dit
3202 5724 3390 5791 populo
3424 5722 3560 5795 huir,
