4068 6348
368 404 373 407 ι
459 373 562 430 765

1424 367 1755 424 CEREALIS
1793 350 2282 421 CASTELLENSIS
2324 360 2624 417 EPISCOPI

3591 358 3700 414 765

462 496 594 545 Aure
610 490 908 553 audiet.'s,et
929 503 1027 540 non
1050 486 1358 554 intelligetis,
1378 495 1478 538 etc.
1505 485 1671 551 Quem
1697 481 1827 536 dicit
1855 481 2016 533 Deum
2050 478 2092 535 A
2123 477 2196 529 ire
2217 477 2269 529 in
2298 475 2611 545 Bithyniam,
2637 484 2681 528 et
2709 489 2806 527 non
2823 488 2906 527 eos
2928 487 3104 539 passus
3121 482 3192 526 est
3217 472 3443 541 Spiritus
3466 484 3697 528 sanctus.

466 581 669 645 Esaias,
699 580 869 647 ip-um
889 576 1017 630 dicit
1041 574 1295 643 Spiritum
1337 582 1581 627 sanctum
1621 571 1930 640 Apostolus.
1963 568 2021 623 Si

465 672 605 726 Deus
630 670 844 737 spiritus
872 674 986 731 est,
1037 665 1304 735 quomoda
1344 664 1577 733 Spiritus
1624 671 1839 717 sanctus
1883 661 2023 714 Deus

466 777 569 815 non
600 769 713 823 est;
744 758 789 812 si
817 774 921 812 non
963 766 1045 812 est
1077 758 1213 811 Deus
1240 754 1468 824 Spiritus
1488 765 1724 816 sanctus,
1758 751 2025 822 quomodo

467 852 593 905 dicit
619 848 889 919 apostolus
917 848 1107 902 Paulus
1137 865 1151 900 :
1179 845 1458 900 Divisiones
1486 856 1653 898 autem
1695 844 2026 905 donationum

467 949 602 999 sunt.
631 941 766 993 idem
806 949 976 993 autem
998 939 1255 1006 Spiritus;
1282 946 1329 991 et
1369 938 1635 991 divisiones
1680 937 2026 1002 operationum

469 1042 606 1096 sunt,
633 1048 764 1085 unus
787 1041 952 1085 autem
978 1031 1132 1095 Deus,
1156 1030 1240 1096 qui
1277 1039 1517 1099 operatur
1552 1028 1722 1080 omnia
1763 1026 1834 1079 ir!
1852 1025 2030 1077 omni-

472 1122 582 1188 bus,
620 1122 709 1192 qui
750 1122 925 1174 dividit
972 1120 1180 1189 prapria
1209 1120 1478 1187 unicuique
1507 1126 1656 1187 prout
1695 1118 1800 1169 vult
1824 1114 1878 1180 (ι
1906 1115 2026 1169 Cor.

472 1212 605 1281 xu)?
633 1212 746 1281 Ipse
774 1220 857 1265 est
880 1212 1106 1279 Spiritus
1132 1220 1363 1275 sanctus,
1395 1209 1461 1265 de
1491 1225 1594 1278 quo
1620 1209 1747 1263 dicit
1776 1212 2029 1278 propheta

476 1305 657 1358 Esaias
684 1321 696 1356 :
728 1304 981 1371 Spiritus,
1016 1304 1228 1372 inquam
1257 1342 1271 1365 ,
1314 1303 1574 1371 sapientia:
1618 1313 1663 1354 et
1706 1303 1989 1355 intellectus
2012 1342 2027 1365 ,

474 1395 673 1447 consilii
691 1404 737 1447 et
756 1394 1088 1461 fortitudinis,
1114 1393 1335 1447 scientiae
1372 1402 1419 1446 et
1475 1395 1695 1461 pietatis,
1741 1403 1789 1445 et
1840 1394 2034 1447 timoris

480 1483 701 1538 Domini.

1104 1569 1267 1609 CAPUT
1304 1570 1401 1608 XII.

545 1642 677 1707 Quia
704 1650 757 1695 et
780 1651 989 1697 creator
1007 1652 1090 1698 est
1110 1643 1338 1719 Spiritus
1385 1653 1603 1697 sanctus
1623 1682 1638 1707 ,
1678 1644 1758 1697 sic
1795 1644 2032 1697 docetur.

480 1735 533 1785 lu
565 1731 664 1786 .Iob
694 1731 917 1801 legimus
944 1748 957 1785 :
990 1732 1215 1801 Spiritus
1243 1734 1444 1786 divinus
1469 1742 1551 1805 est.
1565 1734 1652 1800 qui
1682 1731 1800 1800 fecit
1841 1749 1938 1786 me.
1980 1733 2036 1786 In

2127 566 2265 621 Ecce
2293 565 2549 635 apostolis
2579 566 2826 633 imperat.
2852 558 2989 618 Item
3006 562 3061 617 in
3079 562 3364 619 Salomone
3380 563 3509 618 dicit
3532 581 3546 617 :
3571 566 3702 635 Spi-

2125 658 2253 709 ritus
2275 666 2479 709 sanctus
2506 654 2634 708 mihi
2660 654 2950 722 Sapientia,
2978 652 3033 707 id
3062 660 3148 708 est
3175 652 3228 706 in
3253 649 3489 707 Christo.
3521 654 3703 721 Spiri-

2127 755 2207 800 tus
2236 747 2296 800 S.
2330 746 2528 810 unicus,
2558 745 2849 812 multiplex,
2877 744 3096 809 subtilis,
3132 741 3409 798 immobilis
3432 786 3447 810 ,
3498 747 3704 800 incoin-

2126 841 2388 914 quinatus,
2408 848 2594 905 certus,
2618 853 2845 901 securus,
2868 853 3050 891 amans
3074 837 3284 901 bonum,
3299 839 3474 891 omnia
3500 849 3702 908 potens,

2129 931 2299 983 omnia
2329 930 2617 996 pra-sciens,
2644 937 2693 983 et
2714 928 2799 994 qui
2823 928 2993 996 capiat
3022 916 3193 980 omnes
3224 926 3428 996 spiritus
3456 928 3709 998 intelligi.

2130 1020 2273 1083 biles,
2300 1021 2519 1071 mundus
2544 1017 2758 1071 subtilis.
2782 1017 2918 1070 Ecce
2940 1016 3110 1085 qualis
3132 1025 3213 1069 est
3238 1015 3469 1084 Spiritus
3492 1015 3548 1072 S.
3569 1017 3704 1071 Item

2133 1109 2183 1161 in
2204 1107 2529 1176 Evangelia:
2563 1106 2626 1159 Et
2647 1120 2904 1177 regressus
2932 1114 3003 1157 est
3024 1103 3176 1157 Jesus
3201 1106 3254 1158 in
3278 1106 3463 1157 virtute
3479 1105 3710 1173 Spiritus

2130 1198 2183 1251 in
2210 1195 2497 1251 Galilteam.
2554 1197 2607 1250 Iu
2652 1198 2844 1250 virtute
2884 1194 3116 1262 Spiritus
3141 1194 3378 1249 ambulat
3429 1194 3700 1251 Chris'us.

2134 1288 2261 1343 Item
2295 1289 2347 1343 iu
2384 1288 2517 1342 \etis
2546 1286 2923 1355 Apostolorum
2966 1286 3190 1354 legimus
3214 1303 3227 1339 :
3254 1280 3387 1352 Quia
3414 1285 3712 1354 loquebaris

2134 1387 2220 1433 tur
2245 1378 2470 1447 apostoli
2501 1375 2947 1446 quemadmodum
2998 1375 3154 1429 dabat
3201 1374 3282 1429 eis
3320 1376 3709 1443 pronuntiatio.

2141 1468 2372 1536 Spiritus
2399 1466 2557 1520 dabat
2580 1466 2836 1534 apostolis
2857 1464 3301 1535 quemadmodum
3334 1465 3710 1535 loquebantur.

2138 1559 2266 1613 Item
2308 1557 2581 1626 apostolus
2604 1557 2797 1611 Paulus
2843 1555 3078 1610 ostendit
3104 1570 3220 1625 qua!
3252 1554 3447 1610 tribuat
3482 1555 3715 1625 Spiritus

2138 1658 2354 1704 sanctus
2375 1649 2560 1703 dicens
2592 1666 2602 1699 :
2639 1647 2866 1701 Fructus
2891 1659 3064 1702 autem
3104 1648 3332 1717 Spiritus
3350 1658 3458 1715 est,
3490 1650 3677 1702 caritas
3698 1692 3712 1714 ,

2144 1740 2412 1808 gaudium,
2442 1755 2559 1806 pax,
2587 1739 2968 1809 longanimitas,
3001 1739 3305 1809 benignitas,
3333 1740 3551 1801 bonitas,
3567 1740 3715 1808 ﬁdes,

482 1824 682 1888 psalmo
714 1841 725 1876 :
756 1821 1206 1893 Emitte'spiritunt
1230 1830 1369 1876 tuum
1397 1832 1444 1874 et
1495 1822 1798 1876 creabantur
1844 1823 1862 1893 (
1890 1821 2036 1876 Psal.
2068 1828 2115 1887 B
2142 1830 2491 1891 mansuetudo,
2526 1828 2873 1898 eontinentia(
2891 1827 2918 1881 Ι
2958 1827 3113 1881 Joan.
3159 1831 3252 1895 tv).
3309 1830 3374 1883 Et
3407 1830 3629 1898 legimus
3660 1831 3716 1883 in

478 1912 611 1982 cut).
638 1912 693 1967 In
724 1913 1009 1982 Evangelia
1039 1932 1051 1964 2
1080 1912 1292 1966 Inventa
1323 1920 1395 1966 est
1421 1911 1589 1966 Maria
1613 1912 1800 1966 habens
1829 1913 1891 1965 de
1914 1912 2037 1982 Spic

480 2006 581 2058 ritu
604 2014 800 2058 sancto.
823 2002 917 2057 Cui
942 2003 1113 2057 fuerat
1149 2002 1349 2057 dictum
1379 2021 1392 2055 :
1427 2003 1653 2071 Spiritus
1699 2013 1903 2056 sanctus
1956 2020 2041 2056 su-

481 2096 722 2161 prrveniet
740 2096 792 2147 in
812 2101 877 2156 te,
891 2102 936 2146 et
949 2093 1102 2146 virtus
1119 2093 1365 2145 Altissimi
1384 2091 1696 2145 obumbrabit
1718 2092 1805 2144 tibi
1828 2091 2039 2162 (Matth.

481 2187 539 2251 ι).
576 2183 630 2236 In
658 2183 859 2250 psalmo
884 2197 897 2234 :
934 2181 1094 2235 Verbo
1116 2180 1321 2235 Domini
1340 2182 1454 2235 celi
1480 2182 1667 2249 ﬁrmati
1692 2191 1829 2248 sunt,
1854 2194 1901 2237 et
1929 2184 2046 2251 Spi-

479 2274 579 2325 ritu
600 2273 701 2325 oris
722 2275 834 2342 ejus
863 2273 1027 2325 omnis
1060 2273 1217 2326 virtus
1244 2288 1413 2327 eorum
1448 2271 1615 2337 (Psal.
1659 2274 1857 2340 xxx").
1901 2273 1955 2328 Si
1990 2274 2045 2328 in

481 2371 631 2415 utero
660 2361 876 2431 virginis
897 2362 1126 2429 Spiritus
1151 2371 1367 2419 sanctus
1389 2362 1578 2417 Filium
1611 2364 1704 2418 Dei
1743 2364 1888 2428 fecit,
1919 2364 2043 2432 quid

482 2450 591 2503 Deo
610 2449 776 2504 deluit
800 2450 941 2518 quod
970 2464 1074 2505 non
1103 2451 1343 2504 ereavit?
1366 2452 1420 2503 In
1450 2452 1736 2520 Evangelia
1781 2469 1796 2506 :
1836 2453 1897 2507 Si
1932 2453 2045 2520 quis

481 2557 581 2593 non
606 2550 810 2594 renatus
841 2542 992 2609 fuerit
1014 2558 1076 2594 ex
1095 2558 1225 2609 aqua
1244 2552 1291 2595 et
1313 2542 1512 2610 Spiritu
1541 2553 1735 2607 sancto,
1756 2560 1857 2597 non
1884 2554 2045 2611 potest

481 2628 650 2682 videre
692 2646 906 2697 regnum
956 2629 1072 2685 Dei.
1125 2632 1365 2699 Ampfius
1411 2640 1493 2686 est
1540 2634 1680 2686 enim
1732 2648 2047 2702 regenerare

480 2734 639 2787 quam
659 2733 840 2773 creare
858 2736 870 2772 :
886 2735 1010 2773 ecce
1030 2722 1137 2788 Spit
1155 2722 1258 2774 itus
1286 2730 1498 2775 sanctus
1519 2733 1817 2791 regenerat,
1832 2723 2046 2792 quando

483 2809 534 2864 in
557 2810 821 2879 baptismo
846 2812 1175 2865 renascimur
1205 2827 1298 2881 per
1323 2813 1518 2881 ipsum.

1113 2942 1277 2980 CAPUT
1314 2942 1426 2981 XIII.

549 3017 680 3083 Quia
709 3016 1003 3072 vivilicator
1030 3027 1111 3073 est
1130 3019 1378 3087 Spiritus,
1400 3020 1476 3073 sic
1498 3020 1740 3074 docetur.
1766 3019 2049 3088 Apostolus

481 3110 609 3164 dicit
633 3126 647 3163 :
681 3109 873 3169 Littera
899 3110 1113 3174 occidit,
1135 3110 1364 3177 Spiritus
1383 3119 1558 3165 autem
1585 3112 1811 3167 vivilicnt
1847 3112 1896 3181 (I
1924 3111 2044 3166 Cor.

482 3200 585 3267 ut)t
644 3200 770 3254 Item
825 3200 875 3254 in
908 3201 1193 3270 Evangelia
1232 3215 1245 3249 :

482 3305 600 3342 caro
628 3299 798 3343 autem
826 3306 927 3343 non
973 3292 1175 3357 prodest
1200 3292 1474 3360 quidquam
1506 3292 1684 3360 (Joan.
1711 3292 1803 3361 vi).
1832 3294 1885 3346 In
1919 3294 2049 3347 Eze-

482 3378 655 3431 chiele
683 3378 748 3432 ad
776 3391 899 3431 ossa
930 3379 1075 3433 arida
1108 3379 1337 3432 [Iliorum
1370 3382 1526 3434 Israel
1574 3383 1853 3436 mandatur
1882 3392 1933 3436 et
1958 3380 2049 3436 'di-

482 3468 641 3531 citur,
672 3482 767 3537 per
792 3468 1099 3536 prophetam
1126 3482 1137 3516 :
1172 3467 1315 3523 Dabo
1346 3469 1599 3540 Spiritum
1620 3470 1782 3523 meum
1809 3474 1859 3525 in
1888 3473 2046 3543 vobis,

482 3566 529 3612 et
578 3558 765 3611 vivatis.
812 3558 939 3612 Item
989 3559 1271 3626 Apostolus
1314 3559 1441 3614 dicit
1490 3574 1507 3609 :
1548 3560 1609 3615 Si
1663 3571 1832 3615 autem
1881 3562 2050 3632 Spiri-

484 3657 564 3701 tus
608 3650 717 3719 ejus
770 3649 857 3717 qui
903 3650 1158 3702 suscitarit
1218 3648 1393 3703 Jesum
1441 3649 1701 3704 Christum
1754 3668 1787 3704 a
1839 3654 2051 3706 mortuis

484 3740 674 3793 habitat
723 3742 775 3792 in
820 3741 978 3807 vobis,
1020 3742 1291 3809 viviﬁcabit
1324 3752 1372 3795 et
1418 3744 1659 3797 mortalia
1708 3761 1921 3816 corpora
1968 3764 2048 3800 ve-

485 3844 588 3885 stra
634 3849 723 3899 per
779 3833 1086 3886 habitantem
1137 3835 1388 3902 Spiritum
1430 3841 1539 3908 ejus
1594 3839 1643 3891 in
1690 3840 1826 3892 vobis
1873 3839 2047 3909 (Rom.

484 3938 599 3990 vut,
636 3923 746 3994 ll).
770 3923 907 3993 Ergo
941 3925 1178 3979 mortalia
1200 3940 1421 3995 corpora
1443 3928 1774 3983 vivillcantur
1795 3944 1823 3983 a
1846 3930 2043 4000 Spiritu

486 4023 692 4066 εειιοιο.

1089 4100 1257 4140 CAPUT
1298 4103 1408 4140 ιιν.

540 4150 686 4235 Quia
715 4180 769 4225 et
798 4171 913 4240 ipse
935 4175 1160 4241 propriae
1189 4179 1467 4243 potestatis
1491 4189 1543 4231 et
1570 4181 1858 4235 voluntatis
1888 4180 2053 4246 sit,et

487 4261 829 4327 omnipotens
857 4262 928 4314 sit
950 4263 1177 4330 Spiritus
1206 4266 1264 4319 S.
1291 4266 1367 4319 sic
1391 4268 1633 4322 docetur.
1660 4272 1945 4339 Apostolus
1973 4274 2054 4327 di-

482 4351 558 4402 cit
587 4366 601 4401 :
631 4350 732 4402 Alii
755 4351 904 4403 datur
929 4353 1272 4421 tnanifestatio
1299 4355 1523 4422 Spiritus
1545 4359 1612 4410 ad
1633 4361 1897 4414 utilitatem
1916 4405 1930 4428 ,
1963 4364 2054 4416 alii

480 4439 641 4490 datur
670 4454 759 4507 per
789 4440 1038 4509 Spiritum
1064 4458 1230 4499 sermo
1263 4446 1547 4511 sapientiae,
1572 4448 1663 4500 alii
1689 4464 1853 4502 sermo
1886 4453 2050 4504 scien-

2142 1919 2346 1975 Joanne
2374 1920 2613 1988 apostolo
2644 1936 2656 1971 :
2687 1919 2820 1985 Quia
2853 1919 2983 1973 Deus
3003 1921 3187 1973 caritas
3213 1929 3305 1974 est.
3336 1920 3390 1977 Si
3424 1921 3563 1975 Deus
3606 1937 3698 1974 ea.

2142 2011 2293 2073 ritas,
2324 2010 2494 2077 qualis
2514 2019 2594 2063 est
2622 2008 2851 2076 Spiritus
2880 2018 3112 2073 sanctus,
3141 2010 3290 2078 cujus
3320 2017 3402 2062 est
3431 2010 3540 2079 ipsa
3572 2010 3713 2064 cari-

2144 2099 2262 2153 tas?
2291 2100 2379 2154 Sic
2403 2101 2542 2153 enim
2591 2100 2753 2152 habes
2784 2114 2939 2167 supra
2989 2121 3003 2157 :
3054 2099 3185 2167 Quia
3240 2101 3431 2169 fructus
3480 2100 3710 2171 Spiritus

2144 2192 2311 2246 sancti
2340 2200 2412 2245 est
2437 2186 2623 2244 attritas
2645 2189 2697 2261 (1
2723 2189 2879 2244 Joan.
2914 2194 3013 2256 tv).

2759 2296 2926 2334 CAPUT
2969 2297 3051 2332 XV.

2217 2374 2291 2428 De
2320 2374 2578 2444 Trinitate
2621 2382 2675 2425 et
2728 2372 2885 2425 Verbi
2918 2372 3218 2426 divinitate.
3252 2372 3307 2427 Si
3342 2372 3573 2427 Trinitas
3612 2389 3719 2429 non

2145 2474 2245 2527 est,
2276 2480 2442 2532 quare
2471 2464 2667 2517 dictum
2696 2472 2779 2517 Bal
2812 2480 2822 2513 :
2856 2462 2937 2516 Ite
2961 2504 2974 2527 ,
3008 2464 3258 2529 baptizate
3298 2480 3470 2517 omnes
3514 2473 3682 2532 gentes
3703 2507 3719 2527 ,

2151 2557 2205 2610 in
2228 2557 2431 2609 nomine
2454 2553 2648 2620 Patris,
2672 2564 2719 2607 et
2752 2553 2897 2619 Filii,
2925 2563 2974 2607 et
3003 2555 3231 2623 Spiritus
3251 2556 3415 2607 sancti
3429 2558 3449 2608 ἶ)
3466 2556 3520 2611 Si
3550 2560 3721 2609 unitas

2150 2663 2254 2702 non
2280 2657 2381 2711 est,
2416 2661 2581 2715 quare
2610 2647 2662 2700 in
2690 2661 2795 2701 uno
2825 2647 3271 2702 nomine‘dictum
3301 2655 3412 2711 est,
3452 2658 3505 2701 et
3532 2662 3634 2701 non
3667 2640 3723 2700 in

2149 2738 2562 2793 nomiuibus‘lSi
2594 2737 2827 2791 Trinitas
2871 2752 2976 2791 non
3018 2746 3130 2799 est,
3173 2751 3339 2805 quare
3375 2737 3506 2791 dicit
3546 2738 3707 2790 Domi-

2148 2843 2283 2882 nus:
2311 2828 2420 2899 Ego
2447 2843 2560 2881 sum
2594 2825 2731 2880 Deus
2762 2826 3053 2892 Abraham,
3101 2825 3237 2880 Deus
3280 2826 3453 2892 Isaae,
3499 2837 3547 2880 et
3586 2827 3718 2881 Dens

2148 2918 2420 2972 Jacob?Si
2451 2917 2626 2971 unitas
2655 2932 2758 2970 non
2791 2926 2907 2980 est,
2958 2930 3123 2986 quare
3164 2916 3296 2971 dicit
3349 2918 3509 2972 tertio
3549 2917 3715 2981 Deus,
3764 2964 3767 2967 ,

2149 3015 2205 3063 et
2231 3024 2334 3064 non
2358 3009 2554 3077 pariter
2578 3008 2711 3061 Deos
2739 3007 3065 3076 appellavit?
3096 3007 3153 3062 Si
3183 3007 3420 3061 Trinitas
3462 3021 3565 3083 noti
3597 3018 3677 3061 est
3700 3049 3715 3070 ,

2154 3118 2320 3173 quare
2349 3104 2533 3157 dicunt
2562 3104 2612 3157 in
2646 3103 2798 3156 Esaia
2825 3101 3105 3168 Seraphim
3136 3101 3400 3155 laudantia
3434 3116 3447 3151 :
3478 3080 3717 3164 Sauctns,

1302 3202 1530 3269 Spiri‘us
1569 3213 1642 3255 est
1676 3206 1761 3271 qui
1800 3178 2041 3271 rivi/ient,

2158 3192 2393 3255 Sanctus,
2427 3190 2681 3259 Sanetus,
2705 3191 2953 3245 Dominus
2984 3190 3117 3244 Deus
3140 3192 3366 3247 Sabaoth
3400 3193 3417 3261 (
3442 3191 3582 3245 Esai.
3611 3194 3719 3260 vt).

2155 3286 2249 3341 Ubi
2277 3296 2332 3340 et
2358 3286 2675 3341 Trinitatem
2708 3287 2993 3339 ostendunt
3020 3294 3074 3340 et
3104 3274 3384 3350 unitatem,
3410 3286 3530 3355 quia
3559 3284 3719 3337 Deum

2152 3376 2337 3429 dicant
2366 3385 2421 3430 et
2450 3392 2553 3430 non
2577 3376 2729 3429 deos.
2760 3376 2812 3429 Si
2840 3375 3072 3428 Trinitas
3096 3392 3200 3430 non
3240 3385 3353 3435 est,
3384 3389 3550 3442 quare
3591 3374 3716 3427 dicit

2151 3467 2439 3534 Apostolus
2472 3479 2484 3515 :
2510 3464 2595 3520 Ea:
2623 3468 2757 3533 ipso,
2789 3477 2836 3519 et
2861 3483 2951 3535 per
2975 3468 3159 3535 ipsum,
3191 3476 3237 3519 et
3261 3466 3313 3518 in
3333 3466 3446 3535 ipso
3476 3472 3590 3517 sunt
3612 3480 3717 3516 om-

2149 3558 2256 3613 nia.
2280 3558 2382 3612 Aut
2411 3560 2453 3613 si
2486 3558 2720 3613 Trinitas
2749 3574 2853 3610 uon
2878 3567 2956 3611 est
2987 3568 3078 3611 aut
3105 3557 3309 3626 unitas,
3343 3572 3509 3625 quare
3535 3556 3714 3623 sequi-

2156 3657 2261 3714 tur,
2296 3650 2413 3718 ipsi,
2447 3648 2635 3719 glcria,
2663 3658 2714 3701 ct
2742 3663 2847 3702 non
2879 3648 3007 3716 ipsis
3024 3647 3215 3716 gloria,
3269 3647 3314 3700 si
3373 3647 3549 3715 plures
3593 3652 3718 3709 sunt

2152 3741 2429 3808 diiiQuod
2462 3742 2507 3795 si
2537 3742 2605 3795 de
2645 3741 2801 3794 Patre
2853 3741 2953 3795 hoc
3001 3740 3185 3794 volunt
3228 3740 3393 3808 aliqui
3442 3741 3715 3806 accipere,

2153 3848 2279 3901 ergo
2327 3849 2429 3887 nou
2463 3830 2851 3887 calumnieulur
2882 3831 3015 3884 Filia
3036 3871 3051 3895 ,
3084 3829 3333 3900 quoniam
3381 3832 3521 3885 sicut
3564 3829 3720 3882 Pater

2154 3922 2365 3987 Filium,
2398 3922 2476 3974 sic
2501 3936 2596 3990 per
2617 3920 2808 3974 Filium
2839 3920 2975 3974 facta
3001 3929 3126 3974 sunt
3145 3920 3346 3975 omnia.
3383 3917 3561 3988 Itaque
3584 3920 3719 3972 Deus

2155 4029 2258 4067 non
2292 4019 2620 4075 numeratur,
2645 4026 2749 4065 non
2778 4010 3021 4081 augetur,
3054 4025 3159 4065 non
3191 4010 3411 4079 indiget,
3445 4009 3565 4076 quia
3613 4022 3717 4061 non

2154 4102 2430 4157 minuitur.
2461 4101 2515 4155 Si
2548 4102 2683 4157 Deus
2702 4110 2783 4155 est
2804 4102 2993 4169 utique.
3013 4100 3198 4167 Filius,
3224 4114 3329 4152 non
3356 4099 3590 4151 admittit
3616 4099 3713 4151 ista

2154 4194 2207 4248 in
2237 4208 2317 4258 se,
2351 4209 2470 4245 nam
2498 4193 2610 4259 ipse
2634 4191 2766 4245 dicit
2806 4192 2869 4244 ad
2907 4190 3175 4245 diabolum
3217 4199 3510 4245 tentantem
3544 4206 3557 4240 :
3598 4188 3717 4241 Non

2154 4284 2367 4337 tentabis
2397 4282 2667 4335 Dominum
2702 4280 2861 4333 Deum
2884 4289 3028 4332 tuum
3077 4278 3289 4346 (Ilatth.
3332 4278 3430 4348 tv).
3489 4278 3554 4330 Et
3581 4277 3721 4330 Tho-

2156 4388 2270 4427 mas
2312 4371 2595 4438 aposolus
2640 4370 2787 4433 dicit,
2835 4386 2955 4423 cum
3002 4370 3237 4437 palparet
3283 4367 3398 4421 loca
3443 4366 3717 4419 vulnerum

2157 4469 2269 4537 ejus
2312 4485 2325 4519 :
2381 4465 2626 4519 Dominus
2672 4480 2811 4517 meus
2859 4475 2905 4517 et
2958 4466 3093 4518 Deus
3141 4479 3299 4516 meus.
3351 4462 3723 4529 Inseparabilis

490 4527 583 4627 ξξαδ-
604 4529 893 4627 ξεευηίξξξηξ
913 4531 1143 4627 “imiimi
1173 4532 1448 4627 δρξνίίκηεν
1479 4535 1569 4606 alii
1608 4537 1733 4597 βάεδ
1774 4539 1826 4591 δη
1871 4540 2049 4593 eadem
2078 4529 2131 4589 D
2154 4527 2348 4627 quippe
2375 4567 2456 4609 est
2483 4555 2734 4609 Trinitas.
2763 4552 2944 4622 Neque
2972 4542 3114 4608 enim
3142 4540 3350 4607 locutus
3377 4527 3585 4606 est'ubi
3613 4567 3717 4605 non

482 4618 712 4685 Spiritu,
732 4622 822 4673 alii
861 4623 1067 4676 donatio
1097 4625 1420 4695 curationum
1447 4627 1501 4680 in
1544 4644 1643 4681 uno
1672 4628 1871 4697 Spiritu
1893 4670 1908 4695 ,
1959 4633 2051 4686 alii

486 4709 800 4776 operationes
820 4712 1221 4778 sanitatum,alii
1250 4718 1535 4786 prophetia,
1558 4720 1646 4771 alii
1668 4722 1923 4791 judicatio
1947 4722 2051 4791 spi-

481 4800 696 4865 rituum,
736 4801 826 4855 alii
847 4819 1029 4873 genera
1056 4806 1347 4875 linguarum
1370 4824 1392 4862 :
1412 4809 1519 4863 haec
1543 4820 1711 4863 autem
1736 4814 1906 4866 omnia
1931 4829 2056 4883 ape-

485 4902 627 4947 ratur
647 4909 778 4949 unus
802 4903 952 4964 atque
976 4897 1112 4950 idem
1132 4900 1379 4967 Spiritus,
1404 4902 1634 4956 dividens
1685 4906 1893 4972 propria
1932 4908 2022 4958 uni
2033 4934 2050 4946 -

384 5040 389 5045 ,
481 4983 663 5051 cuique
686 4998 837 5054 prout
857 4987 958 5039 rult
981 4985 1035 5057 (ι
1060 4987 1175 5042 Cor.
1205 4994 1319 5058 xu).

560 5074 701 5131 Ecce
727 5077 866 5145 quod
897 5090 1151 5146 operatur
1187 5096 1320 5136 unus
1356 5091 1516 5151 atque
1558 5084 1699 5140 idem
1731 5086 1959 5155 Spiritus
1989 5097 2049 5142 ut

485 5166 617 5233 vult,
648 5183 754 5222 non
782 5185 901 5240 qua:
923 5170 977 5226 ei
998 5172 1342 5240 imperantur.
1378 5175 1494 5242 Ipse
1516 5177 1773 5232 Dominus
1798 5180 1850 5233 in
1873 5180 2045 5234 Ev‘an-

483 5257 621 5324 gelia
658 5258 829 5316 dicit:
868 5260 1092 5327 Spiritus
1134 5263 1219 5317 ubi
1266 5264 1372 5318 vult
1411 5268 1573 5336 spirat
1612 5270 1798 5338 (Joan.
1831 5270 1942 5339 ιιι).
1990 5271 2044 5325 In

484 5350 703 5406 Actibus
731 5351 1108 5421 Apostolorum
1145 5355 1298 5423 jubet
1339 5357 1567 5424 Spiritus
1604 5359 1845 5428 Philippo
1889 5369 1946 5414 ut
1988 5375 2047 5415 se

481 5443 728 5505 eunucho
756 5444 1012 5499 Candacis
1038 5449 1238 5516 regina:
1265 5448 1633 5518 coniungeret.
1658 5450 1785 5505 Item
1816 5452 2045 5520 Spiritus

482 5534 645 5589 dicit:
671 5536 1089 5620 Segregatemilti
1112 5537 1400 5594 Barnabam
1439 5551 1484 5593 et
1533 5540 1755 5595 Paulum
1804 5545 1857 5597 in
1898 5560 2048 5612 opere

480 5635 675 5692 sancto,
698 5643 798 5696 quo
824 5630 993 5681 vocavi
1015 5629 1151 5683 illos.
1185 5629 1322 5685 Ecce
1349 5630 1577 5698 Spiritus
1605 5643 1818 5688 sanctus
1862 5648 2045 5701 segre~

482 5726 568 5783 gat
589 5720 854 5787 apostolos
880 5730 933 5774 et
962 5730 1131 5775 vacat.
1168 5719 1295 5775 Item
1324 5720 1390 5775 de
1433 5721 1685 5789 apostolis
1715 5741 1727 5775 :
1760 5722 2041 5776 Tentabant

2153 4650 2242 4703 sit.
2274 4647 2446 4705 Pater.
2465 4656 2518 4701 et
2542 4645 2726 4708 Filius,
2756 4652 2809 4699 et
2837 4645 3065 4713 Spiritus
3108 4651 3354 4706 sanctus,
3406 4644 3600 4713 ubique
3648 4644 3722 4695 si-

2155 4740 2262 4802 mul
2292 4747 2435 4801 sunt,
2468 4753 2565 4793 nec
2590 4747 2907 4807 separantur
2932 4738 3081 4800 locis,
3112 4736 3234 4805 quia
3272 4750 3376 4789 non
3419 4746 3499 4790 est
3533 4751 3720 4803 corpo-

2157 4844 2281 4885 reus
2312 4830 2469 4891 Deus,
2502 4843 2603 4883 nec
2627 4837 2934 4883 numeratur
2962 4828 3123 4889 Deus,
3152 4828 3275 4896 quia
3307 4842 3410 4880 non
3444 4827 3721 4895 subjicitur

2160 4921 2419 4984 numeris,
2459 4920 2598 4973 Deus
2621 4919 2779 4987 igitur
2812 4929 2992 4973 noster
3022 4933 3156 4971 unus
3186 4927 3287 4971 est.
3316 4917 3446 4971 Nam
3478 4932 3595 4970 cum
3624 4916 3722 4969 Pa-

2164 5019 2267 5073 ter,
2291 5019 2345 5063 et
2368 5008 2553 5073 Filius,
2587 5017 2641 5064 et
2666 5008 2895 5075 Spiritus
2921 5018 3137 5061 sanctus
3161 5007 3247 5072 sit,
3282 5021 3439 5060 nemo
3468 5006 3721 5061 Christia-

2158 5116 2257 5155 uus
2284 5110 2392 5154 tres
2420 5099 2554 5154 Deos
2588 5100 2782 5167 poterit
2802 5098 2998 5161 dicere,
3030 5100 3149 5165 quia
3178 5099 3229 5151 in
3261 5099 3408 5151 nullo
3433 5116 3460 5149 a
3504 5114 3563 5152 se
3585 5098 3722 5150 divi-

2160 5203 2224 5241 na
2250 5188 2409 5243 distat
2439 5187 2923 5242 natura.Numerus
2953 5188 3216 5256 siquidem
3244 5187 3486 5241 ordinem
3508 5188 3723 5249 sufficit,

2161 5278 2437 5345 :equalitas
2467 5292 2568 5331 non
2594 5277 2813 5339 amittit,
2842 5278 2977 5331 alter
3012 5279 3153 5331 enim
3203 5281 3428 5347 primum
3461 5280 3725 5347 sequitur,

2152 5367 2303 5421 alteri
2338 5368 2527 5420 tertius
2546 5368 2863 5434 applicatur.
2912 5365 3017 5421 Sed
3060 5381 3182 5421 cum
3228 5369 3429 5437 gradus
3470 5368 3587 5422 ﬁeri
3618 5384 3723 5421 non

2101 5462 2104 5465 ’
2153 5456 2359 5523 possint
2388 5471 2451 5509 ex
2485 5455 2699 5522 paribus
2723 5456 2809 5522 qui
2839 5454 2993 5510 subdi
3031 5456 3237 5525 possint
3272 5456 3725 5526 quemadmodum

2150 5554 2478 5605 numeratur,
2508 5558 2640 5597 unus
2662 5558 2789 5612 ergo
2804 5545 3061 5614 erit,quia
3093 5560 3199 5599 non
3222 5546 3381 5601 habet
3411 5548 3723 5608 secundum,

2152 5636 2416 5694 secundus
2443 5636 2637 5703 quippe
2669 5637 2891 5691 minoris
2931 5637 3172 5691 ordinem
3226 5645 3401 5703 tenet,
3458 5647 3511 5691 et
3550 5637 3726 5689 minor

2153 5729 2374 5780 alterum
2420 5727 2563 5789 facit,
2606 5727 2739 5780 alter
2792 5728 3142 5790 posteriorem
3199 5727 3416 5795 iudicat,
3462 5726 3723 5796 posterior
