4068 6348
299 372 412 427 765

1194 362 1514 419 LIBELLUS
1553 360 1825 415 CONTRA
1873 357 2259 431 MAXIMIN‘UM
2303 362 2631 422 ARIANUM.

3452 372 3552 428 766

301 488 565 554 imparem
595 480 786 551 signat.
812 479 1047 535 Remove
1070 476 1405 541 distantiam,
1438 486 1487 529 et
1520 475 1659 544 quod
1693 484 1876 526 nutne~
1909 470 1957 526 Α
1987 482 2079 533 co,
2109 472 2341 540 nunquid
2372 475 2495 542 quia
2540 474 2760 544 legimus
2805 478 2855 529 in
2907 475 3143 529 Lcritico
3182 477 3396 544 proprio
3436 477 3553 529 loco

301 590 396 631 res
425 587 529 628 non
557 570 797 625 habebis.
829 570 1093 637 Pr0phcta
1124 566 1290 622 dicit:
1326 566 1609 633 Sapientia:
1644 565 1754 633 ejus
1782 579 1881 616 non

303 677 379 721 est
402 678 662 718 numerus.
693 660 747 715 Si
770 659 1031 729 sapientia
1074 658 1191 725 ejus
1247 671 1352 714 non
1396 667 1727 721 numeratur,
1760 670 1886 722 quu-

302 753 469 809 modo
498 750 665 806 Filius
687 759 1015 812 numeratur,
1044 746 1131 818 qui
1161 756 1244 801 est
1272 746 1545 816 Sapientia
1576 745 1782 809 Patris,
1813 745 1885 798 si-

302 854 403 899 cut
422 840 708 912 Apostolus
728 838 899 894 dicit?
924 838 1099 906 Quare
1126 846 1245 906 post
1270 837 1484 892 Patrem
1518 836 1788 891 secundus
1815 836 1888 888 tti-

303 937 443 991 citur
478 933 665 1000 Filius,
698 946 818 987 cum
839 929 1099 1001 sapientia
1128 944 1233 984 non
1265 941 1600 994 numeretur,
1648 928 1772 998 quia
1803 937 1885 982 est

304 1024 570 1097 sapientia
594 1023 786 1079 Patris.

948 1126 1117 1166 CAPUT
1156 1127 1267 1165 XVI.

383 1205 514 1273 Quia
546 1203 823 1258 invisibilis
846 1210 928 1255 est
954 1201 1139 1266 Filius,
1171 1202 1249 1255 sic
1274 1200 1522 1256 docetur:
1546 1199 1710 1254 Nemo
1742 1201 1887 1255 novit

309 1300 510 1353 Filium
531 1297 629 1351 nisi
659 1294 835 1359 Pater,
858 1310 1017 1364 neque
1039 1293 1243 1347 Patrem
1267 1293 1378 1360 quis
1399 1292 1532 1346 novit
1554 1291 1653 1345 nisi
1686 1287 1879 1353 Filius,

309 1398 359 1443 et
381 1391 466 1444 cui
490 1387 701 1442 voluerit
726 1384 893 1440 Filius
914 1383 1155 1437 revelare.
1181 1382 1237 1437 In
1272 1382 1529 1452 Apostolo
1570 1382 1655 1461 de:
1676 1380 1890 1436 Christo
1936 1448 1955 1465 ἢ

310 1478 568 1548 scriptum
597 1480 718 1532 est!
748 1474 844 1528 Hic
865 1473 1130 1527 invisibilis
1170 1474 1540 1543 primogenitus
1571 1473 1721 1526 totius
1748 1486 1890 1525 (νεα-

312 1587 463 1629 tum.
507 1571 635 1626 Item
662 1587 674 1621 :
706 1566 939 1624 Christus
987 1567 1137 1621 Iesus
1181 1567 1309 1619 venit
1353 1567 1406 1619 in
1455 1567 1589 1619 hunc
1639 1565 1887 1617 mundum

313 1672 604 1736 peccatores
632 1660 799 1713 salvos
831 1660 1019 1729 facere,
1045 1673 1260 1727 quorum
1285 1658 1478 1725 primus
1508 1666 1607 1727 ego
1629 1670 1775 1718 sum;
1802 1654 1891 1708 sed

315 1757 431 1809 ideo
466 1750 866 1807 misericordiam
897 1757 1190 1803 consecutus
1226 1764 1376 1809 sum,
1418 1757 1470 1799 ut
1520 1745 1572 1798 in
1600 1760 1679 1797 me
1726 1744 1890 1810 primo

1987 559 2086 613 sub
2110 574 2213 613 una
2238 564 2499 618 sententia
2531 566 2858 618 nominatum
2888 564 3077 630 Jacoh,
3105 565 3339 621 secundo
3367 566 3513 620 Isaac
3535 607 3551 632 ,

1990 652 2145 706 tertio
2176 653 2464 719 Abraham,
2493 654 2611 710 ideo
2640 656 2924 711 dicendum
2960 666 3041 711 est
3073 657 3346 712 meliorem
3388 655 3553 711 fuisse

1987 742 2153 799 lacob
2180 744 2251 798 ab
2276 744 2554 810 lsaac,aut
2596 748 2850 814 majorem
2900 747 3045 801 Isaac
3087 748 3352 803 Abraham
3409 756 3556 817 patre

1989 848 2107 900 suo,
2140 835 2440 889 sicutenirn
2469 837 2724 903 scriptum
2772 846 2853 890 est
2901 854 2915 892 :
2946 837 3012 890 Et
3058 840 3371 892 mimorabor
3404 848 3555 903 testa;

1987 928 2143 980 menti
2162 926 2351 992 Jacob,
2377 927 2500 980 dicit
2535 928 2802 990 Dominus,
2826 936 2870 980 et
2896 930 3176 981 testamenti
3208 927 3376 994 Isaac,
3414 938 3460 982 st
3483 936 3556 981 te-

1988 1019 2224 1073 stamenti
2255 1018 2533 1072 Abraham.
2560 1020 2871 1072 Hominibus
2898 1035 3000 1072 non
3028 1021 3559 1087 prazjudicatisJaxae

1992 1110 2064 1162 tio
2086 1110 2194 1183 Deo
2219 1108 2582 1178 praeiudicium
2606 1125 2702 1163 cur
2733 1108 2918 1174 infert,
2950 1112 2991 1163 si
3028 1111 3163 1163 forte
3196 1110 3389 1162 alicubi
3412 1110 3557 1177 prior

1992 1210 2198 1256 taxatur
2225 1201 2382 1259 Pater
2418 1216 2445 1253 a
2480 1202 2633 1264 Filio,
2688 1212 2779 1254 aut
2819 1201 2984 1255 Filius
3037 1216 3066 1254 a
3126 1202 3325 1270 Spiritu
3369 1211 3559 1256 sancto
3592 1228 3595 1229 ν

1990 1292 2152 1360 priori
2176 1292 2293 1344 loco
2319 1306 2347 1344 a
2375 1292 2531 1345 Patre
2554 1302 2808 1345 laxatum.

2617 1396 2787 1435 CAPUT
2821 1396 2907 1434 ιι.

2064 1475 2255 1528 Contra
2291 1473 2340 1527 id
2374 1474 2514 1542 quod
2545 1474 2732 1527 dicunt
2763 1491 2775 1523 :
2809 1473 2966 1527 Pater
3001 1474 3071 1525 illi
3099 1474 3273 1527 omnia
3314 1472 3563 1541 subjecit.

1994 1568 2282 1635 Apostolus
2305 1567 2371 1619 ad
2402 1566 2707 1620 Corinthios
2747 1565 2959 1619 dicitde
2993 1564 3129 1617 Filio
3162 1577 3175 1612 :
3209 1565 3448 1628 Oportet,
3487 1567 3565 1615 in-

1995 1657 2129 1724 quit,
2161 1655 2308 1707 illum
2337 1671 2569 1724 regnare,
2603 1656 2761 1707 donec
2790 1663 2945 1722 ponat
2974 1669 3147 1706 omnes
3173 1653 3404 1707 inimicos
3442 1668 3563 1704 suos

1996 1746 2085 1800 sub
2109 1746 2318 1814 pedibus
2344 1748 2448 1800 suis
2474 1747 2617 1812 (Cor.
2642 1746 2752 1815 xv).
2782 1745 2846 1799 Et
2877 1745 2943 1798 ad
2975 1745 3349 1812 Philippenses
3374 1758 3386 1793 :
3416 1741 3565 1795 Unde

316 1843 600 1900 ostenderet
645 1838 873 1895 Christus
922 1837 1075 1892 Iesus
1114 1852 1309 1890 onmem
1362 1836 1798 1905 longanimitatem
1836 1835 1890 1887 in
1922 1815 1969 1875 Β
1994 1839 2144 1892 etiam
2169 1851 2518 1906 exspectamus
2547 1838 2815 1890 Dominum
2845 1836 3024 1890 Iesum
3044 1834 3301 1887 Christum
3330 1833 3568 1887 δαιυαιο.

318 1934 678 2005 formationem
700 1946 872 1985 eorum
899 1929 987 1998 qui
1021 1927 1260 1981 credituri
1291 1937 1405 1979 sunt
1434 1925 1512 1978 illi
1539 1925 1590 1977 in
1628 1928 1780 1978 vitam
1824 1939 1895 1977 te-

320 2035 516 2080 ternam
544 2038 562 2076 :
591 2020 699 2091 regi
728 2029 895 2072 autem
935 2018 1241 2072 strculorum
1274 2014 1583 2077 immortali,
1620 2013 1890 2078 invisibili,

318 2116 417 2170 soli
439 2111 546 2168 Deo
574 2112 737 2165 honor
757 2118 802 2163 et
829 2109 993 2179 gloria
1015 2109 1070 2163 in
1112 2108 1300 2162 stccula
1335 2105 1661 2160 seculorum.
1708 2104 1894 2159 Invisi-

318 2206 444 2262 bilis
472 2211 555 2260 est
580 2218 707 2272 ergo
737 2200 919 2263 Filius,
948 2201 1036 2270 qui
1065 2199 1213 2254 venit
1259 2195 1779 2266 peccatormsalvos
1819 2195 1896 2249 l’a-

319 2312 464 2355 cere.
499 2297 554 2351 Si
591 2297 800 2349 videtur
838 2291 1003 2347 Filius
1028 2333 1044 2356 ,
1079 2290 1284 2345 videtur
1320 2298 1373 2344 ει
1418 2289 1595 2351 Pater,
1644 2288 1893 2357 quoniam

322 2391 577 2459 scriptum
608 2394 689 2442 est
714 2402 726 2437 :
760 2384 861 2448 Qui
887 2398 964 2435 me
992 2382 1143 2444 videt,
1168 2380 1300 2434 videt
1320 2389 1365 2435 et
1396 2379 1622 2434 Patrem.

922 2506 1092 2549 CAPUT
1136 2508 1265 2546 λνιι.

392 2590 678 2650 (Σοιιιιιιὶιι
718 2589 858 2660 quod
903 2588 1084 2642 dicunt
1128 2601 1141 2636 :
1183 2599 1248 2639 ex
1293 2582 1450 2637 Patre
1483 2598 1578 2651 per
1617 2581 1810 2635 Filium
1842 2581 1894 2635 in

322 2687 524 2756 Spiritu
554 2692 739 2738 sancto
764 2695 885 2736 esse
910 2679 1109 2735 omnia.
1136 2676 1270 2730 Audi
1306 2674 1425 2745 quia
1469 2688 1573 2728 nou
1617 2674 1789 2726 solum
1829 2687 1894 2726 ex

323 2777 504 2840 Patre,
526 2772 621 2829 sed
647 2778 703 2826 ει
727 2786 793 2825 ex
822 2768 988 2837 Filio,
1016 2778 1071 2822 et
1111 2765 1310 2835 Spiritu
1338 2772 1523 2816 sancto
1563 2761 1695 2815 laeta
1717 2762 1894 2815 omnia

324 2867 565 2922 invenies
592 2863 811 2918 dictum.
845 2858 1131 2929 Apostolus
1157 2856 1222 2911 ad
1254 2855 1513 2924 Ephesios
1550 2854 1630 2908 sic
1669 2853 1795 2908 dicit
1831 2852 1898 2906 de

327 2955 466 3012 Filio
495 2971 513 3012 :
545 2954 811 3008 Veritatem
837 2960 1003 3005 autem
1028 2948 1356 3018 facientes‘in
1389 2946 1598 2998 caritate
1622 2960 1900 3014 augeamur

328 3051 380 3103 in
406 3047 501 3102 illo
525 3062 615 3116 per
634 3045 826 3109 omnia,
858 3042 945 3112 qui
970 3049 1042 3094 est
1064 3047 1215 3110 caput
1240 3038 1492 3104 Christus,
1522 3053 1584 3090 ea:
1608 3053 1705 3101 quo
1737 3043 1899 3088 totum

328 3117 523 3210 corpu:
539 3150 816 3191 connexum
846 3141 892 3186 et
916 3140 1253 3199 compactum.
1299 3130 1434 3183 Ecce
1466 3143 1531 3183 ex
1562 3127 1698 3181 Filio
1731 3145 1742 3180 :
1771 3127 1893 3180 andi

329 3240 385 3285 et
407 3244 470 3284 ex
502 3226 703 3296 Spiritu
745 3231 930 3279 sancto
961 3239 974 3273 :
1019 3219 1078 3275 Si
1100 3219 1214 3289 quis
1253 3235 1353 3271 non
1405 3227 1608 3271 renatus
1647 3216 1798 3286 fuerit
1837 3232 1901 3269 ea:

330 3336 467 3389 aqua
496 3328 543 3373 et
571 3316 770 3385 Spiritu
790 3321 987 3377 sancto,
1009 3326 1112 3364 non
1143 3317 1301 3377 potest
1332 3308 1498 3385 videre
1531 3322 1743 3377 regnum
1780 3305 1897 3360 Dei.

330 3384 400 3465 Et
446 3384 640 3464 iterum
692 3405 744 3459 in
800 3401 1085 3473 Evangelia
1130 3400 1321 3469 legitur
1347 3384 1487 3453 :VSic
1516 3409 1587 3451 est
1624 3399 1788 3451 omnis
1817 3399 1901 3465 qui

332 3513 483 3556 natus
511 3509 580 3554 es!
599 3515 662 3553 ex
688 3497 909 3567 Spiritu.

960 3578 1132 3619 CAPUT
1170 3576 1316 3616 XVIII.

370 3662 598 3719 Contra
627 3659 678 3713 id
708 3656 848 3729 quod
874 3655 1056 3709 dicunt
1082 3670 1093 3703 :
1117 3652 1250 3718 Quia
1284 3649 1444 3705 Pater
1476 3650 1719 3718 perhibet
1752 3650 1900 3705 testi-

333 3753 570 3809 monium
598 3750 754 3804 Filio.
782 3748 901 3816 Ipse
927 3744 1169 3799 Christus
1186 3742 1313 3797 dicit
1340 3742 1390 3796 in
1425 3741 1716 3809 Evangelio
1746 3754 1760 3787 :
1791 3739 1904 3810 Ego

334 3859 448 3899 sum
473 3842 559 3912 qui
580 3838 917 3895 testimonium
944 3834 1177 3904 perhibeo
1207 3833 1275 3886 de
1310 3848 1407 3885 me.
1448 3832 1587 3900 Ergo
1618 3831 1729 3899 ipse
1758 3830 1905 3884 testi-

337 3939 525 3993 ﬁcatur
557 3930 625 3985 de
650 3945 728 3985 se.
762 3926 1046 3997 Propheta:
1076 3923 1454 3993 perhibuerunt
1493 3920 1627 3973 Filio
1667 3918 1904 3972 testiino-

336 4029 507 4090 nium,
539 4019 773 4092 nunquid
804 4018 1032 4086 majores
1061 4023 1185 4069 sunt
1225 4011 1498 4081 prophetas
1544 4008 1714 4062 Filio?
1764 4010 1903 4076 Apo-

336 4116 461 4175 stoli
488 4112 870 4185 perhibuerunt
899 4104 1258 4161 testimonium
1286 4101 1437 4162 Filio,
1484 4098 1718 4168 nunquid
1744 4096 1908 4164 majo-

336 4221 429 4266 res
470 4214 594 4262 sunt
632 4199 857 4271 apostoli
903 4196 1039 4252 Filio
1096 4192 1229 4249 Dei?
1266 4190 1372 4246 Sed
1415 4204 1536 4244 cum
1582 4187 1906 4242 ostenderim

292 4332 297 4335 -
338 4300 462 4372 quia
488 4298 602 4367 ipse
624 4293 725 4351 sibi
753 4289 1020 4362 perhibuit
1060 4283 1453 4347 testimonium,
1486 4297 1589 4336 non
1638 4281 1740 4334 erit
1770 4273 1909 4346 quod

338 4369 410 4445 ab
438 4382 759 4443 adversariis
783 4377 1199 4449 respondeatur:
1235 4373 1344 4445 Ego
1370 4387 1503 4435 sum,
1533 4369 1695 4441 inquit
1725 4369 1907 4435 Filgus,

345 4483 430 4553 qui
446 4480 686 4549 testiﬁcor
706 4476 769 4530 de
792 4490 889 4528 me.

978 4578 1141 4617 CAPUT
1182 4576 1290 4614 XIX.

413 4660 609 4715 Contra
640 4656 689 4710 id
718 4653 859 4726 quod
887 4652 1065 4706 dicunt
1092 4669 1104 4703 :
1137 4650 1312 4716 Quare
1335 4648 1480 4718 prius
1512 4647 1690 4710 Pater,
1717 4643 1910 4699 deinde

342 4752 511 4806 Filius
541 4747 866 4803 nominatur.
895 4743 1031 4797 Audi
1058 4750 1112 4795 et
1139 4740 1329 4795 Filium
1376 4739 1606 4807 priorem
1650 4735 1913 4790 nominari

343 4857 374 4895 τι
402 4840 579 4894 Patre.
611 4836 903 4908 Apostolus
918 4832 1046 4886 dit-it
1072 4829 1135 4883 ad
1164 4828 1375 4883 Galatas
1401 4842 1413 4876 :
1450 4826 1570 4880 Non
1606 4828 1668 4879 ab
1695 4824 1915 4878 homini-

342 4934 457 4995 bus,
486 4944 644 5000 neque
665 4943 753 4997 per
775 4924 1049 4989 hominem,
1092 4919 1179 4972 sed
1226 4935 1314 4987 per
1344 4917 1522 4970 Jesum
1563 4915 1823 4970 Christum
1869 4924 1915 4965 ct

349 5020 511 5073 Deum
535 5017 761 5072 Patrem.
792 5014 921 5068 Item
945 5010 1011 5066 ad
1035 5006 1546 5064 Thcssalonicenses
1591 5005 1705 5073 ipse
1741 5005 1866 5058 dicit
1899 5022 1911 5057 :

345 5109 469 5180 Ipse
492 5117 664 5161 autem
690 5106 935 5158 Dominus
955 5111 1122 5155 noster
1150 5098 1299 5155 Jesus
1326 5094 1556 5151 Christus
1575 5105 1621 5148 et
1649 5096 1782 5147 Deus
1811 5093 1917 5147 Pa-

344 5209 423 5253 ter
445 5207 633 5263 noster,
659 5197 748 5265 qui
778 5194 953 5247 dilexit
983 5209 1100 5251 nos,
1127 5200 1171 5244 et
1195 5190 1331 5243 dedit
1360 5187 1756 5241 consolationem
1773 5194 1918 5237 teter-

345 5307 489 5353 nam,
520 5298 622 5344 etc.
652 5288 791 5342 Ecce
813 5290 961 5356 prior
1006 5294 1087 5339 est
1126 5283 1294 5338 Filius
1323 5281 1645 5335 nominatus.
1694 5277 1831 5332 Audi
1863 5286 1918 5331 et

345 5370 600 5450 Spiritum
631 5385 873 5431 sanctum
924 5374 1087 5445 priori
1133 5373 1252 5427 loco
1294 5366 1574 5425 nominari.
1626 5367 1918 5435 Apostolus

347 5469 477 5523 dicit
507 5506 521 5522 .
551 5467 719 5524 Unum
749 5483 937 5535 corpus
962 5474 1008 5519 et
1031 5480 1158 5517 unus
1182 5462 1405 5533 Spiritus
1424 5500 1437 5524 ,
1469 5460 1598 5513 sicut
1621 5459 1782 5513 vocati
1804 5459 1922 5511 estis

349 5558 404 5612 in
425 5573 527 5611 una
555 5573 645 5617 spe
670 5555 945 5609 vocationis
973 5562 1172 5617 vestrae,
1204 5568 1333 5605 unus
1378 5550 1516 5604 Deus
1541 5590 1557 5613 ,
1596 5565 1698 5601 una
1751 5548 1878 5615 ﬁdes
1904 5586 1918 5611 ,

350 5665 508 5704 unum
538 5649 966 5716 baptisma,unus
1012 5642 1148 5697 Deus
1194 5650 1238 5695 et
1287 5641 1442 5693 Pater
1489 5640 1732 5692 omnium.
1784 5638 1922 5691 Ecce

356 5739 507 5811 prius
532 5739 806 5808 Spiritntn,
837 5744 889 5792 ct
921 5716 1342 5804 posteadl’atretn
1367 5731 1674 5785 nominavit.
1708 5728 1810 5782 Sed
1842 5729 1919 5782 di-

1938 4508 1989 4569 D

1997 1945 2103 1983 rem
2131 1940 2357 1983 nostrum
2385 1946 2401 1993 ;
2428 1931 2511 1994 qui
2536 1928 2916 1997 lrans/tgurabit
2942 1943 3129 1994 corpus
3149 1925 3450 1978 humilitatis
3476 1927 3567 1976 nti-

1994 2028 2115 2075 δίνας
2144 2020 2465 2088 conformans
2494 2019 2696 2088 corpori
2726 2019 2901 2087 gloria:
2940 2032 3048 2071 suta
3087 2016 3366 2070 secundum
3391 2029 3567 2083 opera-

1996 2106 2203 2175 tionem,
2229 2121 2283 2163 ut
2312 2111 2469 2180 possit
2497 2110 2593 2162 sibi
2618 2108 2866 2179 subjicere
2893 2108 3065 2159 omnia
3096 2105 3319 2175 (Philip.
3349 2105 3409 2172 ι).
3438 2105 3565 2157 Item

1996 2202 2282 2267 Apostolus
2306 2200 2455 2265 dicit,
2479 2200 2602 2268 quia
2629 2199 2794 2253 Filius
2822 2198 2992 2252 tradet
3028 2212 3247 2265 regnum
3285 2196 3393 2248 Deo
3426 2194 3567 2246 Patri

1995 2309 2123 2358 suo;
2157 2294 2409 2361 scriptum
2436 2300 2520 2345 est
2546 2290 2687 2345 enim
2715 2290 2783 2343 de
2815 2288 3027 2344 Christo
3064 2311 3075 2345 :
3124 2285 3249 2339 Cum
3298 2285 3568 2337 tradiderit

1996 2399 2205 2456 regnum
2229 2381 2335 2438 Deo
2360 2393 2406 2435 et
2434 2381 2601 2435 Patri.
2626 2380 2766 2449 Ergo
2798 2378 2969 2447 major
2989 2387 3070 2431 est
3102 2374 3269 2429 Filius
3300 2390 3328 2426 a
3378 2375 3531 2427 Patre
3550 2411 3568 2436 ,

1997 2476 2117 2544 quia
2143 2474 2255 2543 ipse
2280 2474 2455 2529 tradet
2488 2472 2629 2526 Patri
2668 2486 2768 2525 suo
2805 2470 3066 2538 regnum?
3112 2468 3237 2521 Haec
3280 2474 3405 2519 sunt
3450 2479 3571 2534 qua:

2001 2564 2259 2634 tantisper
2281 2577 2708 2619 commemorare
2729 2561 2872 2630 potui
2900 2569 2954 2614 ct
2980 2557 3252 2626 decerpsi;
3286 2556 3446 2610 multa
3476 2570 3571 2609 au-

2002 2664 2109 2708 tem
2134 2655 2490 2722 praetermissa
2515 2660 2637 2705 sunt
2671 2650 3052 2719 impedimento
3076 2646 3375 2702 velocitatis
3397 2683 3414 2707 ,
3451 2659 3572 2713 qua:

2000 2743 2183 2812 legens
2210 2744 2409 2812 poterit
2448 2743 2707 2796 invenire.
2744 2741 2857 2795 Hoc
2902 2751 3103 2794 tantum
3140 2739 3309 2794 lector
3352 2744 3528 2792 teneat
3552 2776 3568 2800 ,

2000 2832 2283 2886 Dominum
2310 2833 2474 2887 Deum
2518 2832 2738 2884 minime
2766 2845 2990 2884 numero
3019 2828 3316 2897 suhjacere,
3350 2826 3570 2880 minime

1999 2926 2233 2991 separari
2264 2936 2274 2969 :
2308 2921 2446 2991 quod
2478 2923 2619 2975 enim
2654 2919 2930 2975 minimum
2976 2927 3093 2982 est,
3127 2918 3266 2971 Deus
3297 2929 3404 2969 non
3440 2922 3523 2968 est
3552 2928 3566 2965 :

1999 3014 2095 3069 sed
2117 3013 2257 3083 quod
2285 3012 2424 3066 Deus
2444 3021 2545 3076 est,
2566 3011 2754 3073 Filius,
2780 3018 2836 3064 et.
2860 3010 3089 3077 Spiritus
3110 3015 3328 3062 sanctus
3346 3013 3569 3072 uterque

2004 3103 2265 3170 perfectus
2332 3100 2671 3172 [professus]
2730 3109 2836 3155 est.
2896 3100 3020 3153 Haec
3083 3106 3167 3152 est
3226 3106 3401 3150 autem
3446 3109 3572 3149 vera

2003 3197 2278 3265 perfectio,
2331 3208 2486 3262 quam
2521 3209 2623 3246 non
2681 3190 2895 3259 subjicit
2937 3190 3155 3243 alterius
3202 3185 3570 3254 comparatio,

2003 3302 2100 3341 nec
2156 3295 2392 3339 remanet
2455 3283 2595 3352 quod
2628 3284 2794 3351 possit
2830 3294 3159 3335 accrescere.
3192 3280 3333 3331 Deus
3355 3276 3573 3345 spiritus

2002 3388 2121 3443 est,
2168 3394 2274 3434 non
2316 3366 2475 3439 caro;
2531 3375 2831 3429 intellectus
2859 3380 2974 3437 cst,
3022 3386 3131 3424 non
3176 3377 3260 3423 est
3308 3366 3570 3435 globatio;

1943 3470 1953 3481 '
2004 3472 2268 3526 internum
2298 3471 2476 3524 lumen
2504 3478 2607 3531 est,
2643 3483 2747 3520 non
2770 3466 3024 3520 materies
3049 3461 3392 3518 circumfusa.
3448 3460 3572 3514 Ideo

2005 3580 2111 3617 nan
2151 3561 2402 3615 dividitur
2438 3560 2614 3621 Pater,
2644 3566 2698 3611 ει
2740 3557 2923 3621 Filius,
2950 3559 3035 3610 ‘et'
3056 3554 3282 3623 Spiritus
3326 3559 3575 3615 sanctus,

2004 3653 2125 3720 quia
2158 3665 2262 3704 non
2296 3656 2379 3703 est
2411 3648 2551 3713 ιειὶίε,
2584 3648 2669 3714 qui
2702 3661 2761 3701 se
2789 3656 2935 3714 paret
2965 3643 3155 3707 incidi;
3187 3651 3241 3696 et
3269 3650 3445 3695 tamen
3476 3639 3576 3692 Pa-

2006 3750 2107 3806 ter,
2136 3741 2292 3794 Pater
2320 3749 2429 3800 est;
2478 3738 2664 3801 Filius,
2714 3737 2875 3790 Filius
2921 3745 3031 3799 est;
3078 3734 3307 3802 Spiritus
3336 3740 3571 3794 sanctus,
3641 3731 3644 3734 ’

2008 3829 2236 3896 Spiritus
2280 3836 2495 3880 sanctus
2540 3834 2653 3889 est;
2697 3836 2751 3879 et
2794 3826 2988 3892 uhiquc
3034 3825 3148 3876 sine
3200 3823 3423 3875 invicem
3468 3835 3573 3872 non

2007 3929 2130 3974 sunt
2154 3936 2167 3971 :
2194 3918 2313 3986 quia
2347 3933 2480 3969 unus
2511 3926 2592 3969 est
2618 3916 2705 3983 qui
2739 3915 2953 3983 intelligi
2987 3921 3189 3981 potest,
3212 3910 3446 3979 separari
3468 3923 3579 3962 non

2009 4018 2203 4080 potest.
2250 4010 2362 4062 Non
2412 4018 2535 4061 sunt
2582 4001 2917 4074 conglobati,
2963 4005 3080 4071 quia
3120 4017 3225 4056 non
3272 4010 3396 4054 sunt
3434 4000 3578 4054 velut

2009 4102 2166 4166 :rrei;
2198 4116 2300 4155 non
2344 4108 2466 4153 sunt
2504 4098 2687 4161 divisi,
2725 4097 2843 4165 quia
2886 4095 3000 4148 sine
3031 4094 3255 4146 invicem
3287 4105 3389 4144 non
3431 4094 3576 4144 sunt.

2014 4194 2135 4247 llaec
2160 4201 2240 4246 est
2266 4207 2389 4246 vera
2423 4201 2471 4245 et
2505 4187 2765 4242 catholica
2812 4186 2971 4250 fides,
3004 4198 3159 4253 quam
3205 4180 3447 4235 Christus
3485 4178 3580 4232 do-

2013 4283 2124 4337 cuit
2146 4292 2200 4337 et
2229 4281 2475 4347 tradidit,
2498 4277 2730 4347 apostoli
2762 4276 3085 4337 docuerunt,
3116 4282 3169 4326 et
3199 4283 3384 4324 omnes
3412 4266 3580 4322 sancti

2014 4372 2333 4443 patriarcha:
2362 4381 2416 4425 et
2445 4369 2715 4438 prophehe
2754 4365 2979 4419 lidcliter
3021 4362 3345 4416 cecinerunt.
3385 4358 3583 4423 Propo-

2014 4464 2296 4521 sitionibus
2344 4464 2445 4517 tuis
2481 4461 2705 4530 forante
2752 4457 2935 4519 Pattc,
2982 4462 3037 4508 et
3084 4451 3247 4513 Filio,
3289 4458 3342 4503 et
3383 4447 3584 4515 Spiritu

2017 4568 2222 4621 sancto,
2246 4557 2313 4611 de
2343 4554 2488 4609 Novo
2511 4564 2563 4606 et
2590 4549 2765 4605 Veteri
2788 4548 3129 4601 Testamento
3150 4540 3421 4610 respondi,
3448 4552 3589 4591 nunc

2017 4664 2147 4703 vero
2188 4661 2282 4715 pro
2310 4643 2568 4699 catholica
2592 4680 2607 4704 ,
2652 4654 2773 4708 quae
2803 4639 2996 4705 ubique
3038 4641 3122 4687 est
3152 4632 3272 4695 lide,
3305 4630 3403 4681 alia
3435 4627 3587 4682 testi-

2022 4740 2194 4794 monia
2227 4734 2508 4807 proposui,
2537 4730 2727 4801 quibus
2767 4728 3089 4796 respondere
3116 4723 3329 4777 debeas.
3366 4721 3418 4773 lu
3454 4719 3591 4771 libro

2022 4828 2307 4897 Sapientia:
2334 4844 2347 4880 :
2376 4825 2495 4892 quia
2526 4822 2663 4875 sicut
2692 4821 2831 4873 Deus
2859 4817 3137 4886 sapientia,
3172 4828 3288 4883 quae
3316 4820 3397 4865 est
3424 4810 3591 4864 Filius

2024 4918 2151 4985 Dei,
2190 4919 2267 4970 sic
2307 4924 2360 4970 et
2400 4912 2630 4981 Spiritus
2677 4916 2891 4963 sanctus
2937 4906 3081 4961 novit
3127 4902 3347 4957 consilia
3393 4897 3586 4952 Patris.

2029 5009 2083 5062 in
2126 5005 2312 5063 eodem
2364 5004 2540 5058 libro:
2579 5000 2703 5070 quia
2744 4997 3078 5065 omnipotens
3118 5001 3204 5048 est
3248 4990 3440 5049 Filius,
3493 4986 3614 5056 per“,

2026 5115 2184 5170 quem
2220 5098 2351 5151 facta
2383 5102 2506 5149 sunt
2529 5092 2729 5147 omnia.
2761 5089 2816 5143 ln
2840 5088 3029 5143 eodem
3062 5086 3195 5139 libro
3221 5101 3232 5134 :
3263 5081 3385 5149 quia
3424 5077 3595 5145 Spiri-

2028 5167 2112 5245 tus
2138 5196 2352 5243 sanctus
2393 5186 2552 5239 etiam
2593 5181 2779 5244 Filius,
2809 5178 2898 5247 qui
2941 5177 3131 5231 dicitur
3176 5174 3339 5226 virtus
3384 5169 3497 5223 Dei.
3538 5167 3593 5220 In

2027 5280 2214 5335 eodem
2248 5277 2383 5330 libro
2428 5274 2622 5327 dicitur
2657 5270 2725 5324 de
2751 5268 2954 5338 Spiritu
3000 5272 3207 5328 sancto,
3236 5263 3323 5332 qui
3356 5262 3596 5314 incorru-

2030 5367 2227 5439 ptibilis
2256 5373 2354 5421 est.
2402 5364 2457 5418 ιιι
2498 5361 2683 5417 eodem
2714 5360 2848 5415 libro
2879 5373 2893 5411 :
2922 5354 3213 5411 secundum
3254 5353 3476 5406 formam
3506 5361 3598 5400 su-

2029 5468 2223 5529 scepta:
2257 5455 2566 5511 humilitatis
2602 5452 2864 5507 visibilem
2906 5448 3032 5503 dicit
3060 5446 3327 5501 Christum
3348 5480 3363 5505 ,
3408 5452 3615 5507 secun-_

2030 5550 2154 5604 dum
2185 5548 2406 5603 formam
2437 5561 2561 5599 vero
2589 5542 2799 5598 deitatis
2829 5555 2931 5593 non
2972 5536 3231 5592 visibilem
3250 5574 3264 5598 ,
3294 5532 3386 5585 sed
3416 5527 3569 5582 invisi

2032 5639 2189 5695 bilem
2232 5638 2554 5706 pronuntiat.
2598 5634 2745 5701 Quod
2791 5631 2931 5685 enim
2963 5629 3190 5689 videtur,
3229 5624 3415 5683 homo,
3457 5617 3597 5687 quod

2033 5746 2134 5785 non
2166 5728 2390 5794 videtur,
2427 5726 2563 5781 Deus
2594 5724 2913 5791 agnoscitur.
2944 5719 2997 5771 In
3029 5714 3212 5769 eodem
3244 5712 3375 5764 libro
3405 5709 3599 5763 dicitur
