4068 6348
469 385 568 441 767

1422 378 1474 435 5.
1516 375 1856 433 EUGENIUS
1895 375 2476 433 (ἈΒἹΗΑΟΙΝΕΝὸε
2518 376 2904 451 EPISGOPUS.

3620 383 3720 442 7&3

468 500 589 568 quia
620 497 783 551 Filius
821 494 910 547 Dei
947 492 1013 546 de
1037 489 1328 544 substantia
1373 502 1456 544 est
1486 490 1676 543 Patris.
1722 490 1777 542 In
1810 489 2030 543 Cautico
2059 492 2109 549 Λ
2136 502 2251 545 ctus
2278 510 2291 545 :
2335 492 2556 561 Spiritus
2588 495 2831 557 veritatis,
2868 509 3016 560 quem
3048 494 3268 548 mundus
3298 511 3395 548 non
3427 507 3590 567 potest
3620 517 3713 552 ac-

468 590 838 649 Canticorum,
870 584 960 638 ubi
999 583 1268 637 Christum
1308 582 1437 636 dicit
1482 596 1542 635 es
1572 597 1607 635 e
1646 580 1874 651 Regem,
1915 597 2034 635 cum

468 681 532 733 ad
558 694 678 734 eum
709 675 940 730 Ecclesia
971 673 1219 741 loquitur.
1254 671 1308 725 In
1353 672 1722 727 Ecclesiastico
1748 688 1762 725 :
1793 676 1914 741 qu'a
1958 672 2039 725 iu-

469 767 811 824 numerabilis
851 772 935 819 est
979 762 1305 832 magnitudo.
1331 762 1445 817 Dei.
1476 763 1627 816 Unde
1666 763 1888 818 docetur
1916 763 2034 829 quia

468 856 761 927 blasphemi
795 864 917 908 sunt
945 854 1031 922 qui
1063 853 1377 906 Trinitatem
1406 852 1725 919 separando,
1756 866 1818 905 ac
1862 852 2036 920 gradi-

470 954 565 1006 bus
589 960 644 1006 et
670 949 907 1003 numeris
929 946 1151 1000 credunt
1188 959 1308 999 esse
1347 944 1694 998 suadendam.
1738 944 1790 995 In
1835 944 2036 1011 psalmo

467 1057 605 1098 cxvn
628 1040 872 1094 similiter
896 1037 964 1091 de
990 1037 1285 1104 Sapientia,
1306 1049 1425 1104 qua:
1453 1044 1533 1088 est
1556 1034 1719 1088 Filius
1753 1034 1863 1097 llei,
1884 1034 1961 1087 sic
1981 1042 2035 1087 et

467 1133 697 1203 Spiritus
712 1138 925 1185 sanctus
936 1129 1081 1182 novit
1104 1126 1319 1181 consilia
1344 1127 1512 1180 Patris
1532 1143 1544 1174 :
1564 1124 1845 1180 Consilium
1864 1134 2034 1177 autem

467 1232 609 1275 tuum
636 1222 747 1289 quis
775 1221 897 1281 scit,
932 1218 1030 1271 nisi
1071 1226 1126 1270 tu
1151 1215 1349 1270 dederis
1378 1216 1722 1284 Sapientiam,
1761 1225 1805 1268 et
1836 1216 2035 1269 miseris

469 1312 717 1381 Spiritum
734 1310 797 1362 de
811 1307 1071 1361 altissimis
1083 1308 1109 1359 ?
1126 1309 1181 1359 ln
1205 1305 1392 1359 eodem
1412 1305 1545 1359 libro
1559 1308 1682 1374 quia
1699 1306 2033 1373 amnipotens

466 1412 550 1457 est
571 1402 751 1465 Filius,
781 1415 873 1468 per
892 1415 1048 1469 quem
1074 1397 1207 1451 facta
1234 1406 1357 1450 sunt
1381 1397 1557 1449 omnia
1586 1413 1599 1447 :
1631 1395 1749 1449 Non
1776 1395 1931 1460 enim,
1961 1397 2033 1449 in-
2084 1448 2097 1459 ,

466 1494 597 1561 quit,
614 1491 939 1559 impossibilis
963 1498 1071 1543 erat
1088 1488 1224 1543 omni
1228 1496 1402 1554 potens
1418 1480 1593 1539 manus
1607 1496 1712 1548 tua,
1728 1501 1841 1553 qute
1851 1488 2034 1539 creavit

466 1587 657 1651 omn’a,
681 1593 726 1636 et
750 1583 917 1635 orbem
940 1591 1186 1634 terrarum
1208 1595 1271 1633 ea:
1292 1579 1502 1632 materia
1516 1578 1743 1645 informi.
1765 1576 1821 1631 In
1844 1577 2031 1632 eodem

467 1675 638 1728 libro:
671 1675 789 1742 quia
812 1673 1043 1740 Spiritus
1064 1680 1277 1726 sanctus
1306 1670 1466 1724 etiam
1494 1670 1657 1723 Filius
1682 1679 1796 1722 eSt:
1830 1668 2034 1736 disper-

466 1767 511 1820 si
544 1781 637 1833 per
664 1764 920 1833 Spiritum
950 1774 1190 1817 sanctum
1222 1762 1432 1815 virtutis
1463 1769 1566 1814 ture
1605 1759 2031 1829 persecutionem

2139 585 2323 651 cipere,
2344 585 2463 650 quia
2492 584 2712 637 mundus
2740 600 2840 638 non
2868 585 3150 649 vid’eteum,
3172 600 3262 638 nec
3289 589 3546 657 cognoscit
3564 603 3712 645 eum:

2138 689 2223 727 vos
2253 683 2419 728 autem
2445 676 2746 744 cognoscitis
2770 691 2905 738 eum,
2934 677 3052 743 quia
3081 675 3220 742 apud
3295 693 3347 728 os
3380 680 3620 743 mombit,
3665 691 3715 734 et

2138 764 2190 815 in
2214 763 2350 816 vobis
2377 764 2505 829 erit,
2525 764 2579 817 l'n
2610 763 2845 817 Canticis
2872 762 3142 818 Christum
3170 764 3291 818 dicit
3317 780 3435 821 esse
3466 767 3662 837 Regem
3694 788 3708 833 ;

2137 867 2253 906 cum
2284 852 2573 907 Eet‘lcsiam
2610 853 2870 922 loquitur:
2916 852 3212 907 Introduxit
3243 873 3320 908 me
3344 872 3434 910 rex
3475 858 3526 910 in
3568 860 3712 912 cubi-

2136 942 2308 995 culum
2336 958 2504 1008 suum,
2533 945 2839 997 exsultemus
2866 954 2909 996 et
2930 944 3277 1013 jucundemur
3298 946 3348 997 in
3379 955 3443 999 te.
3479 947 3607 1001 Item
3635 952 3710 1001 si-

2137 1031 2461 1086 militudines
2513 1032 2628 1086 auri
2660 1031 2913 1087 faciemus
2952 1032 3045 1087 tibi
3096 1049 3216 1087 cum
3252 1035 3707 1092 distinctioni'us

2135 1120 2363 1188 argenti,
2391 1134 2664 1188 quousque
2702 1135 2793 1174 rex
2824 1120 2892 1174 sit
2933 1120 2984 1174 in
3015 1122 3254 1175 recubitu
3284 1138 3403 1177 suo.
3437 1125 3492 1178 lu
3522 1126 3708 1180 Ecclec

2136 1211 2351 1265 siastico
2375 1212 2525 1277 :quia
2549 1210 2950 1266 innumerabilis
2976 1220 3070 1266 est
3086 1215 3391 1282 magnitudo
3419 1217 3531 1270 Dei.
3556 1218 3707 1273 Unde

2134 1300 2354 1354 docetur
2374 1314 2532 1369 quam
2568 1301 2863 1370 blasphemi
2911 1301 3019 1356 siut
3068 1303 3119 1357 in
3149 1303 3461 1359 Trinitatem
3496 1307 3587 1361 Dei
3616 1311 3707 1379 qui

2134 1391 2432 1459 separando
2469 1392 2596 1458 grad
2622 1393 2719 1447 bus
2746 1408 2808 1447 ac
2845 1396 3081 1449 numeris
3106 1396 3373 1450 suadenda
3403 1401 3703 1456 :estiinant:

2133 1491 2183 1535 et
2213 1483 2331 1550 quis
2382 1483 2723 1551 investigavit‘
2747 1485 3126 1563 magnitudinis
3171 1488 3286 1556 ejus
3324 1489 3625 1558 imperium,
3653 1501 3707 1546 et

2135 1573 2546 1641 magnitudinem
2561 1574 2675 1642 ejus
2691 1576 2808 1644 quis
2824 1575 3223 1631 denumeravit?
3238 1578 3291 1632 In
3307 1581 3512 1646 psalmo
3534 1597 3704 1646 xxm,

2133 1666 2379 1720 similiter
2407 1667 2473 1720 de
2500 1666 2802 1735 Sapientia,
2833 1684 2951 1738 quas
2991 1678 3075 1725 est
3128 1672 3301 1726 Filius
3343 1673 3459 1739 Dei,
3505 1675 3721 1729 dictum

2133 1766 2216 1811 est
2241 1778 2255 1813 :
2285 1757 2405 1827 quia
2436 1760 2712 1827 sapientiae
2762 1761 2878 1829 ejus
2904 1778 3013 1816 non
3034 1772 3116 1818 est
3156 1779 3409 1821 numerus
3437 1784 3449 1818 :
3488 1767 3707 1837 Magnus

469 1858 606 1925 passi
639 1856 706 1909 ab
731 1855 860 1922 ipsis
900 1854 1054 1908 lactis
1083 1854 1212 1908 suis.
1245 1854 1299 1907 lu
1329 1852 1517 1907 eodem
1564 1851 1698 1907 libro
1728 1852 1794 1906 de
1831 1852 2030 1920 Spiritu
2064 1841 2109 1899 Β
2136 1848 2386 1902 Dominus
2434 1859 2621 1915 noster,
2667 1860 2715 1903 et
2764 1867 2952 1921 magna
2989 1853 3147 1906 virtus
3201 1858 3333 1921 ejus,
3360 1866 3407 1909 et
3441 1858 3709 1925 sapientia

466 1956 650 2000 sancto
677 1946 799 2016 quia
845 1944 1258 2010 incorruptibilis
1284 1952 1365 1997 est
1400 1960 1412 1996 :
1446 1941 1855 2011 Incorruptibilis
1897 1943 2032 1995 enim

470 2039 698 2108 Spiritus
726 2048 843 2091 tuus
864 2038 915 2090 in
945 2036 1175 2089 omnibus
1200 2045 1292 2089 est.
1324 2034 1385 2089 In
1412 2035 1599 2089 eodem
1632 2035 1790 2102 libro,
1826 2033 1913 2088 ubi
1944 2049 2030 2087 se-

466 2130 700 2185 cundum
731 2131 952 2183 formam
993 2137 1255 2197 suscepta:
1283 2128 1596 2182 humilitatis
1620 2127 1881 2182 visibilem
1907 2126 2035 2181 dicit

464 2220 760 2283 Christum,
791 2218 1081 2274 secundum
1128 2220 1352 2272 formam
1385 2232 1512 2271 vero
1540 2216 1753 2272 deitatis
1770 2232 1875 2271 non
1902 2217 2032 2271 visi-

463 2311 647 2375 bilem,
674 2309 767 2363 sed
818 2308 1140 2363 invisibilem
1182 2308 1491 2376 pronuntiat
1531 2307 1755 2362 dicens:
1794 2307 2035 2361 Videntes

464 2402 610 2455 illum
635 2417 783 2469 quem
815 2402 936 2455 olim
983 2399 1265 2470 negabant,
1301 2400 1463 2452 Deum
1504 2408 1809 2470 agnoverunt
1840 2416 2030 2454 rerum.

463 2492 520 2545 In
557 2491 743 2544 eodem
788 2491 955 2544 libro:
984 2490 1107 2559 quia
1152 2490 1314 2543 Filius
1353 2489 1463 2544 'Dei
1502 2489 1570 2545 de
1613 2491 1907 2543 substantia
1952 2499 2037 2545 est

464 2581 807 2636 PatristPro
847 2583 1029 2648 quibus
1080 2583 1379 2650 angelorum
1421 2597 1532 2634 esca
1579 2582 1757 2633 cibasti
1791 2580 2035 2651 populum

465 2682 626 2737 tuum,
669 2678 715 2724 et
743 2681 973 2739 paratum
1002 2686 1181 2737 panem
1208 2670 1271 2722 de
1317 2669 1442 2723 caelo
1472 2672 1749 2738 priestitist‘i
1790 2671 1896 2724 illis
1925 2672 2034 2724 sine

465 2762 658 2825 labore,
681 2777 827 2814 omne
852 2760 1266 2814 delectamentum
1294 2761 1349 2813 in
1392 2777 1445 2813 se
1476 2761 1762 2824 habentem,
1788 2772 1836 2815 et
1866 2764 2027 2815 omnis

462 2851 661 2918 saporis
687 2852 982 2902 suavitatem
1011 2866 1030 2915 ;
1056 2849 1383 2903 substantiam
1413 2852 1544 2903 enim
1568 2860 1711 2903 tuam
1729 2862 1775 2904 et
1802 2852 2031 2904 dulcedi-

463 2957 573 2994 nem
600 2956 725 3009 quas
761 2942 813 2993 in
858 2938 997 2993 Filio
1040 2938 1225 2992 habeas
1273 2941 1589 2995 ostendebas.
1636 2941 1688 2993 In
1744 2942 2028 3007 Evangelia

463 3030 753 3083 secundum
781 3030 1038 3084 Joannem
1065 3048 1076 3082 :
1103 3030 1223 3096 quia
1250 3030 1529 3084 invisibilis
1552 3041 1629 3084 est
1652 3030 1880 3099 Spiritus
1907 3046 2029 3083 sau-

2130 1940 2243 2007 ejus
2265 1955 2369 1991 non
2397 1949 2468 1992 est
2490 1955 2748 1995 numerus.
2771 1939 3225 2010 Pmpositiouibus
3247 1945 3363 1999 istis
3388 1946 3722 2000 Maximinus

2132 2028 2522 2083 Arionita‘nihil
2555 2030 2735 2084 valens
2756 2031 2821 2085 ad
2853 2032 3305 2100 respondendum,
3337 2036 3616 2091 dlll‘ereliat
3637 2038 3710 2092 de

2133 2119 2219 2173 die
2249 2119 2309 2172 in
2331 2118 2494 2194 diem.
2526 2118 2760 2175 Cerealis
2786 2136 2917 2176 vero
2944 2122 3081 2178 dixit
3127 2124 3233 2191 illi,
3288 2127 3375 2194 qui
3428 2128 3705 2193 intrrerat,

2134 2211 2217 2264 cui
2255 2220 2372 2265 erat
2415 2192 2748 2279 inﬁnctum:
2782 2213 3077 2283 Propositis
3124 2216 3189 2269 ah
3233 2192 3709 2286 eo'qnm‘tionibus

2135 2296 2420 2371 adjut'ante
2466 2303 2577 2357 Deo
2607 2304 2895 2371 respondi,
2944 2308 3055 2359 cur'
3087 2306 3222 2360 meis
3254 2307 3707 2376 propositionibus

2137 2410 2242 2449 non
2298 2394 2618 2462 respondet?
2645 2394 2823 2463 Supra
2869 2404 3225 2451 memoratum
3267 2397 3427 2467 igitur
3470 2398 3709 2451 Maximi-

2136 2500 2286 2549 num,
2312 2485 2395 2539 eui
2425 2496 2539 2540 erat
2567 2485 2886 2555 iujunetum,
2915 2501 3034 2540 cum
3060 2488 3391 2550 conveniret,
3423 2491 3609 2542 tacuit.
3640 2489 3706 2542 Et

2134 2576 2208 2629 ait
2231 2575 2477 2630 Cereali:
2515 2575 2659 2629 Vade
2699 2575 2791 2629 tibi
2834 2576 2883 2629 in
2913 2577 3179 2646 propriam
3214 2578 3540 2644 Ecclesiam,
3581 2579 3708 2646 quia

2135 2676 2427 2722 conventus
2467 2682 2495 2719 a
2524 2682 2610 2722 me
2645 2666 2960 2721 Maximinus
2991 2669 3157 2721 noluit
3201 2669 3547 2737 respondere,
3582 2669 3715 2723 hinc

2137 2760 2447 2827 intelligitur
2471 2760 2590 2827 quia
2623 2774 2727 2813 non
2755 2760 2938 2823 valuit,
2975 2761 3060 2812 ubi
3094 2761 3277 2823 tacuit,
3300 2769 3354 2813 et
3383 2762 3489 2813 tuis
3514 2774 3719 2828 propoo

2135 2850 2415 2905 sitionihus
2462 2850 2788 2919 respondere
2842 2851 3032 2905 uoluit.
3084 2852 3200 2905 Jam
3253 2852 3393 2906 inter
3428 2866 3537 2905 vos
3566 2852 3720 2905 Deus-

2135 2941 2302 2995 audit.

462 3185 3689 3218 Ἢ

463 3221 624 3234 _

628 3222 919 3235 *ο

1796 3341 2009 3383 EODEM
2056 3341 2375 3383 TEHPOBE.

1062 3501 1328 3769 S.
1442 3466 2925 3778 EUGENIU

1598 3871 2145 3923 CABTHAGINENSIS
2190 3871 2557 3923 EPISCOPUS.

2759 3922 2775 3932 ς

1858 4006 2315 4031 .____L__—_.

1562 4147 2021 4217 NOTI'I‘IA
2076 4146 2213 4217 EX
2275 4146 2592 4225 CAVE.

526 4313 816 4383 Eugenius,
843 4324 1000 4381 gente
1042 4313 1188 4376 Afer,
1220 4328 1357 4366 anno
1384 4312 1488 4370 £80
1514 4331 1541 4368 a
1565 4304 1868 4377 catholicis,
1901 4317 2018 4384 qui-
2048 4318 2091 4377 C
2125 4318 2271 4384 quasi
2301 4318 2475 4373 adhuc
2511 4319 2720 4376 vivente
2755 4322 2988 4392 loquitur
3010 4324 3317 4380 Gennadius
3362 4329 3411 4381 in
3445 4328 3697 4397 Catalug1

454 4407 554 4460 ints
609 4402 902 4456 Ilunericus
952 4402 1306 4455 Vandaluruut
1356 4418 1445 4455 rex
1503 4403 1734 4457 Zenonis
1798 4405 1925 4473 imp.
1968 4412 2019 4457 et

456 4493 704 4547 Placidia:
735 4493 978 4558 precibus
1008 4502 1257 4545 exoratus
1290 4494 1515 4562 eligendi
1546 4494 1782 4563 episCOpi
1814 4498 2019 4549 veniam

452 4591 834 4645 concesserat,
875 4582 1158 4650 episcopus
1190 4583 1625 4653 Cartltagineusis
1668 4587 2019 4655 constitutus,

458 4680 738 4737 postquam
769 4670 924 4723 sedes
956 4671 1270 4726 Arianorum
1299 4675 1503 4728 saevitia
1534 4690 1627 4743 per
1646 4674 1717 4729 24
1741 4690 1909 4730 annos
1936 4693 2024 4732 va-

438 4767 687 4837 caverat.
746 4760 898 4811 Auno
945 4760 1070 4824 484,
1124 4764 1345 4816 collecta
1396 4764 1533 4833 apud
1562 4766 1935 4834 Carthaginem
1958 4770 2024 4821 ab

460 4847 721 4901 Ilunerico
770 4849 1138 4917 episcoporum
1168 4853 1481 4908 Arianorum
1510 4857 1684 4919 turba,
1714 4858 1801 4927 qui
1842 4858 2021 4927 dispu-

462 4940 714 4994 tationem
746 4955 864 4994 cum
891 4941 1173 4996 catholicis
1201 4950 1616 5009 committerent,
1652 4950 1914 5019 Eugenio;
1949 4951 2018 5003 lu-

457 5031 725 5085 culentam
753 5031 872 5086 ﬁdei
901 5031 1285 5100 professionem
1314 5036 1422 5105 regi
1448 5038 1662 5101 obtulit,
1692 5049 1835 5093 tanta
1860 5022 2029 5095 ratio:

461 5121 543 5173 nis
566 5122 614 5171 vi
639 5121 919 5185 munitam,
952 5130 1012 5175 ut
1037 5122 1316 5179 haereticos
1345 5126 1409 5179 ad
1436 5127 1707 5183 silentium
1739 5132 1934 5198 pariter
1962 5146 2025 5186 ae

459 5210 662 5263 rabiem
700 5211 951 5280 adigeret.
996 5212 1159 5268 Paulo
1206 5204 1323 5282 post
1348 5217 1416 5270 ab
1459 5217 1724 5273 Huncrico
1758 5220 2025 5275 Tamallu-

463 5313 678 5351 mensem
702 5299 968 5356 civitatem
998 5303 1050 5356 in
1077 5302 1310 5358 confinio
1330 5304 1673 5376 Tripolitana:
1701 5312 1856 5365 sitam
1889 5312 2025 5367 relc-

460 5397 635 5457 gatnr,
659 5399 712 5442 et
734 5389 965 5446 Antonio
986 5392 1086 5446 loci
1108 5394 1377 5462 episcopo,
1394 5395 1644 5452 hmretico
1669 5400 2019 5468 ferocissimo,

460 5478 845 5532 exeruriandus
866 5482 1233 5536 committitur.
1261 5484 1465 5549 Postea,
1492 5488 1533 5540 si
1564 5487 1819 5558 Gregorio
1854 5491 2022 5546 Turo-

465 5569 611 5619 nrnsi
643 5566 809 5634 (Hist.
844 5566 1034 5622 Frunc.
1066 5571 1153 5624 lib.
1184 5588 1239 5637 tt,
1270 5590 1384 5643 cap.
1417 5577 1471 5643 '5)
1498 5577 1651 5641 fides,
1682 5580 2018 5648 Albigensem

2123 4409 2442 4475 scriptorum
2501 4412 2641 4480 (cap.
2690 4414 2801 4482 97),
2854 4432 3008 4482 quem
3066 4417 3167 4470 isto
3220 4434 3361 4472 anno
3411 4422 3697 4474 contexuit.

2112 4501 2311 4555 Exstat
2355 4502 2564 4557 libellus
2608 4519 2701 4559 seu
2756 4507 2956 4576 prolixa
3011 4509 3133 4577 ﬁdei
3182 4510 3441 4579 Confessio
3490 4514 3703 4566 nomine

2122 4591 2492 4659 episcoporum
2546 4593 2915 4650 Africanorqu
2992 4597 3256 4654 llunerico
3314 4603 3426 4671 regi
3482 4603 3654 4665 oblata
3684 4643 3702 4664 .

2125 4682 2261 4750 apud
2296 4681 2564 4737 Victorem
2598 4682 2865 4741 Vitensem
2892 4689 3068 4759 (cujus
3090 4690 3349 4760 integrum
3375 4691 3567 4747 librum
3596 4703 3699 4747 ter-

2126 4772 2253 4826 tium
2309 4775 2607 4843 constituit)
2656 4775 2729 4830 De
2768 4781 3117 4844 persecutione
3166 4779 3450 4835 Vandalica
3490 4784 3580 4836 ιιι».
3627 4800 3701 4846 ιιι,

2127 4878 2245 4932 pag.
2286 4865 2375 4919 53.
2424 4865 2551 4931 Ejus
2591 4868 2732 4920 enim
2784 4883 2920 4933 esse,
2957 4870 3076 4924 licet
3114 4871 3164 4923 id
3198 4887 3299 4925 non
3331 4871 3469 4925 dicat
3499 4872 3715 4934 Vicmr,.

2124 4964 2279 5005 exura
2329 4968 2542 5008 omnem
2588 4960 3013 5013 controversiam
3061 4961 3209 5028 ponit
3249 4960 3558 5016 Gennadius
3589 4964 3703 5017 loco

2126 5041 2305 5097 citato.
2338 5043 2570 5098 llabetnr
2598 5046 2799 5101 Concil.
2836 5057 2965 5104 tom.
3002 5050 3089 5117 lV,
3125 5066 3243 5120 pag.
3278 5050 3429 5119 1128,
3470 5063 3523 5107 et
3546 5046 3594 5109 in
3622 5053 3708 5107 Bi-

2126 5133 2384 5191 bliotheca
2424 5137 2637 5192 Palmm
2679 5150 2804 5194 tom.
2840 5140 2969 5207 Vlll,
3003 5156 3122 5212 pug.
3157 5143 3278 5199 655.
3312 5136 3535 5213 SCripsit
3567 5161 3702 5214 pra:-

2128 5235 2289 5293 terea,
2331 5237 2464 5283 teate
2496 5229 2684 5284 eodem
2718 5233 3014 5297 Gennadio,
3055 5250 3174 5305 quae
3218 5236 3553 5303 interierunt,
3587 5238 3700 5305 epi-

2125 5318 2282 5371 stolas
2334 5320 2401 5370 ad
2445 5320 2637 5386 plebem
2679 5336 2786 5373 sua:
2835 5337 2971 5376 cura:
3003 5326 3340 5397 commissam.
3375 5329 3529 5396 paulo
3578 5337 3707 5382 ante

2125 5408 2367 5462 exsilium
2414 5410 2636 5475 missas;
2678 5412 3034 5467 altercationes
3064 5430 3193 5483 quas
3220 5432 3338 5472 cum
3384 5418 3703 5473 Arianorum

2127 5498 2440 5568 przesulibus
2478 5513 2573 5568 per
2626 5502 2982 5557 internuntios
3034 5506 3237 5572 habuit,
3272 5507 3569 5561 Hunnerico
3597 5510 3707 5577 regi

2126 5599 2485 5655 nuncupatas;
2515 5604 2699 5659 preces
2731 5591 2965 5662 denique
2993 5611 3089 5661 pro
3118 5596 3296 5663 quiete
3320 5596 3702 5657 catholicorum

464 5654 747 5711 Galliarum
787 5659 971 5713 urbem
1016 5673 1313 5729 asportatus
1355 5674 1457 5729 est,
1503 5668 1587 5721 ubi
1645 5686 1783 5721 anno
1814 5672 2022 5726 circiter
2053 5683 2100 5740 υ
2125 5682 2483 5752 ιδῃυιυείίιῐιιιῐι
2513 5654 2575 5735 ad
2601 5682 2784 5751 instar,
2814 5654 3241 5749 rident-oblatas,

467 5747 568 5803 495
599 5753 674 5803 vel
700 5752 853 5817 paulo
886 5763 1005 5821 post
1031 5754 1187 5808 vitam
1219 5755 1415 5810 tiuiisao
1447 5757 1541 5811 vidi
1568 5769 1666 5811 tur.
1690 5759 1761 5814 De
1791 5778 1853 5815 co
1878 5765 2017 5816 enim
