4068 6348
336 342 445 393 769

602 461 895 469 -—..——._

897 461 1175 468 _.__—_—..

956 335 1357 391 EXCERPTUM
1402 334 1491 388 EX
1530 333 1880 390 GREGOIHO
1919 328 2195 399 Τυιιοκ..
2241 333 2324 386 DE
2368 334 2422 388 8-.
2471 331 2791 396 EUGENIO,
2832 330 2977 386 ETC.

3483 334 3588 386 770

1424 560 2115 661 PROFESSIO
2197 560 2521 657 FIDEI

1290 715 1761 769 EPISCOPURUM
1802 715 2332 770 CATIIOLICORUM
2376 721 2412 769 Α
2425 717 2647 771 ΕἸὶΙυΑἳ

771 944 1570 1061 noenum
1644 845 3181 1105 caﬁ'rnaeimms:

1812 1133 2125 1176 REDACTA.

427 1324 598 1394 (Hanc
625 1321 1011 1381 Professioucm
1052 1321 1196 1384 lilei,
1237 1335 1353 1389 qum
1387 1320 1576 1372 librum
1605 1319 1816 1371 tertium
1851 1317 2034 1371 h'stor'i
2056 1337 2083 1365 ιι
2118 1320 2515 1395 Persecutiouis
2540 1318 2839 1372 Vandalicas
2867 1318 3161 1384 constituit,
3192 1319 3384 1373 videsis
3412 1334 3591 1385 supra,

1842 1408 1943 1459 cul.
1972 1408 2123 1461 219)

380 1548 579 1559 ——_

1165 1622 1649 1684 EXCERPTUM
1698 1621 1803 1681 EX
1852 1620 2269 1681 GREGORIO
2314 1621 2756 1682 TURONENSI

1948 1761 2009 1793 ως

1118 1861 1202 1937 s.
1293 1858 1822 1938 EUGENIO
1904 1812 2862 1941 CARTHAG‘INENSI

905 2012 983 2052 ΕΤ
1027 2011 1184 2054 Αιιιε
1230 2011 1722 2054 ϐοηρεηεοιιιιιυς
1768 2009 1874 2061 QUI
1920 2010 1983 2053 ει

2081 2010 2404 2052 ηυιηειιιρο
2448 2012 2610 2054 REGE
2654 2004 2825 2055 PASSI
2874 2010 3055 2055 SUNT.

438 2243 485 2297 1.
524 2239 745 2294 Vandali
774 2256 804 2291 a
832 2239 942 2291 loco
985 2252 1078 2290 suo
1104 2237 1318 2307 digressi
1352 2252 1465 2290 cum
1495 2237 1785 2292 Cunderico
1820 2257 1935 2312 rege
1964 2249 2005 2303 Α
2039 2244 2318 2295 rratissimo
2363 2244 2565 2295 nomine
2604 2242 2719 2294 etesi
2748 2242 2871 2305 iiut,
2912 2242 2974 2293 ab
3000 2239 3283 2293 hominibus
3312 2256 3413 2292 non
3443 2250 3601 2304 potest

364 2335 416 2384 in
446 2329 640 2383 Callias
663 2336 839 2389 ruunt,
866 2323 1047 2394 quibus
1072 2324 1217 2378 ralde
1236 2326 1440 2377 vastatis
1464 2324 1743 2395 Hispanias
1772 2344 1930 2395 appe-

367 2431 498 2474 tunt.
528 2418 637 2472 Hos
663 2417 819 2469 senti
864 2414 1049 2478 Sueri,
1081 2414 1135 2467 id
1152 2424 1225 2467 est
1255 2416 1509 2478 Alamani,
1543 2415 1814 2470 Calliciam
1840 2434 1934 2486 ap-

368 2509 707 2579 prehenduat.
756 2504 866 2558 Nec
896 2506 1053 2555 multo
1092 2512 1203 2572 post
1235 2505 1535 2558 scandalum
1576 2506 1705 2559 inter
1734 2516 1935 2560 utrum-

371 2617 468 2669 que
503 2600 665 2650 oritur
701 2594 973 2665 populum,
1009 2595 1245 2662 quoniam
1298 2596 1569 2666 propinqui
1617 2597 1818 2667 (Colb.,
1846 2599 1935 2667 ibi)

370 2692 465 2742 sibi
517 2696 823 2741 erant.......
877 2684 996 2737 Post
1041 2684 1147 2737 lucc
1189 2686 1603 2754 prosequentibus
1642 2689 1957 2743 Alamannis

369 2796 526 2847 usque
550 2780 617 2829 ad
645 2776 977 2840 Traduc'am,
1010 2778 1226 2828 transito
1252 2777 1381 2829 mari
1417 2776 1642 2830 Vandali
1663 2795 1751 2845 per
1773 2787 1927 2832 totam

379 2871 605 2933 Africam
631 2883 691 2920 ac
724 2865 1095 2919 Mauritaniam
1125 2876 1241 2920 sunt
1270 2866 1510 2935 dispersi.

446 2960 529 3015 11.
562 2962 663 3015 Sed
686 2962 921 3030 quoniam
948 2977 1120 3014 eorum
1152 2969 1371 3031 tempore
1406 2964 1689 3032 persecutio
1714 2964 1766 3016 in
1795 2963 1941 3017 Chri-

382 3056 576 3109 stiaaos
605 3054 813 3107 invaluit
830 3095 843 3119 ,
872 3054 1069 3107 videtur
1092 3065 1144 3107 ut
1164 3055 1333 3121 aliqua
1355 3071 1417 3109 ex
1443 3056 1521 3109 his
1547 3072 1657 3124 quae
1682 3058 1815 3110 circa
1851 3058 1943 3110 Dei

373 3143 630 3197 Ειτιέδὶτιε
658 3143 965 3206 intulerunt,
994 3145 1070 3197 vel
1107 3145 1530 3213 quemadmodum
1576 3146 1638 3198 de
1675 3161 1830 3216 regno
1859 3162 1944 3198 ex-

374 3234 514 3303 pulsi
543 3243 689 3297 sunt,
710 3250 1058 3287 memorarem.
1078 3233 1325 3303 Defuncto
1348 3233 1505 3303 igitur
1522 3244 1543 3269 ἰ
1581 3233 1939 3296 Trasimundo,

376 3336 492 3396 post
540 3326 725 3379 sceLra
750 3341 859 3394 qua
899 3327 950 3377 ia
995 3327 1183 3379 sanctis
1224 3323 1317 3378 Dei
1355 3325 1603 3390 exercuit,
1656 3324 1945 3379 llonoricus

376 3426 543 3468 mente
581 3416 834 3468 crudelior
868 3416 1163 3481 Africanum
1191 3422 1403 3483 occupat
1432 3430 1643 3484 regnum
1668 3455 1682 3479 ,
1708 3425 1856 3483 atque
1884 3431 1946 3468 ea:

375 3510 619 3561 electione
655 3506 997 3560 Vanda.’orum
1018 3506 1140 3574 ipsis
1166 3506 1506 3574 prteponitur,
1531 3509 1676 3575 cujus
1706 3506 1798 3559 sub
1825 3515 1944 3559 tem-

2036 2334 2415 2401 comprehendi.
2473 2333 2630 2387 Testis
2659 2343 2731 2386 est
2783 2342 2950 2386 tamen
2993 2332 3170 2399 Africa
3197 2346 3309 2399 qute
3356 2332 3509 2389 misit.
3559 2342 3606 2383 et

2038 2425 2225 2477 Christi
2267 2425 2475 2477 deJtera
2497 2438 2609 2491 qua:
2635 2425 2844 2493 gemmis
2866 2420 3362 2475 immarcessibilibus
3390 2435 3580 2473 corona
3596 2448 3609 2459 -

2038 2517 2124 2569 iit.
2170 2514 2404 2582 Legimus
2452 2524 2620 2568 tamen
2672 2513 3007 2583 quorumdam
3055 2526 3129 2565 σε·
3155 2511 3283 2578 ipsis
3329 2518 3614 2577 martyrum

2042 2605 2299 2671 passiones
2318 2645 2333 2666 ,
2365 2620 2427 2656 ea:
2454 2604 2634 2671 quibus
2674 2603 2909 2669 qutedam
2955 2599 3244 2670 replicando
3273 2607 3390 2652 sunt
3410 2638 3425 2661 ,
3454 2608 3507 2650 ut
3544 2598 3637 2651 ad‘

2040 2714 2098 2751 ea
2125 2711 2239 2763 qua:
2262 2694 2626 2765 spopondimus
2662 2694 2940 2746 veniamus.

2114 2786 2230 2840 III.
2274 2786 2443 2857 Igitur
2473 2784 2682 2859 Ciro'a,
2710 2786 2843 2848 [also
2865 2792 3071 2837 voratus
3097 2782 3387 2851 episcopus,
3413 2780 3613 2831 hereti-

2041 2894 2216 2933 corum
2263 2887 2383 2930 tunc
2426 2876 2683 2929 maximus
2710 2873 2987 2927 habebatur
3025 2880 3282 2933 assertor;
3312 2885 3524 2937 cumque
3548 2868 3616 2919 ad

2042 2969 2435 3039 persequendum
2472 2965 2786 3021 Christianos
2824 2981 2915 3018 rea:
2956 2979 3045 3030 per
3081 2964 3278 3015 diversa
3303 2958 3616 3012 transmitte-

2041 3069 2137 3122 ret,
2166 3067 2393 3111 sunt-tum
2418 3053 2701 3127 Eugenium
2728 3056 3041 3125 episcopum,
3072 3053 3232 3105 virum
3260 3048 3615 3103 inenarrabilis

2042 3150 2344 3214 sanctitatis,
2372 3148 2457 3217 qui
2479 3157 2597 3201 tunc
2621 3148 2873 3215 ferebatur
2900 3159 3097 3213 magna
3118 3140 3403 3211 prudentia!
3427 3154 3533 3191 esse
3558 3138 3613 3188 iu

2042 3240 2328 3295 suburbano
2365 3239 2577 3291 civitatis
2614 3253 2720 3290 sua:
2762 3234 2945 3303 reperit
2994 3240 3299 3302 persecutor.
3336 3229 3497 3294 Quem
3544 3228 3621 3279 ita

2044 3330 2288 3384 violenter
2332 3331 2529 3397 rapuit,
2577 3338 2630 3382 ut
2684 3343 2774 3381 nec
2827 3325 2851 3363 δ
2905 3325 2973 3377 ad
3014 3323 3383 3378 cohortandum
3423 3336 3623 3391 grrgem

2046 3418 2234 3473 Christi
2283 3419 2451 3472 locum
2498 3418 2678 3471 habere
2729 3417 3059 3487 permitteret.
3119 3412 3217 3467 Ille
3271 3426 3385 3466 vero
3426 3425 3539 3462 eum
3568 3425 3620 3461 se

2046 3512 2234 3579 videret
2258 3510 2462 3573 abduci,
2491 3508 2756 3579 epistolam
2799 3507 2987 3559 civibus
3028 3506 3135 3558 suis
3170 3519 3262 3573 pro
3290 3498 3622 3555 custodienda

376 3615 500 3669 pore
521 3616 653 3666 quan
680 3600 696 3652 i
726 3598 1127 3653 Christianorum
1154 3599 1331 3669 papuli
1370 3614 1462 3666 pro
1509 3599 1617 3667 ipso
1648 3598 1838 3653 Christi
1862 3616 1944 3651 sa-
1978 3595 2020 3651 Β
2051 3600 2151 3667 ﬁde
2171 3600 2421 3654 catholica
2444 3599 2539 3652 hoc
2561 3599 2707 3652 modo
2748 3598 3024 3651 transmisit
3054 3614 3066 3648 :

1694 3753 1896 3852 EPI

1694 3753 1896 3852 EPI

636 3931 786 4044 s.
861 3929 1614 4041 suanm:
1682 3750 3303 4040 castignéaammsss
3362 4076 3365 4083 _

1139 4115 1219 4156 AD
1246 4114 1423 4156 CIVES
1464 4114 1642 4171 SUOS,
1680 4114 1797 4155 PRO
1832 4112 2273 4173 ουδτροιεΝῠΑ
2304 4111 2454 4154 FIDE
2490 4106 2867 4153 CATIIOIICL.

461 4234 811 4288 Dilectissimis
830 4243 875 4287 et
900 4237 948 4286 in
974 4232 1162 4286 Christi
1193 4250 1364 4285 amore
1403 4231 1709 4285 dulcissimis
1740 4232 1865 4298 [iliis
1908 4246 1953 4287 et
1984 4234 2029 4295 C
2061 4236 2119 4286 tis
2156 4233 2451 4301 abundeque
2480 4231 2696 4284 obtestor
2732 4244 2819 4293 per
2860 4226 2953 4279 Dei
2988 4226 3299 4296 majestalem
3339 4234 3391 4280 et.
3410 4238 3497 4290 ρει·
3527 4230 3629 4274 tre-

385 4324 589 4395 ﬁliabus
638 4323 877 4376 Ecclesia:
917 4323 1038 4375 mihi
1069 4333 1090 4362 ε
1118 4341 1149 4375 a
1183 4322 1288 4376 Deo
1330 4326 1605 4375 commissce
1630 4362 1645 4387 ,
1695 4320 1953 4392 Eugenius

386 4416 675 4482 episcopus.
715 4413 914 4484 ησῃιιιὶι
940 4415 1187 4468 emanavit
1212 4414 1512 4479 auctoritas,
1538 4422 1585 4465 et
1603 4428 1694 4478 pro
1722 4427 1953 4469 exercens

387 4508 455 4557 da
501 4505 604 4571 ﬁde
649 4506 900 4557 catholica
944 4506 1105 4557 edicto
1152 4501 1278 4557 ηομ1
1308 4506 1374 4556 ad
1402 4503 1754 4575 CarJtaginent
1791 4505 1953 4557 venire

384 4596 643 4663 prorepit.
680 4592 744 4645 Et
784 4595 898 4645 ideo
927 4610 989 4645 ne
1033 4594 1200 4645 abiens
1229 4610 1259 4644 a
1291 4593 1425 4645 vobis
1465 4592 1747 4646 Ecclesium
1781 4590 1872 4645 Dei
1900 4593 1952 4644 ia

384 4687 641 4752 ambiguo.
701 4685 793 4736 hoc
835 4695 905 4737 est
962 4686 1012 4735 in
1067 4700 1308 4751 suspenso
1361 4684 1684 4749 dimitterent,
1713 4693 1801 4735 aut
1844 4698 1955 4736 oves

383 4775 579 4828 Christi
608 4790 709 4827 non
740 4790 882 4827 verus
907 4784 1079 4841 pastor
1107 4772 1308 4825 silentio
1327 4774 1661 4839 relinquerem
1684 4790 1700 4837 ;
1729 4788 1959 4826 necessa-

385 4867 524 4918 rium
548 4867 672 4919 duxi
692 4868 781 4918 has
804 4880 895 4934 pro
916 4878 995 4915 me
1016 4863 1229 4918 vicarius
1250 4872 1423 4915 vestra:
1443 4862 1660 4932 dirigere
1678 4863 1961 4928 sanctitati,

386 4962 440 5009 in
464 4958 640 5024 quibus
665 4973 761 5010 non
782 4958 891 5009 sine
911 4954 1152 5023 lacrymis
1179 4962 1314 5023 peto,
1349 4952 1542 5019 hortor,
1576 4969 1777 5017 moneo,
1800 4962 1846 5006 et
1881 4969 1961 5006 sa-

466 5188 489 5215 ⁶
520 5175 818 5244 Legentlum
858 5174 1148 5229 Genserico.

470 5246 493 5283 1)
524 5238 621 5299 διε
638 5247 792 5299 Ctilh.
816 5247 887 5297 At
910 5247 1063 5308 edit.,
1093 5248 1158 5296 ad
1189 5243 1491 5295 hortandum
1535 5254 1734 5311 gregem
1768 5238 1956 5311 Christi

350 5352 358 5359 -
389 5317 553 5370 nilum
580 5316 719 5368 abire
746 5316 1065 5379 permitteret.
1092 5312 1394 5381 chenilttm
1412 5308 1584 5372 'l'orle,
1623 5308 1769 5363 illum
1800 5310 1955 5371 abire,

389 5400 495 5441 etc.
529 5386 683 5454 κει..
706 5382 1062 5454 Christicolam
1087 5384 1226 5435 abire
1251 5382 1579 5454 permitteret.

470 5467 489 5491 α’
520 5456 556 5508 S
577 5446 799 5508 αἲξ-ἐκίνει
830 5453 1023 5519 Regius
1062 5464 1117 5507 et
1141 5446 1265 5507 editi
1297 5451 1415 5514 alii;
1448 5465 1576 5504 mss.
1619 5450 1743 5510 tluo,
1771 5448 1825 5499 in
1858 5446 1960 5498 Do-

394 5528 530 5578 mino
555 5540 571 5588 ;
603 5540 665 5578 es
698 5524 887 5587 quibus
909 5528 1062 5587 alter,
1092 5522 1390 5575 commiss’s.

468 5596 491 5629 ·¹
516 5585 603 5647 Sic
632 5585 757 5645 mss.
787 5592 853 5652 2;
886 5593 1010 5643 aditi
1052 5585 1251 5643 habent
1287 5607 1317 5643 a
1354 5589 1676 5659 Carthagine.
1708 5585 1961 5641 Bzirunius

397 5666 463 5716 ad
493 5682 617 5718 utut.
654 5662 774 5723 ιδι,
797 5680 826 5713 a
856 5662 1175 5729 Carthagine.

2058 4325 2297 4376 mendum
2318 4322 2504 4392 judicii
2527 4321 2680 4381 diem,
2702 4327 2853 4387 atque
2879 4318 3123 4369 adventus
3152 4313 3338 4367 Christi
3360 4323 3404 4365 te
3432 4311 3628 4365 rlbilem

2056 4415 2357 4476 claritatem,
2392 4420 2445 4463 ut
2464 4410 2616 4479 ﬁIius
2634 4408 2842 4461 teneatis
2862 4405 3166 4459 catholicam
3192 4404 3364 4471 ﬁdem,
3394 4418 3629 4455 asseren-

2058 4512 2128 4554 tes
2163 4509 2185 4536 θ
2222 4498 2414 4552 Filium
2448 4498 2594 4550 Patri
2620 4513 2725 4549 esse
2749 4495 3016 4562 aqualem,
3049 4503 3093 4545 et
3124 4491 3374 4562 Spiritum
3402 4500 3631 4542 sanctum

2058 4593 2287 4644 eamdem
2314 4591 2494 4641 habere
2516 4605 2628 4640 cum
2674 4588 2826 4639 Patre
2858 4594 2925 4638 er
2940 4583 3079 4636 Filio
3120 4583 3374 4635 deitatem.
3422 4581 3631 4636 Servate

2058 4684 2228 4750 itaque
2276 4681 2412 4734 unici
2441 4678 2756 4748 baptismatis
2796 4676 3036 4747 gratiam,
3068 4673 3405 4725 custodientes
3436 4669 3455 4708 τ
3489 4670 3632 4721 Chii-

2060 4772 2237 4825 smatis
2283 4771 2589 4821 unctionem.
2626 4767 2787 4819 Nemo
2836 4775 2948 4833 post
2995 4779 3200 4832 aquam,
3241 4771 3521 4816 revertatur
3567 4760 3633 4813 ad

2063 4877 2265 4928 aquam,
2289 4867 2495 4911 renatus
2522 4873 2584 4910 ex
2612 4872 2744 4922 aqua
2776 4864 2823 4909 ις.
2858 4853 2998 4907 Nutu
3022 4855 3154 4907 enim
3184 4851 3274 4906 Dei
3301 4853 3379 4904 sal
3410 4853 3459 4904 in
3496 4866 3628 4918 aqua

2065 4950 2351 5015 confcitur,
2411 4946 2498 4998 sed
2542 4945 2584 4996 si
2625 4945 2675 4996 in
2723 4959 2908 5011 aquam
2964 4944 3220 4995 redactum
3273 4941 3440 5008 fuerit,
3473 4939 3634 4989 omni.-

2140 5176 2162 5203 ε
2195 5166 2290 5219 Ms.
2335 5165 2384 5225 1,
2427 5171 2702 5216 asserentes
2749 5162 2972 5225 Patrem,
3012 5170 3057 5212 et
3105 5158 3354 5227 Spiritum
3400 5164 3635 5211 sanctum

2067 5237 2291 5289 eamdem
2313 5233 2495 5285 habere
2516 5248 2628 5283 cum
2650 5228 2786 5284 Filio
2806 5233 3066 5283 deitatem.

2143 5303 2161 5342 ί
2197 5304 2477 5357 Salvianus
2506 5302 2743 5368 ejusdem
2788 5300 2884 5353 ειενί
2916 5309 3099 5352 auctor
3132 5298 3224 5353 Ιιιι.
3260 5313 3309 5352 ιιι
3339 5296 3403 5349 de
3437 5295 3638 5347 Gulwr-

2071 5376 2283 5430 natiune
2316 5371 2429 5434 Dei,
2455 5371 2589 5423 bona
2618 5384 2737 5438 qua:
2758 5369 3073 5423 Christianis
3117 5368 3252 5421 Deus
3283 5368 3533 5438 assignat,
3559 5378 3639 5438 rc-

2070 5455 2317 5502 ceusens.
2349 5434 2731 5494 commemorat
2758 5440 2919 5491 sancti
2948 5438 3262 5505 bap'ismatis
3290 5437 3525 5506 gratiam,
3561 5434 3639 5483 di»

2069 5514 2173 5565 uini
2201 5508 2487 5563 chrismatis
2508 5509 2816 5573 unctionem,
2847 5508 2982 5576 quod
3006 5504 3223 5561 chrisma
3248 5504 3635 5563 ecclesiasticum

2074 5582 2230 5650 paulo
2259 5589 2379 5648 post
2399 5581 2649 5650 appellat:

2145 5647 2334 5705 H10").
2369 5648 2511 5704 addit
2534 5659 2577 5702 et
2609 5647 2804 5716 Spiritu
2833 5655 3021 5709 sancto.
