  <div class='ocr_page' id='page_1' title='image "/cluster/home/n/w/nwhite01/storage/ocr_20150623/58/hvd.32044073505240/424.png"; bbox 0 0 4068 6348; ppageno 0'>
   <div class='ocr_carea' id='block_1_1' title="bbox 311 321 413 373">
    <p class='ocr_par' dir='ltr' id='par_1_1' title="bbox 311 321 413 373">
     <span class='ocr_line' id='line_1_1' title="bbox 311 321 413 373; baseline 0 -1"><span class='ocrx_word' id='word_1_1' title='bbox 311 321 413 373; x_wconf 72' lang='grc' dir='ltr'><strong><em>’ῖῖό</em></strong></span> 
     </span>
    </p>
   </div>
   <div class='ocr_carea' id='block_1_2' title="bbox 915 303 1890 375">
    <p class='ocr_par' dir='ltr' id='par_1_2' title="bbox 915 305 1854 365">
     <span class='ocr_line' id='line_1_2' title="bbox 915 305 1854 365; baseline -0.006 0"><span class='ocrx_word' id='word_1_2' title='bbox 915 308 1329 365; x_wconf 73' lang='grc' dir='ltr'><strong><em>ΕΧΟΕΙὶΡΤυΜ</em></strong></span> <span class='ocrx_word' id='word_1_3' title='bbox 1375 307 1463 360; x_wconf 76' lang='lat' dir='ltr'><strong><em>EX</em></strong></span> <span class='ocrx_word' id='word_1_4' title='bbox 1505 305 1854 361; x_wconf 73' lang='lat' dir='ltr'><strong><em>UREGORIU</em></strong></span> 
     </span>
    </p>
   </div>
   <div class='ocr_carea' id='block_1_3' title="bbox 1991 303 2960 375">
    <p class='ocr_par' dir='ltr' id='par_1_3' title="bbox 1991 303 2960 375">
     <span class='ocr_line' id='line_1_3' title="bbox 1991 303 2960 375; baseline 0.005 -19"><span class='ocrx_word' id='word_1_5' title='bbox 1991 303 2166 366; x_wconf 54' lang='lat' dir='ltr'><strong><em>non,</em></strong></span> <span class='ocrx_word' id='word_1_6' title='bbox 2208 305 2297 358; x_wconf 77' lang='lat' dir='ltr'><strong><em>ns</em></strong></span> <span class='ocrx_word' id='word_1_7' title='bbox 2344 307 2400 362; x_wconf 89' lang='lat' dir='ltr'><strong><em>s.</em></strong></span> <span class='ocrx_word' id='word_1_8' title='bbox 2450 306 2770 375; x_wconf 64' lang='lat' dir='ltr'><strong><em>suasum,</em></strong></span> <span class='ocrx_word' id='word_1_9' title='bbox 2815 308 2960 363; x_wconf 83' lang='lat' dir='ltr'><strong><em>ETC.</em></strong></span> 
     </span>
    </p>
   </div>
   <div class='ocr_carea' id='block_1_4' title="bbox 3469 316 3566 371">
    <p class='ocr_par' dir='ltr' id='par_1_4' title="bbox 3469 316 3566 371">
     <span class='ocr_line' id='line_1_4' title="bbox 3469 316 3566 371; baseline 0.021 -2"><span class='ocrx_word' id='word_1_10' title='bbox 3469 316 3566 371; x_wconf 61' lang='lat'><strong><em>774</em></strong></span> 
     </span>
    </p>
   </div>
   <div class='ocr_carea' id='block_1_5' title="bbox 306 419 3564 499">
    <p class='ocr_par' dir='ltr' id='par_1_5' title="bbox 306 419 3564 499">
     <span class='ocr_line' id='line_1_5' title="bbox 306 419 3564 499; baseline -0.002 -13"><span class='ocrx_word' id='word_1_11' title='bbox 306 448 448 499; x_wconf 85' lang='lat' dir='ltr'><strong><em>mur,</em></strong></span> <span class='ocrx_word' id='word_1_12' title='bbox 478 429 775 499; x_wconf 84' lang='lat' dir='ltr'><strong><em>aperiantur</em></strong></span> <span class='ocrx_word' id='word_1_13' title='bbox 801 426 934 479; x_wconf 65' lang='lat' dir='ltr'><strong><em>oculi</em></strong></span> <span class='ocrx_word' id='word_1_14' title='bbox 968 426 1062 477; x_wconf 91' lang='lat' dir='ltr'><strong><em>tui.</em></strong></span> <span class='ocrx_word' id='word_1_15' title='bbox 1108 422 1366 475; x_wconf 69' lang='lat' dir='ltr'><strong><em>Etstatim</em></strong></span> <span class='ocrx_word' id='word_1_16' title='bbox 1391 420 1562 472; x_wconf 88' lang='lat' dir='ltr'><strong><em>ablato</em></strong></span> <span class='ocrx_word' id='word_1_17' title='bbox 1603 421 1801 481; x_wconf 66' lang='lat' dir='ltr'><strong><em>dolore,</em></strong></span> <span class='ocrx_word' id='word_1_18' title='bbox 1826 419 1891 470; x_wconf 87' lang='lat' dir='ltr'><strong><em>ad</em></strong></span> <span class='ocrx_word' id='word_1_19' title='bbox 1921 422 1967 477; x_wconf 85' lang='grc' dir='ltr'>Α</span> <span class='ocrx_word' id='word_1_20' title='bbox 1997 419 2216 484; x_wconf 79' lang='lat' dir='ltr'><strong><em>propr.is</em></strong></span> <span class='ocrx_word' id='word_1_21' title='bbox 2256 437 2308 472; x_wconf 90' lang='lat' dir='ltr'><strong><em>se</em></strong></span> <span class='ocrx_word' id='word_1_22' title='bbox 2351 422 2601 475; x_wconf 73' lang='lat' dir='ltr'><strong><em>morsibus</em></strong></span> <span class='ocrx_word' id='word_1_23' title='bbox 2644 425 2886 486; x_wconf 88' lang='lat' dir='ltr'><strong><em>laniabat,</em></strong></span> <span class='ocrx_word' id='word_1_24' title='bbox 2931 426 2981 476; x_wconf 87' lang='lat' dir='ltr'><strong><em>in</em></strong></span> <span class='ocrx_word' id='word_1_25' title='bbox 3022 441 3119 492; x_wconf 83' lang='lat' dir='ltr'><strong><em>quo</em></strong></span> <span class='ocrx_word' id='word_1_26' title='bbox 3160 428 3310 479; x_wconf 90' lang='lat' dir='ltr'><strong><em>etiam</em></strong></span> <span class='ocrx_word' id='word_1_27' title='bbox 3337 431 3564 483; x_wconf 87' lang='lat' dir='ltr'><strong><em>cruciatu</em></strong></span> 
     </span>
    </p>
   </div>
   <div class='ocr_carea' id='block_1_6' title="bbox 310 508 1919 589">
    <p class='ocr_par' dir='ltr' id='par_1_6' title="bbox 310 508 1919 589">
     <span class='ocr_line' id='line_1_6' title="bbox 310 508 1919 589; baseline -0.01 -15"><span class='ocrx_word' id='word_1_28' title='bbox 310 520 585 589; x_wconf 82' lang='lat' dir='ltr'><strong><em>pristinam</em></strong></span> <span class='ocrx_word' id='word_1_29' title='bbox 613 516 763 569; x_wconf 89' lang='lat' dir='ltr'><strong><em>rediit</em></strong></span> <span class='ocrx_word' id='word_1_30' title='bbox 792 514 1060 567; x_wconf 79' lang='lat' dir='ltr'><strong><em>sunita:e;n</em></strong></span> <span class='ocrx_word' id='word_1_31' title='bbox 1090 520 1136 562; x_wconf 69' lang='grc' dir='ltr'><strong><em>δ.</em></strong></span> <span class='ocrx_word' id='word_1_32' title='bbox 1168 508 1583 577; x_wconf 68' lang='grc' dir='ltr'><strong><em>Μαηίίεδιῑδδὶηιδ</em></strong></span> <span class='ocrx_word' id='word_1_33' title='bbox 1609 517 1774 560; x_wconf 78' lang='lat' dir='ltr'><strong><em>autem</em></strong></span> <span class='ocrx_word' id='word_1_34' title='bbox 1799 522 1893 575; x_wconf 81' lang='lat' dir='ltr'><strong><em>pa-</em></strong></span> <span class='ocrx_word' id='word_1_35' title='bbox 1916 514 1919 517; x_wconf 83' lang='lat'>&#39;</span> 
     </span>
    </p>
   </div>
   <div class='ocr_carea' id='block_1_7' title="bbox 310 596 1897 677">
    <p class='ocr_par' dir='ltr' id='par_1_7' title="bbox 310 596 1897 677">
     <span class='ocr_line' id='line_1_7' title="bbox 310 596 1897 677; baseline -0.01 -16"><span class='ocrx_word' id='word_1_36' title='bbox 310 610 409 663; x_wconf 91' lang='lat' dir='ltr'><strong><em>tuit</em></strong></span> <span class='ocrx_word' id='word_1_37' title='bbox 440 624 526 676; x_wconf 89' lang='lat' dir='ltr'><strong><em>per</em></strong></span> <span class='ocrx_word' id='word_1_38' title='bbox 556 608 709 677; x_wconf 87' lang='lat' dir='ltr'><strong><em>hujus</em></strong></span> <span class='ocrx_word' id='word_1_39' title='bbox 738 606 1036 667; x_wconf 67' lang='lat' dir='ltr'><strong><em>ca’citatem,</em></strong></span> <span class='ocrx_word' id='word_1_40' title='bbox 1076 598 1295 669; x_wconf 76' lang='lat' dir='ltr'><strong><em>qualiter</em></strong></span> <span class='ocrx_word' id='word_1_41' title='bbox 1323 597 1675 649; x_wconf 71' lang='lat' dir='ltr'><strong><em>hiereticorum</em></strong></span> <span class='ocrx_word' id='word_1_42' title='bbox 1705 596 1897 663; x_wconf 87' lang='lat' dir='ltr'><strong><em>episco-</em></strong></span> 
     </span>
    </p>
   </div>
   <div class='ocr_carea' id='block_1_8' title="bbox 311 686 1897 766">
    <p class='ocr_par' dir='ltr' id='par_1_8' title="bbox 311 686 1897 766">
     <span class='ocr_line' id='line_1_8' title="bbox 311 686 1897 766; baseline -0.008 -16"><span class='ocrx_word' id='word_1_43' title='bbox 311 715 411 766; x_wconf 87' lang='lat' dir='ltr'><strong><em>pus</em></strong></span> <span class='ocrx_word' id='word_1_44' title='bbox 438 697 613 752; x_wconf 88' lang='lat' dir='ltr'><strong><em>oculos</em></strong></span> <span class='ocrx_word' id='word_1_45' title='bbox 639 692 867 747; x_wconf 86' lang='lat' dir='ltr'><strong><em>cardium</em></strong></span> <span class='ocrx_word' id='word_1_46' title='bbox 900 692 1081 744; x_wconf 85' lang='lat' dir='ltr'><strong><em>misero</em></strong></span> <span class='ocrx_word' id='word_1_47' title='bbox 1106 688 1398 742; x_wconf 82' lang='lat' dir='ltr'><strong><em>assertionis</em></strong></span> <span class='ocrx_word' id='word_1_48' title='bbox 1426 702 1533 739; x_wconf 75' lang='lat' dir='ltr'><strong><em>siue</em></strong></span> <span class='ocrx_word' id='word_1_49' title='bbox 1552 686 1747 740; x_wconf 78' lang='lat' dir='ltr'><strong><em>velabat</em></strong></span> <span class='ocrx_word' id='word_1_50' title='bbox 1768 686 1897 739; x_wconf 90' lang='lat' dir='ltr'><strong><em>ami-</em></strong></span> 
     </span>
    </p>
   </div>
   <div class='ocr_carea' id='block_1_9' title="bbox 310 778 1893 851">
    <p class='ocr_par' dir='ltr' id='par_1_9' title="bbox 310 778 1893 851">
     <span class='ocr_line' id='line_1_9' title="bbox 310 778 1893 851; baseline -0.008 -9"><span class='ocrx_word' id='word_1_51' title='bbox 310 799 422 851; x_wconf 88' lang='lat' dir='ltr'><strong><em>ctu,</em></strong></span> <span class='ocrx_word' id='word_1_52' title='bbox 452 802 515 839; x_wconf 86' lang='lat' dir='ltr'><strong><em>ne</em></strong></span> <span class='ocrx_word' id='word_1_53' title='bbox 547 800 714 839; x_wconf 75' lang='lat' dir='ltr'><strong><em>veram</em></strong></span> <span class='ocrx_word' id='word_1_54' title='bbox 756 784 918 836; x_wconf 80' lang='lat' dir='ltr'><strong><em>lucem</em></strong></span> <span class='ocrx_word' id='word_1_55' title='bbox 952 781 1058 833; x_wconf 83' lang='lat' dir='ltr'><strong><em>iliis</em></strong></span> <span class='ocrx_word' id='word_1_56' title='bbox 1095 780 1267 832; x_wconf 89' lang='lat' dir='ltr'><strong><em>liceret</em></strong></span> <span class='ocrx_word' id='word_1_57' title='bbox 1308 778 1430 843; x_wconf 90' lang='lat' dir='ltr'><strong><em>ﬁdei</em></strong></span> <span class='ocrx_word' id='word_1_58' title='bbox 1472 778 1632 831; x_wconf 89' lang='lat' dir='ltr'><strong><em>oculis</em></strong></span> <span class='ocrx_word' id='word_1_59' title='bbox 1669 788 1893 830; x_wconf 86' lang='lat' dir='ltr'><strong><em>contem-</em></strong></span> 
     </span>
    </p>
   </div>
   <div class='ocr_carea' id='block_1_10' title="bbox 316 871 1893 948">
    <p class='ocr_par' dir='ltr' id='par_1_10' title="bbox 316 871 1893 948">
     <span class='ocr_line' id='line_1_10' title="bbox 316 871 1893 948; baseline -0.007 -16"><span class='ocrx_word' id='word_1_60' title='bbox 316 879 472 948; x_wconf 85' lang='lat' dir='ltr'><strong><em>plari.</em></strong></span> <span class='ocrx_word' id='word_1_61' title='bbox 504 876 547 929; x_wconf 90' lang='lat'><em>0</em></span> <span class='ocrx_word' id='word_1_62' title='bbox 581 876 853 928; x_wconf 86' lang='lat' dir='ltr'><strong><em>miserum!</em></strong></span> <span class='ocrx_word' id='word_1_63' title='bbox 886 873 972 941; x_wconf 91' lang='lat' dir='ltr'><strong><em>qui</em></strong></span> <span class='ocrx_word' id='word_1_64' title='bbox 1012 888 1112 924; x_wconf 92' lang='lat' dir='ltr'><strong><em>non</em></strong></span> <span class='ocrx_word' id='word_1_65' title='bbox 1145 871 1402 940; x_wconf 90' lang='lat' dir='ltr'><strong><em>ingressus</em></strong></span> <span class='ocrx_word' id='word_1_66' title='bbox 1438 886 1527 940; x_wconf 84' lang='lat' dir='ltr'><strong><em>per</em></strong></span> <span class='ocrx_word' id='word_1_67' title='bbox 1564 872 1801 940; x_wconf 88' lang='lat' dir='ltr'><strong><em>januam,</em></strong></span> <span class='ocrx_word' id='word_1_68' title='bbox 1840 871 1893 922; x_wconf 92' lang='lat' dir='ltr'><strong><em>id</em></strong></span> 
     </span>
    </p>
   </div>
   <div class='ocr_carea' id='block_1_11' title="bbox 313 960 1889 1037">
    <p class='ocr_par' dir='ltr' id='par_1_11' title="bbox 313 960 1889 1037">
     <span class='ocr_line' id='line_1_11' title="bbox 313 960 1889 1037; baseline -0.006 -14"><span class='ocrx_word' id='word_1_69' title='bbox 313 987 337 1023; x_wconf 73' lang='grc' dir='ltr'><strong><em>ς’</em></strong></span> <span class='ocrx_word' id='word_1_70' title='bbox 370 980 387 1021; x_wconf 91' lang='lat' dir='ltr'><strong><em>t</em></strong></span> <span class='ocrx_word' id='word_1_71' title='bbox 418 985 507 1037; x_wconf 91' lang='lat' dir='ltr'><strong><em>per</em></strong></span> <span class='ocrx_word' id='word_1_72' title='bbox 536 966 813 1028; x_wconf 78' lang='lat' dir='ltr'><strong><em>Christum,</em></strong></span> <span class='ocrx_word' id='word_1_73' title='bbox 843 965 929 1033; x_wconf 80' lang='lat' dir='ltr'><strong><em>qui</em></strong></span> <span class='ocrx_word' id='word_1_74' title='bbox 953 972 1023 1017; x_wconf 86' lang='lat' dir='ltr'><strong><em>est</em></strong></span> <span class='ocrx_word' id='word_1_75' title='bbox 1035 967 1201 1033; x_wconf 86' lang='lat' dir='ltr'><strong><em>janua</em></strong></span> <span class='ocrx_word' id='word_1_76' title='bbox 1228 978 1362 1025; x_wconf 74' lang='lat' dir='ltr'><strong><em>vera,</em></strong></span> <span class='ocrx_word' id='word_1_77' title='bbox 1397 960 1548 1028; x_wconf 91' lang='lat' dir='ltr'><strong><em>lupus</em></strong></span> <span class='ocrx_word' id='word_1_78' title='bbox 1573 962 1736 1030; x_wconf 86' lang='lat' dir='ltr'><strong><em>magis</em></strong></span> <span class='ocrx_word' id='word_1_79' title='bbox 1753 962 1889 1029; x_wconf 86' lang='lat' dir='ltr'><strong><em>gregi</em></strong></span> 
     </span>
    </p>
   </div>
   <div class='ocr_carea' id='block_1_12' title="bbox 315 1048 1892 1138">
    <p class='ocr_par' dir='ltr' id='par_1_12' title="bbox 315 1048 1892 1138">
     <span class='ocr_line' id='line_1_12' title="bbox 315 1048 1892 1138; baseline -0.006 -27"><span class='ocrx_word' id='word_1_80' title='bbox 315 1076 471 1127; x_wconf 85' lang='lat' dir='ltr'><strong><em>quam</em></strong></span> <span class='ocrx_word' id='word_1_81' title='bbox 500 1060 611 1128; x_wconf 86' lang='lat' dir='ltr'><strong><em>ejus</em></strong></span> <span class='ocrx_word' id='word_1_82' title='bbox 634 1048 801 1110; x_wconf 79' lang='lat' dir='ltr'><strong><em>custos</em></strong></span> <span class='ocrx_word' id='word_1_83' title='bbox 831 1051 1059 1118; x_wconf 81' lang='lat' dir='ltr'><strong><em>e/l&#39;ectus,</em></strong></span> <span class='ocrx_word' id='word_1_84' title='bbox 1091 1062 1134 1138; x_wconf 72' lang='lat' dir='ltr'><strong><em>et</em></strong></span> <span class='ocrx_word' id='word_1_85' title='bbox 1175 1068 1348 1121; x_wconf 89' lang='lat' dir='ltr'><strong><em>pacem</em></strong></span> <span class='ocrx_word' id='word_1_86' title='bbox 1386 1051 1506 1119; x_wconf 86' lang='lat' dir='ltr'><strong><em>ﬁdei</em></strong></span> <span class='ocrx_word' id='word_1_87' title='bbox 1528 1068 1676 1117; x_wconf 86' lang='lat' dir='ltr'><strong><em>quam</em></strong></span> <span class='ocrx_word' id='word_1_88' title='bbox 1708 1052 1759 1103; x_wconf 90' lang='lat' dir='ltr'><strong><em>in</em></strong></span> <span class='ocrx_word' id='word_1_89' title='bbox 1787 1066 1892 1102; x_wconf 76' lang='lat' dir='ltr'><strong><em>tre-</em></strong></span> 
     </span>
    </p>
   </div>
   <div class='ocr_carea' id='block_1_13' title="bbox 314 1143 1894 1210">
    <p class='ocr_par' dir='ltr' id='par_1_13' title="bbox 314 1143 1894 1210">
     <span class='ocr_line' id='line_1_13' title="bbox 314 1143 1894 1210; baseline -0.004 -9"><span class='ocrx_word' id='word_1_90' title='bbox 314 1150 548 1204; x_wconf 89' lang='lat' dir='ltr'><strong><em>dentium</em></strong></span> <span class='ocrx_word' id='word_1_91' title='bbox 576 1147 812 1202; x_wconf 89' lang='lat' dir='ltr'><strong><em>cordibus</em></strong></span> <span class='ocrx_word' id='word_1_92' title='bbox 844 1144 1083 1198; x_wconf 77' lang='lat' dir='ltr'><strong><em>debuerat</em></strong></span> <span class='ocrx_word' id='word_1_93' title='bbox 1125 1144 1416 1205; x_wconf 79' lang='lat' dir='ltr'><strong><em>accendere,</em></strong></span> <span class='ocrx_word' id='word_1_94' title='bbox 1451 1143 1699 1210; x_wconf 75' lang='lat' dir='ltr'><strong><em>pravitate</em></strong></span> <span class='ocrx_word' id='word_1_95' title='bbox 1728 1143 1894 1195; x_wconf 87' lang='lat' dir='ltr'><strong><em>cordis</em></strong></span> 
     </span>
    </p>
   </div>
   <div class='ocr_carea' id='block_1_14' title="bbox 316 1232 1895 1305">
    <p class='ocr_par' dir='ltr' id='par_1_14' title="bbox 316 1232 1895 1305">
     <span class='ocr_line' id='line_1_14' title="bbox 316 1232 1895 1305; baseline -0.006 -10"><span class='ocrx_word' id='word_1_96' title='bbox 316 1244 398 1295; x_wconf 86' lang='lat' dir='ltr'><strong><em>sui</em></strong></span> <span class='ocrx_word' id='word_1_97' title='bbox 423 1241 703 1294; x_wconf 91' lang='lat' dir='ltr'><strong><em>conabatur</em></strong></span> <span class='ocrx_word' id='word_1_98' title='bbox 733 1238 1069 1305; x_wconf 78' lang='lat' dir='ltr'><strong><em>exstinguere.</em></strong></span> <span class='ocrx_word' id='word_1_99' title='bbox 1114 1234 1293 1289; x_wconf 85' lang='lat' dir='ltr'><strong><em>Sancti</em></strong></span> <span class='ocrx_word' id='word_1_100' title='bbox 1327 1251 1440 1287; x_wconf 90' lang='lat' dir='ltr'><strong><em>vero</em></strong></span> <span class='ocrx_word' id='word_1_101' title='bbox 1484 1232 1580 1286; x_wconf 79' lang='grc' dir='ltr'><strong><em>οιὶ</em></strong></span> <span class='ocrx_word' id='word_1_102' title='bbox 1622 1235 1726 1286; x_wconf 89' lang='lat' dir='ltr'><strong><em>alia</em></strong></span> <span class='ocrx_word' id='word_1_103' title='bbox 1752 1235 1895 1302; x_wconf 80' lang='lat' dir='ltr'><strong><em>signa</em></strong></span> 
     </span>
    </p>
   </div>
   <div class='ocr_carea' id='block_1_15' title="bbox 314 1324 1893 1400">
    <p class='ocr_par' dir='ltr' id='par_1_15' title="bbox 314 1324 1893 1400">
     <span class='ocr_line' id='line_1_15' title="bbox 314 1324 1893 1400; baseline -0.004 -17"><span class='ocrx_word' id='word_1_104' title='bbox 314 1333 370 1383; x_wconf 89' lang='lat' dir='ltr'><strong><em>in</em></strong></span> <span class='ocrx_word' id='word_1_105' title='bbox 396 1331 598 1400; x_wconf 87' lang='lat' dir='ltr'><strong><em>papulis</em></strong></span> <span class='ocrx_word' id='word_1_106' title='bbox 629 1329 787 1381; x_wconf 90' lang='lat' dir='ltr'><strong><em>multa</em></strong></span> <span class='ocrx_word' id='word_1_107' title='bbox 815 1331 1062 1396; x_wconf 88' lang='lat' dir='ltr'><strong><em>fecerunt,</em></strong></span> <span class='ocrx_word' id='word_1_108' title='bbox 1086 1334 1131 1377; x_wconf 87' lang='lat' dir='ltr'><strong><em>et</em></strong></span> <span class='ocrx_word' id='word_1_109' title='bbox 1152 1334 1258 1377; x_wconf 89' lang='lat' dir='ltr'><strong><em>erat</em></strong></span> <span class='ocrx_word' id='word_1_110' title='bbox 1286 1341 1379 1378; x_wconf 66' lang='lat' dir='ltr'><strong><em>eos:</em></strong></span> <span class='ocrx_word' id='word_1_111' title='bbox 1407 1341 1506 1377; x_wconf 89' lang='lat' dir='ltr'><strong><em>una</em></strong></span> <span class='ocrx_word' id='word_1_112' title='bbox 1531 1324 1707 1393; x_wconf 78' lang='lat' dir='ltr'><strong><em>pepuli</em></strong></span> <span class='ocrx_word' id='word_1_113' title='bbox 1726 1326 1893 1376; x_wconf 88' lang='lat' dir='ltr'><strong><em>dicen-</em></strong></span> 
     </span>
    </p>
   </div>
   <div class='ocr_carea' id='block_1_16' title="bbox 314 1414 1894 1483">
    <p class='ocr_par' dir='ltr' id='par_1_16' title="bbox 314 1414 1894 1483">
     <span class='ocr_line' id='line_1_16' title="bbox 314 1414 1894 1483; baseline -0.004 -8"><span class='ocrx_word' id='word_1_114' title='bbox 314 1423 381 1475; x_wconf 92' lang='lat' dir='ltr'><strong><em>tis</em></strong></span> <span class='ocrx_word' id='word_1_115' title='bbox 411 1437 430 1475; x_wconf 92' lang='lat'><strong><em>:</em></strong></span> <span class='ocrx_word' id='word_1_116' title='bbox 464 1421 627 1475; x_wconf 83' lang='lat' dir='ltr'><strong><em>Verus</em></strong></span> <span class='ocrx_word' id='word_1_117' title='bbox 661 1418 797 1472; x_wconf 89' lang='lat' dir='ltr'><strong><em>Dens</em></strong></span> <span class='ocrx_word' id='word_1_118' title='bbox 832 1418 1004 1481; x_wconf 85' lang='lat' dir='ltr'><strong><em>Pater,</em></strong></span> <span class='ocrx_word' id='word_1_119' title='bbox 1029 1433 1171 1470; x_wconf 77' lang='lat' dir='ltr'><strong><em>verus</em></strong></span> <span class='ocrx_word' id='word_1_120' title='bbox 1206 1416 1343 1469; x_wconf 86' lang='lat' dir='ltr'><strong><em>Deus</em></strong></span> <span class='ocrx_word' id='word_1_121' title='bbox 1373 1414 1559 1483; x_wconf 86' lang='lat' dir='ltr'><strong><em>Filius,</em></strong></span> <span class='ocrx_word' id='word_1_122' title='bbox 1588 1432 1729 1469; x_wconf 77' lang='lat' dir='ltr'><strong><em>rerus</em></strong></span> <span class='ocrx_word' id='word_1_123' title='bbox 1764 1416 1894 1469; x_wconf 82' lang='lat' dir='ltr'><strong><em>Deus</em></strong></span> 
     </span>
    </p>
   </div>
   <div class='ocr_carea' id='block_1_17' title="bbox 314 1509 1895 1583">
    <p class='ocr_par' dir='ltr' id='par_1_17' title="bbox 314 1509 1895 1583">
     <span class='ocr_line' id='line_1_17' title="bbox 314 1509 1895 1583; baseline -0.005 -14"><span class='ocrx_word' id='word_1_124' title='bbox 314 1514 546 1583; x_wconf 87' lang='lat' dir='ltr'><strong><em>Spiritus</em></strong></span> <span class='ocrx_word' id='word_1_125' title='bbox 584 1521 813 1575; x_wconf 86' lang='lat' dir='ltr'><strong><em>sanctus,</em></strong></span> <span class='ocrx_word' id='word_1_126' title='bbox 862 1527 960 1562; x_wconf 87' lang='lat' dir='ltr'><strong><em>una</em></strong></span> <span class='ocrx_word' id='word_1_127' title='bbox 1000 1509 1100 1577; x_wconf 89' lang='lat' dir='ltr'><strong><em>ﬁde</em></strong></span> <span class='ocrx_word' id='word_1_128' title='bbox 1130 1509 1392 1572; x_wconf 87' lang='lat' dir='ltr'><strong><em>colendus,</em></strong></span> <span class='ocrx_word' id='word_1_129' title='bbox 1433 1524 1533 1561; x_wconf 87' lang='lat' dir='ltr'><strong><em>uno</em></strong></span> <span class='ocrx_word' id='word_1_130' title='bbox 1575 1509 1751 1560; x_wconf 90' lang='lat' dir='ltr'><strong><em>timore</em></strong></span> <span class='ocrx_word' id='word_1_131' title='bbox 1792 1524 1895 1561; x_wconf 90' lang='lat' dir='ltr'><strong><em>me-</em></strong></span> 
     </span>
    </p>
   </div>
   <div class='ocr_carea' id='block_1_18' title="bbox 316 1597 1896 1668">
    <p class='ocr_par' dir='ltr' id='par_1_18' title="bbox 316 1597 1896 1668">
     <span class='ocr_line' id='line_1_18' title="bbox 316 1597 1896 1668; baseline -0.005 -11"><span class='ocrx_word' id='word_1_132' title='bbox 316 1604 552 1665; x_wconf 78' lang='lat' dir='ltr'><strong><em>tuendus,</em></strong></span> <span class='ocrx_word' id='word_1_133' title='bbox 596 1602 864 1668; x_wconf 77' lang='lat' dir='ltr'><strong><em>eodemque</em></strong></span> <span class='ocrx_word' id='word_1_134' title='bbox 900 1602 1087 1651; x_wconf 81' lang='lat' dir='ltr'><strong><em>honore</em></strong></span> <span class='ocrx_word' id='word_1_135' title='bbox 1128 1600 1459 1652; x_wconf 87' lang='lat' dir='ltr'><strong><em>venerandus.</em></strong></span> <span class='ocrx_word' id='word_1_136' title='bbox 1504 1597 1643 1649; x_wconf 84' lang='lat' dir='ltr'><strong><em>Nam</em></strong></span> <span class='ocrx_word' id='word_1_137' title='bbox 1683 1614 1742 1651; x_wconf 92' lang='lat' dir='ltr'><strong><em>ea</em></strong></span> <span class='ocrx_word' id='word_1_138' title='bbox 1780 1612 1896 1666; x_wconf 70' lang='lat' dir='ltr'><strong><em>qua!</em></strong></span> 
     </span>
    </p>
   </div>
   <div class='ocr_carea' id='block_1_19' title="bbox 317 1690 1690 1760">
    <p class='ocr_par' dir='ltr' id='par_1_19' title="bbox 317 1690 1690 1760">
     <span class='ocr_line' id='line_1_19' title="bbox 317 1690 1690 1760; baseline -0.004 -13"><span class='ocrx_word' id='word_1_139' title='bbox 317 1692 493 1747; x_wconf 89' lang='lat' dir='ltr'><strong><em>Cirola</em></strong></span> <span class='ocrx_word' id='word_1_140' title='bbox 518 1694 717 1754; x_wconf 79' lang='lat' dir='ltr'><strong><em>asserit,</em></strong></span> <span class='ocrx_word' id='word_1_141' title='bbox 746 1690 876 1760; x_wconf 89' lang='lat' dir='ltr'><strong><em>falsa</em></strong></span> <span class='ocrx_word' id='word_1_142' title='bbox 897 1706 1003 1742; x_wconf 64' lang='grc' dir='ltr'><strong><em>επεε</em></strong></span> <span class='ocrx_word' id='word_1_143' title='bbox 1024 1691 1217 1741; x_wconf 87' lang='lat' dir='ltr'><strong><em>cunctis</em></strong></span> <span class='ocrx_word' id='word_1_144' title='bbox 1248 1699 1317 1741; x_wconf 90' lang='lat' dir='ltr'><strong><em>est</em></strong></span> <span class='ocrx_word' id='word_1_145' title='bbox 1350 1690 1690 1758; x_wconf 80' lang='lat' dir='ltr'><strong><em>tuan&#39;festum.</em></strong></span> 
     </span>
    </p>
   </div>
   <div class='ocr_carea' id='block_1_20' title="bbox 1999 508 3566 581">
    <p class='ocr_par' dir='ltr' id='par_1_20' title="bbox 1999 508 3566 581">
     <span class='ocr_line' id='line_1_20' title="bbox 1999 508 3566 581; baseline 0.009 -21"><span class='ocrx_word' id='word_1_146' title='bbox 1999 508 2148 561; x_wconf 80' lang='lat' dir='ltr'><strong><em>vitam</em></strong></span> <span class='ocrx_word' id='word_1_147' title='bbox 2178 509 2439 579; x_wconf 84' lang='lat' dir='ltr'><strong><em>indignam</em></strong></span> <span class='ocrx_word' id='word_1_148' title='bbox 2458 512 2604 580; x_wconf 89' lang='lat' dir='ltr'><strong><em>justa</em></strong></span> <span class='ocrx_word' id='word_1_149' title='bbox 2630 523 2787 566; x_wconf 88' lang='lat' dir='ltr'><strong><em>morte</em></strong></span> <span class='ocrx_word' id='word_1_150' title='bbox 2812 514 2994 581; x_wconf 90' lang='lat' dir='ltr'><strong><em>ﬁnivit.</em></strong></span> <span class='ocrx_word' id='word_1_151' title='bbox 3043 515 3174 568; x_wconf 77' lang='lat' dir='ltr'><strong><em>Huic</em></strong></span> <span class='ocrx_word' id='word_1_152' title='bbox 3203 516 3217 565; x_wconf 84' lang='lat' dir='ltr'><strong><em>t&#39;</em></strong></span> <span class='ocrx_word' id='word_1_153' title='bbox 3256 516 3566 575; x_wconf 81' lang='lat' dir='ltr'><strong><em>Childericus</em></strong></span> 
     </span>
    </p>
   </div>
   <div class='ocr_carea' id='block_1_21' title="bbox 1997 599 3564 677">
    <p class='ocr_par' dir='ltr' id='par_1_21' title="bbox 1997 599 3564 677">
     <span class='ocr_line' id='line_1_21' title="bbox 1997 599 3564 677; baseline 0.009 -27"><span class='ocrx_word' id='word_1_154' title='bbox 1997 599 2255 660; x_wconf 71' lang='lat' dir='ltr'><strong><em>successit,</em></strong></span> <span class='ocrx_word' id='word_1_155' title='bbox 2306 616 2404 668; x_wconf 88' lang='lat' dir='ltr'><strong><em>quo</em></strong></span> <span class='ocrx_word' id='word_1_156' title='bbox 2442 602 2685 670; x_wconf 88' lang='lat' dir='ltr'><strong><em>defuncto</em></strong></span> <span class='ocrx_word' id='word_1_157' title='bbox 2728 602 3032 657; x_wconf 75' lang='lat' dir='ltr'><strong><em>Celsimiris</em></strong></span> <span class='ocrx_word' id='word_1_158' title='bbox 3070 622 3279 677; x_wconf 86' lang='lat' dir='ltr'><strong><em>regnum</em></strong></span> <span class='ocrx_word' id='word_1_159' title='bbox 3323 612 3564 674; x_wconf 89' lang='lat' dir='ltr'><strong><em>suscepit.</em></strong></span> 
     </span>
    </p>
   </div>
   <div class='ocr_carea' id='block_1_22' title="bbox 1999 686 3566 767">
    <p class='ocr_par' dir='ltr' id='par_1_22' title="bbox 1999 686 3566 767">
     <span class='ocr_line' id='line_1_22' title="bbox 1999 686 3566 767; baseline 0.009 -28"><span class='ocrx_word' id='word_1_160' title='bbox 1999 686 2025 739; x_wconf 84' lang='grc' dir='ltr'><em>Ι</em></span> <span class='ocrx_word' id='word_1_161' title='bbox 2033 703 2121 753; x_wconf 82' lang='lat' dir='ltr'><strong><em>pse</em></strong></span> <span class='ocrx_word' id='word_1_162' title='bbox 2143 704 2339 757; x_wconf 85' lang='lat' dir='ltr'><strong><em>quoque</em></strong></span> <span class='ocrx_word' id='word_1_163' title='bbox 2362 706 2392 740; x_wconf 91' lang='lat' dir='ltr'><strong><em>a</em></strong></span> <span class='ocrx_word' id='word_1_164' title='bbox 2430 691 2688 755; x_wconf 82' lang='lat' dir='ltr'><strong><em>republica</em></strong></span> <span class='ocrx_word' id='word_1_165' title='bbox 2715 700 3002 760; x_wconf 86' lang='lat' dir='ltr'><strong><em>superatus,</em></strong></span> <span class='ocrx_word' id='word_1_166' title='bbox 3025 695 3177 747; x_wconf 90' lang='lat' dir='ltr'><strong><em>vitam</em></strong></span> <span class='ocrx_word' id='word_1_167' title='bbox 3199 698 3566 767; x_wconf 86' lang='lat' dir='ltr'><strong><em>principatum-</em></strong></span> 
     </span>
    </p>
   </div>
   <div class='ocr_carea' id='block_1_23' title="bbox 1995 780 3335 849">
    <p class='ocr_par' dir='ltr' id='par_1_23' title="bbox 1995 780 3335 849">
     <span class='ocr_line' id='line_1_23' title="bbox 1995 780 3335 849; baseline 0.007 -18"><span class='ocrx_word' id='word_1_168' title='bbox 1995 794 2091 847; x_wconf 82' lang='lat' dir='ltr'><strong><em>que</em></strong></span> <span class='ocrx_word' id='word_1_169' title='bbox 2119 780 2303 845; x_wconf 86' lang='lat' dir='ltr'><strong><em>ﬁnivit,</em></strong></span> <span class='ocrx_word' id='word_1_170' title='bbox 2334 788 2380 831; x_wconf 90' lang='lat' dir='ltr'><strong><em>et</em></strong></span> <span class='ocrx_word' id='word_1_171' title='bbox 2403 782 2475 832; x_wconf 89' lang='lat' dir='ltr'><strong><em>sic</em></strong></span> <span class='ocrx_word' id='word_1_172' title='bbox 2504 797 2713 849; x_wconf 85' lang='lat' dir='ltr'><strong><em>regnum</em></strong></span> <span class='ocrx_word' id='word_1_173' title='bbox 2742 782 2929 835; x_wconf 89' lang='lat' dir='ltr'><strong><em>decidit</em></strong></span> <span class='ocrx_word' id='word_1_174' title='bbox 2966 783 3335 840; x_wconf 84' lang='lat' dir='ltr'><strong><em>Vandalorum.</em></strong></span> 
     </span>
    </p>
   </div>
   <div class='ocr_carea' id='block_1_24' title="bbox 2068 867 3564 939">
    <p class='ocr_par' dir='ltr' id='par_1_24' title="bbox 2068 867 3564 939">
     <span class='ocr_line' id='line_1_24' title="bbox 2068 867 3564 939; baseline 0.009 -19"><span class='ocrx_word' id='word_1_175' title='bbox 2068 867 2136 920; x_wconf 86' lang='lat' dir='ltr'><strong><em>X.</em></strong></span> <span class='ocrx_word' id='word_1_176' title='bbox 2172 868 2308 922; x_wconf 77' lang='lat' dir='ltr'><strong><em>Huic</em></strong></span> <span class='ocrx_word' id='word_1_177' title='bbox 2339 881 2550 938; x_wconf 82' lang='lat' dir='ltr'><strong><em>cryptte,</em></strong></span> <span class='ocrx_word' id='word_1_178' title='bbox 2574 871 2627 922; x_wconf 89' lang='lat' dir='ltr'><strong><em>in</em></strong></span> <span class='ocrx_word' id='word_1_179' title='bbox 2654 886 2754 939; x_wconf 89' lang='lat' dir='ltr'><strong><em>qua</em></strong></span> <span class='ocrx_word' id='word_1_180' title='bbox 2781 873 3073 927; x_wconf 80' lang='lat' dir='ltr'><strong><em>servabatur</em></strong></span> <span class='ocrx_word' id='word_1_181' title='bbox 3094 877 3258 929; x_wconf 85' lang='lat' dir='ltr'><strong><em>sancti</em></strong></span> <span class='ocrx_word' id='word_1_182' title='bbox 3287 877 3564 933; x_wconf 79' lang='lat' dir='ltr'><strong><em>Amarandi</em></strong></span> 
     </span>
    </p>
   </div>
   <div class='ocr_carea' id='block_1_25' title="bbox 1994 960 3564 1041">
    <p class='ocr_par' dir='ltr' id='par_1_25' title="bbox 1994 960 3564 1041">
     <span class='ocr_line' id='line_1_25' title="bbox 1994 960 3564 1041; baseline 0.008 -30"><span class='ocrx_word' id='word_1_183' title='bbox 1994 973 2197 1025; x_wconf 88' lang='lat' dir='ltr'><strong><em>corpus,</em></strong></span> <span class='ocrx_word' id='word_1_184' title='bbox 2238 960 2460 1012; x_wconf 87' lang='lat' dir='ltr'><strong><em>sociatur</em></strong></span> <span class='ocrx_word' id='word_1_185' title='bbox 2498 968 2544 1011; x_wconf 90' lang='lat' dir='ltr'><strong><em>et</em></strong></span> <span class='ocrx_word' id='word_1_186' title='bbox 2575 961 2661 1013; x_wconf 91' lang='lat' dir='ltr'><strong><em>ille</em></strong></span> <span class='ocrx_word' id='word_1_187' title='bbox 2701 960 3106 1029; x_wconf 74' lang='lat' dir='ltr'><strong><em>Honoriﬁcimte</em></strong></span> <span class='ocrx_word' id='word_1_188' title='bbox 3153 966 3564 1041; x_wconf 76' lang='lat' dir='ltr'><strong><em>[Huuericiantn]</em></strong></span> 
     </span>
    </p>
   </div>
   <div class='ocr_carea' id='block_1_26' title="bbox 1995 1049 3564 1129">
    <p class='ocr_par' dir='ltr' id='par_1_26' title="bbox 1995 1049 3564 1129">
     <span class='ocr_line' id='line_1_26' title="bbox 1995 1049 3564 1129; baseline 0.009 -29"><span class='ocrx_word' id='word_1_189' title='bbox 1995 1049 2353 1117; x_wconf 82' lang='lat' dir='ltr'><strong><em>persecutionis</em></strong></span> <span class='ocrx_word' id='word_1_190' title='bbox 2408 1060 2602 1119; x_wconf 82' lang='lat' dir='ltr'><strong><em>martyr</em></strong></span> <span class='ocrx_word' id='word_1_191' title='bbox 2662 1050 2918 1120; x_wconf 76' lang='lat' dir='ltr'><strong><em>Eugeniae</em></strong></span> <span class='ocrx_word' id='word_1_192' title='bbox 2943 1092 2964 1129; x_wconf 34' lang='lat'><strong><em>,.</em></strong></span> <span class='ocrx_word' id='word_1_193' title='bbox 3008 1058 3332 1112; x_wconf 85' lang='lat' dir='ltr'><strong><em>sacerdotalis</em></strong></span> <span class='ocrx_word' id='word_1_194' title='bbox 3386 1061 3564 1115; x_wconf 68' lang='lat' dir='ltr'><strong><em>insula:</em></strong></span> 
     </span>
    </p>
   </div>
   <div class='ocr_carea' id='block_1_27' title="bbox 1995 1143 3562 1217">
    <p class='ocr_par' dir='ltr' id='par_1_27' title="bbox 1995 1143 3562 1217">
     <span class='ocr_line' id='line_1_27' title="bbox 1995 1143 3562 1217; baseline 0.009 -25"><span class='ocrx_word' id='word_1_195' title='bbox 1995 1143 2275 1194; x_wconf 72' lang='lat' dir='ltr'><strong><em>maximum</em></strong></span> <span class='ocrx_word' id='word_1_196' title='bbox 2302 1144 2472 1208; x_wconf 87' lang='lat' dir='ltr'><strong><em>decus,</em></strong></span> <span class='ocrx_word' id='word_1_197' title='bbox 2515 1160 2663 1213; x_wconf 88' lang='lat' dir='ltr'><strong><em>quem</em></strong></span> <span class='ocrx_word' id='word_1_198' title='bbox 2690 1144 2742 1196; x_wconf 88' lang='lat' dir='ltr'><strong><em>in</em></strong></span> <span class='ocrx_word' id='word_1_199' title='bbox 2783 1145 2878 1197; x_wconf 90' lang='lat' dir='ltr'><strong><em>hac</em></strong></span> <span class='ocrx_word' id='word_1_200' title='bbox 2907 1145 3026 1198; x_wconf 87' lang='lat' dir='ltr'><strong><em>urbe</em></strong></span> <span class='ocrx_word' id='word_1_201' title='bbox 3066 1149 3325 1202; x_wconf 83' lang='lat' dir='ltr'><strong><em>detrusum</em></strong></span> <span class='ocrx_word' id='word_1_202' title='bbox 3362 1152 3562 1217; x_wconf 76' lang='lat' dir='ltr'><strong><em>exsilio,</em></strong></span> 
     </span>
    </p>
   </div>
   <div class='ocr_carea' id='block_1_28' title="bbox 1944 1233 3565 1305">
    <p class='ocr_par' dir='ltr' id='par_1_28' title="bbox 1944 1233 3565 1305">
     <span class='ocr_line' id='line_1_28' title="bbox 1944 1233 3565 1305; baseline 0.009 -23"><span class='ocrx_word' id='word_1_203' title='bbox 1944 1236 1949 1239; x_wconf 73' lang='lat'><strong>&#39;</strong></span> <span class='ocrx_word' id='word_1_204' title='bbox 1995 1233 2072 1285; x_wconf 89' lang='lat' dir='ltr'><strong><em>vel</em></strong></span> <span class='ocrx_word' id='word_1_205' title='bbox 2097 1233 2277 1302; x_wconf 86' lang='lat' dir='ltr'><strong><em>ipsius,</em></strong></span> <span class='ocrx_word' id='word_1_206' title='bbox 2322 1234 2399 1286; x_wconf 86' lang='lat' dir='ltr'><strong><em>vel</em></strong></span> <span class='ocrx_word' id='word_1_207' title='bbox 2436 1235 2690 1288; x_wconf 90' lang='lat' dir='ltr'><strong><em>sociorum</em></strong></span> <span class='ocrx_word' id='word_1_208' title='bbox 2724 1238 2837 1305; x_wconf 83' lang='lat' dir='ltr'><strong><em>ejus</em></strong></span> <span class='ocrx_word' id='word_1_209' title='bbox 2875 1237 3040 1303; x_wconf 80' lang='lat' dir='ltr'><strong><em>passio</em></strong></span> <span class='ocrx_word' id='word_1_210' title='bbox 3082 1250 3277 1293; x_wconf 91' lang='lat' dir='ltr'><strong><em>narrat.</em></strong></span> <span class='ocrx_word' id='word_1_211' title='bbox 3330 1241 3425 1295; x_wconf 87' lang='lat' dir='ltr'><strong><em>llic</em></strong></span> <span class='ocrx_word' id='word_1_212' title='bbox 3453 1260 3565 1296; x_wconf 88' lang='lat' dir='ltr'><strong><em>cum</em></strong></span> 
     </span>
    </p>
   </div>
   <div class='ocr_carea' id='block_1_29' title="bbox 1996 1322 3566 1396">
    <p class='ocr_par' dir='ltr' id='par_1_29' title="bbox 1996 1322 3566 1396">
     <span class='ocr_line' id='line_1_29' title="bbox 1996 1322 3566 1396; baseline 0.008 -23"><span class='ocrx_word' id='word_1_213' title='bbox 1996 1323 2191 1391; x_wconf 83' lang='lat' dir='ltr'><strong><em>magnis</em></strong></span> <span class='ocrx_word' id='word_1_214' title='bbox 2223 1324 2274 1375; x_wconf 92' lang='lat' dir='ltr'><strong><em>in</em></strong></span> <span class='ocrx_word' id='word_1_215' title='bbox 2303 1322 2493 1375; x_wconf 75' lang='lat' dir='ltr'><strong><em>sa’culo</em></strong></span> <span class='ocrx_word' id='word_1_216' title='bbox 2534 1326 2745 1391; x_wconf 86' lang='lat' dir='ltr'><strong><em>palleret</em></strong></span> <span class='ocrx_word' id='word_1_217' title='bbox 2782 1326 3068 1395; x_wconf 88' lang='lat' dir='ltr'><strong><em>virtutibus,</em></strong></span> <span class='ocrx_word' id='word_1_218' title='bbox 3108 1330 3284 1396; x_wconf 80' lang='lat' dir='ltr'><strong><em>etiam</em></strong></span> <span class='ocrx_word' id='word_1_219' title='bbox 3320 1332 3477 1385; x_wconf 88' lang='lat' dir='ltr'><strong><em>victor</em></strong></span> <span class='ocrx_word' id='word_1_220' title='bbox 3504 1334 3566 1386; x_wconf 80' lang='lat' dir='ltr'><strong><em>de</em></strong></span> 
     </span>
    </p>
   </div>
   <div class='ocr_carea' id='block_1_30' title="bbox 1997 1416 3564 1493">
    <p class='ocr_par' dir='ltr' id='par_1_30' title="bbox 1997 1416 3564 1493">
     <span class='ocr_line' id='line_1_30' title="bbox 1997 1416 3564 1493; baseline 0.01 -28"><span class='ocrx_word' id='word_1_221' title='bbox 1997 1416 2255 1469; x_wconf 83' lang='lat' dir='ltr'><strong><em>tormentis</em></strong></span> <span class='ocrx_word' id='word_1_222' title='bbox 2299 1418 2676 1485; x_wconf 87' lang='lat' dir='ltr'><strong><em>martyrialibus</em></strong></span> <span class='ocrx_word' id='word_1_223' title='bbox 2720 1418 3014 1483; x_wconf 71' lang='lat' dir='ltr'><strong><em>exstitisset,</em></strong></span> <span class='ocrx_word' id='word_1_224' title='bbox 3052 1430 3245 1493; x_wconf 89' lang='lat' dir='ltr'><strong><em>tempus</em></strong></span> <span class='ocrx_word' id='word_1_225' title='bbox 3287 1428 3564 1480; x_wconf 89' lang='lat' dir='ltr'><strong><em>vocationis</em></strong></span> 
     </span>
    </p>
   </div>
   <div class='ocr_carea' id='block_1_31' title="bbox 1995 1508 3565 1578">
    <p class='ocr_par' dir='ltr' id='par_1_31' title="bbox 1995 1508 3565 1578">
     <span class='ocr_line' id='line_1_31' title="bbox 1995 1508 3565 1578; baseline 0.008 -21"><span class='ocrx_word' id='word_1_226' title='bbox 1995 1520 2119 1569; x_wconf 70' lang='lat' dir='ltr'><strong><em>suae,</em></strong></span> <span class='ocrx_word' id='word_1_227' title='bbox 2153 1521 2252 1573; x_wconf 89' lang='lat' dir='ltr'><strong><em>quo</em></strong></span> <span class='ocrx_word' id='word_1_228' title='bbox 2295 1517 2631 1559; x_wconf 84' lang='lat' dir='ltr'><strong><em>accerseretur</em></strong></span> <span class='ocrx_word' id='word_1_229' title='bbox 2672 1512 2737 1559; x_wconf 90' lang='lat' dir='ltr'><strong><em>ad</em></strong></span> <span class='ocrx_word' id='word_1_230' title='bbox 2777 1508 3016 1578; x_wconf 88' lang='lat' dir='ltr'><strong><em>gloriam,</em></strong></span> <span class='ocrx_word' id='word_1_231' title='bbox 3062 1511 3280 1565; x_wconf 86' lang='lat' dir='ltr'><strong><em>Domino</em></strong></span> <span class='ocrx_word' id='word_1_232' title='bbox 3322 1518 3565 1569; x_wconf 76' lang='lat' dir='ltr'><strong><em>revelante</em></strong></span> 
     </span>
    </p>
   </div>
   <div class='ocr_carea' id='block_1_32' title="bbox 1994 1594 3563 1669">
    <p class='ocr_par' dir='ltr' id='par_1_32' title="bbox 1994 1594 3563 1669">
     <span class='ocr_line' id='line_1_32' title="bbox 1994 1594 3563 1669; baseline 0.008 -24"><span class='ocrx_word' id='word_1_233' title='bbox 1994 1596 2226 1663; x_wconf 87' lang='lat' dir='ltr'><strong><em>cognovit</em></strong></span> <span class='ocrx_word' id='word_1_234' title='bbox 2257 1610 2276 1646; x_wconf 90' lang='lat'><strong><em>:</em></strong></span> <span class='ocrx_word' id='word_1_235' title='bbox 2316 1594 2447 1647; x_wconf 89' lang='lat' dir='ltr'><strong><em>illud</em></strong></span> <span class='ocrx_word' id='word_1_236' title='bbox 2493 1598 2743 1663; x_wconf 63' lang='lat' dir='ltr'><strong><em>praecipue</em></strong></span> <span class='ocrx_word' id='word_1_237' title='bbox 2784 1602 2921 1666; x_wconf 89' lang='lat' dir='ltr'><strong><em>quod</em></strong></span> <span class='ocrx_word' id='word_1_238' title='bbox 2960 1600 3162 1669; x_wconf 89' lang='lat' dir='ltr'><strong><em>populis</em></strong></span> <span class='ocrx_word' id='word_1_239' title='bbox 3197 1605 3563 1669; x_wconf 85' lang='lat' dir='ltr'><strong><em>occultabatur,</em></strong></span> 
     </span>
    </p>
   </div>
   <div class='ocr_carea' id='block_1_33' title="bbox 1997 1684 3565 1755">
    <p class='ocr_par' dir='ltr' id='par_1_33' title="bbox 1997 1684 3565 1755">
     <span class='ocr_line' id='line_1_33' title="bbox 1997 1684 3565 1755; baseline 0.008 -22"><span class='ocrx_word' id='word_1_240' title='bbox 1997 1684 2319 1750; x_wconf 87' lang='lat' dir='ltr'><strong><em>manifestum</em></strong></span> <span class='ocrx_word' id='word_1_241' title='bbox 2348 1700 2580 1753; x_wconf 90' lang='lat' dir='ltr'><strong><em>noscens,</em></strong></span> <span class='ocrx_word' id='word_1_242' title='bbox 2607 1702 2659 1739; x_wconf 90' lang='lat' dir='ltr'><strong><em>se</em></strong></span> <span class='ocrx_word' id='word_1_243' title='bbox 2687 1688 2899 1755; x_wconf 76' lang='lat' dir='ltr'><strong><em>martyri</em></strong></span> <span class='ocrx_word' id='word_1_244' title='bbox 2927 1688 3220 1743; x_wconf 82' lang='lat' dir='ltr'><strong><em>Amarando</em></strong></span> <span class='ocrx_word' id='word_1_245' title='bbox 3247 1693 3440 1745; x_wconf 90' lang='lat' dir='ltr'><strong><em>socium</em></strong></span> <span class='ocrx_word' id='word_1_246' title='bbox 3460 1709 3565 1746; x_wconf 85' lang='lat' dir='ltr'><strong><em>esse</em></strong></span> 
     </span>
    </p>
   </div>
   <div class='ocr_carea' id='block_1_34' title="bbox 390 1774 3565 1852">
    <p class='ocr_par' dir='ltr' id='par_1_34' title="bbox 390 1774 3565 1852">
     <span class='ocr_line' id='line_1_34' title="bbox 390 1774 3565 1852; baseline 0 -17"><span class='ocrx_word' id='word_1_247' title='bbox 390 1779 523 1835; x_wconf 75' lang='lat' dir='ltr'>VIII.</span> <span class='ocrx_word' id='word_1_248' title='bbox 569 1780 758 1832; x_wconf 85' lang='lat' dir='ltr'><strong><em>Videns</em></strong></span> <span class='ocrx_word' id='word_1_249' title='bbox 793 1788 959 1832; x_wconf 91' lang='lat' dir='ltr'><strong><em>autem</em></strong></span> <span class='ocrx_word' id='word_1_250' title='bbox 997 1775 1291 1831; x_wconf 86' lang='lat' dir='ltr'><strong><em>IIonoricus</em></strong></span> <span class='ocrx_word' id='word_1_251' title='bbox 1317 1791 1409 1829; x_wconf 75' lang='lat' dir='ltr'><strong><em>rex</em></strong></span> <span class='ocrx_word' id='word_1_252' title='bbox 1442 1777 1742 1830; x_wconf 85' lang='lat' dir='ltr'><strong><em>asscrtiones</em></strong></span> <span class='ocrx_word' id='word_1_253' title='bbox 1773 1794 1815 1829; x_wconf 86' lang='lat' dir='ltr'><strong><em>s:</em></strong></span> <span class='ocrx_word' id='word_1_254' title='bbox 1837 1793 1893 1829; x_wconf 89' lang='lat' dir='ltr'><strong><em>as</em></strong></span> <span class='ocrx_word' id='word_1_255' title='bbox 1925 1774 1970 1834; x_wconf 87' lang='grc' dir='ltr'><strong>Β</strong></span> <span class='ocrx_word' id='word_1_256' title='bbox 1999 1779 2245 1843; x_wconf 86' lang='lat' dir='ltr'><strong><em>futurum,</em></strong></span> <span class='ocrx_word' id='word_1_257' title='bbox 2293 1777 2360 1828; x_wconf 90' lang='lat' dir='ltr'><strong><em>ad</em></strong></span> <span class='ocrx_word' id='word_1_258' title='bbox 2390 1781 2501 1847; x_wconf 89' lang='lat' dir='ltr'><strong><em>ejus</em></strong></span> <span class='ocrx_word' id='word_1_259' title='bbox 2546 1777 2833 1843; x_wconf 85' lang='lat' dir='ltr'><strong><em>sepulcrum</em></strong></span> <span class='ocrx_word' id='word_1_260' title='bbox 2880 1778 3138 1848; x_wconf 86' lang='lat' dir='ltr'><strong><em>dirigitur,</em></strong></span> <span class='ocrx_word' id='word_1_261' title='bbox 3186 1792 3565 1852; x_wconf 78' lang='lat' dir='ltr'><strong><em>prostratusque</em></strong></span> 
     </span>
    </p>
   </div>
   <div class='ocr_carea' id='block_1_35' title="bbox 318 1865 1891 1939">
    <p class='ocr_par' dir='ltr' id='par_1_35' title="bbox 318 1865 1891 1939">
     <span class='ocr_line' id='line_1_35' title="bbox 318 1865 1891 1939; baseline -0.003 -15"><span class='ocrx_word' id='word_1_262' title='bbox 318 1887 408 1939; x_wconf 90' lang='lat' dir='ltr'><strong><em>per</em></strong></span> <span class='ocrx_word' id='word_1_263' title='bbox 435 1879 721 1923; x_wconf 90' lang='lat' dir='ltr'><strong><em>sanctorum</em></strong></span> <span class='ocrx_word' id='word_1_264' title='bbox 744 1869 894 1935; x_wconf 87' lang='lat' dir='ltr'><strong><em>ﬁdem</em></strong></span> <span class='ocrx_word' id='word_1_265' title='bbox 916 1866 1191 1937; x_wconf 82' lang='lat' dir='ltr'><strong><em>gloriosam</em></strong></span> <span class='ocrx_word' id='word_1_266' title='bbox 1216 1865 1242 1903; x_wconf 69' lang='grc' dir='ltr'><strong><em>ι)</em></strong></span> <span class='ocrx_word' id='word_1_267' title='bbox 1272 1867 1496 1919; x_wconf 91' lang='lat' dir='ltr'><strong><em>totaliter</em></strong></span> <span class='ocrx_word' id='word_1_268' title='bbox 1516 1866 1785 1934; x_wconf 83' lang='lat' dir='ltr'><strong><em>denudari,</em></strong></span> <span class='ocrx_word' id='word_1_269' title='bbox 1805 1883 1891 1920; x_wconf 83' lang='lat' dir='ltr'><strong><em>nec</em></strong></span> 
     </span>
    </p>
   </div>
   <div class='ocr_carea' id='block_1_36' title="bbox 316 1955 1892 2031">
    <p class='ocr_par' dir='ltr' id='par_1_36' title="bbox 316 1955 1892 2031">
     <span class='ocr_line' id='line_1_36' title="bbox 316 1955 1892 2031; baseline -0.003 -18"><span class='ocrx_word' id='word_1_270' title='bbox 316 1962 447 2031; x_wconf 89' lang='lat' dir='ltr'><strong><em>erigi</em></strong></span> <span class='ocrx_word' id='word_1_271' title='bbox 483 1967 667 2013; x_wconf 87' lang='lat' dir='ltr'><strong><em>sectam</em></strong></span> <span class='ocrx_word' id='word_1_272' title='bbox 711 1958 916 2020; x_wconf 82' lang='lat' dir='ltr'><strong><em>erroris,</em></strong></span> <span class='ocrx_word' id='word_1_273' title='bbox 959 1956 1049 2010; x_wconf 89' lang='lat' dir='ltr'><strong><em>sed</em></strong></span> <span class='ocrx_word' id='word_1_274' title='bbox 1090 1958 1258 2024; x_wconf 57' lang='lat' dir='ltr'><strong><em>potius</em></strong></span> <span class='ocrx_word' id='word_1_275' title='bbox 1308 1955 1530 2019; x_wconf 87' lang='lat' dir='ltr'><strong><em>destrui;</em></strong></span> <span class='ocrx_word' id='word_1_276' title='bbox 1563 1955 1892 2026; x_wconf 77' lang='lat' dir='ltr'><strong><em>fraudemque</em></strong></span> 
     </span>
    </p>
   </div>
   <div class='ocr_carea' id='block_1_37' title="bbox 316 2047 1891 2120">
    <p class='ocr_par' dir='ltr' id='par_1_37' title="bbox 316 2047 1891 2120">
     <span class='ocr_line' id='line_1_37' title="bbox 316 2047 1891 2120; baseline -0.001 -17"><span class='ocrx_word' id='word_1_277' title='bbox 316 2051 576 2120; x_wconf 88' lang='lat' dir='ltr'><strong><em>pontiﬁcis</em></strong></span> <span class='ocrx_word' id='word_1_278' title='bbox 620 2051 700 2101; x_wconf 92' lang='lat' dir='ltr'><strong><em>sui</em></strong></span> <span class='ocrx_word' id='word_1_279' title='bbox 735 2049 787 2100; x_wconf 89' lang='lat' dir='ltr'><strong><em>in</em></strong></span> <span class='ocrx_word' id='word_1_280' title='bbox 830 2051 924 2099; x_wconf 87' lang='lat' dir='ltr'><strong><em>hoc</em></strong></span> <span class='ocrx_word' id='word_1_281' title='bbox 962 2048 1147 2100; x_wconf 86' lang='lat' dir='ltr'><strong><em>scelere</em></strong></span> <span class='ocrx_word' id='word_1_282' title='bbox 1183 2047 1341 2116; x_wconf 88' lang='lat' dir='ltr'><strong><em>fuisse</em></strong></span> <span class='ocrx_word' id='word_1_283' title='bbox 1381 2049 1623 2100; x_wconf 90' lang='lat' dir='ltr'><strong><em>detectam</em></strong></span> <span class='ocrx_word' id='word_1_284' title='bbox 1651 2064 1668 2101; x_wconf 87' lang='lat'><strong><em>:</em></strong></span> <span class='ocrx_word' id='word_1_285' title='bbox 1693 2058 1891 2101; x_wconf 89' lang='lat' dir='ltr'><strong><em>sanctos</em></strong></span> 
     </span>
    </p>
   </div>
   <div class='ocr_carea' id='block_1_38' title="bbox 316 2137 1888 2212">
    <p class='ocr_par' dir='ltr' id='par_1_38' title="bbox 316 2137 1888 2212">
     <span class='ocr_line' id='line_1_38' title="bbox 316 2137 1888 2212; baseline -0.003 -16"><span class='ocrx_word' id='word_1_286' title='bbox 316 2143 416 2196; x_wconf 87' lang='lat' dir='ltr'><strong><em>Dei</em></strong></span> <span class='ocrx_word' id='word_1_287' title='bbox 442 2150 551 2212; x_wconf 90' lang='lat' dir='ltr'><strong><em>post</em></strong></span> <span class='ocrx_word' id='word_1_288' title='bbox 576 2140 736 2193; x_wconf 90' lang='lat' dir='ltr'><strong><em>multa</em></strong></span> <span class='ocrx_word' id='word_1_289' title='bbox 766 2148 1032 2204; x_wconf 89' lang='lat' dir='ltr'><strong><em>tormenta,</em></strong></span> <span class='ocrx_word' id='word_1_290' title='bbox 1062 2146 1174 2209; x_wconf 90' lang='lat' dir='ltr'><strong><em>post</em></strong></span> <span class='ocrx_word' id='word_1_291' title='bbox 1200 2149 1221 2176; x_wconf 78' lang='grc' dir='ltr'><strong><em>ο</em></strong></span> <span class='ocrx_word' id='word_1_292' title='bbox 1252 2137 1470 2201; x_wconf 88' lang='lat' dir='ltr'><strong><em>eculeos,</em></strong></span> <span class='ocrx_word' id='word_1_293' title='bbox 1496 2147 1607 2207; x_wconf 87' lang='lat' dir='ltr'><strong><em>post</em></strong></span> <span class='ocrx_word' id='word_1_294' title='bbox 1634 2141 1888 2207; x_wconf 78' lang='lat' dir='ltr'><strong><em>ﬂammas,</em></strong></span> 
     </span>
    </p>
   </div>
   <div class='ocr_carea' id='block_1_39' title="bbox 319 2232 1893 2307">
    <p class='ocr_par' dir='ltr' id='par_1_39' title="bbox 319 2232 1893 2307">
     <span class='ocr_line' id='line_1_39' title="bbox 319 2232 1893 2307; baseline -0.003 -16"><span class='ocrx_word' id='word_1_295' title='bbox 319 2246 435 2305; x_wconf 89' lang='lat' dir='ltr'><strong><em>post</em></strong></span> <span class='ocrx_word' id='word_1_296' title='bbox 464 2236 708 2307; x_wconf 86' lang='lat' dir='ltr'><strong><em>ungulas,</em></strong></span> <span class='ocrx_word' id='word_1_297' title='bbox 741 2235 899 2305; x_wconf 86' lang='lat' dir='ltr'><strong><em>jussit</em></strong></span> <span class='ocrx_word' id='word_1_298' title='bbox 940 2234 1177 2301; x_wconf 87' lang='lat' dir='ltr'><strong><em>interﬁci.</em></strong></span> <span class='ocrx_word' id='word_1_299' title='bbox 1220 2232 1432 2286; x_wconf 89' lang='lat' dir='ltr'><strong><em>Beatum</em></strong></span> <span class='ocrx_word' id='word_1_300' title='bbox 1462 2250 1575 2287; x_wconf 85' lang='lat' dir='ltr'><strong><em>vero</em></strong></span> <span class='ocrx_word' id='word_1_301' title='bbox 1608 2232 1719 2304; x_wconf 80' lang='lat' dir='ltr'><strong><em>Eug</em></strong></span> <span class='ocrx_word' id='word_1_302' title='bbox 1752 2236 1893 2288; x_wconf 89' lang='lat' dir='ltr'><strong><em>nium</em></strong></span> 
     </span>
    </p>
   </div>
   <div class='ocr_carea' id='block_1_40' title="bbox 318 2321 1890 2392">
    <p class='ocr_par' dir='ltr' id='par_1_40' title="bbox 318 2321 1890 2392">
     <span class='ocr_line' id='line_1_40' title="bbox 318 2321 1890 2392; baseline -0.001 -15"><span class='ocrx_word' id='word_1_303' title='bbox 318 2326 564 2379; x_wconf 87' lang='lat' dir='ltr'><strong><em>decollari</em></strong></span> <span class='ocrx_word' id='word_1_304' title='bbox 598 2324 777 2392; x_wconf 69' lang='lat' dir='ltr'><strong><em>jussit,</em></strong></span> <span class='ocrx_word' id='word_1_305' title='bbox 813 2323 904 2374; x_wconf 85' lang='lat' dir='ltr'><strong><em>sub</em></strong></span> <span class='ocrx_word' id='word_1_306' title='bbox 951 2338 1009 2373; x_wconf 85' lang='lat' dir='ltr'><strong><em>ca</em></strong></span> <span class='ocrx_word' id='word_1_307' title='bbox 1054 2323 1234 2389; x_wconf 86' lang='lat' dir='ltr'><strong><em>specie,</em></strong></span> <span class='ocrx_word' id='word_1_308' title='bbox 1268 2322 1390 2375; x_wconf 88' lang='lat' dir='ltr'><strong><em>utsi</em></strong></span> <span class='ocrx_word' id='word_1_309' title='bbox 1433 2321 1485 2374; x_wconf 89' lang='lat' dir='ltr'><strong><em>in</em></strong></span> <span class='ocrx_word' id='word_1_310' title='bbox 1523 2338 1583 2374; x_wconf 90' lang='lat' dir='ltr'><strong><em>ea</em></strong></span> <span class='ocrx_word' id='word_1_311' title='bbox 1626 2322 1753 2374; x_wconf 91' lang='lat' dir='ltr'><strong><em>hora</em></strong></span> <span class='ocrx_word' id='word_1_312' title='bbox 1792 2340 1890 2390; x_wconf 89' lang='lat' dir='ltr'><strong><em>qua</em></strong></span> 
     </span>
    </p>
   </div>
   <div class='ocr_carea' id='block_1_41' title="bbox 254 2412 1892 2489">
    <p class='ocr_par' dir='ltr' id='par_1_41' title="bbox 254 2412 1892 2489">
     <span class='ocr_line' id='line_1_41' title="bbox 254 2412 1892 2489; baseline -0.003 -20"><span class='ocrx_word' id='word_1_313' title='bbox 254 2482 263 2489; x_wconf 90' lang='lat'><em>_</em></span> <span class='ocrx_word' id='word_1_314' title='bbox 318 2418 454 2469; x_wconf 89' lang='lat' dir='ltr'><strong><em>ensis</em></strong></span> <span class='ocrx_word' id='word_1_315' title='bbox 482 2432 630 2485; x_wconf 88' lang='lat' dir='ltr'><strong><em>super</em></strong></span> <span class='ocrx_word' id='word_1_316' title='bbox 658 2414 898 2468; x_wconf 87' lang='lat' dir='ltr'><strong><em>cervicem</em></strong></span> <span class='ocrx_word' id='word_1_317' title='bbox 936 2414 1045 2480; x_wconf 82' lang='lat' dir='ltr'><strong><em>ejus</em></strong></span> <span class='ocrx_word' id='word_1_318' title='bbox 1079 2412 1413 2476; x_wconf 86' lang='lat' dir='ltr'><strong><em>incumbebat,</em></strong></span> <span class='ocrx_word' id='word_1_319' title='bbox 1442 2428 1538 2465; x_wconf 90' lang='lat' dir='ltr'><strong><em>non</em></strong></span> <span class='ocrx_word' id='word_1_320' title='bbox 1567 2422 1892 2466; x_wconf 80' lang='lat' dir='ltr'><strong><em>reverteretur</em></strong></span> 
     </span>
    </p>
   </div>
   <div class='ocr_carea' id='block_1_42' title="bbox 318 2487 1891 2571">
    <p class='ocr_par' dir='ltr' id='par_1_42' title="bbox 318 2487 1891 2571">
     <span class='ocr_line' id='line_1_42' title="bbox 318 2487 1891 2571; baseline -0.004 -8"><span class='ocrx_word' id='word_1_321' title='bbox 318 2511 387 2563; x_wconf 90' lang='lat' dir='ltr'><strong><em>ad</em></strong></span> <span class='ocrx_word' id='word_1_322' title='bbox 427 2487 777 2562; x_wconf 78' lang='lat' dir='ltr'><strong><em>luereticorum</em></strong></span> <span class='ocrx_word' id='word_1_323' title='bbox 808 2490 1027 2568; x_wconf 85' lang='lat' dir='ltr'><strong><em>sectam,</em></strong></span> <span class='ocrx_word' id='word_1_324' title='bbox 1068 2520 1167 2557; x_wconf 92' lang='lat' dir='ltr'><strong><em>non</em></strong></span> <span class='ocrx_word' id='word_1_325' title='bbox 1207 2504 1537 2569; x_wconf 89' lang='lat' dir='ltr'><strong><em>occideretur,</em></strong></span> <span class='ocrx_word' id='word_1_326' title='bbox 1568 2519 1629 2556; x_wconf 92' lang='lat' dir='ltr'><strong><em>ne</em></strong></span> <span class='ocrx_word' id='word_1_327' title='bbox 1656 2520 1769 2555; x_wconf 90' lang='lat' dir='ltr'><strong><em>eum</em></strong></span> <span class='ocrx_word' id='word_1_328' title='bbox 1800 2521 1891 2571; x_wconf 88' lang='lat' dir='ltr'><strong><em>pro</em></strong></span> 
     </span>
    </p>
   </div>
   <div class='ocr_carea' id='block_1_43' title="bbox 320 2593 1891 2669">
    <p class='ocr_par' dir='ltr' id='par_1_43' title="bbox 320 2593 1891 2669">
     <span class='ocr_line' id='line_1_43' title="bbox 320 2593 1891 2669; baseline -0.004 -16"><span class='ocrx_word' id='word_1_329' title='bbox 320 2610 539 2669; x_wconf 82' lang='lat' dir='ltr'><strong><em>martyre</em></strong></span> <span class='ocrx_word' id='word_1_330' title='bbox 557 2599 838 2653; x_wconf 75' lang='lat' dir='ltr'><strong><em>excolerent</em></strong></span> <span class='ocrx_word' id='word_1_331' title='bbox 864 2596 1163 2660; x_wconf 82' lang='lat' dir='ltr'><strong><em>Christiani,</em></strong></span> <span class='ocrx_word' id='word_1_332' title='bbox 1194 2594 1285 2647; x_wconf 88' lang='lat' dir='ltr'><strong><em>sed</em></strong></span> <span class='ocrx_word' id='word_1_333' title='bbox 1313 2593 1494 2648; x_wconf 78' lang='lat' dir='ltr'><strong><em>exsilio</em></strong></span> <span class='ocrx_word' id='word_1_334' title='bbox 1525 2596 1850 2647; x_wconf 87' lang='lat' dir='ltr'><strong><em>damnaretur</em></strong></span> <span class='ocrx_word' id='word_1_335' title='bbox 1872 2610 1891 2647; x_wconf 91' lang='lat'><strong><em>:</em></strong></span> 
     </span>
    </p>
   </div>
   <div class='ocr_carea' id='block_1_44' title="bbox 317 2683 1890 2760">
    <p class='ocr_par' dir='ltr' id='par_1_44' title="bbox 317 2683 1890 2760">
     <span class='ocr_line' id='line_1_44' title="bbox 317 2683 1890 2760; baseline -0.004 -16"><span class='ocrx_word' id='word_1_336' title='bbox 317 2692 455 2760; x_wconf 87' lang='lat' dir='ltr'><strong><em>quod</em></strong></span> <span class='ocrx_word' id='word_1_337' title='bbox 488 2691 557 2743; x_wconf 91' lang='lat' dir='ltr'><strong><em>ita</em></strong></span> <span class='ocrx_word' id='word_1_338' title='bbox 594 2690 782 2758; x_wconf 78' lang='lat' dir='ltr'><strong><em>factum</em></strong></span> <span class='ocrx_word' id='word_1_339' title='bbox 817 2704 923 2739; x_wconf 90' lang='lat' dir='ltr'><strong><em>esse</em></strong></span> <span class='ocrx_word' id='word_1_340' title='bbox 945 2686 1266 2752; x_wconf 88' lang='lat' dir='ltr'><strong><em>manifestum</em></strong></span> <span class='ocrx_word' id='word_1_341' title='bbox 1292 2695 1385 2737; x_wconf 84' lang='lat' dir='ltr'><strong><em>est.</em></strong></span> <span class='ocrx_word' id='word_1_342' title='bbox 1421 2683 1559 2737; x_wconf 89' lang='lat' dir='ltr'><strong><em>Nam</em></strong></span> <span class='ocrx_word' id='word_1_343' title='bbox 1585 2701 1699 2736; x_wconf 89' lang='lat' dir='ltr'><strong><em>cum</em></strong></span> <span class='ocrx_word' id='word_1_344' title='bbox 1727 2686 1890 2737; x_wconf 87' lang='lat' dir='ltr'><strong><em>immi-</em></strong></span> 
     </span>
    </p>
   </div>
   <div class='ocr_carea' id='block_1_45' title="bbox 318 2778 1892 2848">
    <p class='ocr_par' dir='ltr' id='par_1_45' title="bbox 318 2778 1892 2848">
     <span class='ocr_line' id='line_1_45' title="bbox 318 2778 1892 2848; baseline -0.002 -15"><span class='ocrx_word' id='word_1_345' title='bbox 318 2782 456 2835; x_wconf 88' lang='lat' dir='ltr'><strong><em>nenti</em></strong></span> <span class='ocrx_word' id='word_1_346' title='bbox 477 2791 631 2834; x_wconf 91' lang='lat' dir='ltr'><strong><em>morte</em></strong></span> <span class='ocrx_word' id='word_1_347' title='bbox 660 2781 999 2848; x_wconf 86' lang='lat' dir='ltr'><strong><em>interrogatus</em></strong></span> <span class='ocrx_word' id='word_1_348' title='bbox 1026 2778 1201 2846; x_wconf 84' lang='lat' dir='ltr'><strong><em>fuisset</em></strong></span> <span class='ocrx_word' id='word_1_349' title='bbox 1228 2778 1272 2829; x_wconf 88' lang='lat' dir='ltr'><strong><em>si</em></strong></span> <span class='ocrx_word' id='word_1_350' title='bbox 1301 2778 1428 2829; x_wconf 89' lang='lat' dir='ltr'><strong><em>mori</em></strong></span> <span class='ocrx_word' id='word_1_351' title='bbox 1463 2784 1555 2846; x_wconf 86' lang='lat' dir='ltr'><strong><em>pro</em></strong></span> <span class='ocrx_word' id='word_1_352' title='bbox 1585 2778 1687 2843; x_wconf 87' lang='lat' dir='ltr'><strong><em>ﬁde</em></strong></span> <span class='ocrx_word' id='word_1_353' title='bbox 1715 2778 1892 2830; x_wconf 46' lang='lat' dir='ltr'><strong><em>catho‘</em></strong></span> 
     </span>
    </p>
   </div>
   <div class='ocr_carea' id='block_1_46' title="bbox 320 2852 1891 2937">
    <p class='ocr_par' dir='ltr' id='par_1_46' title="bbox 320 2852 1891 2937">
     <span class='ocr_line' id='line_1_46' title="bbox 320 2852 1891 2937; baseline -0.003 -13"><span class='ocrx_word' id='word_1_354' title='bbox 320 2873 419 2924; x_wconf 90' lang='lat' dir='ltr'><strong><em>lica</em></strong></span> <span class='ocrx_word' id='word_1_355' title='bbox 449 2869 474 2907; x_wconf 78' lang='grc' dir='ltr'>ἀ</span> <span class='ocrx_word' id='word_1_356' title='bbox 502 2872 796 2934; x_wconf 86' lang='lat' dir='ltr'><strong><em>destinaret,</em></strong></span> <span class='ocrx_word' id='word_1_357' title='bbox 832 2871 1088 2937; x_wconf 87' lang='lat' dir='ltr'><strong><em>respondit</em></strong></span> <span class='ocrx_word' id='word_1_358' title='bbox 1116 2882 1135 2920; x_wconf 90' lang='lat'><strong><em>:</em></strong></span> <span class='ocrx_word' id='word_1_359' title='bbox 1163 2866 1287 2921; x_wconf 65' lang='lat' dir='ltr'><strong><em>Haec</em></strong></span> <span class='ocrx_word' id='word_1_360' title='bbox 1316 2869 1449 2919; x_wconf 91' lang='lat' dir='ltr'><strong><em>enim</em></strong></span> <span class='ocrx_word' id='word_1_361' title='bbox 1490 2877 1560 2919; x_wconf 88' lang='lat' dir='ltr'><strong><em>est</em></strong></span> <span class='ocrx_word' id='word_1_362' title='bbox 1588 2852 1891 2937; x_wconf 82' lang='lat' dir='ltr'><strong><em>sempiterna</em></strong></span> 
     </span>
    </p>
   </div>
   <div class='ocr_carea' id='block_1_47' title="bbox 320 2958 1890 3030">
    <p class='ocr_par' dir='ltr' id='par_1_47' title="bbox 320 2958 1890 3030">
     <span class='ocr_line' id='line_1_47' title="bbox 320 2958 1890 3030; baseline -0.004 -15"><span class='ocrx_word' id='word_1_363' title='bbox 320 2964 443 3026; x_wconf 87' lang='lat' dir='ltr'><strong><em>vita,</em></strong></span> <span class='ocrx_word' id='word_1_364' title='bbox 489 2978 577 3027; x_wconf 90' lang='lat' dir='ltr'><strong><em>pro</em></strong></span> <span class='ocrx_word' id='word_1_365' title='bbox 604 2961 814 3030; x_wconf 87' lang='lat' dir='ltr'><strong><em>justitia</em></strong></span> <span class='ocrx_word' id='word_1_366' title='bbox 850 2960 998 3011; x_wconf 88' lang='lat' dir='ltr'><strong><em>mori.</em></strong></span> <span class='ocrx_word' id='word_1_367' title='bbox 1046 2958 1184 3011; x_wconf 85' lang='lat' dir='ltr'><strong><em>Tunc</em></strong></span> <span class='ocrx_word' id='word_1_368' title='bbox 1227 2972 1471 3025; x_wconf 82' lang='lat' dir='ltr'><strong><em>suspenso</em></strong></span> <span class='ocrx_word' id='word_1_369' title='bbox 1508 2958 1712 3025; x_wconf 86' lang='lat' dir='ltr'><strong><em>gladio,</em></strong></span> <span class='ocrx_word' id='word_1_370' title='bbox 1748 2958 1890 3025; x_wconf 88' lang='lat' dir='ltr'><strong><em>apud</em></strong></span> 
     </span>
    </p>
   </div>
   <div class='ocr_carea' id='block_1_48' title="bbox 322 3049 1885 3123">
    <p class='ocr_par' dir='ltr' id='par_1_48' title="bbox 322 3049 1885 3123">
     <span class='ocr_line' id='line_1_48' title="bbox 322 3049 1885 3123; baseline -0.004 -17"><span class='ocrx_word' id='word_1_371' title='bbox 322 3064 345 3089; x_wconf 70' lang='grc' dir='ltr'><strong><em>ο</em></strong></span> <span class='ocrx_word' id='word_1_372' title='bbox 377 3054 689 3123; x_wconf 74' lang='lat' dir='ltr'><strong><em>A.’bigensem</em></strong></span> <span class='ocrx_word' id='word_1_373' title='bbox 729 3050 1018 3104; x_wconf 82' lang='lat' dir='ltr'><strong><em>Galliarum</em></strong></span> <span class='ocrx_word' id='word_1_374' title='bbox 1061 3050 1233 3102; x_wconf 89' lang='lat' dir='ltr'><strong><em>urbem</em></strong></span> <span class='ocrx_word' id='word_1_375' title='bbox 1270 3049 1447 3102; x_wconf 73' lang='lat' dir='ltr'><strong><em>exs&#39;lio</em></strong></span> <span class='ocrx_word' id='word_1_376' title='bbox 1488 3049 1757 3115; x_wconf 76' lang='lat' dir='ltr'><strong><em>deputatus</em></strong></span> <span class='ocrx_word' id='word_1_377' title='bbox 1790 3060 1885 3110; x_wconf 88' lang='lat' dir='ltr'><strong><em>est,</em></strong></span> 
     </span>
    </p>
   </div>
   <div class='ocr_carea' id='block_1_49' title="bbox 1996 1867 3564 1948">
    <p class='ocr_par' dir='ltr' id='par_1_49' title="bbox 1996 1867 3564 1948">
     <span class='ocr_line' id='line_1_49' title="bbox 1996 1867 3564 1948; baseline 0.007 -29"><span class='ocrx_word' id='word_1_378' title='bbox 1996 1870 2104 1919; x_wconf 90' lang='lat' dir='ltr'><strong><em>solo</em></strong></span> <span class='ocrx_word' id='word_1_379' title='bbox 2132 1867 2413 1920; x_wconf 86' lang='lat' dir='ltr'><strong><em>diutissime</em></strong></span> <span class='ocrx_word' id='word_1_380' title='bbox 2443 1870 2718 1922; x_wconf 87' lang='lat' dir='ltr'><strong><em>orationem</em></strong></span> <span class='ocrx_word' id='word_1_381' title='bbox 2757 1872 2891 1948; x_wconf 73' lang='lat' dir='ltr'><strong><em>fudit</em></strong></span> <span class='ocrx_word' id='word_1_382' title='bbox 2916 1873 2984 1924; x_wconf 90' lang='lat' dir='ltr'><strong><em>ad</em></strong></span> <span class='ocrx_word' id='word_1_383' title='bbox 3032 1871 3303 1926; x_wconf 74' lang='lat' dir='ltr'><strong><em>Doninum</em></strong></span> <span class='ocrx_word' id='word_1_384' title='bbox 3332 1892 3351 1928; x_wconf 92' lang='lat'><strong><em>:</em></strong></span> <span class='ocrx_word' id='word_1_385' title='bbox 3382 1876 3564 1929; x_wconf 84' lang='lat' dir='ltr'><strong><em>dehinc</em></strong></span> 
     </span>
    </p>
   </div>
   <div class='ocr_carea' id='block_1_50' title="bbox 1994 1959 3560 2032">
    <p class='ocr_par' dir='ltr' id='par_1_50' title="bbox 1994 1959 3560 2032">
     <span class='ocr_line' id='line_1_50' title="bbox 1994 1959 3560 2032; baseline 0.006 -22"><span class='ocrx_word' id='word_1_386' title='bbox 1994 1960 2230 2024; x_wconf 77' lang='lat' dir='ltr'><strong><em>expansis</em></strong></span> <span class='ocrx_word' id='word_1_387' title='bbox 2257 1973 2347 2026; x_wconf 89' lang='lat' dir='ltr'><strong><em>per</em></strong></span> <span class='ocrx_word' id='word_1_388' title='bbox 2372 1959 2707 2027; x_wconf 74' lang='lat' dir='ltr'><strong><em>pavimentum</em></strong></span> <span class='ocrx_word' id='word_1_389' title='bbox 2726 1960 2942 2024; x_wconf 88' lang='lat' dir='ltr'><strong><em>brachii,</em></strong></span> <span class='ocrx_word' id='word_1_390' title='bbox 2957 1963 3189 2032; x_wconf 87' lang='lat' dir='ltr'><strong><em>spiritum</em></strong></span> <span class='ocrx_word' id='word_1_391' title='bbox 3212 1963 3336 2017; x_wconf 64' lang='lat' dir='ltr'><strong><em>caelo</em></strong></span> <span class='ocrx_word' id='word_1_392' title='bbox 3358 1966 3560 2031; x_wconf 69' lang='lat' dir='ltr'><strong><em>direxit,</em></strong></span> 
     </span>
    </p>
   </div>
   <div class='ocr_carea' id='block_1_51' title="bbox 1992 2048 3564 2125">
    <p class='ocr_par' dir='ltr' id='par_1_51' title="bbox 1992 2048 3564 2125">
     <span class='ocr_line' id='line_1_51' title="bbox 1992 2048 3564 2125; baseline 0.008 -27"><span class='ocrx_word' id='word_1_393' title='bbox 1992 2052 2079 2117; x_wconf 90' lang='lat' dir='ltr'><strong><em>qui</em></strong></span> <span class='ocrx_word' id='word_1_394' title='bbox 2108 2067 2137 2100; x_wconf 88' lang='lat' dir='ltr'><strong><em>a</em></strong></span> <span class='ocrx_word' id='word_1_395' title='bbox 2158 2048 2458 2103; x_wconf 89' lang='lat' dir='ltr'><strong><em>Christianis</em></strong></span> <span class='ocrx_word' id='word_1_396' title='bbox 2486 2052 2745 2115; x_wconf 89' lang='lat' dir='ltr'><strong><em>collectus,</em></strong></span> <span class='ocrx_word' id='word_1_397' title='bbox 2788 2054 2838 2104; x_wconf 91' lang='lat' dir='ltr'><strong><em>in</em></strong></span> <span class='ocrx_word' id='word_1_398' title='bbox 2862 2054 2975 2121; x_wconf 90' lang='lat' dir='ltr'><strong><em>ipsa</em></strong></span> <span class='ocrx_word' id='word_1_399' title='bbox 3012 2071 3110 2121; x_wconf 86' lang='lat' dir='ltr'><strong><em>qua</em></strong></span> <span class='ocrx_word' id='word_1_400' title='bbox 3136 2056 3356 2109; x_wconf 72' lang='lat' dir='ltr'><strong><em>diximus</em></strong></span> <span class='ocrx_word' id='word_1_401' title='bbox 3385 2070 3564 2125; x_wconf 88' lang='lat' dir='ltr'><strong><em>crypta</em></strong></span> 
     </span>
    </p>
   </div>
   <div class='ocr_carea' id='block_1_52' title="bbox 1992 2142 3562 2215">
    <p class='ocr_par' dir='ltr' id='par_1_52' title="bbox 1992 2142 3562 2215">
     <span class='ocr_line' id='line_1_52' title="bbox 1992 2142 3562 2215; baseline 0.006 -22"><span class='ocrx_word' id='word_1_402' title='bbox 1992 2142 2268 2209; x_wconf 72' lang='lat' dir='ltr'><strong><em>sepultura:</em></strong></span> <span class='ocrx_word' id='word_1_403' title='bbox 2300 2143 2573 2195; x_wconf 89' lang='lat' dir='ltr'><strong><em>mandatus</em></strong></span> <span class='ocrx_word' id='word_1_404' title='bbox 2599 2151 2693 2197; x_wconf 89' lang='lat' dir='ltr'><strong><em>est.</em></strong></span> <span class='ocrx_word' id='word_1_405' title='bbox 2728 2142 2890 2213; x_wconf 79' lang='lat' dir='ltr'><strong><em>[Tunc</em></strong></span> <span class='ocrx_word' id='word_1_406' title='bbox 2920 2144 2938 2180; x_wconf 67' lang='grc' dir='ltr'><strong><em>¹ι</em></strong></span> <span class='ocrx_word' id='word_1_407' title='bbox 2975 2162 3144 2199; x_wconf 90' lang='lat' dir='ltr'><strong><em>omnes</em></strong></span> <span class='ocrx_word' id='word_1_408' title='bbox 3168 2148 3254 2215; x_wconf 91' lang='lat' dir='ltr'><strong><em>qui</em></strong></span> <span class='ocrx_word' id='word_1_409' title='bbox 3287 2149 3421 2201; x_wconf 89' lang='lat' dir='ltr'><strong><em>circa</em></strong></span> <span class='ocrx_word' id='word_1_410' title='bbox 3450 2165 3562 2202; x_wconf 90' lang='lat' dir='ltr'><strong><em>eum</em></strong></span> 
     </span>
    </p>
   </div>
   <div class='ocr_carea' id='block_1_53' title="bbox 1992 2230 3562 2305">
    <p class='ocr_par' dir='ltr' id='par_1_53' title="bbox 1992 2230 3562 2305">
     <span class='ocr_line' id='line_1_53' title="bbox 1992 2230 3562 2305; baseline 0.004 -22"><span class='ocrx_word' id='word_1_411' title='bbox 1992 2230 2210 2295; x_wconf 92' lang='lat' dir='ltr'><strong><em>stabant,</em></strong></span> <span class='ocrx_word' id='word_1_412' title='bbox 2242 2247 2334 2287; x_wconf 90' lang='lat' dir='ltr'><strong><em>sua</em></strong></span> <span class='ocrx_word' id='word_1_413' title='bbox 2356 2232 2626 2285; x_wconf 87' lang='lat' dir='ltr'><strong><em>tundentes</em></strong></span> <span class='ocrx_word' id='word_1_414' title='bbox 2652 2244 2872 2301; x_wconf 78' lang='lat' dir='ltr'><strong><em>pectora,</em></strong></span> <span class='ocrx_word' id='word_1_415' title='bbox 2906 2235 3083 2287; x_wconf 90' lang='lat' dir='ltr'><strong><em>dantes</em></strong></span> <span class='ocrx_word' id='word_1_416' title='bbox 3112 2237 3331 2304; x_wconf 89' lang='lat' dir='ltr'><strong><em>mugitus</em></strong></span> <span class='ocrx_word' id='word_1_417' title='bbox 3360 2239 3562 2305; x_wconf 76' lang='lat' dir='ltr'><strong><em>procla-</em></strong></span> 
     </span>
    </p>
   </div>
   <div class='ocr_carea' id='block_1_54' title="bbox 1994 2321 3560 2394">
    <p class='ocr_par' dir='ltr' id='par_1_54' title="bbox 1994 2321 3560 2394">
     <span class='ocr_line' id='line_1_54' title="bbox 1994 2321 3560 2394; baseline 0.004 -22"><span class='ocrx_word' id='word_1_418' title='bbox 1994 2323 2193 2374; x_wconf 88' lang='lat' dir='ltr'><strong><em>mabant</em></strong></span> <span class='ocrx_word' id='word_1_419' title='bbox 2226 2337 2245 2375; x_wconf 87' lang='lat'><strong><em>:</em></strong></span> <span class='ocrx_word' id='word_1_420' title='bbox 2281 2321 2324 2375; x_wconf 89' lang='lat'><em>0</em></span> <span class='ocrx_word' id='word_1_421' title='bbox 2353 2336 2486 2375; x_wconf 87' lang='lat' dir='ltr'><strong><em>mars</em></strong></span> <span class='ocrx_word' id='word_1_422' title='bbox 2524 2322 2658 2390; x_wconf 88' lang='lat' dir='ltr'><strong><em>dira,</em></strong></span> <span class='ocrx_word' id='word_1_423' title='bbox 2695 2339 2784 2375; x_wconf 91' lang='lat' dir='ltr'><strong><em>cur</em></strong></span> <span class='ocrx_word' id='word_1_424' title='bbox 2811 2332 2978 2376; x_wconf 91' lang='lat' dir='ltr'><strong><em>tantos</em></strong></span> <span class='ocrx_word' id='word_1_425' title='bbox 3010 2326 3158 2378; x_wconf 79' lang='lat' dir='ltr'><strong><em>hodie</em></strong></span> <span class='ocrx_word' id='word_1_426' title='bbox 3183 2327 3407 2394; x_wconf 86' lang='lat' dir='ltr'><strong><em>perimis,</em></strong></span> <span class='ocrx_word' id='word_1_427' title='bbox 3439 2329 3560 2379; x_wconf 87' lang='lat' dir='ltr'><strong><em>dum</em></strong></span> 
     </span>
    </p>
   </div>
   <div class='ocr_carea' id='block_1_55' title="bbox 1992 2414 3559 2486">
    <p class='ocr_par' dir='ltr' id='par_1_55' title="bbox 1992 2414 3559 2486">
     <span class='ocr_line' id='line_1_55' title="bbox 1992 2414 3559 2486; baseline 0.005 -22"><span class='ocrx_word' id='word_1_428' title='bbox 1992 2428 2023 2464; x_wconf 89' lang='lat' dir='ltr'><strong><em>a</em></strong></span> <span class='ocrx_word' id='word_1_429' title='bbox 2051 2414 2191 2465; x_wconf 86' lang='lat' dir='ltr'><strong><em>nobis</em></strong></span> <span class='ocrx_word' id='word_1_430' title='bbox 2220 2416 2391 2482; x_wconf 78' lang='lat' dir='ltr'><strong><em>aufers</em></strong></span> <span class='ocrx_word' id='word_1_431' title='bbox 2428 2414 2590 2467; x_wconf 89' lang='lat' dir='ltr'><strong><em>sancti</em></strong></span> <span class='ocrx_word' id='word_1_432' title='bbox 2620 2415 2782 2467; x_wconf 89' lang='lat' dir='ltr'><strong><em>nostri</em></strong></span> <span class='ocrx_word' id='word_1_433' title='bbox 2823 2417 3182 2483; x_wconf 63' lang='lat' dir='ltr'><strong><em>praesentiam?</em></strong></span> <span class='ocrx_word' id='word_1_434' title='bbox 3222 2417 3449 2486; x_wconf 82' lang='lat' dir='ltr'><strong><em>Longum</em></strong></span> <span class='ocrx_word' id='word_1_435' title='bbox 3490 2431 3559 2472; x_wconf 88' lang='lat' dir='ltr'><strong><em>est</em></strong></span> 
     </span>
    </p>
   </div>
   <div class='ocr_carea' id='block_1_56' title="bbox 1992 2504 3561 2574">
    <p class='ocr_par' dir='ltr' id='par_1_56' title="bbox 1992 2504 3561 2574">
     <span class='ocr_line' id='line_1_56' title="bbox 1992 2504 3561 2574; baseline 0.004 -18"><span class='ocrx_word' id='word_1_436' title='bbox 1992 2518 2227 2557; x_wconf 88' lang='lat' dir='ltr'><strong><em>enarrare</em></strong></span> <span class='ocrx_word' id='word_1_437' title='bbox 2251 2519 2339 2571; x_wconf 89' lang='lat' dir='ltr'><strong><em>per</em></strong></span> <span class='ocrx_word' id='word_1_438' title='bbox 2361 2504 2583 2574; x_wconf 89' lang='lat' dir='ltr'><strong><em>singula,</em></strong></span> <span class='ocrx_word' id='word_1_439' title='bbox 2615 2515 2821 2573; x_wconf 30' lang='lat' dir='ltr'><strong><em>quanta.</em></strong></span> <span class='ocrx_word' id='word_1_440' title='bbox 2841 2516 2886 2558; x_wconf 91' lang='lat' dir='ltr'><strong><em>et</em></strong></span> <span class='ocrx_word' id='word_1_441' title='bbox 2911 2508 3082 2573; x_wconf 87' lang='lat' dir='ltr'><strong><em>qualia</em></strong></span> <span class='ocrx_word' id='word_1_442' title='bbox 3113 2508 3233 2561; x_wconf 90' lang='lat' dir='ltr'><strong><em>inibi</em></strong></span> <span class='ocrx_word' id='word_1_443' title='bbox 3270 2510 3377 2562; x_wconf 87' lang='lat' dir='ltr'><strong><em>sine</em></strong></span> <span class='ocrx_word' id='word_1_444' title='bbox 3407 2512 3561 2563; x_wconf 86' lang='lat' dir='ltr'><strong><em>inter-</em></strong></span> 
     </span>
    </p>
   </div>
   <div class='ocr_carea' id='block_1_57' title="bbox 1994 2594 3561 2667">
    <p class='ocr_par' dir='ltr' id='par_1_57' title="bbox 1994 2594 3561 2667">
     <span class='ocr_line' id='line_1_57' title="bbox 1994 2594 3561 2667; baseline 0.007 -24"><span class='ocrx_word' id='word_1_445' title='bbox 1994 2595 2230 2647; x_wconf 86' lang='lat' dir='ltr'><strong><em>missione</em></strong></span> <span class='ocrx_word' id='word_1_446' title='bbox 2252 2595 2375 2647; x_wconf 90' lang='lat' dir='ltr'><strong><em>almi</em></strong></span> <span class='ocrx_word' id='word_1_447' title='bbox 2401 2596 2648 2649; x_wconf 90' lang='lat' dir='ltr'><strong><em>antistitis</em></strong></span> <span class='ocrx_word' id='word_1_448' title='bbox 2678 2594 2897 2667; x_wconf 87' lang='lat' dir='ltr'><strong><em>Eugenii</em></strong></span> <span class='ocrx_word' id='word_1_449' title='bbox 2928 2598 3166 2651; x_wconf 87' lang='lat' dir='ltr'><strong><em>hactenus</em></strong></span> <span class='ocrx_word' id='word_1_450' title='bbox 3206 2600 3450 2653; x_wconf 88' lang='lat' dir='ltr'><strong><em>cernimus</em></strong></span> <span class='ocrx_word' id='word_1_451' title='bbox 3477 2616 3561 2653; x_wconf 86' lang='lat' dir='ltr'><strong><em>co-</em></strong></span> 
     </span>
    </p>
   </div>
   <div class='ocr_carea' id='block_1_58' title="bbox 1993 2684 3561 2756">
    <p class='ocr_par' dir='ltr' id='par_1_58' title="bbox 1993 2684 3561 2756">
     <span class='ocr_line' id='line_1_58' title="bbox 1993 2684 3561 2756; baseline 0.006 -23"><span class='ocrx_word' id='word_1_452' title='bbox 1993 2699 2217 2736; x_wconf 89' lang='lat' dir='ltr'><strong><em>ruscare.</em></strong></span> <span class='ocrx_word' id='word_1_453' title='bbox 2245 2684 2289 2737; x_wconf 88' lang='lat'><em>0</em></span> <span class='ocrx_word' id='word_1_454' title='bbox 2317 2695 2505 2752; x_wconf 87' lang='lat' dir='ltr'><strong><em>quanta</em></strong></span> <span class='ocrx_word' id='word_1_455' title='bbox 2535 2685 2780 2738; x_wconf 86' lang='lat' dir='ltr'><strong><em>miracula</em></strong></span> <span class='ocrx_word' id='word_1_456' title='bbox 2802 2696 2851 2739; x_wconf 92' lang='lat' dir='ltr'><strong><em>et</em></strong></span> <span class='ocrx_word' id='word_1_457' title='bbox 2873 2697 3116 2754; x_wconf 88' lang='lat' dir='ltr'><strong><em>quantam</em></strong></span> <span class='ocrx_word' id='word_1_458' title='bbox 3142 2689 3437 2756; x_wconf 88' lang='lat' dir='ltr'><strong><em>dignitatem</em></strong></span> <span class='ocrx_word' id='word_1_459' title='bbox 3464 2693 3561 2742; x_wconf 85' lang='lat' dir='ltr'><strong><em>Do-</em></strong></span> 
     </span>
    </p>
   </div>
   <div class='ocr_carea' id='block_1_59' title="bbox 1994 2774 3561 2847">
    <p class='ocr_par' dir='ltr' id='par_1_59' title="bbox 1994 2774 3561 2847">
     <span class='ocr_line' id='line_1_59' title="bbox 1994 2774 3561 2847; baseline 0.006 -24"><span class='ocrx_word' id='word_1_460' title='bbox 1994 2774 2157 2826; x_wconf 79' lang='lat' dir='ltr'><strong><em>minus</em></strong></span> <span class='ocrx_word' id='word_1_461' title='bbox 2196 2775 2413 2827; x_wconf 88' lang='lat' dir='ltr'><strong><em>ostendit</em></strong></span> <span class='ocrx_word' id='word_1_462' title='bbox 2461 2775 2529 2827; x_wconf 92' lang='lat' dir='ltr'><strong><em>ad</em></strong></span> <span class='ocrx_word' id='word_1_463' title='bbox 2574 2776 2863 2845; x_wconf 84' lang='lat' dir='ltr'><strong><em>sepulcrum</em></strong></span> <span class='ocrx_word' id='word_1_464' title='bbox 2906 2778 3055 2847; x_wconf 87' lang='lat' dir='ltr'><strong><em>ejus!</em></strong></span> <span class='ocrx_word' id='word_1_465' title='bbox 3097 2776 3251 2845; x_wconf 77' lang='lat' dir='ltr'><strong><em>/Egri</em></strong></span> <span class='ocrx_word' id='word_1_466' title='bbox 3281 2781 3482 2832; x_wconf 87' lang='lat' dir='ltr'><strong><em>veniunt</em></strong></span> <span class='ocrx_word' id='word_1_467' title='bbox 3517 2791 3561 2832; x_wconf 92' lang='lat' dir='ltr'><strong><em>et</em></strong></span> 
     </span>
    </p>
   </div>
   <div class='ocr_carea' id='block_1_60' title="bbox 1991 2864 3562 2938">
    <p class='ocr_par' dir='ltr' id='par_1_60' title="bbox 1991 2864 3562 2938">
     <span class='ocr_line' id='line_1_60' title="bbox 1991 2864 3562 2938; baseline 0.004 -22"><span class='ocrx_word' id='word_1_468' title='bbox 1991 2873 2256 2925; x_wconf 85' lang='lat' dir='ltr'><strong><em>sanantur,</em></strong></span> <span class='ocrx_word' id='word_1_469' title='bbox 2310 2864 2610 2918; x_wconf 73' lang='lat' dir='ltr'><strong><em>daenwniaci</em></strong></span> <span class='ocrx_word' id='word_1_470' title='bbox 2666 2866 2867 2917; x_wconf 82' lang='lat' dir='ltr'><strong><em>veniunt</em></strong></span> <span class='ocrx_word' id='word_1_471' title='bbox 2925 2874 2970 2918; x_wconf 89' lang='lat' dir='ltr'><strong><em>et</em></strong></span> <span class='ocrx_word' id='word_1_472' title='bbox 3017 2867 3323 2930; x_wconf 80' lang='lat' dir='ltr'><strong><em>liberantur,</em></strong></span> <span class='ocrx_word' id='word_1_473' title='bbox 3378 2871 3562 2938; x_wconf 87' lang='lat' dir='ltr'><strong><em>leprosi</em></strong></span> 
     </span>
    </p>
   </div>
   <div class='ocr_carea' id='block_1_61' title="bbox 1990 2954 3560 3031">
    <p class='ocr_par' dir='ltr' id='par_1_61' title="bbox 1990 2954 3560 3031">
     <span class='ocr_line' id='line_1_61' title="bbox 1990 2954 3560 3031; baseline 0.006 -27"><span class='ocrx_word' id='word_1_474' title='bbox 1990 2954 2194 3005; x_wconf 82' lang='lat' dir='ltr'><strong><em>ueniunt</em></strong></span> <span class='ocrx_word' id='word_1_475' title='bbox 2231 2966 2275 3006; x_wconf 91' lang='lat' dir='ltr'><strong><em>et</em></strong></span> <span class='ocrx_word' id='word_1_476' title='bbox 2311 2955 2641 3021; x_wconf 68' lang='lat' dir='ltr'><strong><em>mandantur,</em></strong></span> <span class='ocrx_word' id='word_1_477' title='bbox 2679 2958 2900 3024; x_wconf 88' lang='lat' dir='ltr'><strong><em>elingues</em></strong></span> <span class='ocrx_word' id='word_1_478' title='bbox 2938 2960 3135 3010; x_wconf 72' lang='lat' dir='ltr'><strong><em>veniunt</em></strong></span> <span class='ocrx_word' id='word_1_479' title='bbox 3178 2966 3221 3031; x_wconf 79' lang='lat' dir='ltr'><strong><em>et</em></strong></span> <span class='ocrx_word' id='word_1_480' title='bbox 3264 2960 3560 3029; x_wconf 84' lang='lat' dir='ltr'><strong><em>loquuntur,</em></strong></span> 
     </span>
    </p>
   </div>
   <div class='ocr_carea' id='block_1_62' title="bbox 1992 3044 2954 3115">
    <p class='ocr_par' dir='ltr' id='par_1_62' title="bbox 1992 3044 2954 3115">
     <span class='ocr_line' id='line_1_62' title="bbox 1992 3044 2954 3115; baseline 0.004 -20"><span class='ocrx_word' id='word_1_481' title='bbox 1992 3044 2332 3111; x_wconf 75' lang='lat' dir='ltr'><strong><em>febricitantes</em></strong></span> <span class='ocrx_word' id='word_1_482' title='bbox 2362 3046 2561 3098; x_wconf 87' lang='lat' dir='ltr'><strong><em>veniunt</em></strong></span> <span class='ocrx_word' id='word_1_483' title='bbox 2590 3056 2634 3098; x_wconf 90' lang='lat' dir='ltr'><strong><em>et</em></strong></span> <span class='ocrx_word' id='word_1_484' title='bbox 2664 3044 2954 3115; x_wconf 89' lang='lat' dir='ltr'><strong><em>sanantur.]</em></strong></span> 
     </span>
    </p>
   </div>
   <div class='ocr_carea' id='block_1_63' title="bbox 319 3132 3561 3212">
    <p class='ocr_par' dir='ltr' id='par_1_63' title="bbox 319 3132 3561 3212">
     <span class='ocr_line' id='line_1_63' title="bbox 319 3132 3561 3212; baseline -0 -16"><span class='ocrx_word' id='word_1_485' title='bbox 319 3143 403 3196; x_wconf 91' lang='lat' dir='ltr'><strong><em>ubi</em></strong></span> <span class='ocrx_word' id='word_1_486' title='bbox 430 3153 478 3196; x_wconf 92' lang='lat' dir='ltr'><strong><em>et</em></strong></span> <span class='ocrx_word' id='word_1_487' title='bbox 504 3144 651 3209; x_wconf 88' lang='lat' dir='ltr'><strong><em>ﬁnem</em></strong></span> <span class='ocrx_word' id='word_1_488' title='bbox 684 3142 796 3195; x_wconf 82' lang='lat' dir='ltr'><strong><em>vin</em></strong></span> <span class='ocrx_word' id='word_1_489' title='bbox 821 3141 1077 3212; x_wconf 80' lang='lat' dir='ltr'><strong><em>pra’sentis</em></strong></span> <span class='ocrx_word' id='word_1_490' title='bbox 1100 3139 1238 3204; x_wconf 87' lang='lat' dir='ltr'><strong><em>fecit.</em></strong></span> <span class='ocrx_word' id='word_1_491' title='bbox 1273 3138 1349 3189; x_wconf 73' lang='lat' dir='ltr'><strong><em>Ad</em></strong></span> <span class='ocrx_word' id='word_1_492' title='bbox 1380 3141 1527 3208; x_wconf 87' lang='lat' dir='ltr'><strong><em>cujus</em></strong></span> <span class='ocrx_word' id='word_1_493' title='bbox 1562 3155 1695 3189; x_wconf 87' lang='lat' dir='ltr'><strong><em>nunc</em></strong></span> <span class='ocrx_word' id='word_1_494' title='bbox 1724 3141 1889 3207; x_wconf 80' lang='lat' dir='ltr'><strong><em>:epul-</em></strong></span> <span class='ocrx_word' id='word_1_495' title='bbox 1917 3132 1961 3194; x_wconf 89' lang='lat' dir='ltr'>C</span> <span class='ocrx_word' id='word_1_496' title='bbox 2065 3132 2152 3187; x_wconf 76' lang='lat' dir='ltr'><strong><em>XI.</em></strong></span> <span class='ocrx_word' id='word_1_497' title='bbox 2197 3134 2276 3186; x_wconf 83' lang='lat' dir='ltr'><strong><em>Ad</em></strong></span> <span class='ocrx_word' id='word_1_498' title='bbox 2316 3138 2461 3204; x_wconf 85' lang='lat' dir='ltr'><strong><em>cujus</em></strong></span> <span class='ocrx_word' id='word_1_499' title='bbox 2489 3136 2805 3203; x_wconf 86' lang='lat' dir='ltr'><strong><em>festivitatem</em></strong></span> <span class='ocrx_word' id='word_1_500' title='bbox 2835 3152 2951 3189; x_wconf 89' lang='lat' dir='ltr'><strong><em>cum</em></strong></span> <span class='ocrx_word' id='word_1_501' title='bbox 2979 3146 3199 3207; x_wconf 87' lang='lat' dir='ltr'><strong><em>tempore</em></strong></span> <span class='ocrx_word' id='word_1_502' title='bbox 3225 3140 3446 3208; x_wconf 90' lang='lat' dir='ltr'><strong><em>quodam</em></strong></span> <span class='ocrx_word' id='word_1_503' title='bbox 3477 3142 3561 3195; x_wconf 85' lang='lat' dir='ltr'><strong><em>in-</em></strong></span> 
     </span>
    </p>
   </div>
   <div class='ocr_carea' id='block_1_64' title="bbox 319 3231 1889 3288">
    <p class='ocr_par' dir='ltr' id='par_1_64' title="bbox 319 3231 1889 3288">
     <span class='ocr_line' id='line_1_64' title="bbox 319 3231 1889 3288; baseline -0.001 -2"><span class='ocrx_word' id='word_1_504' title='bbox 319 3251 463 3287; x_wconf 81' lang='lat' dir='ltr'><strong><em>crum</em></strong></span> <span class='ocrx_word' id='word_1_505' title='bbox 494 3236 662 3287; x_wconf 71' lang='lat' dir='ltr'><strong><em>multa:</em></strong></span> <span class='ocrx_word' id='word_1_506' title='bbox 690 3234 893 3288; x_wconf 69' lang='lat' dir='ltr'><strong><em>virtutes</em></strong></span> <span class='ocrx_word' id='word_1_507' title='bbox 930 3242 974 3285; x_wconf 85' lang='lat' dir='ltr'><strong><em>et</em></strong></span> <span class='ocrx_word' id='word_1_508' title='bbox 1014 3233 1327 3285; x_wconf 78' lang='lat' dir='ltr'><strong><em>creberrima:</em></strong></span> <span class='ocrx_word' id='word_1_509' title='bbox 1370 3234 1718 3285; x_wconf 56' lang='lat' dir='ltr'><strong><em>Ostenduntur.</em></strong></span> <span class='ocrx_word' id='word_1_510' title='bbox 1753 3231 1889 3286; x_wconf 87' lang='lat' dir='ltr'><strong><em>San—</em></strong></span> 
     </span>
    </p>
   </div>
   <div class='ocr_carea' id='block_1_65' title="bbox 319 3322 1889 3393">
    <p class='ocr_par' dir='ltr' id='par_1_65' title="bbox 319 3322 1889 3393">
     <span class='ocr_line' id='line_1_65' title="bbox 319 3322 1889 3393; baseline 0.001 -17"><span class='ocrx_word' id='word_1_511' title='bbox 319 3336 461 3377; x_wconf 88' lang='lat' dir='ltr'><strong><em>ctum</em></strong></span> <span class='ocrx_word' id='word_1_512' title='bbox 488 3342 599 3378; x_wconf 85' lang='lat' dir='ltr'><strong><em>vero</em></strong></span> <span class='ocrx_word' id='word_1_513' title='bbox 642 3325 1003 3379; x_wconf 80' lang='lat' dir='ltr'><strong><em>Vindemialem</em></strong></span> <span class='ocrx_word' id='word_1_514' title='bbox 1041 3322 1211 3393; x_wconf 90' lang='lat' dir='ltr'><strong><em>gladio</em></strong></span> <span class='ocrx_word' id='word_1_515' title='bbox 1241 3324 1434 3392; x_wconf 88' lang='lat' dir='ltr'><strong><em>percuti</em></strong></span> <span class='ocrx_word' id='word_1_516' title='bbox 1462 3325 1718 3392; x_wconf 66' lang='lat' dir='ltr'><strong><em>pracepit,</em></strong></span> <span class='ocrx_word' id='word_1_517' title='bbox 1754 3324 1889 3390; x_wconf 87' lang='lat' dir='ltr'><strong><em>quod</em></strong></span> 
     </span>
    </p>
   </div>
   <div class='ocr_carea' id='block_1_66' title="bbox 320 3414 1888 3484">
    <p class='ocr_par' dir='ltr' id='par_1_66' title="bbox 320 3414 1888 3484">
     <span class='ocr_line' id='line_1_66' title="bbox 320 3414 1888 3484; baseline 0 -18"><span class='ocrx_word' id='word_1_518' title='bbox 320 3426 371 3467; x_wconf 90' lang='lat' dir='ltr'><strong><em>et</em></strong></span> <span class='ocrx_word' id='word_1_519' title='bbox 403 3415 417 3449; x_wconf 68' lang='grc' dir='ltr'><strong>ί</strong></span> <span class='ocrx_word' id='word_1_520' title='bbox 452 3415 712 3484; x_wconf 85' lang='lat' dir='ltr'><strong><em>impletum</em></strong></span> <span class='ocrx_word' id='word_1_521' title='bbox 754 3424 825 3468; x_wconf 80' lang='lat' dir='ltr'><strong><em>est</em></strong></span> <span class='ocrx_word' id='word_1_522' title='bbox 866 3416 916 3467; x_wconf 91' lang='lat' dir='ltr'><strong><em>in</em></strong></span> <span class='ocrx_word' id='word_1_523' title='bbox 959 3414 1054 3467; x_wconf 82' lang='lat' dir='ltr'><strong><em>hoc</em></strong></span> <span class='ocrx_word' id='word_1_524' title='bbox 1094 3414 1385 3467; x_wconf 83' lang='lat' dir='ltr'><strong><em>certamine.</em></strong></span> <span class='ocrx_word' id='word_1_525' title='bbox 1427 3414 1735 3468; x_wconf 83' lang='lat' dir='ltr'><strong><em>Octavianus</em></strong></span> <span class='ocrx_word' id='word_1_526' title='bbox 1774 3430 1888 3468; x_wconf 77' lang='lat' dir='ltr'><strong><em>tero</em></strong></span> 
     </span>
    </p>
   </div>
   <div class='ocr_carea' id='block_1_67' title="bbox 320 3504 1888 3563">
    <p class='ocr_par' dir='ltr' id='par_1_67' title="bbox 320 3504 1888 3563">
     <span class='ocr_line' id='line_1_67' title="bbox 320 3504 1888 3563; baseline 0.001 -8"><span class='ocrx_word' id='word_1_527' title='bbox 320 3505 711 3558; x_wconf 89' lang='lat' dir='ltr'><strong><em>archidiaconus</em></strong></span> <span class='ocrx_word' id='word_1_528' title='bbox 759 3514 805 3557; x_wconf 90' lang='lat' dir='ltr'><strong><em>et</em></strong></span> <span class='ocrx_word' id='word_1_529' title='bbox 844 3505 1003 3563; x_wconf 78' lang='lat' dir='ltr'><strong><em>multa</em></strong></span> <span class='ocrx_word' id='word_1_530' title='bbox 1043 3505 1207 3557; x_wconf 86' lang='lat' dir='ltr'><strong><em>millia</em></strong></span> <span class='ocrx_word' id='word_1_531' title='bbox 1245 3504 1467 3557; x_wconf 80' lang='lat' dir='ltr'><strong><em>virorum</em></strong></span> <span class='ocrx_word' id='word_1_532' title='bbox 1511 3520 1571 3556; x_wconf 89' lang='lat' dir='ltr'><strong><em>ac</em></strong></span> <span class='ocrx_word' id='word_1_533' title='bbox 1622 3505 1888 3557; x_wconf 85' lang='lat' dir='ltr'><strong><em>mulierum</em></strong></span> 
     </span>
    </p>
   </div>
   <div class='ocr_carea' id='block_1_68' title="bbox 323 3594 1887 3664">
    <p class='ocr_par' dir='ltr' id='par_1_68' title="bbox 323 3594 1887 3664">
     <span class='ocr_line' id='line_1_68' title="bbox 323 3594 1887 3664; baseline 0.002 -19"><span class='ocrx_word' id='word_1_534' title='bbox 323 3597 452 3646; x_wconf 80' lang='lat' dir='ltr'><strong><em>hanc</em></strong></span> <span class='ocrx_word' id='word_1_535' title='bbox 481 3595 632 3660; x_wconf 85' lang='lat' dir='ltr'><strong><em>ﬁdem</em></strong></span> <span class='ocrx_word' id='word_1_536' title='bbox 673 3595 1019 3657; x_wconf 84' lang='lat' dir='ltr'><strong><em>asserentium,</em></strong></span> <span class='ocrx_word' id='word_1_537' title='bbox 1052 3595 1347 3662; x_wconf 88' lang='lat' dir='ltr'><strong><em>interempta</em></strong></span> <span class='ocrx_word' id='word_1_538' title='bbox 1377 3603 1527 3664; x_wconf 90' lang='lat' dir='ltr'><strong><em>atque</em></strong></span> <span class='ocrx_word' id='word_1_539' title='bbox 1567 3604 1592 3641; x_wconf 80' lang='lat'>8</span> <span class='ocrx_word' id='word_1_540' title='bbox 1630 3594 1887 3648; x_wconf 86' lang='lat' dir='ltr'><strong><em>debilitata</em></strong></span> 
     </span>
    </p>
   </div>
   <div class='ocr_carea' id='block_1_69' title="bbox 320 3684 1888 3754">
    <p class='ocr_par' dir='ltr' id='par_1_69' title="bbox 320 3684 1888 3754">
     <span class='ocr_line' id='line_1_69' title="bbox 320 3684 1888 3754; baseline 0 -17"><span class='ocrx_word' id='word_1_541' title='bbox 320 3695 460 3737; x_wconf 91' lang='lat' dir='ltr'><strong><em>sunt.</em></strong></span> <span class='ocrx_word' id='word_1_542' title='bbox 494 3685 599 3739; x_wconf 87' lang='lat' dir='ltr'><strong><em>Sed</em></strong></span> <span class='ocrx_word' id='word_1_543' title='bbox 634 3702 727 3754; x_wconf 89' lang='lat' dir='ltr'><strong><em>pro</em></strong></span> <span class='ocrx_word' id='word_1_544' title='bbox 751 3701 921 3739; x_wconf 88' lang='lat' dir='ltr'><strong><em>amore</em></strong></span> <span class='ocrx_word' id='word_1_545' title='bbox 959 3685 1135 3753; x_wconf 75' lang='lat' dir='ltr'><strong><em>gloria:</em></strong></span> <span class='ocrx_word' id='word_1_546' title='bbox 1161 3684 1288 3737; x_wconf 88' lang='lat' dir='ltr'><strong><em>nihil</em></strong></span> <span class='ocrx_word' id='word_1_547' title='bbox 1314 3695 1460 3738; x_wconf 91' lang='lat' dir='ltr'><strong><em>erant</em></strong></span> <span class='ocrx_word' id='word_1_548' title='bbox 1501 3686 1606 3738; x_wconf 78' lang='lat' dir='ltr'><strong><em>lucc</em></strong></span> <span class='ocrx_word' id='word_1_549' title='bbox 1633 3685 1888 3754; x_wconf 87' lang='lat' dir='ltr'><strong><em>supplicia</em></strong></span> 
     </span>
    </p>
   </div>
   <div class='ocr_carea' id='block_1_70' title="bbox 321 3772 1889 3843">
    <p class='ocr_par' dir='ltr' id='par_1_70' title="bbox 321 3772 1889 3843">
     <span class='ocr_line' id='line_1_70' title="bbox 321 3772 1889 3843; baseline 0.001 -18"><span class='ocrx_word' id='word_1_550' title='bbox 321 3774 688 3843; x_wconf 86' lang='lat' dir='ltr'><strong><em>confessoribus</em></strong></span> <span class='ocrx_word' id='word_1_551' title='bbox 727 3774 935 3836; x_wconf 86' lang='lat' dir='ltr'><strong><em>sanctis,</em></strong></span> <span class='ocrx_word' id='word_1_552' title='bbox 984 3773 1071 3841; x_wconf 88' lang='lat' dir='ltr'><strong><em>qui</em></strong></span> <span class='ocrx_word' id='word_1_553' title='bbox 1115 3774 1167 3825; x_wconf 86' lang='lat' dir='ltr'><strong><em>in</em></strong></span> <span class='ocrx_word' id='word_1_554' title='bbox 1209 3773 1347 3838; x_wconf 86' lang='lat' dir='ltr'><strong><em>pacis</em></strong></span> <span class='ocrx_word' id='word_1_555' title='bbox 1387 3773 1570 3835; x_wconf 60' lang='lat' dir='ltr'><strong><em>vexzti,</em></strong></span> <span class='ocrx_word' id='word_1_556' title='bbox 1617 3774 1667 3824; x_wconf 92' lang='lat' dir='ltr'><strong><em>iu</em></strong></span> <span class='ocrx_word' id='word_1_557' title='bbox 1718 3772 1889 3826; x_wconf 89' lang='lat' dir='ltr'><strong><em>multis</em></strong></span> 
     </span>
    </p>
   </div>
   <div class='ocr_carea' id='block_1_71' title="bbox 322 3864 1889 3933">
    <p class='ocr_par' dir='ltr' id='par_1_71' title="bbox 322 3864 1889 3933">
     <span class='ocr_line' id='line_1_71' title="bbox 322 3864 1889 3933; baseline 0 -18"><span class='ocrx_word' id='word_1_558' title='bbox 322 3865 445 3917; x_wconf 89' lang='lat' dir='ltr'><strong><em>bene</em></strong></span> <span class='ocrx_word' id='word_1_559' title='bbox 491 3882 543 3917; x_wconf 90' lang='lat' dir='ltr'><strong><em>se</em></strong></span> <span class='ocrx_word' id='word_1_560' title='bbox 592 3876 836 3917; x_wconf 86' lang='lat' dir='ltr'><strong><em>noverant</em></strong></span> <span class='ocrx_word' id='word_1_561' title='bbox 889 3865 1251 3933; x_wconf 89' lang='lat' dir='ltr'><strong><em>disponendos,</em></strong></span> <span class='ocrx_word' id='word_1_562' title='bbox 1293 3866 1448 3932; x_wconf 71' lang='lat' dir='ltr'><strong><em>juxta</em></strong></span> <span class='ocrx_word' id='word_1_563' title='bbox 1491 3864 1620 3915; x_wconf 66' lang='lat' dir='ltr'><strong><em>illud</em></strong></span> <span class='ocrx_word' id='word_1_564' title='bbox 1663 3865 1889 3931; x_wconf 83' lang='lat' dir='ltr'><strong><em>Apostoli</em></strong></span> 
     </span>
    </p>
   </div>
   <div class='ocr_carea' id='block_1_72' title="bbox 326 3954 1887 4023">
    <p class='ocr_par' dir='ltr' id='par_1_72' title="bbox 326 3954 1887 4023">
     <span class='ocr_line' id='line_1_72' title="bbox 326 3954 1887 4023; baseline -0.001 -15"><span class='ocrx_word' id='word_1_565' title='bbox 326 3954 501 4023; x_wconf 77' lang='lat' dir='ltr'><strong><em>(Rom.</em></strong></span> <span class='ocrx_word' id='word_1_566' title='bbox 551 3971 661 4020; x_wconf 75' lang='lat' dir='ltr'><strong><em>vui,</em></strong></span> <span class='ocrx_word' id='word_1_567' title='bbox 709 3957 827 4021; x_wconf 85' lang='lat' dir='ltr'><strong><em>l8):</em></strong></span> <span class='ocrx_word' id='word_1_568' title='bbox 865 3955 996 4021; x_wconf 82' lang='lat' dir='ltr'><strong><em>Quia</em></strong></span> <span class='ocrx_word' id='word_1_569' title='bbox 1026 3970 1125 4007; x_wconf 89' lang='lat' dir='ltr'><strong><em>non</em></strong></span> <span class='ocrx_word' id='word_1_570' title='bbox 1169 3966 1285 4005; x_wconf 79' lang='lat' dir='ltr'><strong><em>sunt</em></strong></span> <span class='ocrx_word' id='word_1_571' title='bbox 1326 3955 1587 4022; x_wconf 77' lang='lat' dir='ltr'><strong><em>condigna:</em></strong></span> <span class='ocrx_word' id='word_1_572' title='bbox 1629 3954 1887 4023; x_wconf 88' lang='lat' dir='ltr'><strong><em>passiones</em></strong></span> 
     </span>
    </p>
   </div>
   <div class='ocr_carea' id='block_1_73' title="bbox 320 4044 1888 4113">
    <p class='ocr_par' dir='ltr' id='par_1_73' title="bbox 320 4044 1888 4113">
     <span class='ocr_line' id='line_1_73' title="bbox 320 4044 1888 4113; baseline 0.003 -20"><span class='ocrx_word' id='word_1_573' title='bbox 320 4046 475 4112; x_wconf 84' lang='lat' dir='ltr'><strong><em>hujus</em></strong></span> <span class='ocrx_word' id='word_1_574' title='bbox 505 4046 744 4113; x_wconf 85' lang='lat' dir='ltr'><strong><em>temporis</em></strong></span> <span class='ocrx_word' id='word_1_575' title='bbox 786 4044 852 4095; x_wconf 90' lang='lat' dir='ltr'><strong><em>ad</em></strong></span> <span class='ocrx_word' id='word_1_576' title='bbox 892 4045 1116 4112; x_wconf 80' lang='lat' dir='ltr'><strong><em>futuram</em></strong></span> <span class='ocrx_word' id='word_1_577' title='bbox 1145 4044 1383 4112; x_wconf 64' lang='lat' dir='ltr'><strong><em>glow-iam,</em></strong></span> <span class='ocrx_word' id='word_1_578' title='bbox 1422 4058 1532 4110; x_wconf 75' lang='lat' dir='ltr'><strong><em>qua:</em></strong></span> <span class='ocrx_word' id='word_1_579' title='bbox 1562 4044 1807 4096; x_wconf 84' lang='lat' dir='ltr'><strong><em>revelatur</em></strong></span> <span class='ocrx_word' id='word_1_580' title='bbox 1837 4045 1888 4097; x_wconf 89' lang='lat' dir='ltr'><strong><em>in</em></strong></span> 
     </span>
    </p>
   </div>
   <div class='ocr_carea' id='block_1_74' title="bbox 320 4132 536 4187">
    <p class='ocr_par' dir='ltr' id='par_1_74' title="bbox 320 4132 536 4187">
     <span class='ocr_line' id='line_1_74' title="bbox 320 4132 536 4187; baseline -0.009 0"><span class='ocrx_word' id='word_1_581' title='bbox 320 4136 462 4187; x_wconf 88' lang='lat' dir='ltr'><strong><em>nobis</em></strong></span> <span class='ocrx_word' id='word_1_582' title='bbox 490 4132 536 4185; x_wconf 71' lang='lat' dir='ltr'><strong><em>h.</em></strong></span> 
     </span>
    </p>
   </div>
   <div class='ocr_carea' id='block_1_75' title="bbox 394 4222 1885 4293">
    <p class='ocr_par' dir='ltr' id='par_1_75' title="bbox 394 4222 1885 4293">
     <span class='ocr_line' id='line_1_75' title="bbox 394 4222 1885 4293; baseline 0.003 -19"><span class='ocrx_word' id='word_1_583' title='bbox 394 4223 479 4275; x_wconf 77' lang='lat' dir='ltr'><strong><em>IX.</em></strong></span> <span class='ocrx_word' id='word_1_584' title='bbox 512 4223 663 4275; x_wconf 79' lang='lat' dir='ltr'><strong><em>Multi</em></strong></span> <span class='ocrx_word' id='word_1_585' title='bbox 697 4235 811 4275; x_wconf 89' lang='lat' dir='ltr'><strong><em>tunc</em></strong></span> <span class='ocrx_word' id='word_1_586' title='bbox 838 4232 1061 4276; x_wconf 90' lang='lat' dir='ltr'><strong><em>errantes</em></strong></span> <span class='ocrx_word' id='word_1_587' title='bbox 1104 4223 1119 4259; x_wconf 68' lang='grc' dir='ltr'><strong>ί</strong></span> <span class='ocrx_word' id='word_1_588' title='bbox 1159 4241 1189 4275; x_wconf 93' lang='lat' dir='ltr'><strong><em>a</em></strong></span> <span class='ocrx_word' id='word_1_589' title='bbox 1216 4222 1318 4292; x_wconf 88' lang='lat' dir='ltr'><strong><em>ﬁde</em></strong></span> <span class='ocrx_word' id='word_1_590' title='bbox 1342 4224 1646 4293; x_wconf 88' lang='lat' dir='ltr'><strong><em>accipientes</em></strong></span> <span class='ocrx_word' id='word_1_591' title='bbox 1684 4224 1885 4278; x_wconf 88' lang='lat' dir='ltr'><strong><em>divitias</em></strong></span> 
     </span>
    </p>
   </div>
   <div class='ocr_carea' id='block_1_76' title="bbox 318 4313 1887 4386">
    <p class='ocr_par' dir='ltr' id='par_1_76' title="bbox 318 4313 1887 4386">
     <span class='ocr_line' id='line_1_76' title="bbox 318 4313 1887 4386; baseline 0.002 -21"><span class='ocrx_word' id='word_1_592' title='bbox 318 4317 634 4367; x_wconf 88' lang='lat' dir='ltr'><strong><em>inseruerunt</em></strong></span> <span class='ocrx_word' id='word_1_593' title='bbox 664 4330 715 4368; x_wconf 87' lang='lat' dir='ltr'><strong><em>se</em></strong></span> <span class='ocrx_word' id='word_1_594' title='bbox 751 4314 1007 4368; x_wconf 89' lang='lat' dir='ltr'><strong><em>doloribus</em></strong></span> <span class='ocrx_word' id='word_1_595' title='bbox 1037 4315 1230 4368; x_wconf 89' lang='lat' dir='ltr'><strong><em>multis.</em></strong></span> <span class='ocrx_word' id='word_1_596' title='bbox 1267 4313 1459 4380; x_wconf 74' lang='lat' dir='ltr'><strong><em>Inftlis:</em></strong></span> <span class='ocrx_word' id='word_1_597' title='bbox 1485 4327 1653 4368; x_wconf 89' lang='lat' dir='ltr'><strong><em>autem</em></strong></span> <span class='ocrx_word' id='word_1_598' title='bbox 1678 4317 1887 4386; x_wconf 86' lang='lat' dir='ltr'><strong><em>quidam</em></strong></span> 
     </span>
    </p>
   </div>
   <div class='ocr_carea' id='block_1_77' title="bbox 318 4406 1884 4475">
    <p class='ocr_par' dir='ltr' id='par_1_77' title="bbox 318 4406 1884 4475">
     <span class='ocr_line' id='line_1_77' title="bbox 318 4406 1884 4475; baseline 0.004 -19"><span class='ocrx_word' id='word_1_599' title='bbox 318 4408 435 4473; x_wconf 81' lang='lat' dir='ltr'><strong><em>epis</em></strong></span> <span class='ocrx_word' id='word_1_600' title='bbox 458 4422 583 4472; x_wconf 87' lang='lat' dir='ltr'><strong><em>opus</em></strong></span> <span class='ocrx_word' id='word_1_601' title='bbox 623 4409 822 4460; x_wconf 90' lang='lat' dir='ltr'><strong><em>nomine</em></strong></span> <span class='ocrx_word' id='word_1_602' title='bbox 854 4406 1152 4467; x_wconf 84' lang='lat' dir='ltr'><strong><em>Revocatus.</em></strong></span> <span class='ocrx_word' id='word_1_603' title='bbox 1183 4424 1241 4461; x_wconf 92' lang='lat' dir='ltr'><strong><em>eo</em></strong></span> <span class='ocrx_word' id='word_1_604' title='bbox 1271 4418 1492 4475; x_wconf 90' lang='lat' dir='ltr'><strong><em>tempore</em></strong></span> <span class='ocrx_word' id='word_1_605' title='bbox 1524 4420 1594 4461; x_wconf 89' lang='lat' dir='ltr'><strong><em>est</em></strong></span> <span class='ocrx_word' id='word_1_606' title='bbox 1625 4422 1884 4463; x_wconf 77' lang='lat' dir='ltr'><strong><em>revocatus</em></strong></span> 
     </span>
    </p>
   </div>
   <div class='ocr_carea' id='block_1_78' title="bbox 1992 3225 3561 3296">
    <p class='ocr_par' dir='ltr' id='par_1_78' title="bbox 1992 3225 3561 3296">
     <span class='ocr_line' id='line_1_78' title="bbox 1992 3225 3561 3296; baseline 0.007 -22"><span class='ocrx_word' id='word_1_607' title='bbox 1992 3225 2187 3277; x_wconf 92' lang='lat' dir='ltr'><strong><em>numeri</em></strong></span> <span class='ocrx_word' id='word_1_608' title='bbox 2228 3226 2403 3293; x_wconf 87' lang='lat' dir='ltr'><strong><em>populi</em></strong></span> <span class='ocrx_word' id='word_1_609' title='bbox 2442 3228 2826 3292; x_wconf 80' lang='lat' dir='ltr'><strong><em>convenissent,</em></strong></span> <span class='ocrx_word' id='word_1_610' title='bbox 2878 3230 3079 3296; x_wconf 86' lang='lat' dir='ltr'><strong><em>negotia</em></strong></span> <span class='ocrx_word' id='word_1_611' title='bbox 3128 3230 3287 3282; x_wconf 76' lang='lat' dir='ltr'><strong><em>multa</em></strong></span> <span class='ocrx_word' id='word_1_612' title='bbox 3333 3232 3385 3282; x_wconf 87' lang='lat' dir='ltr'><strong><em>in</em></strong></span> <span class='ocrx_word' id='word_1_613' title='bbox 3428 3234 3561 3285; x_wconf 90' lang='lat' dir='ltr'><strong><em>atrio</em></strong></span> 
     </span>
    </p>
   </div>
   <div class='ocr_carea' id='block_1_79' title="bbox 1990 3315 3563 3384">
    <p class='ocr_par' dir='ltr' id='par_1_79' title="bbox 1990 3315 3563 3384">
     <span class='ocr_line' id='line_1_79' title="bbox 1990 3315 3563 3384; baseline 0.006 -19"><span class='ocrx_word' id='word_1_614' title='bbox 1990 3315 2350 3382; x_wconf 87' lang='lat' dir='ltr'><strong><em>protulerunt;</em></strong></span> <span class='ocrx_word' id='word_1_615' title='bbox 2378 3315 2549 3384; x_wconf 89' lang='lat' dir='ltr'><strong><em>puella</em></strong></span> <span class='ocrx_word' id='word_1_616' title='bbox 2574 3331 2689 3368; x_wconf 85' lang='lat' dir='ltr'><strong><em>vero</em></strong></span> <span class='ocrx_word' id='word_1_617' title='bbox 2717 3332 2817 3368; x_wconf 89' lang='lat' dir='ltr'><strong><em>una</em></strong></span> <span class='ocrx_word' id='word_1_618' title='bbox 2845 3333 2908 3369; x_wconf 75' lang='lat' dir='ltr'><strong><em>e1:</em></strong></span> <span class='ocrx_word' id='word_1_619' title='bbox 2936 3317 3304 3373; x_wconf 89' lang='lat' dir='ltr'><strong><em>habitatoribus</em></strong></span> <span class='ocrx_word' id='word_1_620' title='bbox 3331 3320 3429 3373; x_wconf 92' lang='lat' dir='ltr'><strong><em>loci</em></strong></span> <span class='ocrx_word' id='word_1_621' title='bbox 3456 3331 3563 3374; x_wconf 89' lang='lat' dir='ltr'><strong><em>sta-</em></strong></span> 
     </span>
    </p>
   </div>
   <div class='ocr_carea' id='block_1_80' title="bbox 1992 3406 3561 3481">
    <p class='ocr_par' dir='ltr' id='par_1_80' title="bbox 1992 3406 3561 3481">
     <span class='ocr_line' id='line_1_80' title="bbox 1992 3406 3561 3481; baseline 0.005 -22"><span class='ocrx_word' id='word_1_622' title='bbox 1992 3406 2175 3459; x_wconf 90' lang='lat' dir='ltr'><strong><em>tionem</em></strong></span> <span class='ocrx_word' id='word_1_623' title='bbox 2202 3407 2354 3471; x_wconf 85' lang='lat' dir='ltr'><strong><em>adiit,</em></strong></span> <span class='ocrx_word' id='word_1_624' title='bbox 2378 3409 2521 3476; x_wconf 89' lang='lat' dir='ltr'><strong><em>quasi</em></strong></span> <span class='ocrx_word' id='word_1_625' title='bbox 2559 3408 2757 3477; x_wconf 87' lang='lat' dir='ltr'><strong><em>aliquid</em></strong></span> <span class='ocrx_word' id='word_1_626' title='bbox 2794 3419 3105 3477; x_wconf 68' lang='lat' dir='ltr'><strong><em>cosmptura,</em></strong></span> <span class='ocrx_word' id='word_1_627' title='bbox 3130 3413 3441 3481; x_wconf 86' lang='lat' dir='ltr'><strong><em>speciemque</em></strong></span> <span class='ocrx_word' id='word_1_628' title='bbox 3468 3414 3561 3467; x_wconf 90' lang='lat' dir='ltr'><strong><em>sibi</em></strong></span> 
     </span>
    </p>
   </div>
   <div class='ocr_carea' id='block_1_81' title="bbox 1988 3499 3603 3571">
    <p class='ocr_par' dir='ltr' id='par_1_81' title="bbox 1988 3499 3603 3571">
     <span class='ocr_line' id='line_1_81' title="bbox 1988 3499 3603 3571; baseline 0.006 -23"><span class='ocrx_word' id='word_1_629' title='bbox 1988 3509 2160 3568; x_wconf 90' lang='lat' dir='ltr'><strong><em>aptam</em></strong></span> <span class='ocrx_word' id='word_1_630' title='bbox 2185 3499 2436 3569; x_wconf 88' lang='lat' dir='ltr'><strong><em>aspiciens</em></strong></span> <span class='ocrx_word' id='word_1_631' title='bbox 2463 3517 2495 3552; x_wconf 77' lang='grc' dir='ltr'><em>α</em></span> <span class='ocrx_word' id='word_1_632' title='bbox 2532 3503 2841 3569; x_wconf 89' lang='lat' dir='ltr'><strong><em>negotiatore</em></strong></span> <span class='ocrx_word' id='word_1_633' title='bbox 2874 3502 3113 3571; x_wconf 85' lang='lat' dir='ltr'><strong><em>suscepit,</em></strong></span> <span class='ocrx_word' id='word_1_634' title='bbox 3156 3511 3204 3555; x_wconf 87' lang='lat' dir='ltr'><strong><em>et</em></strong></span> <span class='ocrx_word' id='word_1_635' title='bbox 3232 3505 3403 3556; x_wconf 88' lang='lat' dir='ltr'><strong><em>statim</em></strong></span> <span class='ocrx_word' id='word_1_636' title='bbox 3429 3505 3562 3558; x_wconf 84' lang='lat' dir='ltr'><strong><em>dicte</em></strong></span> <span class='ocrx_word' id='word_1_637' title='bbox 3594 3520 3603 3524; x_wconf 79' lang='lat'><strong><em>‘</em></strong></span> 
     </span>
    </p>
   </div>
   <div class='ocr_carea' id='block_1_82' title="bbox 1988 3591 3564 3663">
    <p class='ocr_par' dir='ltr' id='par_1_82' title="bbox 1988 3591 3564 3663">
     <span class='ocr_line' id='line_1_82' title="bbox 1988 3591 3564 3663; baseline 0.002 -19"><span class='ocrx_word' id='word_1_638' title='bbox 1988 3591 2137 3645; x_wconf 87' lang='lat' dir='ltr'><strong><em>citius</em></strong></span> <span class='ocrx_word' id='word_1_639' title='bbox 2167 3602 2450 3659; x_wconf 89' lang='lat' dir='ltr'><strong><em>porrectam</em></strong></span> <span class='ocrx_word' id='word_1_640' title='bbox 2478 3592 2646 3654; x_wconf 90' lang='lat' dir='ltr'><strong><em>alteri,</em></strong></span> <span class='ocrx_word' id='word_1_641' title='bbox 2680 3601 2825 3662; x_wconf 85' lang='lat' dir='ltr'><strong><em>negat</em></strong></span> <span class='ocrx_word' id='word_1_642' title='bbox 2853 3609 2906 3645; x_wconf 87' lang='lat' dir='ltr'><strong><em>se</em></strong></span> <span class='ocrx_word' id='word_1_643' title='bbox 2940 3594 3213 3658; x_wconf 79' lang='lat' dir='ltr'><strong><em>accepisse.</em></strong></span> <span class='ocrx_word' id='word_1_644' title='bbox 3261 3593 3564 3663; x_wconf 80' lang='lat' dir='ltr'><strong><em>Negotiator</em></strong></span> 
     </span>
    </p>
   </div>
   <div class='ocr_carea' id='block_1_83' title="bbox 1989 3680 3561 3753">
    <p class='ocr_par' dir='ltr' id='par_1_83' title="bbox 1989 3680 3561 3753">
     <span class='ocr_line' id='line_1_83' title="bbox 1989 3680 3561 3753; baseline 0.003 -20"><span class='ocrx_word' id='word_1_645' title='bbox 1989 3698 2104 3735; x_wconf 83' lang='lat' dir='ltr'><strong><em>vero</em></strong></span> <span class='ocrx_word' id='word_1_646' title='bbox 2126 3683 2313 3733; x_wconf 64' lang='lat' dir='ltr'><strong><em>intente</em></strong></span> <span class='ocrx_word' id='word_1_647' title='bbox 2333 3682 2497 3735; x_wconf 89' lang='lat' dir='ltr'><strong><em>aiebat</em></strong></span> <span class='ocrx_word' id='word_1_648' title='bbox 2522 3696 2543 3734; x_wconf 88' lang='lat'><strong><em>:</em></strong></span> <span class='ocrx_word' id='word_1_649' title='bbox 2572 3680 2691 3734; x_wconf 84' lang='lat' dir='ltr'><strong><em>Mea</em></strong></span> <span class='ocrx_word' id='word_1_650' title='bbox 2719 3698 2826 3734; x_wconf 89' lang='lat' dir='ltr'><strong><em>eam</em></strong></span> <span class='ocrx_word' id='word_1_651' title='bbox 2860 3682 2948 3732; x_wconf 87' lang='lat' dir='ltr'><strong><em>tibi</em></strong></span> <span class='ocrx_word' id='word_1_652' title='bbox 2980 3692 3130 3733; x_wconf 79' lang='lat' dir='ltr'><strong><em>manu</em></strong></span> <span class='ocrx_word' id='word_1_653' title='bbox 3160 3684 3368 3752; x_wconf 74' lang='lat' dir='ltr'><strong><em>protuli,</em></strong></span> <span class='ocrx_word' id='word_1_654' title='bbox 3409 3695 3561 3753; x_wconf 90' lang='lat' dir='ltr'><strong><em>tuque</em></strong></span> 
     </span>
    </p>
   </div>
   <div class='ocr_carea' id='block_1_84' title="bbox 1988 3770 3559 3840">
    <p class='ocr_par' dir='ltr' id='par_1_84' title="bbox 1988 3770 3559 3840">
     <span class='ocr_line' id='line_1_84' title="bbox 1988 3770 3559 3840; baseline 0.004 -19"><span class='ocrx_word' id='word_1_655' title='bbox 1988 3772 2276 3823; x_wconf 81' lang='lat' dir='ltr'><strong><em>rimandum</em></strong></span> <span class='ocrx_word' id='word_1_656' title='bbox 2319 3771 2535 3823; x_wconf 86' lang='lat' dir='ltr'><strong><em>sollicite</em></strong></span> <span class='ocrx_word' id='word_1_657' title='bbox 2566 3772 2826 3837; x_wconf 78' lang='lat' dir='ltr'><strong><em>accepisti.</em></strong></span> <span class='ocrx_word' id='word_1_658' title='bbox 2870 3770 3073 3840; x_wconf 79' lang='lat' dir='ltr'><strong><em>[itaque</em></strong></span> <span class='ocrx_word' id='word_1_659' title='bbox 3102 3780 3333 3839; x_wconf 89' lang='lat' dir='ltr'><strong><em>negante,</em></strong></span> <span class='ocrx_word' id='word_1_660' title='bbox 3366 3774 3437 3825; x_wconf 90' lang='lat' dir='ltr'><strong><em>ait</em></strong></span> <span class='ocrx_word' id='word_1_661' title='bbox 3468 3791 3559 3828; x_wconf 83' lang='lat' dir='ltr'><strong><em>ne-</em></strong></span> 
     </span>
    </p>
   </div>
   <div class='ocr_carea' id='block_1_85' title="bbox 1989 3859 3559 3927">
    <p class='ocr_par' dir='ltr' id='par_1_85' title="bbox 1989 3859 3559 3927">
     <span class='ocr_line' id='line_1_85' title="bbox 1989 3859 3559 3927; baseline 0 -14"><span class='ocrx_word' id='word_1_662' title='bbox 1989 3862 2206 3927; x_wconf 87' lang='lat' dir='ltr'><strong><em>gotiator</em></strong></span> <span class='ocrx_word' id='word_1_663' title='bbox 2228 3876 2245 3915; x_wconf 88' lang='lat'><strong><em>:</em></strong></span> <span class='ocrx_word' id='word_1_664' title='bbox 2270 3859 2330 3912; x_wconf 87' lang='lat' dir='ltr'><strong><em>Si</em></strong></span> <span class='ocrx_word' id='word_1_665' title='bbox 2350 3859 2440 3911; x_wconf 87' lang='lat' dir='ltr'><strong><em>tibi</em></strong></span> <span class='ocrx_word' id='word_1_666' title='bbox 2461 3866 2603 3910; x_wconf 89' lang='lat' dir='ltr'><strong><em>tanta</em></strong></span> <span class='ocrx_word' id='word_1_667' title='bbox 2615 3869 2688 3910; x_wconf 93' lang='lat' dir='ltr'><strong><em>est</em></strong></span> <span class='ocrx_word' id='word_1_668' title='bbox 2708 3859 3005 3927; x_wconf 89' lang='lat' dir='ltr'><strong><em>pertinacia,</em></strong></span> <span class='ocrx_word' id='word_1_669' title='bbox 3021 3860 3233 3911; x_wconf 58' lang='lat' dir='ltr'><strong><em>arar’tia</em></strong></span> <span class='ocrx_word' id='word_1_670' title='bbox 3247 3861 3559 3925; x_wconf 86' lang='lat' dir='ltr'><strong><em>stimulante,</em></strong></span> 
     </span>
    </p>
   </div>
   <div class='ocr_carea' id='block_1_86' title="bbox 1989 3946 3558 4019">
    <p class='ocr_par' dir='ltr' id='par_1_86' title="bbox 1989 3946 3558 4019">
     <span class='ocr_line' id='line_1_86' title="bbox 1989 3946 3558 4019; baseline 0.003 -19"><span class='ocrx_word' id='word_1_671' title='bbox 1989 3951 2225 4019; x_wconf 85' lang='lat' dir='ltr'><strong><em>negandi,</em></strong></span> <span class='ocrx_word' id='word_1_672' title='bbox 2262 3949 2461 4018; x_wconf 88' lang='lat' dir='ltr'><strong><em>judicet</em></strong></span> <span class='ocrx_word' id='word_1_673' title='bbox 2495 3948 2628 3999; x_wconf 89' lang='lat' dir='ltr'><strong><em>illud</em></strong></span> <span class='ocrx_word' id='word_1_674' title='bbox 2671 3946 2900 4000; x_wconf 71' lang='lat' dir='ltr'><strong><em>beatusl</em></strong></span> <span class='ocrx_word' id='word_1_675' title='bbox 2944 3960 3135 4016; x_wconf 85' lang='lat' dir='ltr'><strong><em>martyr</em></strong></span> <span class='ocrx_word' id='word_1_676' title='bbox 3180 3947 3458 4019; x_wconf 72' lang='lat' dir='ltr'><strong><em>Eugeniae,</em></strong></span> <span class='ocrx_word' id='word_1_677' title='bbox 3490 3954 3558 4003; x_wconf 90' lang='lat' dir='ltr'><strong><em>ad</em></strong></span> 
     </span>
    </p>
   </div>
   <div class='ocr_carea' id='block_1_87' title="bbox 1989 4040 3559 4109">
    <p class='ocr_par' dir='ltr' id='par_1_87' title="bbox 1989 4040 3559 4109">
     <span class='ocr_line' id='line_1_87' title="bbox 1989 4040 3559 4109; baseline 0.001 -16"><span class='ocrx_word' id='word_1_678' title='bbox 1989 4045 2133 4109; x_wconf 84' lang='lat' dir='ltr'><strong><em>cujus</em></strong></span> <span class='ocrx_word' id='word_1_679' title='bbox 2152 4040 2441 4108; x_wconf 87' lang='lat' dir='ltr'><strong><em>sepulcrum</em></strong></span> <span class='ocrx_word' id='word_1_680' title='bbox 2466 4041 2512 4091; x_wconf 89' lang='lat' dir='ltr'><strong><em>si</em></strong></span> <span class='ocrx_word' id='word_1_681' title='bbox 2535 4056 2648 4091; x_wconf 90' lang='lat' dir='ltr'><strong><em>cum</em></strong></span> <span class='ocrx_word' id='word_1_682' title='bbox 2678 4041 2980 4091; x_wconf 90' lang='lat' dir='ltr'><strong><em>sacramenti</em></strong></span> <span class='ocrx_word' id='word_1_683' title='bbox 3007 4042 3269 4105; x_wconf 88' lang='lat' dir='ltr'><strong><em>interposit</em></strong></span> <span class='ocrx_word' id='word_1_684' title='bbox 3293 4057 3389 4092; x_wconf 88' lang='lat' dir='ltr'><strong><em>one</em></strong></span> <span class='ocrx_word' id='word_1_685' title='bbox 3417 4042 3559 4094; x_wconf 69' lang='lat' dir='ltr'><strong><em>dixr-</em></strong></span> 
     </span>
    </p>
   </div>
   <div class='ocr_carea' id='block_1_88' title="bbox 1987 4128 3560 4198">
    <p class='ocr_par' dir='ltr' id='par_1_88' title="bbox 1987 4128 3560 4198">
     <span class='ocr_line' id='line_1_88' title="bbox 1987 4128 3560 4198; baseline 0.002 -18"><span class='ocrx_word' id='word_1_686' title='bbox 1987 4132 2059 4181; x_wconf 92' lang='lat' dir='ltr'><strong><em>ris</em></strong></span> <span class='ocrx_word' id='word_1_687' title='bbox 2101 4139 2148 4182; x_wconf 91' lang='lat' dir='ltr'><strong><em>te</em></strong></span> <span class='ocrx_word' id='word_1_688' title='bbox 2185 4145 2286 4182; x_wconf 89' lang='lat' dir='ltr'><strong><em>non</em></strong></span> <span class='ocrx_word' id='word_1_689' title='bbox 2334 4129 2604 4197; x_wconf 83' lang='lat' dir='ltr'><strong><em>accepisse,</em></strong></span> <span class='ocrx_word' id='word_1_690' title='bbox 2650 4129 2823 4181; x_wconf 87' lang='lat' dir='ltr'><strong><em>damni</em></strong></span> <span class='ocrx_word' id='word_1_691' title='bbox 2861 4129 2985 4180; x_wconf 89' lang='lat' dir='ltr'><strong><em>mihi</em></strong></span> <span class='ocrx_word' id='word_1_692' title='bbox 3028 4128 3154 4180; x_wconf 91' lang='lat' dir='ltr'><strong><em>nihil</em></strong></span> <span class='ocrx_word' id='word_1_693' title='bbox 3192 4129 3386 4181; x_wconf 64' lang='lat' dir='ltr'><strong><em>testimo</em></strong></span> <span class='ocrx_word' id='word_1_694' title='bbox 3424 4133 3560 4198; x_wconf 87' lang='lat' dir='ltr'><strong><em>quod</em></strong></span> 
     </span>
    </p>
   </div>
   <div class='ocr_carea' id='block_1_89' title="bbox 1987 4220 3556 4290">
    <p class='ocr_par' dir='ltr' id='par_1_89' title="bbox 1987 4220 3556 4290">
     <span class='ocr_line' id='line_1_89' title="bbox 1987 4220 3556 4290; baseline 0 -17"><span class='ocrx_word' id='word_1_695' title='bbox 1987 4221 2155 4273; x_wconf 89' lang='lat' dir='ltr'><strong><em>amisi.</em></strong></span> <span class='ocrx_word' id='word_1_696' title='bbox 2177 4224 2242 4273; x_wconf 80' lang='lat' dir='ltr'><strong><em>At</em></strong></span> <span class='ocrx_word' id='word_1_697' title='bbox 2268 4221 2357 4273; x_wconf 86' lang='lat' dir='ltr'><strong><em>illa</em></strong></span> <span class='ocrx_word' id='word_1_698' title='bbox 2385 4220 2615 4290; x_wconf 89' lang='lat' dir='ltr'><strong><em>pollicita</em></strong></span> <span class='ocrx_word' id='word_1_699' title='bbox 2636 4235 2688 4273; x_wconf 90' lang='lat' dir='ltr'><strong><em>se</em></strong></span> <span class='ocrx_word' id='word_1_700' title='bbox 2714 4236 2857 4287; x_wconf 90' lang='lat' dir='ltr'><strong><em>posse</em></strong></span> <span class='ocrx_word' id='word_1_701' title='bbox 2878 4235 2941 4271; x_wconf 68' lang='lat' dir='ltr'><strong><em>ea:</em></strong></span> <span class='ocrx_word' id='word_1_702' title='bbox 2962 4222 3056 4272; x_wconf 89' lang='lat' dir='ltr'><strong><em>hoc</em></strong></span> <span class='ocrx_word' id='word_1_703' title='bbox 3081 4221 3197 4272; x_wconf 72' lang='lat' dir='ltr'><strong><em>exui</em></strong></span> <span class='ocrx_word' id='word_1_704' title='bbox 3218 4232 3556 4279; x_wconf 88' lang='lat' dir='ltr'><strong><em>sacramento.</em></strong></span> 
     </span>
    </p>
   </div>
   <div class='ocr_carea' id='block_1_90' title="bbox 1988 4310 3563 4380">
    <p class='ocr_par' dir='ltr' id='par_1_90' title="bbox 1988 4310 3563 4380">
     <span class='ocr_line' id='line_1_90' title="bbox 1988 4310 3563 4380; baseline 0 -18"><span class='ocrx_word' id='word_1_705' title='bbox 1988 4313 2123 4363; x_wconf 86' lang='lat' dir='ltr'><strong><em>vadit</em></strong></span> <span class='ocrx_word' id='word_1_706' title='bbox 2154 4311 2292 4363; x_wconf 88' lang='lat' dir='ltr'><strong><em>ocius</em></strong></span> <span class='ocrx_word' id='word_1_707' title='bbox 2322 4311 2388 4362; x_wconf 90' lang='lat' dir='ltr'><strong><em>ad</em></strong></span> <span class='ocrx_word' id='word_1_708' title='bbox 2412 4310 2720 4379; x_wconf 91' lang='lat' dir='ltr'><strong><em>sepulcrum,</em></strong></span> <span class='ocrx_word' id='word_1_709' title='bbox 2752 4311 3053 4378; x_wconf 82' lang='lat' dir='ltr'><strong><em>eletatisque</em></strong></span> <span class='ocrx_word' id='word_1_710' title='bbox 3082 4311 3310 4362; x_wconf 88' lang='lat' dir='ltr'><strong><em>manibus</em></strong></span> <span class='ocrx_word' id='word_1_711' title='bbox 3341 4319 3392 4362; x_wconf 92' lang='lat' dir='ltr'><strong><em>ut</em></strong></span> <span class='ocrx_word' id='word_1_712' title='bbox 3412 4315 3563 4380; x_wconf 86' lang='lat' dir='ltr'><strong><em>jura-</em></strong></span> 
     </span>
    </p>
   </div>
   <div class='ocr_carea' id='block_1_91' title="bbox 1987 4400 3565 4480">
    <p class='ocr_par' dir='ltr' id='par_1_91' title="bbox 1987 4400 3565 4480">
     <span class='ocr_line' id='line_1_91' title="bbox 1987 4400 3565 4480; baseline -0.001 -26"><span class='ocrx_word' id='word_1_713' title='bbox 1987 4412 2084 4465; x_wconf 90' lang='lat' dir='ltr'><strong><em>ret,</em></strong></span> <span class='ocrx_word' id='word_1_714' title='bbox 2112 4402 2365 4467; x_wconf 70' lang='lat' dir='ltr'><strong><em>extemplo</em></strong></span> <span class='ocrx_word' id='word_1_715' title='bbox 2405 4402 2708 4480; x_wconf 45' lang='lat' dir='ltr'><strong><em>membris‘m</em></strong></span> <span class='ocrx_word' id='word_1_716' title='bbox 2738 4401 2995 4454; x_wconf 85' lang='lat' dir='ltr'><strong><em>dissolutis</em></strong></span> <span class='ocrx_word' id='word_1_717' title='bbox 3024 4400 3244 4469; x_wconf 88' lang='lat' dir='ltr'><strong><em>irriguit,</em></strong></span> <span class='ocrx_word' id='word_1_718' title='bbox 3279 4400 3565 4470; x_wconf 61' lang='lat' dir='ltr'><strong><em>plxmtteque</em></strong></span> 
     </span>
    </p>
   </div>
   <div class='ocr_carea' id='block_1_92' title="bbox 316 4474 3563 4566">
    <p class='ocr_par' dir='ltr' id='par_1_92' title="bbox 316 4474 3563 4566">
     <span class='ocr_line' id='line_1_92' title="bbox 316 4474 3563 4566; baseline -0.002 -21"><span class='ocrx_word' id='word_1_719' title='bbox 316 4512 345 4545; x_wconf 90' lang='lat' dir='ltr'><strong><em>a</em></strong></span> <span class='ocrx_word' id='word_1_720' title='bbox 375 4496 477 4561; x_wconf 83' lang='lat' dir='ltr'><strong><em>ﬁde</em></strong></span> <span class='ocrx_word' id='word_1_721' title='bbox 503 4494 767 4548; x_wconf 81' lang='lat' dir='ltr'><strong><em>catholica.</em></strong></span> <span class='ocrx_word' id='word_1_722' title='bbox 802 4495 944 4549; x_wconf 88' lang='lat' dir='ltr'><strong><em>Tunc</em></strong></span> <span class='ocrx_word' id='word_1_723' title='bbox 972 4504 1017 4548; x_wconf 91' lang='lat' dir='ltr'><strong><em>et</em></strong></span> <span class='ocrx_word' id='word_1_724' title='bbox 1047 4496 1123 4549; x_wconf 88' lang='lat' dir='ltr'><strong><em>sol</em></strong></span> <span class='ocrx_word' id='word_1_725' title='bbox 1145 4507 1267 4549; x_wconf 91' lang='lat' dir='ltr'><strong><em>teter</em></strong></span> <span class='ocrx_word' id='word_1_726' title='bbox 1301 4474 1536 4566; x_wconf 86' lang='lat' dir='ltr'><strong><em>apparuit</em></strong></span> <span class='ocrx_word' id='word_1_727' title='bbox 1565 4499 1879 4563; x_wconf 77' lang='lat' dir='ltr'><strong><em>obscuratae,</em></strong></span> <span class='ocrx_word' id='word_1_728' title='bbox 1916 4474 1962 4535; x_wconf 75' lang='grc' dir='ltr'>θ</span> <span class='ocrx_word' id='word_1_729' title='bbox 1989 4494 2099 4563; x_wconf 74' lang='lat' dir='ltr'><strong><em>ejus</em></strong></span> <span class='ocrx_word' id='word_1_730' title='bbox 2130 4491 2303 4558; x_wconf 67' lang='lat' dir='ltr'><strong><em>inﬁxa</em></strong></span> <span class='ocrx_word' id='word_1_731' title='bbox 2330 4500 2443 4542; x_wconf 90' lang='lat' dir='ltr'><strong><em>sunt</em></strong></span> <span class='ocrx_word' id='word_1_732' title='bbox 2474 4474 2780 4556; x_wconf 76' lang='lat' dir='ltr'><strong><em>pavimento,</em></strong></span> <span class='ocrx_word' id='word_1_733' title='bbox 2812 4503 2907 4542; x_wconf 73' lang='lat' dir='ltr'><strong><em>uox</em></strong></span> <span class='ocrx_word' id='word_1_734' title='bbox 2937 4490 3079 4541; x_wconf 62' lang='lat' dir='ltr'><strong><em>haesit</em></strong></span> <span class='ocrx_word' id='word_1_735' title='bbox 3112 4490 3160 4541; x_wconf 92' lang='lat' dir='ltr'><strong><em>in</em></strong></span> <span class='ocrx_word' id='word_1_736' title='bbox 3189 4498 3411 4558; x_wconf 84' lang='lat' dir='ltr'><strong><em>gutture,</em></strong></span> <span class='ocrx_word' id='word_1_737' title='bbox 3446 4498 3563 4541; x_wconf 85' lang='lat' dir='ltr'><strong><em>tan-</em></strong></span> 
     </span>
    </p>
   </div>
   <div class='ocr_carea' id='block_1_93' title="bbox 316 4586 1886 4657">
    <p class='ocr_par' dir='ltr' id='par_1_93' title="bbox 316 4586 1886 4657">
     <span class='ocr_line' id='line_1_93' title="bbox 316 4586 1886 4657; baseline 0.006 -21"><span class='ocrx_word' id='word_1_738' title='bbox 316 4587 389 4636; x_wconf 91' lang='lat' dir='ltr'><strong><em>ita</em></strong></span> <span class='ocrx_word' id='word_1_739' title='bbox 421 4596 473 4637; x_wconf 90' lang='lat' dir='ltr'><strong><em>ut</em></strong></span> <span class='ocrx_word' id='word_1_740' title='bbox 504 4587 586 4638; x_wconf 71' lang='lat' dir='ltr'><strong><em>vis</em></strong></span> <span class='ocrx_word' id='word_1_741' title='bbox 616 4586 679 4638; x_wconf 92' lang='lat' dir='ltr'><strong><em>ab</em></strong></span> <span class='ocrx_word' id='word_1_742' title='bbox 705 4601 765 4640; x_wconf 91' lang='lat' dir='ltr'><strong><em>eo</em></strong></span> <span class='ocrx_word' id='word_1_743' title='bbox 802 4604 920 4657; x_wconf 89' lang='lat' dir='ltr'><strong><em>pars</em></strong></span> <span class='ocrx_word' id='word_1_744' title='bbox 944 4589 1018 4640; x_wconf 87' lang='lat' dir='ltr'><strong><em>vel</em></strong></span> <span class='ocrx_word' id='word_1_745' title='bbox 1045 4589 1190 4640; x_wconf 89' lang='lat' dir='ltr'><strong><em>tertia</em></strong></span> <span class='ocrx_word' id='word_1_746' title='bbox 1227 4588 1461 4652; x_wconf 88' lang='lat' dir='ltr'><strong><em>eluceret,</em></strong></span> <span class='ocrx_word' id='word_1_747' title='bbox 1493 4591 1644 4644; x_wconf 86' lang='lat' dir='ltr'><strong><em>credo</em></strong></span> <span class='ocrx_word' id='word_1_748' title='bbox 1674 4606 1886 4655; x_wconf 84' lang='lat' dir='ltr'><strong><em>namque</em></strong></span> 
     </span>
    </p>
   </div>
   <div class='ocr_carea' id='block_1_94' title="bbox 317 4675 1881 4747">
    <p class='ocr_par' dir='ltr' id='par_1_94' title="bbox 317 4675 1881 4747">
     <span class='ocr_line' id='line_1_94' title="bbox 317 4675 1881 4747; baseline 0.007 -24"><span class='ocrx_word' id='word_1_749' title='bbox 317 4690 411 4740; x_wconf 83' lang='lat' dir='ltr'><strong><em>pro</em></strong></span> <span class='ocrx_word' id='word_1_750' title='bbox 448 4676 604 4727; x_wconf 88' lang='lat' dir='ltr'><strong><em>tantis</em></strong></span> <span class='ocrx_word' id='word_1_751' title='bbox 629 4675 896 4730; x_wconf 91' lang='lat' dir='ltr'><strong><em>sceleribus</em></strong></span> <span class='ocrx_word' id='word_1_752' title='bbox 922 4686 968 4730; x_wconf 93' lang='lat' dir='ltr'><strong><em>et</em></strong></span> <span class='ocrx_word' id='word_1_753' title='bbox 1007 4676 1254 4743; x_wconf 74' lang='lat' dir='ltr'><strong><em>effusione</em></strong></span> <span class='ocrx_word' id='word_1_754' title='bbox 1288 4680 1549 4747; x_wconf 86' lang='lat' dir='ltr'><strong><em>sanguinis</em></strong></span> <span class='ocrx_word' id='word_1_755' title='bbox 1589 4680 1881 4734; x_wconf 87' lang='lat' dir='ltr'><strong><em>innocentis.</em></strong></span> 
     </span>
    </p>
   </div>
   <div class='ocr_carea' id='block_1_95' title="bbox 319 4764 1887 4839">
    <p class='ocr_par' dir='ltr' id='par_1_95' title="bbox 319 4764 1887 4839">
     <span class='ocr_line' id='line_1_95' title="bbox 319 4764 1887 4839; baseline 0.004 -23"><span class='ocrx_word' id='word_1_756' title='bbox 319 4764 613 4819; x_wconf 87' lang='lat' dir='ltr'><strong><em>Ilonoricus</em></strong></span> <span class='ocrx_word' id='word_1_757' title='bbox 654 4781 769 4820; x_wconf 83' lang='lat' dir='ltr'><strong><em>vero</em></strong></span> <span class='ocrx_word' id='word_1_758' title='bbox 805 4775 916 4836; x_wconf 88' lang='lat' dir='ltr'><strong><em>post</em></strong></span> <span class='ocrx_word' id='word_1_759' title='bbox 954 4776 1151 4819; x_wconf 90' lang='lat' dir='ltr'><strong><em>tantum</em></strong></span> <span class='ocrx_word' id='word_1_760' title='bbox 1188 4767 1407 4832; x_wconf 84' lang='lat' dir='ltr'><strong><em>facinus,</em></strong></span> <span class='ocrx_word' id='word_1_761' title='bbox 1438 4778 1667 4839; x_wconf 89' lang='lat' dir='ltr'><strong><em>arreptus</em></strong></span> <span class='ocrx_word' id='word_1_762' title='bbox 1711 4786 1742 4821; x_wconf 91' lang='lat' dir='ltr'><strong><em>a</em></strong></span> <span class='ocrx_word' id='word_1_763' title='bbox 1782 4772 1887 4823; x_wconf 82' lang='lat' dir='ltr'><strong><em>da:-</em></strong></span> 
     </span>
    </p>
   </div>
   <div class='ocr_carea' id='block_1_96' title="bbox 315 4855 1881 4926">
    <p class='ocr_par' dir='ltr' id='par_1_96' title="bbox 315 4855 1881 4926">
     <span class='ocr_line' id='line_1_96' title="bbox 315 4855 1881 4926; baseline 0.004 -22"><span class='ocrx_word' id='word_1_764' title='bbox 315 4870 486 4920; x_wconf 81' lang='lat' dir='ltr'><strong><em>mone,</em></strong></span> <span class='ocrx_word' id='word_1_765' title='bbox 515 4856 602 4922; x_wconf 88' lang='lat' dir='ltr'><strong><em>qui</em></strong></span> <span class='ocrx_word' id='word_1_766' title='bbox 631 4855 717 4907; x_wconf 89' lang='lat' dir='ltr'><strong><em>diu</em></strong></span> <span class='ocrx_word' id='word_1_767' title='bbox 756 4856 822 4909; x_wconf 91' lang='lat' dir='ltr'><strong><em>de</em></strong></span> <span class='ocrx_word' id='word_1_768' title='bbox 862 4864 1153 4909; x_wconf 89' lang='lat' dir='ltr'><strong><em>sanctorum</em></strong></span> <span class='ocrx_word' id='word_1_769' title='bbox 1190 4857 1436 4924; x_wconf 89' lang='lat' dir='ltr'><strong><em>sanguine</em></strong></span> <span class='ocrx_word' id='word_1_770' title='bbox 1480 4866 1652 4922; x_wconf 86' lang='lat' dir='ltr'><strong><em>pastus</em></strong></span> <span class='ocrx_word' id='word_1_771' title='bbox 1694 4860 1881 4926; x_wconf 87' lang='lat' dir='ltr'><strong><em>fuerat,</em></strong></span> 
     </span>
    </p>
   </div>
   <div class='ocr_carea' id='block_1_97' title="bbox 394 5115 1890 5172">
    <p class='ocr_par' dir='ltr' id='par_1_97' title="bbox 394 5115 1890 5172">
     <span class='ocr_line' id='line_1_97' title="bbox 394 5115 1890 5172; baseline -0.002 -1"><span class='ocrx_word' id='word_1_772' title='bbox 394 5117 585 5172; x_wconf 65' lang='lat' dir='ltr'><strong><em>illanc</em></strong></span> <span class='ocrx_word' id='word_1_773' title='bbox 614 5116 739 5171; x_wconf 58' lang='lat' dir='ltr'><strong><em>caeci</em></strong></span> <span class='ocrx_word' id='word_1_774' title='bbox 774 5118 1046 5171; x_wconf 80' lang='lat' dir='ltr'><strong><em>historiam</em></strong></span> <span class='ocrx_word' id='word_1_775' title='bbox 1087 5125 1346 5170; x_wconf 77' lang='lat' dir='ltr'><strong><em>memorat</em></strong></span> <span class='ocrx_word' id='word_1_776' title='bbox 1388 5115 1719 5169; x_wconf 75' lang='lat' dir='ltr'><strong><em>Ilermanuus</em></strong></span> <span class='ocrx_word' id='word_1_777' title='bbox 1750 5117 1890 5168; x_wconf 83' lang='lat' dir='ltr'><strong><em>Con-</em></strong></span> 
     </span>
    </p>
   </div>
   <div class='ocr_carea' id='block_1_98' title="bbox 316 5184 1890 5272">
    <p class='ocr_par' dir='ltr' id='par_1_98' title="bbox 316 5184 1890 5272">
     <span class='ocr_line' id='line_1_98' title="bbox 316 5184 1890 5272; baseline -0.004 -29"><span class='ocrx_word' id='word_1_778' title='bbox 316 5193 519 5272; x_wconf 48' lang='lat' dir='ltr'><strong><em>tractus</em></strong></span> <span class='ocrx_word' id='word_1_779' title='bbox 561 5188 614 5240; x_wconf 83' lang='lat' dir='ltr'><strong><em>in</em></strong></span> <span class='ocrx_word' id='word_1_780' title='bbox 662 5186 929 5272; x_wconf 59' lang='lat' dir='ltr'><strong><em>Chronico</em></strong></span> <span class='ocrx_word' id='word_1_781' title='bbox 963 5188 1034 5272; x_wconf 55' lang='lat' dir='ltr'><strong><em>Pd</em></strong></span> <span class='ocrx_word' id='word_1_782' title='bbox 1078 5202 1269 5266; x_wconf 72' lang='lat' dir='ltr'><strong><em>annum</em></strong></span> <span class='ocrx_word' id='word_1_783' title='bbox 1312 5186 1435 5248; x_wconf 60' lang='lat'><strong><em>485,</em></strong></span> <span class='ocrx_word' id='word_1_784' title='bbox 1495 5187 1577 5239; x_wconf 84' lang='lat' dir='ltr'><strong><em>ubi</em></strong></span> <span class='ocrx_word' id='word_1_785' title='bbox 1623 5184 1890 5253; x_wconf 74' lang='lat' dir='ltr'><strong><em>Longinus</em></strong></span> 
     </span>
    </p>
   </div>
   <div class='ocr_carea' id='block_1_99' title="bbox 1036 5272 1143 5295">
    <p class='ocr_par' dir='ltr' id='par_1_99' title="bbox 1036 5272 1143 5295">
     <span class='ocr_line' id='line_1_99' title="bbox 1036 5272 1143 5295; baseline 0 0"><span class='ocrx_word' id='word_1_786' title='bbox 1036 5276 1060 5295; x_wconf 78' lang='grc' dir='ltr'><strong>η</strong></span> <span class='ocrx_word' id='word_1_787' title='bbox 1069 5272 1143 5295; x_wconf 68' lang='lat' dir='ltr'><strong><em>Il,&quot;</em></strong></span> 
     </span>
    </p>
   </div>
   <div class='ocr_carea' id='block_1_100' title="bbox 315 5257 1885 5389">
    <p class='ocr_par' dir='ltr' id='par_1_100' title="bbox 315 5257 1885 5389">
     <span class='ocr_line' id='line_1_100' title="bbox 315 5257 1281 5328; baseline -0.004 -15"><span class='ocrx_word' id='word_1_788' title='bbox 315 5259 600 5328; x_wconf 80' lang='lat' dir='ltr'><strong><em>episcopus</em></strong></span> <span class='ocrx_word' id='word_1_789' title='bbox 625 5257 925 5325; x_wconf 82' lang='lat' dir='ltr'><strong><em>appellatur</em></strong></span> <span class='ocrx_word' id='word_1_790' title='bbox 956 5257 1281 5324; x_wconf 74' lang='lat' dir='ltr'><strong><em>Longwinns.</em></strong></span> 
     </span>
     <span class='ocr_line' id='line_1_101' title="bbox 392 5325 1885 5389; baseline -0.003 -8"><span class='ocrx_word' id='word_1_791' title='bbox 392 5328 419 5366; x_wconf 68' lang='grc' dir='ltr'>δ</span> <span class='ocrx_word' id='word_1_792' title='bbox 446 5327 537 5381; x_wconf 80' lang='lat' dir='ltr'><strong><em>Sic</em></strong></span> <span class='ocrx_word' id='word_1_793' title='bbox 557 5340 659 5380; x_wconf 86' lang='lat' dir='ltr'><strong><em>ms.</em></strong></span> <span class='ocrx_word' id='word_1_794' title='bbox 684 5328 735 5379; x_wconf 74' lang='grc'><strong>1.</strong></span> <span class='ocrx_word' id='word_1_795' title='bbox 766 5327 855 5379; x_wconf 81' lang='lat' dir='ltr'><strong><em>At.</em></strong></span> <span class='ocrx_word' id='word_1_796' title='bbox 889 5327 1052 5389; x_wconf 84' lang='lat' dir='ltr'><strong><em>Edit.,</em></strong></span> <span class='ocrx_word' id='word_1_797' title='bbox 1078 5326 1269 5389; x_wconf 83' lang='lat' dir='ltr'><strong><em>taliter,</em></strong></span> <span class='ocrx_word' id='word_1_798' title='bbox 1292 5334 1344 5378; x_wconf 78' lang='lat' dir='ltr'><strong><em>et</em></strong></span> <span class='ocrx_word' id='word_1_799' title='bbox 1371 5325 1545 5388; x_wconf 61' lang='lat' dir='ltr'><strong><em>Colit,</em></strong></span> <span class='ocrx_word' id='word_1_800' title='bbox 1579 5326 1885 5377; x_wconf 87' lang='lat' dir='ltr'><strong><em>denudatas.</em></strong></span> 
     </span>
    </p>
   </div>
   <div class='ocr_carea' id='block_1_101' title="bbox 390 5397 912 5459">
    <p class='ocr_par' dir='ltr' id='par_1_101' title="bbox 390 5397 912 5459">
     <span class='ocr_line' id='line_1_102' title="bbox 390 5397 912 5459; baseline 0 -10"><span class='ocrx_word' id='word_1_801' title='bbox 390 5408 412 5435; x_wconf 74' lang='grc' dir='ltr'><strong>ε</strong></span> <span class='ocrx_word' id='word_1_802' title='bbox 446 5397 667 5459; x_wconf 79' lang='lat' dir='ltr'><strong><em>Baron.,</em></strong></span> <span class='ocrx_word' id='word_1_803' title='bbox 692 5399 912 5449; x_wconf 87' lang='lat' dir='ltr'><strong><em>aculeos.</em></strong></span> 
     </span>
    </p>
   </div>
   <div class='ocr_carea' id='block_1_102' title="bbox 386 5465 961 5534">
    <p class='ocr_par' dir='ltr' id='par_1_102' title="bbox 386 5465 961 5534">
     <span class='ocr_line' id='line_1_103' title="bbox 386 5465 961 5534; baseline -0.002 -15"><span class='ocrx_word' id='word_1_804' title='bbox 386 5465 411 5502; x_wconf 72' lang='grc' dir='ltr'><em>ά</em></span> <span class='ocrx_word' id='word_1_805' title='bbox 444 5467 619 5530; x_wconf 74' lang='lat'><strong><em>(1011).,</em></strong></span> <span class='ocrx_word' id='word_1_806' title='bbox 655 5466 961 5534; x_wconf 85' lang='lat' dir='ltr'><strong><em>disponeret.</em></strong></span> 
     </span>
    </p>
   </div>
   <div class='ocr_carea' id='block_1_103' title="bbox 389 5535 1149 5603">
    <p class='ocr_par' dir='ltr' id='par_1_103' title="bbox 389 5535 1149 5603">
     <span class='ocr_line' id='line_1_104' title="bbox 389 5535 1149 5603; baseline -0.004 -16"><span class='ocrx_word' id='word_1_807' title='bbox 389 5545 414 5603; x_wconf 60' lang='grc' dir='ltr'>ἒ</span> <span class='ocrx_word' id='word_1_808' title='bbox 445 5535 576 5591; x_wconf 86' lang='lat' dir='ltr'><strong><em>Cod.</em></strong></span> <span class='ocrx_word' id='word_1_809' title='bbox 609 5550 746 5603; x_wconf 51' lang='grc' dir='ltr'><strong><em>τες,</em></strong></span> <span class='ocrx_word' id='word_1_810' title='bbox 793 5535 1149 5588; x_wconf 82' lang='lat' dir='ltr'><strong><em>Albunensem.</em></strong></span> 
     </span>
    </p>
   </div>
   <div class='ocr_carea' id='block_1_104' title="bbox 392 5602 1889 5671">
    <p class='ocr_par' dir='ltr' id='par_1_104' title="bbox 392 5602 1889 5671">
     <span class='ocr_line' id='line_1_105' title="bbox 392 5602 1889 5671; baseline -0.003 -13"><span class='ocrx_word' id='word_1_811' title='bbox 392 5602 411 5642; x_wconf 70' lang='grc' dir='ltr'>ί</span> <span class='ocrx_word' id='word_1_812' title='bbox 450 5605 575 5658; x_wconf 84' lang='lat' dir='ltr'><strong><em>Mss.</em></strong></span> <span class='ocrx_word' id='word_1_813' title='bbox 618 5602 689 5670; x_wconf 16' lang='lat'><strong><em>2,7</em></strong></span> <span class='ocrx_word' id='word_1_814' title='bbox 724 5605 987 5671; x_wconf 84' lang='lat' dir='ltr'><strong><em>impletum</em></strong></span> <span class='ocrx_word' id='word_1_815' title='bbox 1020 5616 1116 5656; x_wconf 89' lang='lat' dir='ltr'><strong><em>est.</em></strong></span> <span class='ocrx_word' id='word_1_816' title='bbox 1168 5602 1227 5655; x_wconf 85' lang='lat' dir='ltr'><strong><em>In</em></strong></span> <span class='ocrx_word' id='word_1_817' title='bbox 1272 5602 1365 5655; x_wconf 89' lang='lat' dir='ltr'><strong><em>hoc</em></strong></span> <span class='ocrx_word' id='word_1_818' title='bbox 1407 5612 1573 5655; x_wconf 82' lang='lat' dir='ltr'><strong><em>autem</em></strong></span> <span class='ocrx_word' id='word_1_819' title='bbox 1620 5605 1889 5656; x_wconf 85' lang='lat' dir='ltr'><strong><em>certamine</em></strong></span> 
     </span>
    </p>
   </div>
   <div class='ocr_carea' id='block_1_105' title="bbox 320 5675 786 5741">
    <p class='ocr_par' dir='ltr' id='par_1_105' title="bbox 320 5675 786 5741">
     <span class='ocr_line' id='line_1_106' title="bbox 320 5675 786 5741; baseline 0.002 -16"><span class='ocrx_word' id='word_1_820' title='bbox 320 5675 413 5725; x_wconf 62' lang='grc' dir='ltr'><strong><em>Οτι</em></strong></span> <span class='ocrx_word' id='word_1_821' title='bbox 436 5676 651 5741; x_wconf 69' lang='lat' dir='ltr'><strong><em>uiantis,</em></strong></span> <span class='ocrx_word' id='word_1_822' title='bbox 680 5683 786 5729; x_wconf 81' lang='lat' dir='ltr'><strong><em>etc.</em></strong></span> 
     </span>
    </p>
   </div>
   <div class='ocr_carea' id='block_1_106' title="bbox 1992 4582 3565 4652">
    <p class='ocr_par' dir='ltr' id='par_1_106' title="bbox 1992 4582 3565 4652">
     <span class='ocr_line' id='line_1_107' title="bbox 1992 4582 3565 4652; baseline -0.001 -17"><span class='ocrx_word' id='word_1_823' title='bbox 1992 4594 2095 4636; x_wconf 87' lang='lat' dir='ltr'><strong><em>tum</em></strong></span> <span class='ocrx_word' id='word_1_824' title='bbox 2121 4600 2175 4637; x_wconf 93' lang='lat' dir='ltr'><strong><em>os</em></strong></span> <span class='ocrx_word' id='word_1_825' title='bbox 2208 4584 2440 4651; x_wconf 88' lang='lat' dir='ltr'><strong><em>patulum</em></strong></span> <span class='ocrx_word' id='word_1_826' title='bbox 2465 4599 2496 4634; x_wconf 93' lang='lat' dir='ltr'><strong><em>a</em></strong></span> <span class='ocrx_word' id='word_1_827' title='bbox 2521 4598 2749 4635; x_wconf 66' lang='lat' dir='ltr'><strong><em>sermone</em></strong></span> <span class='ocrx_word' id='word_1_828' title='bbox 2783 4583 2974 4634; x_wconf 82' lang='lat' dir='ltr'><strong><em>nudum</em></strong></span> <span class='ocrx_word' id='word_1_829' title='bbox 3010 4582 3202 4635; x_wconf 88' lang='lat' dir='ltr'><strong><em>hiabat.</em></strong></span> <span class='ocrx_word' id='word_1_830' title='bbox 3236 4584 3385 4647; x_wconf 83' lang='lat' dir='ltr'><strong><em>Quod</em></strong></span> <span class='ocrx_word' id='word_1_831' title='bbox 3416 4599 3565 4652; x_wconf 83' lang='lat' dir='ltr'><strong><em>nego-</em></strong></span> 
     </span>
    </p>
   </div>
   <div class='ocr_carea' id='block_1_107' title="bbox 1993 4671 3564 4741">
    <p class='ocr_par' dir='ltr' id='par_1_107' title="bbox 1993 4671 3564 4741">
     <span class='ocr_line' id='line_1_108' title="bbox 1993 4671 3564 4741; baseline -0.001 -14"><span class='ocrx_word' id='word_1_832' title='bbox 1993 4675 2147 4727; x_wconf 90' lang='lat' dir='ltr'><strong><em>tiator</em></strong></span> <span class='ocrx_word' id='word_1_833' title='bbox 2167 4688 2371 4726; x_wconf 88' lang='lat' dir='ltr'><strong><em>cernens</em></strong></span> <span class='ocrx_word' id='word_1_834' title='bbox 2400 4688 2515 4725; x_wconf 89' lang='lat' dir='ltr'><strong><em>cum</em></strong></span> <span class='ocrx_word' id='word_1_835' title='bbox 2553 4672 2747 4740; x_wconf 89' lang='lat' dir='ltr'><strong><em>reliquo</em></strong></span> <span class='ocrx_word' id='word_1_836' title='bbox 2771 4671 2977 4741; x_wconf 87' lang='lat' dir='ltr'><strong><em>populo,</em></strong></span> <span class='ocrx_word' id='word_1_837' title='bbox 3003 4673 3071 4727; x_wconf 88' lang='lat' dir='ltr'><strong><em>ait</em></strong></span> <span class='ocrx_word' id='word_1_838' title='bbox 3096 4688 3114 4723; x_wconf 91' lang='lat'><strong><em>:</em></strong></span> <span class='ocrx_word' id='word_1_839' title='bbox 3145 4671 3316 4725; x_wconf 83' lang='lat' dir='ltr'><strong><em>Pros&#39;t</em></strong></span> <span class='ocrx_word' id='word_1_840' title='bbox 3342 4673 3451 4737; x_wconf 91' lang='lat' dir='ltr'><strong><em>tibi,</em></strong></span> <span class='ocrx_word' id='word_1_841' title='bbox 3486 4674 3564 4725; x_wconf 83' lang='lat' dir='ltr'><strong><em>in-</em></strong></span> 
     </span>
    </p>
   </div>
   <div class='ocr_carea' id='block_1_108' title="bbox 1990 4761 3565 4833">
    <p class='ocr_par' dir='ltr' id='par_1_108' title="bbox 1990 4761 3565 4833">
     <span class='ocr_line' id='line_1_109' title="bbox 1990 4761 3565 4833; baseline -0.001 -17"><span class='ocrx_word' id='word_1_842' title='bbox 1990 4768 2117 4833; x_wconf 88' lang='lat' dir='ltr'><strong><em>quit,</em></strong></span> <span class='ocrx_word' id='word_1_843' title='bbox 2148 4764 2308 4832; x_wconf 87' lang='lat' dir='ltr'><strong><em>virgo,</em></strong></span> <span class='ocrx_word' id='word_1_844' title='bbox 2337 4762 2459 4830; x_wconf 65' lang='lat' dir='ltr'><strong><em>haec</em></strong></span> <span class='ocrx_word' id='word_1_845' title='bbox 2479 4763 2668 4830; x_wconf 89' lang='lat' dir='ltr'><strong><em>species</em></strong></span> <span class='ocrx_word' id='word_1_846' title='bbox 2698 4777 2849 4827; x_wconf 86' lang='lat' dir='ltr'><strong><em>quant</em></strong></span> <span class='ocrx_word' id='word_1_847' title='bbox 2889 4764 3048 4814; x_wconf 84' lang='lat' dir='ltr'><strong><em>tul.&#39;sti</em></strong></span> <span class='ocrx_word' id='word_1_848' title='bbox 3076 4761 3219 4814; x_wconf 88' lang='lat' dir='ltr'><strong><em>mihi.</em></strong></span> <span class='ocrx_word' id='word_1_849' title='bbox 3251 4761 3450 4831; x_wconf 79' lang='lat' dir='ltr'><strong><em>Sufficit</em></strong></span> <span class='ocrx_word' id='word_1_850' title='bbox 3476 4762 3565 4815; x_wconf 90' lang='lat' dir='ltr'><strong><em>tibi</em></strong></span> 
     </span>
    </p>
   </div>
   <div class='ocr_carea' id='block_1_109' title="bbox 1993 4853 3567 4924">
    <p class='ocr_par' dir='ltr' id='par_1_109' title="bbox 1993 4853 3567 4924">
     <span class='ocr_line' id='line_1_110' title="bbox 1993 4853 3567 4924; baseline -0.005 -11"><span class='ocrx_word' id='word_1_851' title='bbox 1993 4860 2119 4913; x_wconf 85' lang='lat' dir='ltr'><strong><em>ultio</em></strong></span> <span class='ocrx_word' id='word_1_852' title='bbox 2167 4858 2289 4908; x_wconf 88' lang='lat' dir='ltr'><strong><em>data</em></strong></span> <span class='ocrx_word' id='word_1_853' title='bbox 2344 4872 2430 4924; x_wconf 84' lang='lat' dir='ltr'><strong><em>per</em></strong></span> <span class='ocrx_word' id='word_1_854' title='bbox 2476 4854 2611 4907; x_wconf 90' lang='lat' dir='ltr'><strong><em>hunc</em></strong></span> <span class='ocrx_word' id='word_1_855' title='bbox 2656 4853 2946 4922; x_wconf 87' lang='lat' dir='ltr'><strong><em>pontiﬁcem</em></strong></span> <span class='ocrx_word' id='word_1_856' title='bbox 2996 4853 3303 4924; x_wconf 72' lang='lat' dir='ltr'><strong><em>Eugenium.</em></strong></span> <span class='ocrx_word' id='word_1_857' title='bbox 3359 4854 3421 4905; x_wconf 81' lang='lat' dir='ltr'><strong><em>Et</em></strong></span> <span class='ocrx_word' id='word_1_858' title='bbox 3456 4854 3567 4905; x_wconf 86' lang='lat' dir='ltr'><strong><em>.hac</em></strong></span> 
     </span>
    </p>
   </div>
   <div class='ocr_carea' id='block_1_110' title="bbox 2066 5117 2524 5179">
    <p class='ocr_par' dir='ltr' id='par_1_110' title="bbox 2066 5117 2524 5179">
     <span class='ocr_line' id='line_1_111' title="bbox 2066 5117 2524 5179; baseline -0.011 -7"><span class='ocrx_word' id='word_1_859' title='bbox 2066 5128 2092 5165; x_wconf 80' lang='lat'>8</span> <span class='ocrx_word' id='word_1_860' title='bbox 2126 5117 2222 5171; x_wconf 87' lang='lat' dir='ltr'><strong><em>Ms.</em></strong></span> <span class='ocrx_word' id='word_1_861' title='bbox 2252 5117 2303 5179; x_wconf 85' lang='lat' dir='ltr'><strong><em>I,</em></strong></span> <span class='ocrx_word' id='word_1_862' title='bbox 2330 5127 2524 5170; x_wconf 90' lang='lat' dir='ltr'><strong><em>necata.</em></strong></span> 
     </span>
    </p>
   </div>
   <div class='ocr_carea' id='block_1_111' title="bbox 2066 5185 2490 5249">
    <p class='ocr_par' dir='ltr' id='par_1_111' title="bbox 2066 5185 2490 5249">
     <span class='ocr_line' id='line_1_112' title="bbox 2066 5185 2490 5249; baseline -0.002 -10"><span class='ocrx_word' id='word_1_863' title='bbox 2066 5185 2090 5223; x_wconf 66' lang='grc' dir='ltr'><strong><em>ιι</em></strong></span> <span class='ocrx_word' id='word_1_864' title='bbox 2127 5187 2247 5249; x_wconf 81' lang='lat' dir='ltr'><strong><em>Ed.,</em></strong></span> <span class='ocrx_word' id='word_1_865' title='bbox 2280 5188 2490 5239; x_wconf 90' lang='lat' dir='ltr'><strong><em>sanctis.</em></strong></span> 
     </span>
    </p>
   </div>
   <div class='ocr_carea' id='block_1_112' title="bbox 2070 5254 3565 5324">
    <p class='ocr_par' dir='ltr' id='par_1_112' title="bbox 2070 5254 3565 5324">
     <span class='ocr_line' id='line_1_113' title="bbox 2070 5254 3565 5324; baseline 0 -15"><span class='ocrx_word' id='word_1_866' title='bbox 2070 5254 2376 5310; x_wconf 73' lang='lat' dir='ltr'><strong><em>iEamdem</em></strong></span> <span class='ocrx_word' id='word_1_867' title='bbox 2434 5254 2695 5307; x_wconf 62' lang='lat' dir='ltr'><strong><em>Africanm</em></strong></span> <span class='ocrx_word' id='word_1_868' title='bbox 2757 5254 3007 5308; x_wconf 65' lang='lat' dir='ltr'><strong><em>lict-Iesia:</em></strong></span> <span class='ocrx_word' id='word_1_869' title='bbox 3060 5255 3263 5309; x_wconf 75' lang='lat' dir='ltr'><strong><em>cladem</em></strong></span> <span class='ocrx_word' id='word_1_870' title='bbox 3325 5256 3565 5324; x_wconf 74' lang='lat' dir='ltr'><strong><em>deplorat</em></strong></span> 
     </span>
    </p>
   </div>
   <div class='ocr_carea' id='block_1_113' title="bbox 1995 5324 3100 5394">
    <p class='ocr_par' dir='ltr' id='par_1_113' title="bbox 1995 5324 3100 5394">
     <span class='ocr_line' id='line_1_114' title="bbox 1995 5324 3100 5394; baseline -0.001 -16"><span class='ocrx_word' id='word_1_871' title='bbox 1995 5326 2139 5379; x_wconf 81' lang='lat' dir='ltr'><strong><em>Felix</em></strong></span> <span class='ocrx_word' id='word_1_872' title='bbox 2176 5336 2333 5394; x_wconf 59' lang='lat' dir='ltr'><strong><em>papa,</em></strong></span> <span class='ocrx_word' id='word_1_873' title='bbox 2358 5333 2413 5375; x_wconf 86' lang='lat' dir='ltr'><strong><em>ut</em></strong></span> <span class='ocrx_word' id='word_1_874' title='bbox 2442 5326 2676 5377; x_wconf 84' lang='lat' dir='ltr'><strong><em>dicemus</em></strong></span> <span class='ocrx_word' id='word_1_875' title='bbox 2710 5324 2843 5377; x_wconf 78' lang='lat' dir='ltr'><strong><em>inira</em></strong></span> <span class='ocrx_word' id='word_1_876' title='bbox 2867 5341 2984 5393; x_wconf 77' lang='lat' dir='ltr'><strong><em>cap.</em></strong></span> <span class='ocrx_word' id='word_1_877' title='bbox 3019 5325 3100 5378; x_wconf 83' lang='lat' dir='ltr'><strong><em>I0.</em></strong></span> 
     </span>
    </p>
   </div>
   <div class='ocr_carea' id='block_1_114' title="bbox 2064 5394 3064 5459">
    <p class='ocr_par' dir='ltr' id='par_1_114' title="bbox 2064 5394 3064 5459">
     <span class='ocr_line' id='line_1_115' title="bbox 2064 5394 3064 5459; baseline -0.002 -14"><span class='ocrx_word' id='word_1_878' title='bbox 2064 5402 2077 5445; x_wconf 84' lang='lat' dir='ltr'><strong><em>t</em></strong></span> <span class='ocrx_word' id='word_1_879' title='bbox 2118 5396 2293 5459; x_wconf 80' lang='lat' dir='ltr'><strong><em>Culb.,</em></strong></span> <span class='ocrx_word' id='word_1_880' title='bbox 2327 5394 2641 5446; x_wconf 85' lang='lat' dir='ltr'><strong><em>llildericus.</em></strong></span> <span class='ocrx_word' id='word_1_881' title='bbox 3050 5440 3064 5453; x_wconf 79' lang='lat'><strong><em>,</em></strong></span> 
     </span>
    </p>
   </div>
   <div class='ocr_carea' id='block_1_115' title="bbox 2066 5461 3567 5528">
    <p class='ocr_par' dir='ltr' id='par_1_115' title="bbox 2066 5461 3567 5528">
     <span class='ocr_line' id='line_1_116' title="bbox 2066 5461 3567 5528; baseline 0 -14"><span class='ocrx_word' id='word_1_882' title='bbox 2066 5464 2089 5500; x_wconf 74' lang='grc' dir='ltr'><strong><em>ιι</em></strong></span> <span class='ocrx_word' id='word_1_883' title='bbox 2123 5466 2249 5528; x_wconf 70' lang='lat' dir='ltr'><strong><em>Qua:</em></strong></span> <span class='ocrx_word' id='word_1_884' title='bbox 2284 5464 2487 5518; x_wconf 75' lang='lat' dir='ltr'><strong><em>ansulis</em></strong></span> <span class='ocrx_word' id='word_1_885' title='bbox 2516 5463 2715 5516; x_wconf 78' lang='lat' dir='ltr'><strong><em>inclusa</em></strong></span> <span class='ocrx_word' id='word_1_886' title='bbox 2748 5474 2889 5527; x_wconf 77' lang='lat' dir='ltr'><strong><em>61ml,</em></strong></span> <span class='ocrx_word' id='word_1_887' title='bbox 2931 5480 2993 5520; x_wconf 78' lang='lat' dir='ltr'><strong><em>ex</em></strong></span> <span class='ocrx_word' id='word_1_888' title='bbox 3027 5464 3149 5523; x_wconf 84' lang='lat' dir='ltr'><strong><em>cod.</em></strong></span> <span class='ocrx_word' id='word_1_889' title='bbox 3190 5464 3335 5519; x_wconf 72' lang='lat' dir='ltr'><strong><em>Coll).</em></strong></span> <span class='ocrx_word' id='word_1_890' title='bbox 3367 5461 3567 5517; x_wconf 74' lang='lat' dir='ltr'><strong><em>descri-</em></strong></span> 
     </span>
    </p>
   </div>
   <div class='ocr_carea' id='block_1_116' title="bbox 2002 5531 2364 5603">
    <p class='ocr_par' dir='ltr' id='par_1_116' title="bbox 2002 5531 2364 5603">
     <span class='ocr_line' id='line_1_117' title="bbox 2002 5531 2364 5603; baseline -0.008 -16"><span class='ocrx_word' id='word_1_891' title='bbox 2002 5534 2223 5603; x_wconf 79' lang='lat' dir='ltr'><strong><em>psimus.</em></strong></span> <span class='ocrx_word' id='word_1_892' title='bbox 2346 5531 2364 5547; x_wconf 84' lang='grc'><strong><em>⁸</em></strong></span> 
     </span>
    </p>
   </div>
   <div class='ocr_carea' id='block_1_117' title="bbox 2078 5603 2602 5671">
    <p class='ocr_par' dir='ltr' id='par_1_117' title="bbox 2078 5603 2602 5671">
     <span class='ocr_line' id='line_1_118' title="bbox 2078 5603 2602 5671; baseline 0 -16"><span class='ocrx_word' id='word_1_893' title='bbox 2078 5603 2089 5639; x_wconf 85' lang='grc'><strong>¹</strong></span> <span class='ocrx_word' id='word_1_894' title='bbox 2127 5604 2297 5664; x_wconf 58' lang='lat' dir='ltr'><strong><em>Cultu,</em></strong></span> <span class='ocrx_word' id='word_1_895' title='bbox 2326 5605 2602 5671; x_wconf 81' lang='lat' dir='ltr'><strong><em>confessor.</em></strong></span> 
     </span>
    </p>
   </div>
   <div class='ocr_carea' id='block_1_118' title="bbox 2074 5673 2844 5739">
    <p class='ocr_par' dir='ltr' id='par_1_118' title="bbox 2074 5673 2844 5739">
     <span class='ocr_line' id='line_1_119' title="bbox 2074 5673 2844 5739; baseline -0.004 -13"><span class='ocrx_word' id='word_1_896' title='bbox 2074 5682 2108 5707; x_wconf 74' lang='grc' dir='ltr'><strong><em>η’</em></strong></span> <span class='ocrx_word' id='word_1_897' title='bbox 2137 5674 2193 5726; x_wconf 67' lang='grc' dir='ltr'><strong><em>(3ο</em></strong></span> <span class='ocrx_word' id='word_1_898' title='bbox 2220 5674 2314 5736; x_wconf 66' lang='lat' dir='ltr'><strong><em>llr,</em></strong></span> <span class='ocrx_word' id='word_1_899' title='bbox 2341 5674 2585 5725; x_wconf 68' lang='lat' dir='ltr'><strong><em>disso&#39;uttt</em></strong></span> <span class='ocrx_word' id='word_1_900' title='bbox 2617 5673 2844 5739; x_wconf 85' lang='lat' dir='ltr'><strong><em>diriguit.</em></strong></span> 
     </span>
    </p>
   </div>
  </div>
