2034 3174
254 187 304 216 755

826 185 992 213 CEIlEAL‘lS
1009 184 1260 213 CASTELLENSIS
1280 180 1430 212 LPISGUPI

1819 185 1871 212 756

254 249 346 270 eorum
359 242 535 269 defensionem
559 241 667 269 robuste
685 242 819 276 susr-ipere
832 243 899 269 sicut
913 242 1028 276 coepisti,
1045 248 1068 276 Α
1083 250 1125 269 res
1144 241 1255 274 Christi,
1271 242 1345 276 egeni
1368 240 1493 272 mendici,
1517 240 1591 274 :r‘gri,
1614 240 1710 274 vidum,
1738 241 1869 276 orphan‘;

254 294 352 321 equum
364 294 452 313 meum
466 286 620 320 parabilem,
632 291 659 313 et
671 287 770 313 mulum
779 294 856 322 quem
870 287 980 321 elegeris
987 286 1032 317 do.

227 344 228 347 π
255 332 322 367 lego.
338 331 438 359 Memor
448 336 506 359 esto
516 332 579 364 mei,
596 332 630 359 illi
642 332 823 366 dilectissime,
833 334 927 360 A-men.

291 375 414 405 Ecclesize
425 377 454 404 S.
471 376 541 405 Petri
554 378 738 412 peristromata
751 385 813 413 qure
825 378 848 405 ei
862 378 894 405 ad
907 377 1032 404 utendum

255 423 282 450 in
292 422 376 449 Natali
389 422 508 456 cjusde
521 429 593 457 saepe
606 423 736 455 concessi,
753 422 862 450 omnino
875 427 902 449 et
915 421 1036 449 absolute

255 466 300 499 do,
313 466 381 501 lego.

291 511 350 539 Tibi
364 512 437 540 fratri
456 517 483 539 et
497 512 679 540 eonsacerdoti
694 512 845 544 carissimo,
863 511 897 539 de
915 519 968 546 quo
984 511 1037 538 Do-

256 557 344 584 minus
356 557 505 592 providcbit
518 557 640 592 regendae
654 561 713 592 post
725 557 871 584 discessum
885 563 972 584 meum
987 556 1037 584 Ec-

257 602 345 630 clesiae.
359 610 429 630 nunc
441 610 518 635 mete,
535 607 599 631 tunc
614 607 676 636 ture,
691 607 737 630 aut
751 603 837 637 potius
849 610 899 630 nec
910 610 976 629 mea
990 609 1038 629 nce

258 648 379 680 tuac,_sed
391 647 501 681 Christi,
514 647 550 675 do
562 648 690 683 quidquid
709 647 741 675 ad
761 655 837 675 usum
859 648 1037 682 episcopalem

258 692 292 720 de
307 692 385 720 rebus
396 692 463 720 meis
478 693 594 720 volueris
607 693 706 727 eligere
719 693 744 720 in
760 700 863 720 camera
879 697 906 720 et
921 693 1038 719 sacrario

258 736 356 764 vicino.
370 736 446 770 Quod
463 737 593 770 nolueris,
608 737 743 765 hatrednm
761 744 879 764 meorum
900 737 1041 764 nominan~

260 782 352 810 dorum
366 788 435 810 esto.
447 782 633 818 Presbyterum
644 782 678 810 de
689 783 803 815 Malleio,
819 790 933 817 eumque
944 783 977 810 de
988 782 1039 810 0r-

259 829 328 856 bona
342 828 375 855 ad
389 828 485 862 gradus
501 828 569 856 unde
591 828 686 856 merito
699 828 795 862 dejecti
810 832 886 860 sunt,
905 835 1040 862 nunquam

260 873 380 900 restitue.
396 873 546 908 Sportulam
560 876 648 900 tamen
664 872 778 900 habeant
796 872 913 907 quandiu
927 872 1042 899 vixerint

1085 294 1142 318 vos,
1165 287 1288 321 inquam,
1310 286 1430 326 ba‘redes
1452 292 1526 312 meos
1544 285 1647 317 scribo,
1673 285 1744 318 dico,
1769 291 1867 314 statuo.

1085 332 1132 359 llis
1152 339 1211 365 quze
1231 339 1309 366 supra
1324 331 1458 363 detractis,
1479 330 1605 365 quidquid
1621 331 1647 357 in
1670 331 1748 358 bonis
1771 331 1868 364 habeo,

1085 378 1141 405 sive
1153 377 1178 404 in
1189 377 1269 412 agris,
1280 377 1397 411 pascuis,
1406 377 1499 410 pratis,
1511 376 1674 409 nemoribus,
1686 377 1782 408 vineis,
1791 384 1869 403 man-

1086 423 1133 454 sis,
1146 421 1239 454 hortis,
1255 421 1341 456 aquis,
1357 420 1525 453 molendinis,
1538 421 1594 448 sive
1611 421 1637 448 in
1656 428 1731 452 auro,
1747 421 1869 455 argento,

1086 471 1113 494 et
1124 466 1251 498 vestibus,
1269 466 1424 500 caaterisque
1438 465 1518 492 rebus
1540 465 1574 492 de
1594 464 1691 499 quibus
1714 473 1758 492 me
1780 465 1870 501 dispo«

1087 513 1172 540 suisse
1182 519 1234 539 non
1245 511 1388 544 constabit,
1411 510 1530 538 hzeredes
1548 518 1607 538 esse
1619 518 1667 538 vos
1682 511 1772 545 iubeo.
1794 512 1828 538 Et
1842 516 1872 538 ut

1087 558 1174 586 omnia
1203 566 1252 593 per
1276 557 1464 585 discretionem
1496 556 1725 589 administrentur,
1754 557 1815 584 Volo
1843 563 1871 584 ut

1088 603 1269 630 distrahantur
1282 601 1476 637 quamprimum
1487 600 1588 632 obicro,
1602 605 1629 628 et
1644 601 1700 628 neri
1717 602 1825 635 poterit.
1844 606 1870 628 et

1089 647 1116 674 in
1132 647 1270 681 pecuniam
1286 646 1449 680 redigantur,
1467 646 1542 680 cujus
1559 650 1611 672 tres
1626 649 1713 679 partes
1727 646 1800 672 liant.
1815 646 1871 672 lle-

1089 691 1204 719 minibus
1217 692 1307 726 egenis
1320 691 1380 718 duae
1389 691 1590 722 distribuantur,
1602 696 1630 717 ut
1645 690 1775 724 placuerit
1786 692 1873 724 Agra-

1091 738 1131 765 rio
1145 737 1311 772 presbytero,
1332 741 1359 764 et
1380 736 1472 763 comiti
1500 736 1614 770 Agiloni.
1636 735 1725 762 Tertia
1742 735 1827 762 viduis
1846 740 1873 763 et

1090 783 1250 818 pauperibus
1271 781 1386 814 feminis,
1407 782 1444 809 uti
1463 781 1591 816 placuerit
1605 782 1700 816 virgini
1719 781 1838 809 Dadolel
1846 790 1872 814 τ’.

1091 827 1292 860 distribuantur,
1307 827 1377 859 volo,
1392 834 1467 862 rogo,
1483 832 1581 854 statuo.

1126 874 1324 902 Testamentum
1336 873 1386 900 hoc
1400 880 1478 900 manu
1494 873 1600 907 propria
1614 873 1741 908 scripturn
1757 873 1837 907 relegi
1848 878 1874 901 et

260 925 341 953 super
354 923 428 953 parte
442 918 574 946 redituum
585 926 706 946 meorum
720 918 753 945 de
766 918 897 950 Prealaio;
910 918 982 953 quod
992 925 1039 945 δι·
1055 920 1079 951 Β
1091 919 1236 953 subscripsi
1246 926 1295 953 ego
1309 918 1466 953 Perpetuus,
1482 919 1586 946 calend.
1606 918 1685 946 llaias
1706 924 1767 953 post
1778 927 1877 946 consu~

261 963 370 998 pererit,
385 971 445 990 cum
456 967 531 998 parte
546 963 590 990 illa
602 970 680 997 quam
694 962 818 991 utendam
834 963 969 990 fruendam
987 963 1039 990 illis

258 1007 391 1041 concessi,
407 1012 546 1042 postquam
559 1007 684 1039 obierint,
698 1011 726 1035 et
740 1007 786 1035 tibi
806 1007 933 1035 utendum
950 1007 1041 1035 fruen-

261 1053 324 1079 dum
343 1052 485 1086 relinquo:
504 1057 564 1086 pOst
580 1052 726 1080 discessum
742 1057 813 1080 tuum
835 1052 960 1080 Ecclesia
976 1060 1042 1080 nocte

262 1097 307 1128 do,
326 1097 395 1131 lego.
419 1098 454 1124 At
477 1101 515 1128 tu,
539 1096 620 1124 frater
637 1102 666 1124 et
688 1097 867 1125 consacerdos
893 1098 1040 1131 carissime,

261 1141 443 1176 presbyteros,
453 1141 591 1175 diaconos,
601 1142 725 1175 clericos,
736 1142 861 1178 virgines,
872 1150 957 1175 meos,
970 1148 1041 1176 tuos,

262 1194 332 1219 ama,
350 1186 472 1220 exemplo
489 1186 563 1221 juva,
588 1187 773 1215 benevolentia
793 1188 928 1222 prazveni;
951 1188 992 1215 iac
1016 1192 1044 1215 ut

263 1230 346 1258 sciant
359 1238 389 1258 se
402 1231 447 1258 tibi
470 1231 548 1264 filios,
560 1238 612 1258 non
625 1238 734 1265 servos;
748 1236 774 1260 te
789 1233 840 1260 illis
854 1237 968 1267 patrem,
991 1241 1044 1261 non

264 1275 466 1308 deininatorem,
482 1283 558 1311 rogo,
574 1276 645 1308 volo.
660 1281 756 1305 statuo.

299 1322 332 1348 At
354 1329 401 1349 vos
421 1322 523 1349 viscera
545 1330 614 1362 mea,
633 1322 729 1351 fratres
751 1323 927 1357 dilectissimi,
946 1331 1044 1352 corona

265 1374 334 1399 mea,
347 1365 471 1400 gaudium
491 1373 592 1400 meum,
608 1367 632 1394 dr
644 1368 708 1395 mini
727 1369 788 1402 mei,
806 1369 851 1397 lilii
872 1370 935 1403 mei,
949 1377 1045 1405 paupe-

1091 965 1173 993 latum
1186 964 1281 991 Leonis
1295 964 1402 992 Minoris
1424 964 1455 991 A.
1477 964 1543 991 Illud
1558 968 1596 995 tu,
1612 963 1725 991 Delmati
1743 964 1791 995 ﬁli.
1805 965 1877 998 apud

1092 1015 1118 1038 te
1132 1010 1282 1045 depositum
1299 1018 1391 1043 serva;
1417 1014 1517 1038 etcum
1536 1010 1589 1037 alio
1604 1010 1682 1037 simili
1701 1017 1759 1037 mea
1777 1011 1876 1043 pariter

1093 1063 1173 1083 manu
1187 1055 1316 1090 scriptum
1328 1059 1355 1083 et
1368 1055 1559 1089 subscriptum,
1583 1055 1652 1089 quod
1672 1054 1742 1089 apud
1764 1054 1876 1082 Dadole-

1095 1108 1155 1128 nam
1170 1101 1290 1135 deposui,
1312 1100 1415 1135 Agi'oni
1431 1101 1521 1128 comiti
1545 1108 1636 1128 coram
1663 1100 1788 1128 fratribus
1809 1101 1878 1128 meis

1095 1147 1268 1182 presbyteris,
1280 1146 1435 1174 diaconibus
1450 1150 1478 1174 et
1488 1146 1592 1174 clericis
1606 1146 1778 1180 aperiendum
1796 1150 1822 1173 et
1837 1146 1865 1173 le

1093 1192 1206 1226 gendum
1219 1190 1318 1224 trades,
1333 1190 1359 1218 in
1372 1191 1480 1219 nomine
1491 1191 1596 1218 Domini
1607 1191 1679 1224 volo,
1688 1198 1762 1226 rogo,
1776 1195 1875 1222 statuo,

1094 1236 1174 1262 lixum
1190 1240 1329 1270 ratumque
1339 1235 1385 1263 sit.
1400 1235 1526 1268 Benedic,
1542 1235 1653 1262 Domine
1668 1244 1675 1261 :
1696 1236 1754 1262 veni
1771 1235 1875 1263 Chrisk

1094 1279 1168 1307 Jesu.

1132 1326 1187 1360 Ego
1201 1325 1348 1360 Perpetuus
1362 1326 1389 1353 in
1401 1325 1507 1353 nomine
1521 1330 1576 1359 tuo,
1590 1327 1671 1352 Amer.

1599 1469 1873 1484 ῄ-ι-ι--κ

583 1552 945 1612 EPl'l‘APHIUM
976 1553 1266 1595 PERPETUI
1295 1552 1574 1595 EPISCOPI.

265 1676 384 1705 Culmina
398 1679 504 1706 sublimi
519 1679 615 1707 tollunt
628 1688 687 1715 qua:
700 1680 800 1708 vertice
815 1682 909 1708 cristas

299 1722 418 1750 Eximius
431 1724 532 1751 meritis
547 1724 692 1759 Perpetuus
704 1725 812 1753 dederat

265 1766 368 1794 Domno
379 1767 501 1801 Martino,
515 1768 591 1803 cujus
605 1770 655 1797 sub
672 1777 806 1798 marmore
821 1777 934 1806 pausam

298 1810 376 1845 Ossa,
389 1817 531 1840 veneratur
545 1808 604 1848 qua:
619 1813 659 1848 pia
674 1814 747 1849 plebs
761 1816 892 1851 precibus.

266 1854 404 1883 Hreredem
417 1857 523 1890 scripsit
536 1857 681 1892 Christum,
693 1856 866 1894 atque‘aurea
879 1861 960 1889 multa

299 1899 433 1928 Sacrando
448 1901 550 1931 Domini
565 1910 626 1931 vasa
641 1911 735 1932 cruore
749 1904 830 1932 dedit.

267 1942 422 1975 Transmisit
431 1947 498 1975 cmlo
507 1970 514 1981 ,
528 1955 588 1983 quae
602 1949 713 1983 plurima
728 1952 808 1978 cessit
820 1952 922 1986 egenis,
951 1961 954 1963 τ

299 1990 374 2018 Fecit
387 1994 415 2019 et
427 1998 490 2020 ante
499 1999 561 2020 suas
574 1994 702 2022 scandere
711 1994 826 2023 divitias.

1055 1683 1077 1713 C
1093 1682 1185 1709 Clarus
1199 1682 1265 1712 avis.
1279 1681 1416 1716 atavisque
1429 1684 1533 1716 potens,
1553 1680 1602 1707 {uit
1616 1685 1694 1713 atque
1704 1684 1826 1707 senator:

1131 1727 1235 1754 Clarior
1244 1731 1272 1754 at
1285 1734 1332 1754 sua
1342 1727 1404 1754 dum
1417 1726 1577 1760 pauperibus
1593 1725 1695 1752 tribuit.

1097 1772 1150 1800 Sed
1162 1779 1247 1806 neque
1258 1771 1370 1801 Martiuo
1379 1770 1429 1799 soli
1446 1775 1497 1798 tam
1511 1770 1611 1805 grande
1624 1770 1772 1804 sepulcrum

1131 1816 1297 1849 Construxit,
1312 1816 1441 1844 tumulum
1453 1815 1516 1843 fecit
1528 1820 1555 1843 et
1569 1822 1629 1843 esse
1640 1822 1726 1842 suum.

1098 1861 1130 1889 Et
1143 1862 1206 1889 licet
1220 1867 1281 1888 an!e
1297 1861 1377 1895 pedes
1388 1860 1495 1888 Martini
1509 1860 1714 1891 contumuletur.

1134 1907 1161 1932 In
1175 1906 1244 1934 cut-lo
1254 1906 1333 1933 simili
1345 1905 1442 1941 gaudet
1454 1909 1565 1940 uterque
1577 1905 1649 1932 loco.

1098 1951 1210 1986 Respice
1220 1951 1252 1978 de
1267 1952 1369 1986 superis
1384 1958 1464 1986 super
1473 1950 1534 1983 hoc,
1547 1951 1616 1978 bone
1627 1955 1726 1984 pastor,
1739 1949 1811 1982 ovili,

1133 1998 1331 2032 Perpetuusque
1340 2002 1411 2025 tuam
1425 2002 1551 2032 perpetua
1568 1997 1690 2031 patriam.

350 2055 508 2090 (Epistolam
523 2056 623 2084 Sidonii
637 2057 798 2092 Apollinaris
809 2059 842 2086 ad
857 2059 1015 2094 Perpetuam
1032 2060 1131 2088 videsis
1145 2068 1222 2095 supra
1239 2061 1308 2088 inter
1323 2069 1402 2096 opera
1416 2061 1517 2089 Sidonii
1534 2061 1579 2088 lib.
1595 2069 1641 2093 vn,
1656 2061 1734 2095 epist.
1749 2060 1788 2093 9.)

848 2238 930 2260 ANNO
952 2239 1064 2261 DOMINI
1088 2239 1161 2262 CCCC
1166 2239 1271 2261 LXXXV
1277 2255 1284 2262 .

645 2308 1503 2460 CEREALIS

857 2499 1081 2526 CASTELLENSIS
1097 2499 1276 2526 EPISCOPL'S.

960 2576 1191 2584 ‘—

725 2644 949 2682 NOTITIA
975 2647 1048 2682 EX
1076 2648 1364 2685 GENNADIO.

295 2713 414 2751 Cerealis
435 2720 576 2756 episcopus
595 2720 703 2748 natione
728 2720 793 2749 Afer
804 2742 811 2755 ,
839 2721 1016 2757 interrogatus
1028 2730 1042 2750 a
1056 2724 1083 2754 D
1095 2724 1178 2757 Quam
1193 2723 1237 2750 ille
1249 2723 1276 2750 in
1288 2723 1394 2750 nomine
1406 2723 1509 2751 Domini
1523 2724 1681 2759 suﬂmgante
1693 2723 1742 2751 sibi
1755 2723 1880 2755 veritate,

262 2766 422 2795 Maximiano
433 2765 617 2794 Africanorum
628 2766 754 2801 episcopo
767 2767 788 2794 si
800 2772 889 2801 posset
901 2768 941 2795 vel
953 2768 1044 2803 paucis
1097 2775 1150 2795 non
1165 2768 1256 2802 paucis
1268 2768 1426 2795 testimoniis
1438 2768 1505 2796 sicut
1520 2769 1694 2796 Maximianus
1703 2768 1817 2796 irridens
1833 2776 1881 2802 pe-

263 2812 360 2840 divina‘.
373 2811 519 2847 Scriptura:
532 2811 689 2839 testimoniis
710 2810 809 2846 absque
824 2811 876 2839 ulla
887 2812 1042 2847 disputatio-

264 2856 305 2888 nis
315 2855 441 2884 duntaxat
454 2855 611 2890 assertione,
628 2855 705 2884 (idem
719 2856 877 2884 catholicam
894 2857 1039 2891 assignare.

1096 2815 1184 2846 tierat,
1196 2813 1244 2841 sed
1253 2813 1366 2848 copiosis
1378 2819 1430 2841 tam
1443 2814 1545 2842 Veteris
1553 2815 1714 2844 Testamenti
1725 2821 1803 2850 quam
1810 2814 1881 2842 Novi

1095 2857 1259 2891 approbavit,
1271 2862 1296 2884 ct
1311 2857 1354 2885 lib«
1364 2858 1400 2886 llo
1415 2858 1506 2887 edidit.
