4068 6348
301 352 411 407 757

1194 346 1523 403 LIBELLUS
1562 348 1835 403 CONTRA
1876 347 2264 404 MAXISIINUM
2306 349 2633 405 ARIANUII.

3449 353 3553 423 753

298 463 3508 491 _——-—_———————_—'———————-—l————

928 557 1890 703 CEREALIS

1991 559 2895 705 EPISCOPI

686 793 1155 877 CONTRA
1210 790 1931 896 MAXIMINUM
1982 792 2527 877 ARIANUM
2582 795 3160 882 LIBELLUS.

857 1057 1328 1114 INTRODIIC'I'IU.

384 1152 516 1206 Cum
546 1150 917 1219 Carthaginem
952 1149 1191 1204 Cerealis
1236 1158 1433 1203 sanct:e
1463 1151 1739 1204 catholica:
1770 1150 1888 1204 tidei

314 1242 661 1296 Castellensis
689 1240 969 1309 episcopus
990 1240 1153 1305 venit,
1200 1246 1255 1295 et
1282 1241 1399 1308 quia
1432 1240 1653 1295 vicinior
1680 1252 1759 1297 ρει
1788 1240 1891 1296 illis

316 1332 620 1386 civitatibus
660 1340 776 1399 quae
807 1329 899 1383 Dei
936 1328 1118 1385 lurore
1158 1329 1489 1397 in'nrserunt,
1535 1333 1739 1402 regales
1778 1331 1892 1401 pui-

318 1422 454 1477 savit
482 1436 636 1474 aures
658 1420 771 1489 ejus
800 1418 1084 1475 adventus.
1114 1419 1179 1475 Et
1212 1436 1331 1475 cum
1358 1421 1423 1474 ab
1444 1434 1509 1475 eo
1531 1422 1888 1491 requirerent,

318 1514 511 1583 quibus
538 1522 651 1566 erat
676 1512 988 1579 injunctum,
1014 1512 1058 1566 si
1084 1528 1205 1567 vera
1227 1513 1330 1567 sint
1360 1527 1476 1583 qua:
1501 1514 1887 1583 famajactavit,

324 1620 389 1659 ex
410 1604 599 1659 ordine
628 1619 746 1657 cum
776 1612 1074 1668 enarraret,
1101 1603 1417 1659 Maximinus
1441 1604 1891 1659 Ariomanitarum

323 1696 606 1765 cpiscopus
634 1694 961 1764 supervenit,
992 1701 1045 1748 et
1074 1694 1148 1748 ait
1176 1696 1428 1763 episcopo
1457 1695 1663 1750 Cereali
1687 1713 1698 1748 :
1733 1694 1891 1750 Vide-

326 1788 394 1840 tis
419 1802 537 1855 qu:e
567 1795 741 1840 vestra
775 1784 974 1840 faciunt
1021 1786 1282 1854 peccata?
1332 1786 1450 1840 ideo
1480 1784 1713 1842 deseruit
1754 1784 1893 1842 Deus

325 1892 444 1933 vos.
469 1876 751 1933 CEREAIJS.
772 1878 945 1945 Quare
970 1893 1069 1933 nos
1091 1878 1345 1945 deseruit,
1372 1888 1553 1935 etnon
1585 1882 1756 1949 potius
1776 1896 1891 1947 vos,

326 1968 414 2037 qui
436 1969 639 2021 animas
658 1964 1054 2022 suhChristiani
1079 1966 1309 2023 nominis
1339 1969 1477 2039 stylo
1494 1970 1769 2041 jugulatis,
1796 1986 1894 2027 nec

328 2075 508 2114 veram
542 2060 696 2114 Iidem
728 2060 915 2116 teneti~
939 2061 962 2114 ?
988 2056 1312 2116 MAIIIIINIIS.
1340 2062 1397 2118 Si
1428 2076 1604 2117 veram
1634 2063 1787 2119 Iidem
1820 2073 1896 2119 te-

329 2153 488 2216 netis,
523 2166 812 2219 proponam
865 2152 955 2206 tibi
986 2154 1306 2220 qurestiones
1355 2165 1544 2210 vestrm
1583 2156 1736 2219 fidei,
1772 2170 1825 2209 ut
1851 2159 1893 2211 si

330 2257 508 2294 veram
555 2241 716 2295 habes
746 2242 923 2307 Iidem,
960 2243 1077 2296 \olo
1108 2252 1161 2297 ut
1190 2243 1255 2297 ad
1287 2260 1441 2298 unam
1481 2248 1895 2315 propositionem

328 2332 706 2386 excludendum
730 2328 834 2384 duo
857 2333 937 2386 vel
962 2333 1058 2386 tria
1085 2334 1384 2387 testimonia
1408 2335 1660 2391 adducas.
1688 2337 1894 2391 Cenat-

1855 967 2180 979 σαι-...-

1911 1070 1957 1121 Α
1994 1059 2112 1113 idco
2141 1062 2292 1128 dixit,
2314 1068 2433 1134 quia
2459 1069 2594 1121 alius
2632 1077 2710 1121 est
2741 1068 2920 1122 Filius.
2949 1070 3049 1124 Sed
3075 1087 3235 1125 unum
3261 1085 3382 1126 sunt
3403 1074 3555 1127 Pater

1993 1160 2044 1204 ct
2072 1152 2255 1210 Filius.
2278 1156 2458 1226 Neque
2485 1158 2624 1211 enim
2648 1158 2905 1213 dividitur
2921 1158 3080 1227 Deus,
3105 1178 3221 1215 cum
3255 1164 3365 1229 ipse
3395 1164 3555 1219 Filius

1992 1242 2170 1296 dicat:
2218 1244 2327 1314 Ego
2350 1246 2401 1299 in
2436 1245 2611 1313 Patre,
2657 1258 2700 1300 et
2750 1249 2983 1317 Peterin
3032 1264 3111 1303 me
3147 1261 3241 1305 est.
3280 1252 3410 1319 Quia
3432 1270 3558 1307 vero

1996 1347 2099 1386 non
2132 1334 2300 1387 solum
2330 1349 2492 1389 unum
2535 1349 2658 1395 sunt
2692 1338 2847 1390 Pati-r
2874 1349 2928 1393 et
2960 1338 3122 1392 Filius
3153 1339 3331 1394 addito
3362 1341 3558 1408 Spiritu

1994 1433 2197 1489 sancto,
2225 1424 2411 1480 subter
2438 1424 2601 1482 habes
2628 1428 3074 1493 demonstratum,
3099 1446 3261 1485 unum
3292 1443 3467 1487 autem
3497 1436 3559 1486 ad

1995 1512 2302 1568 societatem
2329 1517 2557 1580 perti..et
2598 1516 2768 1571 Patris
2812 1528 2864 1573 et
2913 1519 3051 1585 Filii,
3086 1536 3245 1573 unum
3285 1530 3460 1575 autem
3499 1525 3561 1575 ad

1994 1605 2163 1659 solum
2201 1606 2479 1662 Dominum
2511 1610 2758 1676 pertinet,
2782 1611 2904 1679 quia
2927 1620 2980 1665 et
3006 1611 3179 1679 Pater,
3213 1621 3265 1666 et
3294 1613 3477 1676 Filius,
3513 1626 3562 1667 ct

1997 1696 2226 1763 Spiritus
2255 1708 2489 1753 sanctus.
2527 1701 2654 1753 Item
2698 1702 2810 1770 ipse
2849 1701 3106 1755 Dominus
3152 1705 3205 1756 in
3237 1703 3524 1771 Evangelio
3549 1746 3561 1767 ,

1999 1787 2185 1841 Omnia
2207 1804 2320 1858 qua:
2344 1789 2490 1843 habet
2524 1789 2699 1855 Pater,
2732 1808 2843 1845 mea
2872 1804 3004 1846 sunt.
3026 1792 3153 1847 Item
3186 1792 3298 1861 ipse
3319 1792 3485 1845 Filius
3516 1795 3564 1845 iu

1998 1878 2281 1947 Evangelio
2323 1878 2387 1932 ad
2428 1879 2636 1933 Patrem
2666 1878 2825 1934 dicit:
2864 1880 3048 1933 Omnia
3094 1897 3205 1933 mea
3235 1889 3326 1933 tua
3355 1891 3491 1939 sunt,
3522 1892 3562 1933 et

1996 1975 2084 2019 tua
2108 1968 2277 2020 omnia
2300 1982 2407 2021 mea
2437 1979 2573 2023 sunt.
2608 1970 2669 2023 Et
2713 1969 2903 2025 iterum
2934 1986 2946 2020 :
2990 1970 3091 2035 Qui
3123 1985 3224 2023 non
3265 1970 3563 2037 honori/irai
3616 2022 3625 2047 μ

1998 2054 2046 2107 Γ
2049 2058 2213 2121 ilium,
2247 2075 2346 2111 non
2371 2058 2675 2125 honoriﬁcat
2712 2059 2941 2112 Patrem.
2996 2060 3124 2113 Item
3157 2058 3206 2112 In
3240 2058 3563 2127 Evangelia:

2002 2149 2102 2214 Qui
2128 2163 2205 2199 me
2233 2150 2359 2211 odit,
2390 2160 2435 2201 et
2469 2148 2671 2201 Patrem
2706 2165 2867 2204 meum
2890 2152 3016 2203 odit.
3056 2151 3182 2203 item
3231 2151 3284 2203 in
3334 2149 3563 2217 Epistola

1996 2239 2244 2294 luanttis:
2272 2240 2373 2306 Qui
2395 2251 2541 2311 negat
2572 2238 2789 2303 Filium,
2819 2258 2908 2293 nec
2936 2241 3141 2296 Patrem
3164 2242 3348 2307 habet;
3371 2243 3457 2294 sed
3483 2258 3562 2310 qu.

1998 2332 2266 2399 conﬁtetur
2298 2331 2511 2398 Filium,
2536 2341 2586 2386 et
2620 2330 2813 2385 Filium
2839 2332 2988 2385 habet
3022 2342 3069 2385 et
3102 2332 3326 2386 Patrem.
3362 2331 3486 2385 Item
3515 2333 3563 2383 it.-

334 2434 436 2474 us.
467 2420 579 2474 Non
611 2420 716 2474 duo
737 2418 816 2475 vel
850 2419 970 2484 tria,
994 2420 1084 2475 sed
1118 2423 1264 2492 plura
1288 2424 1545 2478 adducam
1572 2426 1891 2481 testimonia.
1930 2420 1970 2479 Β
2000 2420 2284 2476 Salomone
2312 2439 2324 2473 :
2370 2421 2624 2489 Splendor
2663 2430 2737 2475 est
2785 2422 2909 2475 lucis
2951 2431 3183 2487 teter-me,
3216 2432 3262 2475 et
3312 2420 3553 2490 speculan

331 2508 647 2566 Maxumus.
682 2508 861 2564 Primo
888 2511 1021 2565 doce
1050 2529 1063 2564 :

404 2619 537 2681 Quia
564 2619 777 2688 aequalis
801 2629 872 2673 est
908 2619 1054 2675 Patri
1087 2619 1279 2675 Filius.

402 2688 732 2761 De_unitale;
758 2692 878 2759 quia
906 2706 1037 2745 unus
1064 2702 1134 2746 est
1169 2692 1307 2747 Deus
1344 2690 1526 2758 Pater,
1557 2702 1603 2746 et
1632 2691 1821 2761 Filius,
1848 2707 1895 2749 et

474 2759 696 2828 Spiritus
718 2768 945 2828 sanctus.

407 2827 673 2893 Quomodo
703 2827 860 2883 Pater
887 2830 1079 2883 miserit
1115 2828 1330 2886 Fil'unt.

408 2897 673 2962 Quomodo
708 2896 862 2953 Pater
890 2899 1131 2962 clarificrt
1164 2900 1375 2954 Filium.

409 2965 543 3031 Quia
570 2968 880 3038 omnipotens
910 2979 979 3022 est
1013 2965 1202 3038 ilius.

408 3037 577 3113 Quare
616 3034 742 3089 dixit
772 3034 976 3113 Filia}:
1012 3036 1354 3113 Patcr_tnajo_r
1380 3058 1457 3093 me
1494 3054 1586 3095 est.
1627 3041 1715 3097 Vel
1743 3060 1899 3113 quare

474 3107 663 3160 dictum
679 3123 698 3161 :
722 3108 857 3168 quod
892 3106 1044 3162 Pater
1066 3106 1280 3163 tradidit
1299 3109 1511 3165 Filium.

406 3174 485 3247 De
512 3177 669 3247 libera
698 3175 825 3247 Filii
853 3187 1117 3247 potestate.

406 3244 598 3325 Contra
618 3246 672 3325 id
690 3244 1014 3325 quodjicunt
1031 3263 1050 3301 :
1072 3251 1259 3302 Auctor
1283 3261 1351 3304 est
1374 3254 1459 3322 qui
1483 3262 1706 3325 generat,
1733 3256 1902 3309 vident

483 3314 787 3382 principium
815 3314 981 3382 Patri,
1012 3326 1116 3372 etc.

408 3384 596 3463 Contra
616 3385 669 3437 id
691 3386 822 3453 quod
859 3387 1032 3440 dicunt
1062 3402 1083 3442 :
1118 3386 1323 3444 Patrem
1368 3394 1636 3463 imptrasse
1670 3392 1807 3449 Filio
1847 3406 1900 3448 ut

485 3456 670 3523 faceret
690 3465 994 3511 creaturam.

412 3524 545 3589 Quia
574 3522 711 3577 Deus
737 3536 808 3578 est
840 3525 1065 3593 Spiritus
1090 3536 1313 3580 sanctus.

411 3595 544 3658 Quia
572 3601 766 3647 creator
782 3605 854 3648 est
882 3595 1105 3663 Spiritus
1126 3608 1349 3654 sanctus.

413 3664 544 3736 Quia
569 3664 846 3730 vioiﬁcator
875 3676 947 3719 est
977 3665 1201 3736 Spiritus
1234 3680 1460 3723 sanctus.

413 3733 545 3798 Quia
578 3742 627 3806 et
654 3735 764 3801 ipse
811 3733 1031 3806 propria:
1070 3740 1328 3806 potestatis

484 3803 822 3867 omnipotens.

413 3870 490 3926 De
513 3870 759 3925 Trinitate
774 3874 862 3926 'vet
886 3876 1098 3929 unitate.

416 3943 549 4008 Quia
570 3942 833 3995 invisibilis
861 3954 932 3995 est
958 3943 1147 3998 Filius.

416 4011 603 4065 Contra
624 4012 677 4063 id
700 4012 839 4085 quod
863 4013 1035 4066 dicunt
1059 4030 1076 4066 :
1110 4014 1190 4069 Ea:
1219 4015 1373 4070 Putre
1399 4016 1612 4082 Filium,
1638 4026 1684 4071 et
1708 4017 1908 4085 Spiritu

485 4090 658 4134 sancto
687 4085 822 4135 facta
853 4085 1040 4135 omnia.

485 4083 822 4203 sanctoj'acta
853 4085 1040 4135 omnia.
1754 4083 1761 4085 ’

419 4150 607 4225 Catina
637 4152 653 4203 i
729 4152 865 4225 quod
891 4152 1100 4207 dicunt:
1132 4154 1300 4219 Quare
1331 4156 1470 4225 prius
1504 4154 1679 4222 Pater,
1732 4156 1914 4209 deinde

492 4218 661 4273 Filius
693 4223 1002 4273 nominatur.

417 4291 604 4344 Contra
623 4292 676 4342 id
689 4291 824 4359 quod
846 4291 1052 4347 dicunt:
1074 4292 1223 4358 Quod
1242 4292 1396 4348 Pater
1406 4295 1618 4367 subjecit
1630 4295 1708 4349 illi
1724 4297 1909 4349 omnia.

816 4399 1057 4455 INCIPIT
1096 4401 1442 4459 LIBELLUS.

894 4505 1062 4545 CLPU'I‘
1100 4508 1320 4547 Ριιωωι.

421 4602 705 4658 ϐεκειιις.
736 4601 869 4670 Qt‘tia
895 4604 1117 4672 aequalis
1144 4614 1228 4659 est
1258 4606 1395 4659 Patri
1428 4606 1613 4673 Filius,
1648 4607 1725 4661 sic
1765 4607 1921 4661 docet

353 4710 423 4766 ap
444 4695 626 4749 vstnlus
650 4694 844 4749 Paulus
874 4694 1055 4749 dicens
1086 4710 1101 4748 :
1160 4694 1271 4747 Hoc
1302 4696 1478 4749 sentite
1520 4697 1569 4747 in
1598 4696 1753 4761 vobis,
1785 4699 1920 4765 quod

354 4797 402 4839 et
433 4785 485 4838 in
515 4783 714 4843 Christo
760 4782 914 4849 Iesu,
946 4785 1033 4853 qui
1061 4799 1175 4835 cum
1223 4786 1275 4836 in
1315 4788 1479 4852 forma
1514 4785 1605 4837 Dei
1634 4796 1791 4851 esset,
1821 4800 1921 4838 non

354 4876 589 4946 rapinam
608 4874 882 4927 arbitratus
905 4881 979 4927 est
993 4889 1100 4927 esse
1123 4889 1177 4927 se
1201 4872 1447 4942 (aqualem
1470 4873 1576 4927 Deo
1598 4875 1817 4945 (Philip.
1841 4875 1920 4944 ιι).

353 4967 455 5035 Qui
484 4976 568 5022 est
595 4968 646 5020 in
682 4966 849 5021 forma
883 4967 974 5020 Dei
1002 4965 1192 5030 Patris,
1228 4980 1334 5019 non
1375 4976 1547 5034 potest
1580 4981 1699 5021 esse
1728 4968 1920 5032 minor,

353 5059 447 5129 qui
479 5074 581 5112 non
605 5058 935 5127 rapuitquod
965 5073 1070 5111 non
1102 5056 1301 5124 habuit,
1326 5058 1445 5126 quia
1477 5058 1528 5110 in
1560 5057 1725 5111 forma
1756 5056 1922 5111 I'atris

356 5165 570 5218 semper
620 5148 739 5203 fuit.
772 5148 827 5203 In
860 5147 1151 5218 Evanngio
1198 5147 1434 5203 Joannes
1478 5149 1594 5201 ait:
1650 5148 1924 5217 Propterea

356 5245 530 5297 Judwi
552 5244 778 5299 volebant
800 5245 1237 5311 euminter/icere,
1259 5244 1381 5311 quia
1400 5258 1499 5295 non
1522 5242 1685 5294 solum
1706 5240 1929 5295 solvebat

358 5337 644 5403 sabbatum,
666 5337 751 5389 sed
776 5346 823 5390 et
856 5333 1063 5389 Patrem
1091 5351 1240 5388 suum
1262 5334 1454 5387 dicebat
1474 5330 1659 5396 Deum,
1683 5334 1929 5401 (aqualem

360 5444 410 5481 re
446 5429 637 5498 faciens
670 5427 776 5481 Deo
825 5425 1001 5497 (Joan.
1036 5427 1107 5495 v).
1144 5426 1271 5479 Item
1320 5426 1431 5494 ipse
1463 5424 1714 5479 Dominus
1754 5424 1925 5477 dixit:

362 5519 468 5585 Qui
498 5532 577 5573 me
602 5518 756 5585 ridet,
773 5517 905 5571 videt
933 5527 979 5569 et
1003 5514 1226 5569 Patrem.
1253 5516 1381 5569 Item
1407 5515 1457 5567 in
1484 5514 1769 5583 Evangelia
1788 5529 1803 5566 :
1822 5512 1928 5582 Ego

361 5618 406 5660 rt
433 5605 590 5661 Pater
618 5623 775 5659 unum
800 5623 993 5659 sumus.
1022 5605 1117 5660 Hic
1138 5619 1303 5659 unum
1331 5618 1426 5673 pro
1448 5603 1747 5673 aequalitate
1774 5601 1927 5663 dixit,

361 5699 484 5766 quia
533 5696 762 5767 aequales
791 5706 954 5764 sunt,
987 5696 1075 5765 qui
1106 5710 1266 5750 unum
1318 5698 1459 5749 sunt.
1517 5694 1712 5748 Sumus
1755 5701 1927 5747 autem

1999 2512 2108 2565 sine
2140 2513 2339 2567 macula
2386 2510 2479 2566 Dei
2509 2513 2818 2580 majestatis,
2850 2524 2900 2566 et
2949 2514 3115 2583 imago
3152 2513 3386 2565 bonitatis
3432 2512 3563 2565 illius

2003 2602 2160 2671 (Sap.
2194 2603 2310 2671 vtt).
2349 2602 2459 2656 lIoc
2485 2602 2554 2657 de
2586 2602 2722 2658 Filio
2770 2594 2915 2656 dicit.
2969 2601 3097 2656 Item
3152 2603 3204 2656 in
3250 2602 3564 2671 Evangelia-

2004 2694 2146 2748 Sicut
2176 2694 2323 2747 habet
2352 2692 2507 2747 Pater
2527 2694 2681 2747 vitam
2709 2695 2761 2747 in
2791 2695 3080 2765 semetipso,
3105 2695 3176 2748 sic
3194 2695 3332 2748 dedit
3355 2703 3405 2748 et
3432 2692 3565 2747 Filii.

2000 2783 2185 2837 habere
2204 2786 2359 2837 vitam
2386 2786 2437 2837 in
2464 2784 2749 2854 semetipso.
2779 2784 2930 2851 Quod
2968 2792 3146 2839 autem
3180 2784 3346 2848 dicit,
3396 2784 3566 2846 dedit.

2003 2874 2190 2944 genuit
2220 2873 2551 2944 intelligitur.
2583 2877 2686 2928 Aut
2714 2874 2758 2928 si
2789 2880 2969 2942 postea
3000 2872 3145 2927 dedit
3162 2874 3323 2927 vitam
3347 2873 3453 2941 jam
3480 2887 3567 2941 εει

2003 2965 2112 3019 nito
2139 2965 2273 3019 Filio
2317 2964 2493 3028 I‘ater,
2546 2978 2673 3033 ergo
2698 2964 2907 3033 genitus
2951 2961 3117 3016 Filius
3146 2962 3261 3015 sine
3297 2962 3402 3014 vita
3431 2970 3562 3015 crat.

2003 3055 2069 3110 Et
2095 3055 2361 3124 quomodo
2407 3054 2532 3107 dicit
2565 3055 2676 3121 ipse
2703 3054 2755 3107 in
2806 3051 3131 3120 Evangelio:
3161 3050 3271 3121 Ego
3314 3066 3425 3104 sum
3459 3053 3566 3113 uia,

2002 3150 2213 3211 veritas,
2254 3156 2300 3199 et
2324 3147 2463 3198 rita?
2494 3144 2623 3199 Item
2654 3144 2718 3198 ad
2751 3144 3006 3198 Hebraeos
3056 3142 3133 3195 sic
3161 3142 3228 3196 de
3258 3142 3391 3195 Filio
3440 3142 3568 3195 dicit

2002 3237 2321 3305 Apostolus:
2358 3235 2457 3301 Qui
2498 3250 2612 3287 cum
2650 3234 2746 3302 sit,
2780 3234 2969 3302 inquit,
3000 3232 3239 3303 splendor
3275 3234 3481 3304 gloria},
3520 3243 3566 3284 et

2003 3326 2169 3396 ﬁgura
2193 3323 2486 3379 substantia:
2510 3326 2642 3392 ejus,
2680 3338 2857 3393 grrens
2882 3337 3081 3392 quoque
3103 3322 3272 3375 omnia
3302 3320 3447 3374 verbo
3469 3322 3569 3373 viro

2004 3416 2120 3468 tutis
2142 3428 2249 3468 suae
2270 3413 2455 3484 (Hebr.
2476 3412 2536 3484 I).
2562 3414 2699 3481 Ergo
2718 3412 2969 3481 splendor
2985 3412 3181 3480 glorim,
3199 3410 3424 3479 etllgura
3446 3410 3569 3463 sub-

2004 3506 2211 3559 stantia:
2238 3504 2404 3574 ipsius
2435 3512 2613 3557 teneat
2641 3503 2999 3570 splendorem,
3039 3500 3088 3555 id
3120 3510 3221 3564 Gal,
3254 3501 3569 3555 veritatem?

2009 3594 2197 3665 Figura
2228 3607 2404 3649 autem
2429 3594 2523 3649 Dei
2549 3595 2825 3663 inqualitas
2850 3594 3038 3645 dicitur
3066 3592 3178 3647 Dei.
3204 3591 3330 3646 Item
3358 3600 3570 3659 aposto-

2006 3688 2086 3740 lus
2112 3686 2305 3739 Paulus
2331 3684 2397 3738 ad
2421 3684 2767 3738 Colossenses
2795 3683 2861 3735 de
2885 3682 3015 3735 Filio
3036 3680 3161 3735 dicit
3194 3697 3208 3734 :
3245 3680 3309 3733 In
3351 3680 3462 3750 ipso
3492 3682 3564 3732 in-

1373 3750 1447 3792 est
1474 3752 1517 3794 et
1546 3742 1810 3794 voluntatis
1850 3751 1899 3794 et

2004 3775 2211 3841 habitat,
2230 3775 2417 3843 tnquit,
2435 3775 2597 3826 omnis
2614 3773 2876 3842 plenitudo
2904 3770 3193 3823 Divinitutis
3214 3770 3565 3837 corporaliter.

2007 3865 2062 3919 Si
2093 3865 2145 3916 i'n
2168 3864 2382 3917 Christo
2411 3862 2612 3916 habitat
2651 3861 2824 3915 omnis
2864 3860 3133 3927 pfeuitudo
3176 3858 3492 3923 Dirinitatis,
3520 3869 3573 3910 ct

2011 3954 2275 4024 quomodo
2304 3955 2477 4008 minor
2502 3961 2584 4007 est
2609 3951 2753 4005 Flius
2780 3951 2803 4002 ?

2661 4053 2830 4095 CAPUT
2871 4055 2926 4091 Il.

2080 4135 2233 4203 Quod
2261 4142 2399 4188 unus
2436 4132 2574 4187 Deus
2610 4129 2783 4192 Pater,
2808 4138 2863 4183 et
2888 4128 2944 4181 Fi
2968 4129 3069 4191 ius,
3118 4134 3173 4181 et
3197 4124 3430 4195 Spiritus
3452 4139 3573 4179 san-

1914 4246 1917 4249 λ
2014 4236 2153 4290 ctus,
2183 4225 2261 4279 sic
2281 4227 2522 4277 docetur.
2556 4220 2671 4288 Ipse
2701 4218 2957 4273 Dominus
2982 4219 3033 4271 in
3072 4218 3188 4285 lege
3213 4215 3378 4271 dicit:
3418 4216 3574 4279 Audi,

2017 4314 2203 4380 Israel,
2237 4313 2486 4366 Dominus
2514 4309 2651 4364 Deus
2670 4316 2786 4361 tuus
2817 4306 2955 4362 Deus
2983 4323 3114 4361 unus
3139 4316 3231 4362 est.
3258 4306 3326 4360 Et
3350 4308 3578 4375 Aposlo-
3624 4362 3631 4371 ,

2018 4405 2099 4459 Ius
2127 4403 2258 4457 dicit
2287 4418 2300 4454 :
2326 4400 2516 4455 Nullus
2545 4406 2615 4453 est
2646 4398 2808 4463 Deus,
2834 4398 2933 4451 nisi
2958 4411 3107 4449 unus.
3131 4395 3261 4450 Item
3286 4395 3401 4465 ipse
3420 4395 3578 4449 dicit:

2018 4509 2149 4549 unus
2176 4493 2335 4560 Deus,
2367 4509 2470 4547 una
2500 4492 2645 4560 fides,
2675 4506 2834 4543 unum
2860 4490 3109 4558 baptisma
3141 4486 3302 4557 (Eph.
3335 4486 3430 4557 tv).
3450 4484 3580 4539 Item

2019 4587 2290 4655 apostolus
2308 4583 2536 4639 Jacobus
2565 4581 2719 4636 dicit:
2752 4578 2825 4631 Tu
2852 4580 3014 4632 credis
3033 4578 3152 4647 quia
3176 4593 3306 4630 unus
3326 4585 3401 4629 est
3424 4575 3580 4637 Deus,

2020 4674 2145 4729 bene
2175 4679 2333 4744 facis;
2360 4682 2406 4726 et
2429 4673 2681 4726 dietnones
2718 4671 2929 4723 credunt
2952 4678 3000 4723 et
3029 4669 3415 4723 contremiscunt
3442 4664 3580 4734 (Jac.

2022 4764 2102 4834 Il).
2130 4764 2273 4818 lianc
2301 4762 2456 4816 Iidem
2485 4759 2900 4814 contremiscunt
2926 4758 3197 4813 daemones
3216 4772 3371 4828 quam
3401 4770 3581 4809 verant

2024 4869 2146 4909 esse
2172 4870 2220 4907 uo
2242 4853 2473 4909 luerunt.
2501 4851 2614 4917 Ipse
2637 4847 2887 4905 Dominus
2915 4850 3075 4904 dicit:
3128 4849 3236 4920 Ego
3261 4864 3371 4902 sum
3406 4846 3544 4899 Deus

2025 4954 2072 4998 ct
2104 4960 2202 4997 non
2224 4952 2295 4997 est
2319 4943 2454 4996 alius
2475 4930 2656 5011 prieter
2676 4954 2774 4994 me.
2802 4940 2930 4995 Item
2958 4941 3010 4994 in
3036 4939 3227 5009 psalm.
3258 4951 3431 4991 xxvu:
3464 4935 3588 4999 Quis

2032 5033 2170 5087 Deus
2198 5041 2381 5101 prwter
2407 5030 2713 5095 Dominum,
2743 5039 2830 5083 aut
2857 5032 2970 5099 quis
3021 5029 3159 5084 Deus
3212 5039 3395 5097 praeter
3424 5026 3589 5079 Deum

1948 5113 2001 5172 Β
2029 5125 2296 5179 nostrum?
2325 5123 2391 5177 Et
2414 5121 2515 5192 ipsi
2540 5119 2858 5175 conﬁtentur
2886 5120 3006 5186 quia
3037 5130 3091 5174 et
3122 5119 3285 5172 Filius
3321 5117 3459 5171 Deus
3486 5123 3589 5170 est.

2031 5215 2326 5270 Ostendam
2347 5212 2476 5268 mihi
2505 5211 2772 5280 quomodo
2798 5226 2932 5265 unus
2959 5218 3072 5274 est,
3105 5208 3204 5262 nisi
3234 5207 3355 5274 quia
3404 5206 3591 5267 Pater.

2030 5318 2080 5363 et
2113 5306 2294 5369 Filius,
2324 5312 2380 5360 et
2410 5302 2639 5372 Spiritus
2665 5309 2879 5357 sanctus
2906 5313 3040 5355 unus
3066 5310 3167 5354 est.

2663 5426 2831 5467 CAPUT
2873 5425 2948 5464 111.

2106 5503 2382 5571 Quomodo
2409 5501 2613 5557 miserit
2635 5501 2789 5555 Pater
2820 5500 3033 5566 Filium,
3053 5498 3130 5553 sic
3156 5499 3373 5552 docetur
3391 5513 3403 5547 :
3420 5494 3595 5547 Missio

2038 5597 2153 5651 Filii
2186 5598 2474 5649 incarnatio
2503 5604 2584 5648 est
2616 5593 2766 5657 Filii;
2809 5591 3121 5645 testiﬁcatur
3164 5585 3432 5655 apostolus
3461 5584 3596 5637 Paua

2043 5691 2123 5743 Ius
2149 5698 2197 5741 et
2247 5685 2365 5760 quis
2394 5685 2585 5740 missus
2630 5684 2724 5746 sit,
2774 5692 2949 5735 utrum
2991 5680 3150 5733 Filius
3182 5676 3301 5739 Dei,
3342 5689 3405 5726 an
3438 5672 3601 5727 Filius
