4068 6348
529 348 725 444 πίεν

1513 370 1844 435 (IEREALIS
1884 367 2381 433 CAS'IELLENSIS’
2419 370 2723 436 EPISCOPI

3688 385 3795 449 760

532 494 781 560 hominis,
813 494 933 549 dice
970 508 997 547 s
1029 510 1042 546 :
1077 482 1215 546 Misit
1236 480 1373 545 Deus
1402 488 1448 541 Ρ
1450 492 1595 544 ilium
1617 508 1788 547 suum.
1822 495 2013 557 factum
2037 505 2099 541 ex
2132 494 2173 546 Α
2208 484 2333 545 licus
2366 510 2397 545 a
2425 489 2683 563 regalibus
2721 494 2925 549 sedibus
2969 500 3072 551 tuis
3099 540 3111 556 .
3147 498 3200 552 in
3230 503 3448 555 medium
3494 510 3782 560 extermiui

527 588 757 653 muliere,
781 588 968 655 factum
989 588 1080 638 sub
1103 586 1227 655 lege,
1258 593 1314 636 ut
1341 600 1425 636 eos
1455 584 1539 652 qui
1570 583 1662 633 sub
1693 586 1800 652 lege
1827 592 1973 635 erant
2016 598 2090 634 re-

528 678 736 729 dimeret
760 673 899 745 (Gal.
932 672 1027 743 tv).
1054 672 1292 741 Ergoqui
1316 688 1376 725 es
1403 674 1622 726 muliere
1650 672 1820 726 lat-tus
1847 682 1951 736 est,
1983 673 2099 741 ipse

530 770 719 820 missus
746 764 957 834 quiest,
987 765 1148 819 etiam
1178 766 1277 819 sub
1306 765 1423 834 lege
1453 764 1550 817 fuit
1570 808 1585 831 ,
1614 767 1757 819 sicut
1781 766 1948 829 dixit;
1975 779 2094 819 nam

529 858 670 912 Deus
698 856 937 910 condidit
966 854 1154 925 legem.
1213 854 1341 908 Item
1384 856 1499 923 ipse
1538 856 1811 924 apostolus
1858 856 1985 910 dicit
2030 856 2098 909 de

526 948 765 1003 t2hri~toz
797 946 1137 1014 Semetipsum
1153 947 1430 999 exinanivit
1451 950 1669 1017 [o‘mam
1691 948 1819 1000 servi
1836 948 2090 1016 accipiens

529 1037 754 1106 (Philip.
784 1038 866 1105 It).
899 1036 1120 1102 Quando
1144 1037 1492 1099 semetipsum
1522 1037 1835 1101 exinanivit,
1860 1047 1983 1092 tunc
2013 1053 2097 1093 se-

528 1128 811 1195 metipsum
837 1126 1011 1190 misit;
1045 1140 1165 1178 nam
1197 1136 1249 1178 et
1282 1129 1395 1193 ipse
1438 1125 1601 1179 Filius
1648 1126 1812 1180 dicit:-
1852 1126 1960 1194 Ego
1988 1126 2099 1180 veni

523 1231 746 1285 querere
774 1227 820 1271 et
836 1218 1030 1270 salttare
1046 1216 1183 1286 quod
1205 1217 1448 1286 perierat.
1482 1216 1572 1268 llic
1595 1231 1699 1269 non
1731 1216 1878 1279 dicit,
1904 1217 2101 1270 missus

523 1323 639 1360 sum
662 1347 676 1369 ,
708 1308 802 1361 sed
833 1308 962 1360 veni.
992 1305 1122 1359 Nam
1149 1299 1215 1358 et'
1231 1306 1460 1373 Spiritus
1508 1315 1726 1359 sanctus
1768 1307 1912 1360 misit
1947 1321 2094 1368 eum,

523 1400 663 1455 sicut
691 1400 977 1469 scriptam,
1007 1398 1121 1467 ipso
1151 1398 1395 1463 dorem",
1436 1406 1513 1451 est
1553 1398 1606 1450 in
1639 1396 1765 1450 Isaia
1796 1397 2052 1464 prOpheta
2079 1414 2094 1451 :

522 1490 591 1543 Et
632 1507 795 1557 nunc,
824 1491 1028 1560 inquit,
1057 1488 1307 1542 Dominus
1343 1490 1478 1542 misit
1506 1506 1614 1556 me,
1649 1502 1694 1543 et
1733 1488 1957 1557 Spiritus
1987 1490 2096 1559 ejus

526 1580 680 1646 (Isai.
719 1583 925 1651 sum).
957 1582 1084 1635 Item
1104 1580 1231 1634 dicit
1260 1580 1373 1648 ipse
1405 1581 1603 1634 Filius:
1636 1582 1862 1649 Spiritus
1889 1581 2097 1636 Domini

521 1686 672 1739 super
703 1687 800 1735 me,
828 1682 1034 1740 propter
1063 1673 1199 1735 quod
1226 1671 1369 1723 unxit
1403 1687 1499 1732 me,
1528 1672 1871 1740 cvangelizare
1898 1689 2096 1742 paupe-

521 1760 669 1815 ribus
688 1762 821 1814 misit
860 1777 956 1826 me,
1005 1771 1107 1816 etc.
1143 1760 1284 1830 Ergo
1309 1762 1478 1829 major
1503 1771 1581 1815 cst
1610 1759 1838 1830 Spiritus
1882 1776 2095 1820 sanctus

2202 586 2391 635 terram
2438 585 2686 653 prosilivit
2725 584 2890 655 (Sap.
2934 591 3118 653 xvnt).
3155 589 3293 658 Ergo
3328 602 3380 646 et
3428 608 3520 646 rex
3572 605 3655 648 est
3688 599 3780 663 qui

2202 676 2410 741 rogales
2437 675 2642 729 obtinet
2667 676 2843 731 sedes.
2877 679 3007 732 Item
3036 681 3087 731 in
3118 682 3471 751 Apocalypsi:
3504 683 3634 736 Htec
3651 688 3778 740 dicit

2202 758 2370 814 Filius
2424 761 2540 827 Dei,
2592 765 2679 832 qui
2723 775 2797 819 est
2845 776 2895 820 et
2938 768 3029 836 qui
3083 770 3180 838 fuit
3235 772 3554 839 omnipotens
3600 774 3779 841 Deus,

2203 851 2257 905 ln
2288 855 2607 922 Evangelio:
2642 856 2829 910 Omnia
2851 874 3163 927 quaecunque
3188 860 3341 916 Pater
3374 864 3533 928 facit,
3579 865 3687 919 Iure
3731 878 3781 922 ct

2202 942 2373 997 Filius
2417 946 2653 1000 similiter
2695 950 2820 1017 facit
2848 947 3036 1019 (Joan.
3068 950 3173 1019 v).-
3193 951 3320 1005 Item
3348 954 3399 1008 in
3442 954 3733 1025 Evangelia
3760 977 3774 1012 :

2201 1033 2348 1089 Sicut
2380 1034 2534 1090 Pater
2558 1038 2769 1092 suscitat
2791 1050 3014 1094 mortuos
3033 1051 3081 1094 et
3102 1042 3341 1111 riui/Scal,
3366 1045 3439 1097 sic
3459 1045 3511 1097 F
3509 1048 3633 1102 ilius
3648 1066 3779 1117 quo!

2200 1124 2307 1178 vult
2332 1126 2569 1195 viuiﬁcat.
2616 1128 2671 1183 In
2699 1129 2829 1184 Isaia
2860 1126 3024 1185 Filius
3069 1132 3197 1186 dicit
3229 1150 3239 1185 :
3276 1132 3407 1188 Ecce
3449 1153 3542 1206 ego
3570 1141 3771 1194 mittam

2199 1231 2404 1267 manum
2433 1232 2602 1270 meam
2622 1233 2776 1287 super
2801 1235 2888 1272 uos
2914 1229 2962 1272 et
2988 1222 3416 1289 depraedabantur
3451 1228 3539 1292 qui
3567 1229 3771 1297 deprc-

2199 1307 2442 1360 dauerunt
2466 1320 2572 1373 vos,
2599 1317 2645 1363 et
2670 1311 2837 1364 scietis
2859 1313 2980 1381 quia
3011 1314 3259 1368 Dominus
3281 1320 3600 1388 omnipotens
3633 1340 3774 1390 sum,
3801 1320 3806 1324 ’

2197 1406 2243 1449 et
2262 1399 2347 1466 qui
2365 1401 2497 1453 misit
2525 1416 2603 1454 me
2634 1392 2887 1456 Dominus
2914 1407 3232 1473 omnipotens
3259 1418 3349 1462 est.

2266 1490 2527 1547 Jeremias
2548 1493 2804 1560 propheta
2833 1494 2956 1549 dicit
2985 1513 2999 1550 :
3043 1497 3262 1571 Magnus
3286 1508 3379 1565 est,
3409 1510 3455 1555 ct
3488 1518 3591 1556 non
3622 1502 3771 1559 habet

2196 1581 2372 1648 linem,
2394 1584 2623 1639 excelsus
2642 1594 2689 1640 et
2709 1587 2980 1642 immensus
2999 1590 3030 1641 h
3044 1592 3083 1643 ‘c
3112 1582 3252 1646 Deus
3272 1596 3535 1667 noster-get
3563 1615 3663 1651 non
3691 1611 3766 1654 est

2197 1675 2350 1728 alius.
2372 1676 2435 1728 Et
2459 1686 2517 1729 ut
2537 1688 2789 1745 appareat
2809 1678 2876 1733 de
2896 1681 3111 1736 Christo
3132 1685 3259 1749 dici,
3282 1689 3554 1755 sequitur:
3578 1688 3771 1745 Postea

2196 1763 2251 1815 in
2276 1766 2421 1818 terris
2439 1767 2580 1820 visus
2608 1775 2711 1832 est,
2754 1780 2803 1822 et
2831 1785 2944 1823 cum
2993 1773 3277 1829 hominibus
3318 1790 3638 1833 conversatus
3662 1797 3764 1837 est.

524 1853 658 1906 Filio
680 1895 695 1921 ,
727 1854 770 1906 si
818 1853 988 1922 major
1029 1863 1111 1907 est
1139 1856 1226 1923 qui
1256 1854 1416 1920 mittit
1439 1894 1453 1918 ,
1478 1856 1597 1923 quia
1628 1854 1854 1925 Spiritus
1880 1867 2092 1912 sanctus
2125 1832 2173 1892 Β
2202 1852 2329 1907 Ιιιιη
2352 1856 2635 1923 Apostolus
2659 1876 2674 1912 :
2698 1859 2810 1914 Nos
2829 1871 3018 1927 autem,
3042 1862 3238 1933 inquit,
3262 1868 3598 1934 pra'dicamus

538 1943 683 1996 misit
707 1942 894 1996 Filium
926 1943 1041 1996 Dei.
1093 1944 1232 1997 Dens
1274 1944 1454 2013 utique
1483 1945 1680 2014 ubique
1708 1954 1808 2013 est,
1830 1949 1951 2016 quia
1979 1950 2051 2003 ait
2079 1968 2091 2001 :

523 2032 713 2086 Calain
735 2043 780 2086 et
807 2043 997 2086 terram
1044 2049 1136 2102 ego
1183 2035 1393 2101 impleo.-
1445 2034 1505 2087 Et
1539 2035 1662 2089 alibi
1690 2036 1820 2090 dicit
1850 2055 1863 2092 :
1904 2038 2097 2093 Caelum

521 2123 645 2175 mihi
669 2124 809 2176 sedes
838 2132 929 2187 est,
953 2133 1086 2176 terra
1114 2133 1282 2176 autem
1312 2124 1588 2178 rcabrllum
1618 2128 1807 2195 pedum
1846 2145 2091 2183 meorunt.

521 2214 800 2278 Quomodo
829 2214 983 2283 igitur
1012 2215 1237 2269 mittitur
1290 2216 1492 2271 Filius?
1518 2229 1608 2272 aut
1636 2220 1902 2288 quomodo
1935 2224 2096 2275 mittit

519 2302 696 2366 Pater,
723 2305 766 2357 si
802 2306 853 2358 in
877 2306 1014 2360 caelo
1042 2316 1095 2360 et
1126 2306 1178 2360 in
1224 2317 1360 2361 terra
1395 2310 1590 2379 ubique
1635 2328 1767 2365 unus
1798 2323 1881 2367 est
1911 2315 2093 2369 Deus?

519 2405 647 2448 item
671 2395 791 2449 audi
825 2396 911 2450 ubi
944 2413 1050 2450 non
1079 2398 1248 2451 solum
1284 2402 1516 2469 aequales
1545 2405 1613 2457 ab
1643 2406 1955 2474 aequalibus,
1997 2409 2089 2460 sed

525 2494 580 2538 rt
608 2487 838 2553 majores
879 2488 1159 2542 mittantur
1179 2505 1203 2541 a
1234 2491 1529 2546 minoribus
1548 2535 1561 2557 ,
1593 2496 1726 2549 sicut
1750 2487 1970 2564 legimus
2000 2515 2093 2552 an-

519 2576 693 2642 gelum
737 2592 858 2631 esse
896 2578 1117 2632 missum
1144 2594 1172 2632 a
1207 2580 1395 2645 Tobia,
1428 2593 1478 2636 et
1512 2570 1754 2639 Christus
1789 2587 1981 2641 missus
2012 2600 2093 2645 est

518 2682 547 2715 ιι
578 2664 749 2718 Pilato
774 2666 840 2720 ad
866 2669 1150 2726 Iierodem.
1176 2670 1417 2743 Nunquid
1449 2675 1742 2730 huntlllntit
1769 2692 1827 2734 se
1848 2680 2088 2749 angelus,

519 2754 639 2823 quia
668 2760 900 2823 perrexit
927 2774 1032 2828 quo
1069 2762 1263 2818 missus
1288 2774 1371 2819 est
1402 2781 1431 2819 a
1464 2766 1660 2819 Tobia?
1684 2778 1771 2822 ant
1798 2769 2093 2827 humiliavit

519 2860 579 2899 se
608 2846 873 2911 Christus,
898 2849 985 2917 qni
1012 2864 1039 2902 a
1062 2850 1228 2907 Pilato
1257 2853 1450 2909 missus
1471 2864 1548 2909 est
1579 2857 1643 2909 ad
1672 2856 1975 2914 Herodem?
2002 2861 2089 2914 Vis

516 2936 810 3005 scire,quia
835 2940 1030 3010 ubique
1051 2950 1133 2996 est
1161 2944 1348 3009 Filius,
1366 2961 1462 3001 nec
1484 2958 1561 3001 est
1578 2949 1665 3002 ubi
1694 2951 1949 3016 mittatur,
1967 2955 2089 3010 auiti

514 3029 639 3096 quid
670 3030 797 3086 dicit
827 3032 941 3099 ipse
972 3032 1164 3088 Filius:
1198 3034 1362 3091 Nemo
1387 3040 1614 3094 ascendit
1653 3042 1704 3094 in
1752 3045 1954 3111 ctelum,
1991 3047 2091 3100 nisi

515 3122 599 3188 qui
628 3122 886 3177 descendit
916 3126 979 3178 de
1000 3127 1125 3183 caelo
1148 3145 1165 3191 ;
1192 3127 1360 3182 Filius
1390 3130 1628 3196 hominis,
1656 3136 1743 3202 qui
1769 3145 1838 3187 est
1866 3136 1915 3187 ivi
1941 3140 2082 3191 cmlo.

515 3211 629 3266 Non
658 3216 800 3269 enim
830 3215 990 3283 dixit,
1016 3218 1104 3286 qui
1128 3218 1225 3273 fuit
1252 3221 1302 3272 in
1332 3222 1491 3287 cmlo,
1516 3224 1612 3277 sed
1643 3225 1730 3289 qui
1769 3233 1843 3279 est
1873 3231 1920 3280 ’n
1942 3230 2085 3293 caelo,

515 3312 570 3357 et
602 3313 779 3360 tamen
808 3308 860 3362 in
891 3318 1029 3363 terra
1078 3310 1420 3379 loquebatur;
1462 3314 1553 3368 sed
1586 3325 1642 3367 et
1671 3317 1721 3368 in
1770 3328 1910 3372 terra
1966 3330 2086 3374 tunc

516 3393 678 3447 homo
724 3394 823 3449 fuit
846 3405 902 3450 et
931 3397 1093 3452 Deus.
1126 3399 1253 3452 Nam
1296 3402 1339 3452 si
1372 3401 1507 3455 Deus
1539 3402 1664 3458 non‘
1696 3406 1791 3459 fuit
1818 3410 1867 3460 in
1910 3417 2045 3463 terra
2069 3455 2081 3475 ,

514 3483 783 3546 quomodo
808 3485 983 3553 angeli
1009 3487 1082 3540 illi
1113 3488 1503 3554 ministrabant,
1522 3493 1657 3546 sicut
1678 3496 1935 3563 scriptum
1957 3512 2036 3551 est
2071 3519 2081 3551 :

518 3571 582 3623 Et
609 3573 836 3627 discessit
866 3575 1102 3629 diabolus
1122 3621 1134 3641 ,
1183 3588 1229 3631 cl
1258 3591 1494 3634 venerunt
1517 3584 1706 3654 angeli,
1734 3598 1780 3639 et
1826 3590 2086 3643 ministra-

515 3666 630 3715 bant
657 3665 706 3717 ei
727 3663 907 3735 (Joau.
936 3669 1091 3737 xvn).

746 3756 747 3759 “
1162 3776 1328 3817 mror
1372 3780 1440 3817 lt‘.

583 3844 862 3914 Quomodo
888 3849 1145 3905 t'larilicet
1168 3851 1322 3908 Pater
1354 3856 1563 3922 Filium,
1590 3861 1667 3914 sic
1687 3861 1924 3920 ducetur.
1952 3865 2079 3921 Nam

513 3948 565 3993 et
588 3938 748 3993 Filius
773 3940 1030 3997 clariﬁcat
1051 3942 1281 4010 Patrem,
1302 3948 1434 4001 sicut
1454 3953 1711 4020 scriptum
1731 3964 1813 4009 est
1830 3957 1882 4011 in
1910 3957 2081 4012 Evan.

511 4028 648 4095 gelio
676 4029 884 4085 dicente
914 4031 1029 4100 ipso
1055 4032 1193 4086 Filio
1213 4036 1279 4087 ad
1305 4037 1356 4088 P.
1380 4046 1513 4092 trem
1550 4057 1562 4093 :
1590 4039 1699 4111 Ego
1730 4051 1777 4095 te
1803 4044 2081 4115 clari/icavi

511 4135 664 4187 super
686 4129 893 4175 terram.
920 4121 1113 4177 lterum
1144 4124 1258 4191 ipse
1287 4126 1447 4183 Filius
1476 4129 1603 4183 dicit
1632 4150 1643 4183 :
1679 4132 1859 4199 Pater,
1887 4136 2081 4206 clari/i-

512 4225 568 4262 ra
600 4209 795 4263 Filium
823 4222 985 4277 tuum,
1018 4224 1069 4265 ut
1092 4224 1136 4267 et
1162 4213 1332 4269 Filius
1364 4228 1479 4271 tuus
1505 4223 1748 4289 clariﬁcet
1771 4236 1837 4279 te.
1873 4229 1935 4282 Et
1966 4230 2080 4299 ipse

513 4298 743 4367 Spiritus
771 4310 985 4354 sanctus
1010 4303 1262 4357 clarificat
1290 4307 1477 4361 Filium
1495 4350 1510 4373 ,
1544 4314 1670 4378 quia
1686 4316 1939 4384 scriptum
1962 4331 2041 4372 est
2064 4337 2075 4371 :

514 4387 633 4453 Ipse
660 4405 740 4440 me
768 4389 1100 4457 clariﬁcabit,
1131 4396 1253 4461 quia
1293 4398 1355 4448 de
1383 4411 1491 4450 meo
1513 4402 1759 4469 accipiet,
1786 4416 1831 4457 et
1871 4423 2075 4460 annun-

2112 3175 2159 3238 C

2195 1954 2349 2009 stum,
2380 1943 2475 2000 Dei
2502 1947 2758 2016 uirtutem,
2792 1960 2837 2004 et
2857 1950 2954 2005 Dei
2971 1954 3293 2021 sapientiam.
3329 1956 3456 2010 Item
3487 1958 3602 2027 ipse
3641 1976 3769 2014 cum

2194 2034 2262 2090 de
2286 2035 2483 2091 Iudaeis
2512 2028 2779 2108 quuitur:
2806 2040 3033 2107 Quorum
3063 2053 3251 2111 patres,
3288 2046 3339 2098 in
3362 2047 3477 2113 ptit,
3501 2056 3547 2099 el
3570 2065 3633 2101 ex
3650 2054 3766 2119 qui-

2196 2125 2287 2177 bus
2309 2124 2539 2181 Christus
2581 2130 2860 2183 secundum
2897 2148 3122 2197 carnem,
3164 2136 3253 2203 qui
3303 2146 3374 2188 est
3401 2152 3556 2206 super
3588 2141 3763 2192 omnia

2196 2214 2331 2269 Deus
2352 2217 2638 2272 benedictus
2668 2219 2720 2272 in
2737 2214 2945 2275 uacula.
2971 2225 3160 2277 Amen.

2838 2327 3003 2369 εΑΡυτ
3043 2333 3111 2370 γι.

2265 2400 2439 2464 Quare
2456 2400 2645 2455 dixerit
2667 2402 2833 2457 Filius
2857 2422 2868 2456 :
2904 2404 3057 2459 Pater
3086 2410 3250 2478 major
3272 2425 3350 2464 me
3371 2421 3466 2476 est,
3492 2415 3571 2468 vel
3594 2429 3767 2482 quam

2194 2490 2394 2544 dictum
2420 2495 2485 2545 εἰ
2518 2493 2661 2561 quod
2690 2492 3075 2549 Patertrt'didit'
3099 2498 3284 2552 Filium
3308 2515 3483 2567 suum,
3514 2504 3764 2558 docetur.

2193 2580 2459 2650 Scriptum
2492 2593 2574 2638 est
2611 2584 2663 2638 in
2698 2586 2903 2654 psalmo
2925 2628 2940 2651 ,
2989 2584 3123 2643 Filio
3174 2590 3384 2646 dicente
3407 2593 3471 2646 ad
3505 2593 3711 2648 Patrem
3741 2611 3757 2647 :

2197 2671 2270 2725 De
2299 2680 2467 2727 ventre
2496 2676 2673 2730 matris
2702 2692 2825 2732 mete
2870 2674 3009 2733 Deus
3058 2697 3197 2735 meus
3215 2697 3267 2735 es
3297 2692 3352 2735 tu
3382 2685 3399 2754 (
3424 2678 3566 2737 Psal.
3612 2702 3695 2739 ut
3714 2689 3759 2753 ).

2194 2761 2333 2830 Ergo
2361 2763 2429 2819 de
2458 2774 2645 2819 ventre
2673 2769 2858 2822 matris
2899 2780 2979 2824 est
3006 2770 3145 2825 Deus
3173 2773 3289 2840 ejus
3335 2774 3522 2841 Pater,
3555 2786 3606 2829 ct
3636 2778 3758 2831 ideo

2192 2855 2363 2920 major
2392 2864 2476 2909 est
2507 2854 2683 2912 Pater.
2720 2858 2843 2913 Item
2872 2860 2987 2929 ipse
3019 2861 3179 2917 Filius
3208 2863 3257 2917 in
3289 2867 3493 2934 psalmo
3519 2867 3675 2921 dicit:
3711 2870 3757 2923 0

2196 2945 2431 3011 Domine,
2463 2962 2556 3017 ego
2585 2964 2753 3001 serrus
2779 2958 2910 3016 tuus,
2945 2968 3038 3021 ego
3079 2970 3251 3008 servus
3282 2963 3399 3009 tuus
3428 2967 3474 3011 et
3500 2958 3636 3025 ﬁlius
3663 2976 3756 3011 an-

2192 3037 2325 3090 cillte
2352 3050 2458 3092 tute
2487 3037 2654 3100 (Psal.
2686 3045 2836 3108 ων),
2863 3042 2912 3095 id
2955 3054 3034 3097 est
3059 3043 3253 3099 Marias.
3291 3045 3405 3113 Ipse
3434 3059 3515 3103 Gal
3542 3065 3754 3113 servus,

2192 3139 2242 3181 et
2274 3128 2395 3183 inde
2424 3131 2593 3197 major
2615 3142 2693 3185 est
2724 3132 2895 3187 Pater.
2931 3135 3057 3188 Item
3091 3151 3104 3187 :
3132 3136 3287 3197 Deus,
3324 3138 3461 3193 Deus
3491 3158 3645 3207 meus,
3674 3161 3756 3195 re-

2194 3220 2328 3286 spice
2348 3220 2400 3273 in
2430 3237 2509 3274 me
2531 3237 2548 3275 :
2570 3239 2725 3287 quare
2755 3239 2831 3291 me
2852 3225 3163 3295 dereliqu'sti
3180 3226 3199 3296 ί
3211 3227 3251 3278 Ρ
3280 3224 3351 3280 al.
3383 3230 3494 3298 ut)
3518 3230 3547 3284 Ἰ
3566 3231 3620 3284 Et
3656 3230 3755 3284 ite-

2191 3325 2305 3362 rum
2333 3330 2347 3363 :
2378 3312 2590 3366 Salvum
2617 3330 2695 3367 me
2718 3316 2800 3384 [ac
2828 3331 2891 3368 ea:
2927 3331 3012 3370 ore
3032 3316 3211 3371 leonis.
3246 3319 3367 3373 Ilzec
3394 3323 3458 3371 ad
3489 3323 3755 3376 hominem

2193 3404 2484 3469 pertinent;
2517 3420 2638 3458 nam
2671 3417 2717 3459 et
2744 3407 2855 3476 ipse
2885 3407 2987 3461 ait:
3020 3407 3327 3463 Potestatem
3355 3412 3512 3465 habeo
3536 3416 3755 3483 ponendi

2188 3496 2411 3547 animam
2451 3512 2647 3562 meam,
2679 3506 2727 3550 et
2754 3507 3047 3568 potestatem
3090 3500 3248 3554 habeo
3307 3503 3489 3555 iterum
3523 3506 3756 3557 sumendi

2187 3601 2330 3644 eam:
2353 3603 2498 3640 nemo
2521 3605 2633 3641 eam
2655 3589 2786 3643 tollit
2808 3608 2838 3643 a
2864 3608 2961 3657 me,
2998 3595 3085 3647 sed
3112 3611 3204 3665 ego
3230 3613 3361 3665 pono
3380 3614 3495 3650 eam
3519 3613 3551 3649 α
3579 3612 3679 3660 nte,
3702 3608 3755 3650 et

2185 3678 2364 3730 iterum
2385 3693 2531 3731 sumo
2555 3695 2669 3732 eam
2691 3679 3003 3752 (lamna).
3041 3684 3093 3737 In
3128 3685 3353 3752 psalnt.:
3393 3683 3502 3756 Ego
3539 3686 3754 3738 dormivi

2186 3777 2230 3819 rt
2259 3780 2492 3822 somnum
2536 3771 2665 3839 cepi,
2713 3781 2759 3825 et
2784 3775 3052 3839 resurrexi,
3083 3777 3198 3843 quia
3249 3772 3493 3831 Dom‘nus
3533 3780 3755 3845 suscepit

2185 3872 2278 3910 me.
2312 3856 2379 3911 Et
2407 3860 2711 3927 Apostolus,
2731 3862 2851 3931 quia
2879 3878 2937 3917 se
2955 3864 3070 3932 ipse
3098 3865 3257 3919 Filiu.
3285 3866 3621 3933 tradidit,-s'c
3641 3868 3749 3920 ait:

2186 3950 2284 4016 Qui
2316 3966 2392 4005 me
2420 3952 2618 4018 dilexit,
2652 3954 2839 4023 inquit,
2870 3965 2917 4009 et
2940 3956 3148 4009 tradidit
3174 3962 3491 4027 sentet'psutu
3527 3973 3620 4027 pro
3644 3974 3749 4009 me.

2186 4042 2311 4095 Item
2346 4043 2457 4110 ipse
2482 4043 2770 4113 Aposolus
2801 4064 2812 4098 :
2848 4048 2948 4111 Qui
2977 4047 3152 4100 dilexit
3173 4091 3186 4114 ,
3222 4048 3418 4116 inquit,
3468 4047 3659 4100 Eccli’si
3680 4063 3752 4098 tm

2179 4149 2345 4203 suam,
2375 4146 2420 4188 et
2445 4138 2657 4190 tradidit
2682 4139 3002 4208 semetipsum
3033 4154 3124 4206 pro
3146 4155 3227 4203 ea,
3259 4140 3511 4193 inundans
3530 4136 3743 4193 eamla-

2172 4241 2330 4277 ὐσειο
2353 4243 2496 4294 aqua
2516 4245 2547 4280 η
2576 4229 2740 4280 verbo.
2760 4229 2890 4282 Item
2917 4230 2965 4282 in
2997 4230 3231 4298 Epistula
3255 4230 3447 4284 Paulus
3469 4232 3535 4285 ad
3562 4230 3742 4295 Ephe—

2181 4316 2289 4369 sios
2315 4330 2327 4367 ε
2373 4317 2519 4371 Sicut
2556 4326 2599 4371 et
2627 4317 2879 4383 Christus,
2907 4319 3093 4388 inquit,
3122 4318 3300 4372 dilexit
3329 4335 3421 4372 nos
3449 4329 3496 4373 et
3524 4319 3745 4372 tradidit

2180 4412 2503 4476 semetipsum
2529 4428 2622 4478 pro
2653 4411 2817 4465 nobis.
2863 4412 2991 4468 Item
3032 4414 3083 4468 in
3115 4414 3318 4482 psalmo
3353 4415 3464 4483 ipse
3484 4414 3609 4468 dicit
3635 4433 3648 4466 :
3676 4414 3751 4468 Ut

513 4476 654 4529 tiabit
677 4479 837 4535 nobis.
859 4474 913 4533 8i
937 4482 1339 4547 ergoclarilicat
1366 4480 1592 4553 Spiritus
1620 4498 1834 4546 sanctus
1855 4495 2073 4563 Filium,
2106 4526 2159 4585 Β
2186 4474 2368 4566 faciam
2399 4474 2702 4558 voluntatem
2733 4513 2891 4571 tuam,
2918 4505 3057 4561 Deus
3087 4524 3247 4574 meus,
3270 4507 3427 4562 volui.
3468 4508 3637 4562 Homo
3665 4508 3751 4562 dic

513 4582 778 4637 nunquam
808 4571 982 4639 major
1007 4582 1089 4625 est
1142 4573 1274 4628 Filio
1318 4576 1544 4643 Spiritus
1585 4592 1821 4640 sanctus.
1864 4585 1925 4639 Et
1967 4588 2080 4655 ipse

430 4656 433 4657 ν
514 4659 677 4714 Filius
704 4659 832 4715 dicit
862 4663 915 4716 in
946 4664 1150 4731 psalmo
1176 4680 1190 4719 :
1222 4667 1548 4736 Sacri/icium
1577 4673 1745 4725 laudis
1773 4677 2080 4746 honoriﬁca-

512 4748 584 4801 bit
615 4764 711 4803 me.
728 4750 865 4819 Ergo
884 4754 1203 4808 sacriﬁcium
1221 4756 1391 4811 laudis
1414 4758 1778 4816 ll0l0tfllllsillm
1814 4767 2077 4834 passionis

505 4830 807 4908 accipitur;
844 4842 894 4895 in
928 4846 1173 4911 passione
1205 4862 1331 4917 ergo
1360 4851 1685 4907 clariticatnr
1728 4856 1916 4921 homo,
1955 4876 2075 4915 nam

498 4932 652 4983 "tcns
682 4942 899 5000 semper
921 4942 1005 4987 est
1029 4935 1314 5003 gloriosus.
1355 4939 1443 4993 Vis
1468 4924 1605 4997 scire
1630 4946 1752 5013 quia
1774 4962 1878 4999 non
1904 4952 2073 5005 solum

470 5005 477 5013 ”
514 5034 724 5088 -empcr
751 5023 1014 5090 g’oriosus
1038 5024 1134 5076 I‘uit
1160 5023 1343 5090 Filius,
1359 5028 1451 5082 sed
1470 5038 1525 5082 et
1542 5005 1682 5085 Deus
1705 5034 1887 5101 glori:e
1908 5035 2003 5089 luit
2020 5049 2074 5091 et

512 5120 615 5173 est,
638 5114 913 5178 apostolus
936 5114 1127 5169 Paulus
1139 5117 1264 5170 dicit
1284 5120 1352 5173 de
1376 5118 1604 5176 ludatis:
1635 5123 1696 5177 Si
1721 5127 1854 5179 enim
1880 5143 2071 5198 cogno-

509 5200 715 5265 vissent,
746 5218 1001 5272 nunquam
1026 5203 1295 5259 Dominum
1313 5206 1493 5277 glorior
1516 5214 1908 5280 cruciﬁxissent.
1924 5216 2072 5272 Nunc

505 5306 636 5360 ergo
663 5292 754 5361 qni
784 5295 919 5349 mori
948 5296 1140 5363 potuit,
1167 5296 1279 5365 ipse
1299 5309 1352 5352 et
1378 5300 1664 5368 gloriﬁcari
1696 5309 1887 5373 potuit,
1913 5308 2072 5363 homo

508 5390 735 5437 tantum.
755 5382 887 5438 Nam
914 5388 1031 5438 andi
1054 5387 1179 5455 quid
1198 5388 1341 5443 dicat
1368 5392 1480 5459 ipse
1502 5392 1687 5460 Filius,
1720 5402 1987 5467 quomodo
2012 5417 2072 5458 se

502 5473 618 5542 ipse
634 5475 952 5531 sanctiﬁcat:
973 5476 1038 5531 In
1057 5480 1283 5546 veritate,
1298 5482 1505 5547 dicens,
1519 5488 1781 5554 sancti/ica
1803 5493 2067 5561 meipsum.

1162 5588 1327 5629 CAPUT
1368 5591 1418 5629 ν.

574 5656 725 5719 Quod
754 5659 1092 5728 omnipotens
1121 5674 1202 5718 est
1234 5666 1417 5729 Filius,
1455 5667 1529 5722 sic
1555 5669 1795 5726 docetur.
1829 5673 1880 5727 In
1914 5675 2068 5730 Salo-

520 5735 928 5814 tttoitclcgitnr:
964 5751 1290 5820 Omnipotens
1320 5773 1479 5809 sermo
1519 5768 1653 5826 tuus,
1689 5747 1923 5827 Domine,
1961 5767 2065 5817 ε.ιὶ-

2183 4592 2258 4645 cit
2282 4591 2333 4644 in
2367 4594 2606 4660 psalmo:
2638 4592 2773 4648 Deus
2818 4612 2981 4664 meus,
3018 4598 3285 4666 quomodo
3313 4598 3556 4667 superius
3581 4597 3749 4652 dixit:

2186 4682 2443 4735 Deventre
2471 4686 2643 4739 matris
2666 4704 2714 4738 ιη
2744 4703 2788 4739 a:
2818 4686 2952 4740 Deus
2987 4704 3126 4742 meus
3166 4705 3218 4742 es
3248 4699 3318 4744 tu.
3352 4689 3417 4742 Et
3443 4700 3617 4744 tamen
3646 4705 3749 4755 po-

2181 4781 2292 4826 stea
2343 4774 2600 4842 sequitur,
2638 4779 2849 4845 quando
2890 4778 3061 4832 dixit:
3110 4779 3177 4834 Ut
3214 4781 3401 4856 faciam
3438 4782 3748 4835 uoluntatem

2182 4875 2347 4929 tuam,
2382 4865 2515 4921 Deus
2536 4884 2694 4932 meus,
2724 4870 2981 4938 adjnnxit,
3012 4871 3348 4941 voluit;quia
3373 4873 3561 4935 voluit,
3590 4866 3747 4930 fecit:

2183 4955 2296 5023 ipse
2320 4958 2461 5010 enim
2491 4966 2577 5012 est
2596 4960 2662 5015 de
2682 4975 2788 5029 quo
2803 4961 3026 5015 dicitur:
3056 4959 3239 5014 Omnia
3263 4977 3572 5029 quaecunque
3591 4962 3745 5015 t'oluit
3794 5036 3797 5037 ν

2181 5045 2319 5112 fecit.
2355 5045 2470 5116 Ipse
2496 5050 2639 5102 nasci
2671 5050 2858 5117 voluit,
2889 5050 3001 5119 ipse
3030 5052 3164 5105 mori
3192 5052 3390 5117 voluit,
3422 5053 3534 5120 ipse
3564 5053 3743 5106 omnia

2181 5140 2285 5204 pati
2317 5139 2504 5203 voluit,
2529 5148 2583 5194 et
2607 5141 2834 5206 esurire,
2881 5150 2937 5194 et
2963 5141 3133 5209 sitire,
3166 5152 3220 5197 et
3260 5140 3468 5205 lassari,
3493 5152 3546 5196 et
3569 5152 3745 5196 tamen

2178 5232 2470 5283 secundum
2507 5230 2797 5285 hominem.
2831 5229 2959 5285 Nam
2992 5232 3074 5286 vis
3106 5232 3248 5305 scire
3274 5233 3446 5303 qualis
3470 5234 3541 5288 sit
3581 5232 3745 5287 Filius

2182 5319 2309 5373 Dci'.’
2336 5321 2494 5375 Isaias
2514 5312 2641 5376 dicit
2666 5339 2676 5373 :
2704 5322 2843 5375 Deus
2859 5331 3099 5390 atternus,
3123 5325 3209 5391 qui
3225 5326 3341 5394 fecit
3363 5335 3427 5378 tet
3458 5341 3551 5378 rna
3574 5336 3743 5387 terrtr,

2176 5424 2277 5462 non
2306 5412 2549 5464 laboravit
2582 5427 2738 5481 neque
2783 5413 2989 5476 exuriit,
3017 5422 3155 5476 etc.;
3201 5412 3268 5467 de
3313 5411 3450 5467 Filio
3493 5412 3643 5474 dicit,
3676 5414 3744 5468 de

2173 5513 2276 5566 quo
2304 5499 2501 5552 dictum
2524 5510 2645 5554 est:
2684 5501 2867 5553 Unmia
2909 5518 3001 5571 per
3043 5505 3210 5574 ipsum
3250 5509 3387 5575 facta
3422 5514 3558 5579 sunt.
3606 5502 3740 5558 Nam

2178 5588 2316 5643 Deus
2345 5591 2470 5643 nihil
2499 5592 2645 5655 mali,
2674 5607 2737 5647 ac
2766 5592 2962 5647 laboris
2990 5595 3094 5661 pati
3133 5598 3325 5664 potuit,
3358 5598 3441 5651 cui
3469 5597 3662 5650 chitur
3688 5604 3737 5649 in

2174 5679 2377 5743 p-altno
2406 5695 2469 5731 xx
2494 5696 2507 5732 :
2542 5679 2661 5732 Non
2681 5684 2923 5735 accedent
2938 5683 3005 5735 ad
3027 5694 3075 5737 te
3094 5687 3249 5751 mala,
3278 5696 3323 5740 et
3346 5685 3604 5756 ﬂagellum
3638 5703 3740 5740 non

2170 5769 2589 5833 approoiuqtmbit
2612 5773 2935 5827 tabernaculo
2957 5783 3063 5826 tuo.
