4068 6348
368 375 470 434 761
590 356 596 362 ’
1287 377 1612 432 LIBELLUS
1649 375 1920 430 CONTRA
1965 376 2350 435 MASNINUM
2394 382 2719 438 ARIANUM.
3517 392 3614 445 762

1009 501 1175 539 csrur
1229 501 1312 538 vn.
1969 485 2013 540 Α
2048 485 2230 544 Filius.
2262 488 2467 542 dicatur
2495 491 2620 542 mihi
2653 507 2826 559 quom.
2851 492 2920 546 do
2959 504 3141 546 auctor
3169 504 3250 548 est
3287 495 3465 560 Pater,
3487 502 3604 556 sine

442 576 516 629 De
546 576 709 628 libera
736 575 851 628 Filii
882 585 1140 642 potestate
1175 577 1252 630 sic
1279 577 1518 628 docetur.
1556 575 1609 628 In
1652 575 1940 643 Evangelia
2046 592 2151 645 quo
2183 594 2449 646 nunquam
2483 581 2579 634 fuit
2626 583 2810 646 Filius,
2857 585 2976 652 quia
3010 585 3168 640 Pater
3193 588 3309 641 sine
3338 591 3610 646 voluntate

367 667 536 720 dicit:
566 662 741 729 Pater,
776 665 887 717 volo
908 674 961 716 ut
991 665 1075 716 u'i
1118 680 1212 734 ego
1259 681 1391 729 smn,
1424 675 1470 716 et
1497 665 1578 716 isti
1624 666 1723 718 sint
1749 680 1939 716 mecum
2043 682 2162 722 esse
2194 683 2296 721 non
2331 671 2534 736 potuit?
2564 673 2711 738 Quod
2738 674 2930 727 dicitur
2961 675 3134 741 Pater,
3167 686 3384 743 prepter
3416 677 3604 730 Filium

367 755 546 822 (Joan.
572 756 722 820 xvn).
753 753 866 807 Non
897 754 1051 816 dixit,
1085 763 1222 820 peto.
1258 755 1370 807 Non
1404 755 1534 807 dixit
1567 756 1618 808 in
1654 755 1938 826 Evangelia
2041 759 2254 826 dicitur,
2302 770 2357 814 et
2401 761 2490 814 ille
2536 761 2672 833 Deus
2700 763 2893 816 dicitur
2921 763 2988 818 de
3021 765 3148 818 Deo.
3175 763 3278 818 Sed
3309 766 3426 833 quia
3472 766 3602 818 dixit

365 848 431 899 ad
463 849 751 914 leprosum.
782 854 922 912 peto,
957 847 1046 900 sed
1097 848 1228 910 volo,
1267 849 1510 900 uiundare
1557 848 1768 916 (Matth.
1796 852 1932 915 vm).
2042 850 2224 910 Filius,
2244 859 2297 902 et
2321 849 2460 917 quod
2489 851 2681 904 dicitur
2707 852 2890 914 Filius,
2917 863 3130 918 promer
3152 855 3359 908 Patrem
3386 854 3598 907 dicitur.

367 937 495 991 Item
517 937 568 989 in
599 937 884 1005 Evangelio
902 937 968 989 ad
1004 938 1237 998 Petrum,
1271 938 1396 990 dum
1424 953 1481 989 se
1504 947 1712 1005 peteret
1739 948 1796 991 ut
1822 954 1937 990 am-
2039 939 2168 992 Nam
2220 939 2331 1007 Ego
2359 939 2410 990 in
2441 939 2628 1002 Patre,
2667 951 2714 994 et
2753 941 2904 994 Pater
2932 943 2984 994 in
3013 959 3091 996 me
3112 983 3128 1007 ,
3163 959 3265 1004 non
3295 929 3598 1008 separatur,

366 1030 576 1081 bnlaret
604 1041 764 1092 super
792 1042 1004 1094 aquam,
1035 1027 1108 1079 ait
1137 1027 1322 1080 .Iesus:
1365 1026 1508 1079 Veni.
1554 1027 1666 1080 Non
1708 1027 1929 1094 rogavit,
2037 1032 2128 1084 sed
2161 1031 2279 1084 ideo
2312 1045 2445 1083 unus
2473 1042 2554 1084 est
2585 1032 2740 1086 Deus.
2765 1032 2869 1086 Sed
2901 1035 2943 1085 si
2971 1035 3144 1087 minor
3169 1045 3250 1088 est
3274 1034 3436 1088 Filius
3458 1050 3484 1085 a
3506 1034 3598 1086 Pa-

362 1118 456 1172 sed
485 1117 918 1171 venidixit.ltem
960 1117 1022 1168 ad
1051 1117 1406 1169 Cbauauseam
1449 1117 1726 1171 mulierem
1760 1117 1931 1170 dixit:
2039 1130 2139 1183 tre,
2164 1135 2327 1183 quare
2356 1122 2494 1174 dixit
2527 1121 2746 1174 Pa'erin
2780 1138 2856 1174 me
2877 1124 3008 1176 est?
3030 1123 3304 1191 Nunquam
3345 1125 3598 1192 majorem

365 1207 488 1260 Non
528 1223 640 1259 sum
674 1207 854 1260 missus
891 1207 988 1258 nisi
1019 1208 1086 1258 ad
1135 1223 1249 1259 oves
1292 1223 1401 1274 quia
1445 1209 1700 1275 perierunt
1750 1208 1931 1260 domus
2037 1217 2208 1276 pote-t
2236 1223 2426 1276 capere
2453 1210 2646 1263 minor.

364 1295 528 1350 Israel
556 1295 766 1365 (Matth.
815 1295 928 1362 xv).
962 1294 1186 1348 Gentilis
1213 1306 1329 1350 erat
1358 1296 1568 1358 mulier,
1601 1305 1778 1349 tamen
1809 1298 1930 1364 quia
2655 1314 2821 1353 csrur
2854 1316 2906 1352 x.

362 1390 549 1453 Voluit,
575 1387 816 1456 prastitit
845 1387 1157 1441 beneﬁt-ium
1187 1395 1237 1440 et
1265 1388 1472 1440 sanavit
1503 1387 1662 1440 tiliam
1696 1389 1833 1455 ejus,
1863 1388 1929 1442 ad
2103 1390 2295 1443 (Santra
2327 1389 2375 1441 id
2407 1389 2545 1456 quod
2572 1389 2752 1442 dicunt
2785 1390 2988 1442 Patrem
3038 1390 3324 1458 imperasse
3381 1387 3511 1443 Filio
3542 1398 3597 1443 ut

361 1493 521 1546 quam
553 1492 611 1531 se
634 1477 852 1530 missum
881 1491 986 1529 non
1012 1490 1132 1529 esse
1157 1476 1384 1531 dixerat.
1405 1476 1517 1530 Non
1541 1477 1682 1530 enim
1715 1478 1778 1530 ad
1802 1491 1930 1546 gen-
2034 1480 2229 1533 faceret
2253 1487 2569 1544 creaturam,
2602 1478 2974 1547 respondetur.
3001 1479 3130 1532 Cum
3177 1479 3356 1547 utique
3389 1488 3443 1531 et
3484 1479 3596 1546 ipse

366 1581 467 1637 tes,
498 1570 590 1624 sed
639 1568 703 1622 ad
754 1568 968 1621 .Iudiros
999 1576 1115 1621 erat
1159 1568 1453 1622 destinatus
1489 1569 1774 1633 Christus;
1809 1579 1931 1624 tunc
2034 1573 2186 1626 Pater
2217 1572 2419 1636 fecerit,
2455 1587 2574 1625 nam
2606 1572 2858 1639 scriptum
2883 1583 3000 1625 est:
3047 1570 3315 1626 Faciamus
3335 1574 3597 1634 hominem

363 1664 529 1716 dixit:
565 1661 824 1725 Omulicr,
854 1678 1038 1729 magna
1067 1671 1139 1712 est
1167 1662 1294 1727 ﬁdes
1315 1671 1426 1723 tua,
1455 1662 1546 1727 ﬁat
1566 1662 1655 1713 tibi
1676 1664 1802 1715 sicut
1832 1664 1926 1716 vis.
2031 1663 2096 1713 ad
2115 1662 2384 1729 imaginem
2407 1672 2455 1714 et
2473 1661 2855 1714 similitudinem
2905 1672 3129 1715 nostram
3175 1662 3325 1731 (Gen.
3384 1664 3444 1732 I).
3498 1663 3596 1718 Ubi

364 1751 431 1804 Et
453 1761 632 1805 sanata
654 1763 722 1804 est
750 1750 860 1818 [ilia
889 1755 999 1822 ejus
1024 1767 1086 1804 ea:
1114 1753 1204 1804 illa
1234 1750 1384 1804 hora.
1421 1753 1499 1805 Ad
1526 1767 1683 1819 quam
1713 1766 1770 1805 se
1803 1753 1928 1805 mis-
2031 1751 2328 1803 ostenditur
2373 1752 2569 1822 pariter
2606 1761 2874 1818 operatos,
2931 1760 2987 1805 ut
3045 1768 3205 1805 unum
3259 1754 3425 1806 Deum
3477 1769 3596 1808 esse

363 1861 481 1898 sum
515 1861 616 1897 non
645 1858 764 1898 esse
805 1844 1038 1904 dixerat,
1067 1857 1229 1910 quare
1254 1841 1579 1895 concedebat
1611 1843 1928 1896 beneficium
1965 1835 2007 1893 Β
2036 1856 2370 1899 monstraret.
2398 1846 2646 1914 Sequitur
2675 1846 2944 1913 Scriptura
2976 1864 2988 1897 :
3031 1843 3096 1897 Et
3116 1840 3250 1914 'fecil
3274 1845 3410 1899 Deus
3439 1847 3595 1898 homi-

363 1937 452 1989 ci?
483 1936 620 2003 Ergo
642 1934 796 1988 .vides
827 1936 945 2004 quia
978 1949 1094 2002 qua)
1122 1934 1288 1988 voluit
1339 1933 1483 1997 fecit,
1516 1950 1619 1987 non
1652 1949 1768 2002 quae
1794 1935 1926 1988 alius
2032 1953 2144 1988 nem
2174 1935 2240 1986 ad
2265 1937 2538 2003 imaginem
2562 1947 2606 1987 et
2628 1935 3011 1988 similitudinem
3035 1951 3202 1989 suam.
3227 1936 3340 1990 Non
3369 1937 3499 1989 dixit
3526 1938 3595 1990 [θη

361 2026 662 2094 imperavit.
709 2025 836 2079 Item
889 2026 937 2078 in
982 2027 1184 2093 psa'mo
1212 2025 1280 2079 de
1305 2023 1520 2079 Christo
1550 2026 1708 2078 dicit:
1746 2024 1928 2078 Omnia
2030 2038 2216 2081 ci-runt
2243 2029 2336 2089 dii,
2355 2042 2473 2080 cum
2493 2027 2711 2080 dixisset
2727 2027 2973 2095 faciamus
2995 2027 3283 2092 hominem;
3314 2027 3405 2080 sed
3429 2028 3594 2079 dixit:

359 2134 664 2188 quacunque
695 2116 942 2170 Dominus
972 2116 1128 2169 voluit
1160 2116 1278 2184 fecit
1308 2116 1360 2168 in
1409 2115 1552 2181 calo,
1605 2124 1652 2168 et
1691 2117 1741 2169 in
1771 2126 1926 2180 terra,
2033 2116 2170 2169 Deis
2220 2117 2335 2182 fecit
2379 2117 2630 2168 hominem
2685 2117 2750 2167 ad
2800 2116 3073 2187 imaginem
3119 2126 3164 2167 et
3207 2116 3594 2168 similitudinem

359 2211 409 2261 in
433 2209 564 2260 mari
590 2219 634 2260 ct
665 2207 892 2260 omnibus
921 2207 1135 2275 al'yssis.
1164 2205 1279 2260 Non
1303 2205 1456 2273 dixit,
1487 2221 1815 2275 qua‘cunque
1838 2221 1924 2274 pe-
2029 2223 2122 2258 sua
2181 2242 2193 2257 .
2230 2207 2355 2260 Item
2382 2205 2425 2258 si
2460 2206 2613 2258 Pater
2637 2219 2738 2258 non
2769 2205 2894 2259 fecit
2919 2213 3235 2267 creaturam,
3259 2215 3311 2258 et
3333 2220 3527 2270 quomo
3567 2221 3595 2255 o

361 2300 495 2352 livit.
2031 2298 2156 2349 dicit
2189 2295 2350 2349 Filius
2379 2311 2394 2350 :
2429 2294 2582 2347 Pater
2602 2310 2742 2348 meus
2763 2310 2919 2362 usque
2942 2295 3092 2347 modo
3137 2304 3399 2361 operatur,
3431 2306 3478 2346 et
3504 2310 3594 2363 ego

989 2403 1157 2441 carm
1187 2403 1296 2440 rm.
2031 2387 2249 2455 operor?
2271 2386 2399 2439 Item
2428 2385 2473 2439 si
2505 2387 2663 2440 Pater
2692 2401 2793 2438 non
2827 2385 2949 2438 fecit
2994 2394 3288 2439 creaturam
3310 2425 3324 2447 ,
3366 2393 3419 2438 et
3463 2400 3594 2452 quu-

425 2478 623 2532 Contra
654 2478 704 2532 id
729 2478 868 2547 quod
897 2478 1049 2532 dicit:
1077 2478 1243 2547 Major
1265 2489 1347 2532 est
1369 2478 1455 2545 qui
1486 2489 1723 2547 genera,
1753 2480 1928 2532 minor
2032 2479 2188 2532 modo
2215 2479 2397 2532 dicunt
2425 2477 2649 2546 apostoli
2670 2478 2734 2530 ad
2761 2477 2968 2530 Patrem
3003 2493 3015 2530 :
3049 2476 3124 2528 Tu
3155 2492 3227 2539 es,
3261 2475 3594 2541 Domine,qui

357 2581 440 2624 est
497 2573 586 2639 qui
637 2581 938 2640 generatur.
993 2572 1114 2625 Htec
1150 2572 1476 2639 temporibus
1515 2583 1925 2642 cognOscuntur,
2031 2569 2193 2638 fecisti
2215 2567 2395 2621 ctelum
2424 2579 2469 2621 e:
2500 2578 2707 2631 terram,
2730 2583 2867 2620 mare
2887 2577 2930 2618 et
2955 2567 3126 2618 omnia
3147 2581 3260 2634 qua:
3286 2567 3337 2616 in
3362 2566 3434 2618 eis
3454 2575 3594 2626 sunt,

360 2663 410 2714 in
442 2661 658 2715 Christo
678 2671 855 2714 autem
888 2662 1028 2715 nulla
1061 2672 1186 2714 sunt
1218 2672 1482 2731 tempora,
1519 2677 1613 2729 per
1639 2677 1794 2731 quem
1820 2677 1929 2716 om-
2029 2659 2115 2726 qui
2137 2675 2223 2725 per
2248 2674 2302 2710 os
2325 2659 2486 2709 sancti
2520 2657 2662 2722 pueri
2694 2657 2766 2708 tui
2797 2656 2961 2707 David
2987 2655 3160 2707 dixisti
3212 2669 3229 2706 :
3284 2655 3453 2718 Quare
3496 2653 3594 2718 [νας

359 2755 443 2807 nia
473 2753 607 2807 facta
649 2763 788 2806 sunt.
821 2752 934 2806 Non
965 2762 1048 2807 est
1075 2755 1216 2808 enim
1262 2770 1327 2808 ex
1375 2764 1613 2823 tempore
1647 2755 1927 2823 sempiter-
2031 2760 2263 2804 iuuerunt
2283 2763 2473 2822 gentes,
2500 2759 2543 2802 et
2568 2749 2743 2817 paputi
2775 2748 3000 2800 meditati
3029 2754 3144 2797 sunt
3174 2745 3346 2796 inania
3369 2745 3392 2796 Σ)
3413 2744 3594 2795 Astite-

359 2859 482 2907 nus,
505 2843 594 2912 qui
623 2851 746 2898 ante
775 2853 1011 2912 tempora
1051 2846 1289 2898 noscitur
1307 2854 1610 2914 generatus,
1635 2848 1770 2898 sicut
1799 2845 1928 2912 legi-
2029 2854 2146 2896 runt
2170 2860 2308 2911 reges
2331 2855 2496 2904 tet-rw,
2521 2852 2566 2893 et
2596 2841 2848 2910 principes
2871 2846 3204 2890 convenerunt
3244 2838 3291 2886 in
3317 2851 3472 2886 unum
3500 2836 3592 2885 art-

359 2947 479 2986 mus
508 2934 626 3001 quia
662 2934 828 2986 Adam
863 2948 890 2984 a
923 2933 1070 2986 nullo
1098 2936 1308 3002 genitus
1339 2943 1453 2997 est,
1504 2944 1560 2988 et
1588 2943 1760 2988 tamen
1813 2935 1926 3001 ipse
2028 2951 2195 2987 versus
2221 2932 2512 2995 Dominum,
2536 2941 2582 2982 et
2609 2931 2846 2981 adversus
2870 2927 3124 2980 Christum
3153 2928 3260 2992 ejus
3298 2923 3475 2995 (Psal.
3509 2926 3589 2990 Ii).

356 3035 410 3078 et
443 3025 579 3078 ﬁlius
595 3025 711 3091 ejus
737 3025 895 3077 ambo
920 3035 1072 3078 erant
1099 3040 1252 3093 pares
1277 3037 1328 3079 et
1359 3026 1608 3095 :equales,
1633 3027 1752 3093 quia
1769 3027 1924 3081 ambo
2029 3023 2376 3077 Conrenerunt
2405 3022 2537 3074 enim
2560 3022 2608 3070 iu
2640 3021 2842 3071 veritate
2865 3018 2914 3068 in
2938 3018 3137 3068 civitate
3169 3017 3263 3066 ista
3290 3029 3440 3082 super
3470 3030 3590 3063 son-

355 3126 514 3172 erant
567 3117 833 3172 homines.
878 3119 1046 3187 Major
1087 3128 1140 3172 et
1171 3120 1342 3191 minor
1381 3120 1706 3187 temporibus
1757 3122 1920 3185 ﬁunt,
1965 3190 1974 3191 7
2030 3126 2162 3167 ctum
2192 3128 2403 3182 puerum
2431 3122 2572 3163 tuum
2594 3107 3231 3174 JesumChristum,qucm
3256 3101 3591 3167 una:isti,lle-

354 3213 479 3276 quia
509 3225 645 3262 unus
675 3212 927 3272 senescit,
953 3220 1005 3263 et
1039 3212 1174 3264 alius
1201 3190 1413 3265 crescit.
1450 3212 1552 3265 Sed
1585 3213 1722 3281 apud
1755 3213 1918 3266 Deum
1947 3190 1992 3250 Ο
2026 3206 2174 3258 fortes
2199 3213 2242 3255 τι
2275 3202 2486 3254 Pontius
2517 3199 2717 3251 Pilatus
2756 3214 2868 3249 tum
2909 3196 3156 3266 g'mibus.
3179 3204 3225 3247 ει
3265 3203 3369 3246 ῑοιο
3404 3193 3586 3260 “NW.

356 3318 628 3369 nunquam
662 3301 870 3356 luerunt
899 3312 1162 3370 tempora.
2025 3309 2070 3350 et
2103 3299 2325 3364 fecerunt
2349 3295 2478 3347 sicut
2503 3309 2680 3344 manus
2707 3301 2795 3342 tua
2815 3300 2858 3342 et
2875 3289 3142 3342 consilium
3167 3297 3310 3339 tuum
3337 3287 3614 3356 pra'ﬁnie-_

428 3394 542 3462 Ipsa
565 3395 703 3447 enim
733 3403 965 3462 teinl‘ora
995 3412 1085 3460 per
1110 3396 1297 3449 Filium
1328 3395 1460 3448 facta
1482 3406 1622 3460 sunt,
1641 3408 1688 3449 et
1716 3399 1843 3450 n'liil
1870 3399 1918 3450 in
2025 3407 2034 3440 ι

2025 3397 2104 3440 rat
2136 3389 2270 3456 (Act.
2297 3386 2391 3451 tv).
2428 3385 2564 3451 Ergo
2592 3383 2657 3434 de
2710 3380 2922 3434 Christo
2979 3378 3327 3448 loquebantur
3376 3379 3440 3429 ad
3496 3377 3589 3429 Pa-

356 3485 464 3538 Deo
497 3485 790 3551 temporale
814 3495 914 3538 est.
965 3485 1118 3539 Tolle
1157 3501 1284 3554 ergo
1317 3495 1552 3554 tempora
1575 3528 1587 3548 ,
1621 3497 1672 3540 et
1698 3489 1922 3541 ostende
2026 3488 2180 3542 "'0'".
2204 3476 2290 3544 ll"i
2323 3474 2565 3527 dicebam
2599 3489 2611 3524 ³
2645 3470 2718 3523 Tu
2743 3487 2813 3534 θεν
2847 3468 3081 3530 υ⁰¹¹¹ίηεν
3105 3469 3192 3537 συί
3221 3469 3382 3535 [θεῖαί
3412 3468 3590 3519 mlum

351 3575 479 3628 mihi
506 3576 759 3642 majorem
789 3586 841 3629 et
864 3577 1145 3630 minorem.
1170 3579 1621 3643 Quemadmodum
1656 3580 1829 3632 minor
1854 3584 1923 3640 sit

2022 3579 2067 3620 ct
2091 3579 2296 3624 terram,
2326 3581 2463 3615 mare
2492 3572 2533 3614 et
2565 3561 2737 3612 omnia
2763 3559 2943 3628 quwiu
2966 3561 3037 3610 eis
3063 3566 3201 3610 sunt.
3235 3557 3371 3626 Lege
3405 3559 3454 3608 in
3487 3560 3587 3609 Ac.-

353 3666 519 3719 Filius
549 3682 652 3720 non
679 3668 849 3721 solum
884 3668 1036 3722 Patre
1057 3683 1174 3734 sun,
1199 3669 1292 3723 sed
1325 3677 1377 3722 et
1403 3671 1622 3737 angelis,
1651 3673 1921 3736 apostolus

2025 3658 2161 3710 tibus-
2195 3653 2591 3722 Apostolorum,
2624 3660 2676 3704 ct
2706 3650 2942 3703 invenies
2964 3648 3029 3701 de
3062 3646 3195 3700 Filio
3239 3645 3343 3699 dici
3388 3645 3452 3698 ad
3494 3645 3586 3698 Pa-

354 3757 548 3810 Paulus
587 3757 651 3810 ad
687 3758 936 3812 Ilebrieos
989 3759 1054 3812 de
1084 3760 1198 3828 ipso
1246 3759 1374 3813 dicit
1412 3776 1424 3814 :
1462 3761 1611 3814 Nunc
1635 3803 1650 3825 ,
1685 3764 1916 3828 inquam,

1092 3761 1198 3828 ipso
1246 3759 1374 3813 dieit
1412 3776 1424 3814 :
1462 3761 1611 3814 Nunc
1635 3803 1650 3825 ,
1685 3764 1916 3828 inquam,
2023 3758 2153 3801 trem
2187 3747 2337 3797 istam
2361 3742 2698 3796 sententiam.

269 3872 282 3880 ο
347 3848 545 3900 modico
589 3849 754 3901 minus
784 3849 845 3901 ab
891 3850 1083 3918 angelis
1134 3851 1436 3902 minoratum
1479 3851 1692 3902 tiditnus
1721 3850 1915 3904 Iesum.
2655 3847 2822 3885 CAP”
2866 3847 2940 3882 ³⁸⁸

345 3939 558 4003 Quare?
588 3941 868 4008 Sequitur:
895 3939 1108 4009 Propter
1129 3943 1412 4011 passionem
1437 3944 1608 3996 mortis
1631 3942 1911 4010 (llebr.n).
2089 3929 2221 3997 Quia
2255 3930 2390 3981 θευθ
2419 3935 2502 3981 θδι
2527 3926 2751 3994 Spiritus
2775 3933 3012 3985 εθηεῑιιει
3037 3920 3367 4011 δίεάοοειυῗο
3397 3919 3583 4011 Pelii"?

995 4008 1161 4087 carui-
1197 4051 1268 4088 ιχ,
1639 4008 1645 4010 ὴ
1875 4008 1878 4010 ⁷
2019 4019 2082 4073 ad
2111 4034 2230 4072 eum
2261 4018 2349 4088 qui
2380 4018 2714 4072 subtraxerat
2737 4014 2804 4068 de
2835 4012 3005 4081 pretio
3037 4011 3179 4064 villa:
3230 4010 3363 4061 dixit
3399 4026 3410 4060 :
3447 4008 3581 4071 Quid

417 4119 610 4173 COtlll'a
643 4121 690 4174 id
719 4123 856 4190 quod
888 4122 1096 4181 dictust:
1121 4127 1320 4178 Auctor
1347 4134 1428 4178 est
1454 4127 1541 4193 qui
1568 4133 1806 4192 generat,
1836 4127 1912 4177 vi.
2016 4121 2088 4164 est
2129 4110 2267 4179 quod
2295 4107 2518 4177 implevit
2561 4105 2781 4159 Satanas
2831 4120 2916 4155 cor
2946 4098 3336 4193 luunt—mentiri
3367 4096 3584 4193 Spiritui

345 4213 476 4265 dent
506 4187 843 4280 principium.
873 4215 1011 4268 Patri
1045 4229 1147 4270 non
1177 4187 1697 4283 estauctoritas;ubi
1730 4218 1913 4269 νυιυη-
2016 4205 2234 4255 sancto?
2273 4204 2331 4254 Et
2372 4197 2711 4270 postmodum
2751 4193 2990 4262 adjuuxit
3027 4210 3038 4243 :
3079 4191 3198 4244 Non
3250 4206 3322 4283 es
3351 4187 3582 4283 mentitus

345 4314 430 4357 us
463 4279 602 4357 mm“
635 4279 733 4358 θέε,
771 4306 926 4360 pater
964 4322 1029 4360 en
1055 4323 1104 4360 η,
1141 4322 1237 4362 nec
1259 4309 1442 4363 volens
1485 4279 1582 4364 ηεξ
1609 4309 1798 4363 nolens
1824 4324 1914 4376 ge-
2016 4294 2319 4356 hominibus,
2337 4292 2424 4346 sed
2453 4291 2558 4344 Deo
2586 4290 2722 4359 (Act.
2743 4288 2822 4355 ν).
2842 4287 2966 4340 Item
2991 4283 3042 4376 in
3060 4283 3277 4376 Actibus
3302 4279 3583 4376 Apostolo-

345 4395 487 4457 nuit,
520 4395 611 4448 sed
661 4406 866 4449 natura.
901 4396 1030 4450 Nam
1081 4399 1122 4451 si
1174 4400 1358 4453 volens
1394 4401 1601 4467 genuit,
1643 4415 1770 4468 ergo
1801 4401 1909 4467 ipsa

2018 4401 2130 4439 rum
2159 4383 2428 4447 scribitur,
2464 4380 2619 4433 Petro
2645 4378 2910 4446 cogitante
2935 4381 2988 4427 et
3019 4374 3295 4426 haesitante
3335 4371 3401 4423 de
3430 4369 3545 4421 visu
3564 4410 3577 4433 ,

341 4487 588 4541 voluntas
635 4487 804 4560 Patris
833 4489 997 4542 Filius
1035 4499 1146 4554 est,
1189 4492 1324 4544 sicut
1371 4491 1612 4560 legimus.
1638 4491 1768 4558 Quia
1800 4492 1910 4559 ipse
1939 4537 1987 4560 η
2013 4478 2140 4532 dic“
2166 4475 2393 4545 δρίπίιυε
2417 4484 2630 4527 smmis
2664 4489 2674 4522 ε
2711 4469 2840 4522 Ecce
2868 4468 2960 4560 υῖῗί
2987 4473 3220 4560 ιμέαί-νιιηι
3250 4474 3324 4525 ἐἰ
3347 4477 3576 4560 exsurge.

389 4537 428 4540 νν
636 4537 649 4540 ν
677 4537 692 4539 ν
714 4537 804 4568 ηή
833 4537 849 4540 -
875 4537 993 4542 -ν--τ
1040 4537 1146 4554 "-r
1189 4537 1324 4544 -""'
1371 4537 1612 4560 "D""""'
1643 4537 1768 4558 vc"'—
1800 4537 1909 4559 ἰν--

338 4587 424 4630 est
445 4579 664 4631 verbum
690 4587 744 4632 et
770 4579 937 4632 virtus
966 4590 1020 4634 et
1041 4581 1296 4647 sapientia
1319 4599 1332 4648 ;
1359 4583 1470 4649 ipse
1493 4591 1577 4637 est
1593 4593 1646 4637 et
1669 4585 1908 4637 voluntas
1935 4538 1944 4596 J

1973 4541 1988 4593 δ
2015 4580 2061 4621 et
2083 4537 2347 4630 descende,
2370 4576 2413 4618 et
2436 4565 2559 4618 vade
2579 4579 2690 4614 cum
2716 4561 2820 4613 illis
2849 4559 2977 4611 nihil
3021 4558 3275 4620 dubtans,
3326 4555 3445 4622 quia
3488 4569 3579 4623 ego

341 4667 535 4720 Patris.
567 4668 620 4721 Si
662 4669 946 4736 aliquando
981 4685 1082 4722 ron
1107 4645 1227 4722 vluit
1258 4645 1421 4725 Filius
1442 4712 1456 4735 ,
1488 4673 1773 4741 aliquando
1801 4691 1905 4728 non
2015 4664 2129 4715 ίιίοε
2159 4662 2271 4713 ιιιίεὶ
2296 4661 2363 4711 ατί
2387 4669 2452 4710 τε·
2483 4656 2546 4710 Et
2573 4656 2770 4708 υθηίεηε
2797 4650 2980 4714 pem“
3006 4649 3071 4701 ad
3095 4648 3379 4741 δονηείέωη
3410 4645 3538 4697 dli“
3563 4661 3582 4698 δ

339 4761 437 4811 t'oit
468 4759 640 4820 Pater,
669 4761 787 4827 qnia
821 4763 975 4814 Pater
1003 4775 1125 4814 esse
1156 4777 1258 4814 non
1283 4764 1472 4831 potuit,
1507 4766 1550 4817 si
1586 4766 1774 4818 Filium
1803 4782 1906 4819 non

2017 4754 2080 4806 In
2107 4756 2312 4806 veritate
2349 4751 2452 4801 scio
2493 4748 2612 4815 quia
2634 4762 2735 4797 non
2763 4749 2836 4794 est
2867 4753 3200 4808 personarum
3246 4737 3379 4788 Deus
3428 4750 3576 4785 acce-

339 4848 635 4902 Iiahuisset.
675 4824 777 4905 Sed
815 4852 949 4903 sicut
984 4851 1136 4904 Pater
1160 4824 1392 4906 aiter-nus
1426 4824 1529 4915 est.
1563 4855 1630 4908 ita
1663 4865 1717 4909 et
1741 4857 1906 4909 Filius
2016 4857 2129 4913 Ριοι·
2157 4844 2294 4910 (Αειο
2320 4842 2398 4908 κ)ι
2431 4837 2506 4892 Ad
2534 4835 2782 4905 Be'lli'em
2813 4833 2954 4885 εη²¹η
3013 4830 3207 4881 missus
3259 4825 3326 4878 ab
3380 4824 3579 4893 δρίείῖυ

332 4948 568 4991 aeternus
599 4948 699 5003 est,
727 4940 794 4994 de
817 4956 922 5010 quo
947 4942 1200 5009 scriptum
1234 4953 1313 4995 est
1351 4961 1365 4998 ε
1409 4942 1472 4996 In
1498 4946 1625 5012 prin.
1646 4947 1752 5014 ipio
1797 4955 1903 4998 erat

2014 4946 2216 4994 Sancto.
2252 4935 2370 5002 quia
2400 4931 2574 4984 adhuc
2598 4926 2842 4997 gentibus
2872 4937 2975 4976 non
3001 4920 3385 4990 prtedicabatnr
3409 4919 3578 5014 E-thlt-

346 5027 586 5092 Verbum,
619 5039 662 5081 ct
719 5003 931 5083 Verbum
963 5003 1070 5084 erat
1110 5033 1249 5102 apud
1295 5003 1508 5096 Deum;
1535 5044 1580 5085 et
1629 5003 1764 5086 Dens
1800 5045 1905 5087 erat
2013 5030 2231 5098 geliutu,
2264 5024 2354 5077 sed
2380 5022 2503 5075 solis
2528 5019 2743 5073 Iudaeis.
2773 5017 2902 5069 Item
2946 5013 2997 5066 in
3044 5010 3384 5106 Evangelio-z
3425 5003 3594 5106 .lesus1

343 5118 584 5182 Verbum,
609 5121 702 5173 hoc
728 5133 835 5176 erat
862 5124 914 5175 in
960 5097 1213 5194 principio
1253 5127 1394 5190 apud
1442 5123 1601 5177 Deum
1633 5127 1808 5195 (Joan.
1841 5128 1900 5190 ι).
2015 5097 2181 5172 autem
2213 5116 2411 5184 Spiritu
2441 5120 2613 5164 ιαηειο
2638 5110 2811 5174 Plenus
2835 5119 3095 5195 "97”"?
3127 5111 3204 5195 5“
3243 5116 3276 5152 α
3298 5097 3576 5195 ’λθνάαηθο

332 5210 448 5262 Non
483 5213 687 5279 capitur
715 5189 973 5282 tempore,
1004 5231 1109 5268 non
1132 5189 1306 5270 habet
1333 5216 1566 5280 initium,
1601 5189 1697 5269 nec
1747 5189 1904 5268 inclu-
2015 5211 2094 5262 Au
2128 5200 2232 5258 iiou
2264 5213 2344 5257 est
2376 5203 2514 5254 Deus
2541 5198 2627 5264 qui
2659 5197 2843 5264 implet
2890 5191 3089 5247 Deum?
3127 5191 3266 5282 Ergo
3283 5189 3578 5282 gneusgerat

330 5301 477 5354 ditur
502 5301 738 5357 sacculis.
869 5305 919 5358 in
948 5308 1152 5374 psalmo
1175 5307 1304 5361 dicit
1330 5307 1494 5360 Filius
1541 5306 1606 5359 ad
1647 5306 1854 5360 Patrem
1888 5323 1900 5358 :

2017 5301 2067 5351 in
2100 5297 2332 5357 Christo,
2364 5307 2469 5360 quo
2493 5290 2676 5358 plenus
2703 5296 2786 5341 est
2817 5298 3090 5353 regressus
3111 5297 3138 5334 a
3167 5280 3419 5335 Iordane.
3445 5280 3573 5333 Item

334 5389 448 5460 Ego
476 5408 671 5461 semper
717 5403 882 5447 tecum
910 5371 1043 5449 sum.
1077 5397 1129 5450 Si
1167 5399 1310 5452 enim
1343 5411 1554 5464 semper
1582 5411 1699 5450 cum
1749 5397 1905 5450 Patre
2015 5385 2299 5456 Apostolus
2335 5401 2346 5434 :
2377 5380 2593 5434 Nescitis
2618 5379 2734 5446 quia
2767 5391 2981 5443 corpora
3018 5383 3185 5464 vestra
3230 5371 3473 5464 templum
3521 5371 3574 5419 in

297 5472 432 5533 'tuit
462 5480 648 5548 Filius,
677 5485 944 5550 quomodo
971 5495 1158 5540 auctor
1186 5497 1268 5542 est
1298 5463 1474 5552 Pater,
1507 5487 1594 5555 qui
1627 5495 1750 5539 ante
1774 5501 1903 5538 nun-

2013 5477 2145 5531 robis
2162 5486 2232 5528 est
2262 5473 2486 5542 Spiritus
2512 5470 2672 5522 sancti
2693 5469 2714 5520 ?
2742 5467 2970 5521 Secutus
2998 5473 3080 5518 est
3108 5479 3119 5514 :
3148 5463 3438 5529 Gloriﬁcate
3458 5473 3575 5525 ergo

328 5587 490 5637 quam
532 5572 678 5626 fuit?
732 5575 858 5627 Item
888 5575 955 5628 de
985 5575 1102 5643 ipso
1145 5577 1358 5642 dicitur,
1397 5550 1706 5645 Priusquam
1734 5577 1907 5642 ﬁerent
2015 5570 2175 5622 Deum
2198 5569 2247 5619 in
2275 5581 2482 5635 corpore
2512 5571 2691 5616 vestro.
2720 5561 2844 5614 Item
2886 5559 2934 5610 in
2984 5557 3266 5645 Salomone
3302 5569 3312 5601 ε
3349 5550 3574 5645 δΡῗνξίκδ

329 5671 544 5725 montes,
598 5672 644 5714 et
675 5664 948 5732 ﬁngeretur
991 5675 1146 5726 terra,
1178 5677 1220 5718 et
1252 5666 1384 5718 orbis
1431 5677 1599 5729 terrm,
1641 5682 1671 5716 a
1719 5666 1904 5718 sa’culo
2013 5659 2218 5713 Domini
2249 5656 2454 5725 repleri!
2477 5653 2642 5705 orbem
2666 5662 2935 5703 intrarunt.
2968 5646 3096 5699 lle!"
3126 5642 3308 5696 Εςῖιίδε
3340 5638 3572 5705 Ιιτυιδ¹¹θ“

330 5769 487 5814 usque
516 5756 565 5804 in
597 5755 837 5808 sa'culum
862 5766 911 5808 tu
945 5775 1012 5810 rs.
1041 5759 1096 5811 Si
1128 5758 1284 5819 igitur
1323 5761 1564 5812 voluntas
1611 5768 1690 5812 cst
1734 5758 1901 5810 Patris
2014 5767 2060 5806 ta
2090 5771 2100 5804 :
2140 5750 2200 5802 Et
2236 5749 2372 5800 Dirit
2402 5747 2644 5799 Dominus
2666 5744 2732 5794 ad
2755 5757 2831 5792 me
2855 5756 2868 5789 :
2905 5738 3065 5792 I'odc.
3095 5737 3164 5786 dit
3211 5733 3398 5799 populo
3432 5732 3568 5792 huit‘,
