4068 6348
358 402 361 407 ν
449 371 551 428 763

1412 363 1743 420 CEREALIS
1781 346 2270 417 CASTELLENSIS
2312 356 2612 413 EPISCOPI

3580 351 3689 407 761

451 493 582 542 Aure
599 486 896 550 audiet?s,et
918 499 1015 537 non
1039 482 1347 550 intelligetis,
1366 491 1466 534 etc.
1494 481 1660 546 Quem
1686 476 1815 531 dicit
1843 477 2004 529 Deum
2038 474 2080 531 Α
2112 474 2184 525 ire
2205 473 2256 525 in
2286 471 2599 539 Bithyniam,
2625 479 2669 522 et
2697 482 2894 521 noneos
2916 480 3092 534 passus
3109 475 3178 520 est
3205 465 3431 534 Spiritus
3454 477 3683 521 sanctus.

454 576 658 641 Esaias,
688 576 858 643 ip-um
878 572 1006 627 dicit
1030 571 1283 640 Spiritum
1325 578 1570 623 sanetum
1611 566 1919 636 Apostolus.
1952 563 2009 618 Si

454 668 593 722 Deus
619 667 834 734 spiritus
862 671 974 727 est,
1026 662 1293 731 quomodo
1333 659 1566 730 Spiritus
1614 667 1828 712 sanctus
1872 656 2013 709 Deus

455 773 558 812 non
589 766 703 821 est;
734 756 779 809 si
807 771 911 809 non
952 763 1035 809 est
1065 754 1202 807 Deus
1229 751 1457 820 Spiritus
1477 760 1713 811 sanctus,
1747 746 2014 817 quomodo

456 849 583 903 dicit
608 846 878 916 apostolus
906 845 1096 899 Paulus
1127 861 1140 896 :
1169 841 1448 896 Divisiones
1474 852 1643 893 autem
1685 840 2015 901 donationum

457 946 591 997 sunt.
621 938 756 990 idem
795 945 965 989 autem
988 935 1244 1002 Spiritus;
1272 942 1317 986 et
1358 934 1625 986 divisiones
1670 933 2015 998 operationum

458 1039 596 1094 sunt,
623 1045 754 1082 unus
777 1037 942 1081 autem
967 1027 1122 1090 Deus,
1146 1026 1230 1092 qui
1267 1034 1507 1094 aperatur
1542 1023 1711 1075 omnia
1752 1021 1823 1074 ir!
1842 1020 2020 1073 omni-

461 1119 572 1185 bus,
610 1118 698 1188 qui
740 1118 915 1171 dividit
962 1116 1169 1185 propria
1198 1115 1468 1182 unicuique
1497 1121 1645 1182 prout
1684 1114 1790 1164 vult
1814 1109 1867 1175 (Ι
1896 1110 2015 1164 Cor.

461 1210 595 1279 xu)?
622 1210 736 1279 Ipse
764 1217 846 1262 cst
870 1207 1096 1275 Spiritus
1120 1215 1353 1271 sanctus,
1385 1205 1451 1260 de
1480 1220 1584 1273 quo
1610 1204 1737 1258 dicit
1766 1207 2018 1273 propheta

466 1302 647 1355 Esaias
674 1318 686 1352 :
718 1301 971 1368 Spiritus,
1006 1299 1218 1368 inquam
1247 1338 1260 1361 ,
1303 1298 1563 1367 sapientiae
1608 1308 1653 1349 et
1696 1298 1978 1350 intellectus
2002 1336 2017 1360 ,

464 1391 663 1444 consilii
681 1400 727 1443 et
746 1390 1078 1457 fortitudinis,
1104 1389 1324 1442 scientia:
1362 1397 1409 1441 et
1465 1390 1685 1457 pietatis,
1731 1398 1779 1441 et
1830 1389 2023 1441 timoris

470 1480 691 1534 Domini.

1094 1564 1257 1604 CAPUT
1295 1566 1391 1603 XII.

535 1639 667 1703 Quia
694 1647 748 1692 et
770 1646 978 1693 creator
998 1647 1081 1693 est
1100 1638 1328 1707 Spiritus
1374 1648 1593 1692 sanctus
1614 1676 1629 1702 ,
1669 1638 1748 1692 sic
1786 1638 2023 1692 docetur.

471 1731 523 1782 lu
556 1727 654 1782 Job
684 1727 907 1797 legimus
934 1744 946 1780 :
980 1712 1204 1796 Spiritus
1233 1728 1434 1781 divinus
1459 1737 1541 1800 est.
1556 1728 1642 1795 qui
1672 1727 1791 1794 fecit
1832 1743 1929 1780 me.
1970 1728 2026 1780 In

2116 562 2253 616 Ecce
2281 560 2537 630 apostolis
2566 561 2814 627 imperat.
2839 554 2977 612 Item
2994 556 3048 611 in
3067 556 3352 612 Salomone
3368 555 3533 611 dicit:
3560 558 3688 627 Spi-

2114 653 2241 704 ritus
2264 661 2467 703 sanctus
2496 648 2622 703 mihi
2648 648 2938 717 Sapientia,
2967 646 3021 700 id
3050 654 3135 701 est
3162 645 3215 699 in
3241 643 3478 700 Christo.
3509 647 3689 715 Spiri-

2116 749 2196 794 tus
2224 741 2285 795 S.
2320 740 2517 803 unicus,
2547 739 2837 806 multiplex,
2865 737 3085 803 subtilis,
3120 734 3398 791 immobilis
3421 778 3436 802 ,
3488 739 3690 792 incoin-

2116 836 2378 908 quinatus,
2397 842 2584 899 certus,
2607 847 2833 896 securus,
2857 846 3039 885 amans
3063 830 3272 894 bonum,
3287 831 3463 883 omnia
3489 841 3688 901 potens,

2118 925 2289 978 omnia
2318 924 2607 990 prazsciens,
2634 931 2681 976 et
2704 922 2788 988 qui
2812 922 2982 989 capiat
3011 935 3181 974 omnes
3212 920 3418 989 spiritus
3445 921 3695 990 intelligi-

2119 1014 2262 1077 biles,
2289 1015 2509 1066 mundus
2533 1010 2748 1065 subtilis.
2772 1011 2907 1063 Ecce
2929 1010 3099 1078 qualis
3121 1018 3201 1063 est
3226 1008 3457 1077 Spiritus
3481 1008 3535 1064 S.
3556 1010 3691 1063 Item

2122 1104 2172 1157 in
2194 1102 2519 1171 Evangelio:
2553 1100 2615 1153 Et
2637 1114 2892 1171 regressus
2921 1108 2992 1150 est
3013 1096 3165 1150 Iesus
3189 1098 3243 1151 in
3266 1099 3452 1150 virtute
3468 1098 3698 1165 Spiritus

2119 1193 2171 1246 in
2200 1190 2487 1245 Catilinam.
2544 1191 2596 1244 lu
2642 1192 2834 1243 virtute
2873 1187 3106 1256 Spiritus
3130 1187 3367 1241 ambulat
3419 1187 3685 1243 Chrisvus.

2124 1284 2250 1338 Item
2285 1284 2336 1337 in
2374 1283 2506 1336 \ctis
2536 1280 2912 1349 Apostolorum
2955 1280 3215 1348 legimus:
3243 1274 3376 1345 Quia
3404 1278 3699 1347 loqueban-

2124 1383 2210 1428 tur
2234 1373 2460 1442 apostoli
2491 1369 2937 1441 quemadmodum
2988 1368 3144 1422 dabat
3168 1367 3271 1422 eis
3310 1369 3696 1436 pronuntiatio.

2130 1462 2363 1531 Spiritus
2388 1460 2547 1515 dabat
2569 1460 2826 1527 apostolis
2846 1457 3291 1528 quemadmodum
3324 1457 3696 1527 loquebantur.

2128 1553 2257 1607 Item
2298 1552 2571 1621 apostolus
2594 1551 2788 1605 Paulus
2833 1548 3067 1603 ostendit
3094 1562 3210 1617 quae
3241 1546 3437 1603 tribuat
3472 1547 3702 1617 Spiritus

2129 1652 2344 1698 sanctus
2366 1644 2550 1697 dicens
2582 1660 2593 1694 :
2628 1641 2856 1695 Fructus
2881 1652 3054 1695 autem
3095 1641 3322 1710 Spiritus
3341 1650 3449 1706 est,
3480 1643 3666 1694 caritas
3685 1684 3699 1707 ,

2135 1734 2402 1803 gaudium,
2432 1749 2550 1800 pax,
2578 1732 2958 1803 longanimitas,
2992 1731 3295 1802 benignitas,
3324 1732 3701 1799 bonitas,ﬂdes,

473 1819 673 1884 psalmo
704 1836 716 1871 :
748 1817 1196 1887 Emitte'spiritum
1220 1826 1360 1870 tuum
1388 1826 1434 1870 et
1486 1816 1789 1870 creabantur
1835 1818 1853 1887 (
1880 1816 2026 1870 Psal.
2058 1822 2105 1882 Β
2132 1824 2482 1886 mansuetudo,
2516 1822 2863 1891 continentia(
2881 1820 2909 1874 Ι
2948 1820 3103 1874 Joan.
3148 1823 3243 1889 tv).
3300 1822 3365 1875 Et
3396 1822 3620 1890 legimus
3650 1823 3702 1875 in

469 1907 602 1977 cui).
629 1908 684 1963 In
715 1908 999 1977 Evangelia
1030 1927 1041 1960 :
1070 1908 1283 1961 Inventa
1313 1916 1385 1961 est
1411 1906 1580 1961 Maria
1604 1907 1791 1960 habens
1820 1908 1881 1960 de
1904 1906 2028 1976 Spi-

471 2003 571 2053 ritu
594 2010 791 2053 saucto.
814 1998 907 2053 Cui
933 1998 1104 2053 fuerat
1139 1998 1340 2052 dictum
1370 2016 1383 2049 :
1418 1998 1644 2066 Spiritus
1689 2007 1893 2051 sanctus
1947 2014 2032 2051 su-

471 2092 713 2157 perveniet
731 2092 783 2143 in
803 2096 868 2152 te,
882 2088 1093 2141 etvirtus
1110 2087 1356 2140 Altissinti
1374 2086 1687 2140 obumbrabit
1709 2086 1796 2139 tibi
1818 2086 2030 2157 (Matth.

471 2183 530 2248 ι).
567 2179 621 2232 1η
648 2178 849 2246 psalmo
875 2193 887 2229 :
923 2176 1085 2230 Verbo
1107 2175 1312 2231 Domini
1331 2177 1444 2230 caeli
1471 2177 1658 2244 ﬁrmati
1683 2186 1820 2243 sunt,
1846 2188 1891 2231 et
1920 2178 2037 2245 Spi-

470 2270 570 2321 ritu
591 2269 692 2321 oris
714 2272 825 2338 ejus
854 2269 1017 2321 omnis
1051 2268 1207 2321 virtus
1235 2283 1404 2321 eorum
1439 2266 1606 2333 (Psal.
1650 2268 1847 2335 usti).
1892 2268 1946 2322 Si
1981 2268 2035 2322 in

472 2368 623 2411 utero
651 2357 867 2427 virginis
888 2358 1117 2425 Spiritus
1143 2366 1358 2413 sanctus
1379 2357 1569 2412 Filium
1603 2359 1695 2413 Dei
1734 2359 1879 2423 fecit,
1910 2359 2035 2427 quid

473 2446 582 2499 Deo
601 2445 767 2500 deluit
791 2446 933 2514 quod
962 2460 1064 2501 non
1094 2446 1334 2499 ereavit?
1357 2446 1411 2498 In
1441 2446 1727 2515 Evangelia
1772 2463 1787 2500 :
1828 2447 1888 2501 Si
1923 2448 2036 2515 quis

473 2553 573 2589 non
597 2545 801 2589 renatus
833 2538 983 2605 fuerit
1005 2553 1068 2589 ex
1086 2553 1216 2605 aqua
1236 2547 1283 2590 et
1304 2536 1504 2605 Spiritu
1533 2548 1726 2601 sancto,
1747 2554 1849 2591 non
1875 2548 2036 2605 potest

473 2624 641 2677 videre
684 2642 897 2693 regnum
949 2624 1063 2680 Dei.
1115 2626 1357 2694 Amplius
1402 2636 1485 2681 est
1531 2629 1671 2681 enim
1722 2642 2039 2697 regenerare

472 2729 631 2783 quam
650 2729 832 2769 creare
849 2732 862 2768 :
878 2730 1002 2769 ecce
1022 2717 1250 2783 Spiritus
1278 2725 1490 2770 sanctus
1510 2727 1808 2785 regeneral,
1823 2717 2038 2786 quando

475 2805 525 2860 in
549 2806 813 2875 baptismo
837 2807 1171 2861 renascimur
1197 2822 1290 2876 per
1314 2807 1510 2876 ipsum.

1105 2938 1269 2975 CAPUT
1306 2937 1419 2976 XIII.

541 3013 672 3079 Quia
702 3012 995 3067 vivificator
1022 3022 1103 3067 est
1122 3014 1370 3082 Spiritus,
1392 3015 1467 3068 sic
1490 3014 1731 3069 docetur.
1757 3013 2041 3082 Apostolus

473 3105 601 3160 dicit
626 3122 639 3158 :
673 3104 865 3165 Littera
890 3104 1104 3169 occidit,
1126 3105 1356 3172 Spiritus
1375 3114 1550 3160 autem
1577 3106 1804 3161 viviﬁcat
1838 3106 1889 3175 (I
1917 3105 2036 3160 Cor.

475 3196 578 3262 mh
636 3196 763 3250 Item
817 3196 867 3249 in
899 3196 1186 3264 Evangelio
1225 3210 1238 3244 :

475 3300 592 3338 caro
621 3294 791 3339 autem
819 3301 919 3338 non
966 3286 1168 3352 prodest
1192 3287 1466 3355 quidquam
1499 3286 1677 3355 (Joan.
1703 3286 1795 3355 rt).
1824 3288 1877 3339 In
1912 3289 2042 3341 Eze-

475 3373 647 3427 chiele
675 3373 740 3427 ad
768 3386 891 3427 ossa
923 3374 1067 3427 arida
1101 3374 1329 3427 (Iliorum
1363 3376 1519 3428 Israel
1566 3376 1845 3429 mandatur
1875 3386 1926 3430 et
1950 3374 2041 3430 ‘di-

474 3463 633 3527 citur,
666 3477 759 3532 per
785 3463 1091 3531 pr0plretam
1119 3476 1131 3510 :
1165 3462 1308 3518 Dabo
1339 3464 1592 3535 Spiritum
1614 3482 1775 3518 meum
1802 3467 1853 3520 in
1881 3467 2039 3537 robis,

474 3563 522 3607 et
572 3553 759 3607 vivatis.
806 3553 932 3607 Item
983 3554 1264 3621 Apostolus
1307 3554 1434 3609 dicit
1484 3568 1499 3603 :
1541 3554 1602 3609 Si
1656 3564 1825 3609 autem
1874 3556 2043 3626 Spiri-

476 3653 557 3696 tus
600 3645 710 3715 ejus
763 3644 850 3713 qui
897 3644 1151 3696 suscitarit
1211 3642 1387 3698 Iesum
1434 3643 1694 3698 Christum
1746 3662 1780 3699 η
1832 3647 2045 3700 mortuis

476 3735 666 3789 habitat
716 3737 767 3788 in
812 3737 971 3802 vobis,
1014 3736 1285 3805 viviﬁcabit
1317 3746 1365 3789 et
1412 3738 1653 3791 mortalia
1701 3755 1914 3809 corpora
1962 3757 2041 3794 vc-

477 3839 581 3881 stra
628 3844 716 3895 per
772 3829 1079 3882 habitantem
1130 3830 1382 3897 Spiritum
1423 3835 1533 3902 ejus
1587 3833 1637 3885 in
1684 3834 1820 3886 vobis
1866 3833 2041 3903 (Rom.

476 3934 592 3985 vnt,
630 3919 739 3989 11).
763 3920 900 3989 Ergo
934 3920 1172 3974 mortalia
1193 3934 1415 3990 ctirpora
1436 3922 1768 3978 vivificantur
1789 3939 1817 3978 a
1840 3925 2037 3995 Spiritu

478 4019 685 4062 sancto.

624 4110 629 4115 ·
1083 4095 1251 4135 CAPUT
1291 4097 1402 4135 ιιν.

546 4165 679 4230 Quia
708 4175 761 4220 et
792 4166 906 4236 ipse
929 4170 1154 4236 propriae
1182 4174 1460 4238 potestatis
1485 4184 1537 4226 et
1564 4176 1852 4229 voluntatis
1882 4174 2046 4241 sit,ct

480 4256 823 4322 omnipotens
851 4257 921 4309 sit
944 4258 1171 4325 Spiritus
1200 4261 1259 4314 S.
1284 4261 1361 4314 sic
1385 4262 1627 4317 docetur.
1654 4266 1938 4333 Apostolus
1966 4269 2048 4321 di-

474 4346 551 4397 cit
580 4361 594 4396 :
625 4344 726 4397 Alii
748 4346 898 4398 datur
923 4349 1266 4415 manifestatio
1293 4350 1516 4417 Spiritus
1538 4354 1606 4405 ad
1627 4356 1891 4409 utilitatem
1910 4400 1923 4422 ,
1957 4358 2047 4409 alii

474 4434 635 4485 datur
664 4450 753 4502 per
783 4435 1033 4503 Spiritum
1058 4452 1224 4490 sermo
1257 4440 1541 4505 sapientiae,
1567 4442 1657 4494 alii
1683 4459 1847 4495 sermo
1880 4447 2045 4498 scien-

2132 1914 2337 1969 Joanne
2364 1914 2603 1982 apostolo
2634 1930 2647 1964 :
2677 1913 2810 1979 Quia
2844 1912 2974 1966 Deus
2993 1913 3178 1966 caritas
3203 1922 3295 1967 est.
3326 1913 3380 1969 Si
3414 1914 3553 1967 Deus
3596 1929 3685 1966 ca-

2133 2005 2283 2068 ritas,
2315 2004 2485 2072 qualis
2504 2013 2585 2056 est
2613 2002 2841 2070 Spiritus
2870 2011 3103 2066 sanctus,
3132 2002 3281 2071 cujus
3310 2010 3392 2055 est
3422 2003 3531 2071 ipsa
3562 2003 3699 2056 cari-

2134 2093 2253 2147 tas?
2282 2094 2370 2148 Sic
2394 2094 2533 2147 enim
2581 2093 2744 2145 habes
2774 2107 2929 2161 supra
2980 2114 2993 2150 :
3045 2093 3176 2160 Quia
3231 2094 3421 2162 fructus
3470 2093 3695 2163 Spiritus

2135 2186 2303 2240 sancti
2332 2194 2403 2239 est
2428 2184 2614 2238 cerua;
2636 2182 2688 2255 (I
2714 2182 2870 2238 Joan.
2905 2187 3003 2249 tv).

2750 2289 2917 2327 CAPUT
2960 2290 3043 2325 XV.

2208 2368 2282 2422 De
2311 2367 2569 2438 Trinitate
2612 2376 2666 2418 et
2719 2365 2876 2418 Verbi
2910 2366 3210 2419 divinitate.
3244 2365 3299 2420 Si
3334 2365 3564 2420 Trinitas
3602 2381 3705 2420 non

2137 2468 2236 2521 est,
2267 2474 2433 2526 quare
2462 2457 2658 2511 dictum
2686 2466 2769 2510 est
2802 2474 2813 2507 :
2847 2454 2929 2509 Ite
2953 2497 2965 2521 ,
2996 2458 3249 2529 baptizata
3290 2473 3462 2510 omnes
3505 2466 3673 2525 gentes
3693 2500 3707 2521 ,

2143 2552 2197 2604 in
2219 2551 2422 2603 nomine
2444 2547 2639 2614 Patris,
2664 2556 2710 2601 et
2742 2546 2887 2613 Filii,
2917 2557 2965 2600 et
2995 2548 3223 2615 Spiritus
3243 2549 3441 2601 sancti?
3458 2548 3512 2603 Si
3543 2552 3709 2601 unitas

2141 2658 2245 2696 non
2272 2651 2372 2706 est,
2408 2655 2573 2709 quare
2602 2640 2653 2693 in
2682 2654 2787 2694 uno
2818 2640 3263 2695 nomiue‘dictum
3294 2648 3405 2704 est,
3443 2650 3496 2694 et
3525 2654 3625 2693 non
3660 2634 3709 2693 iu

2141 2732 2553 2786 nominibus‘tSi
2586 2730 2819 2784 Trinitas
2861 2745 2968 2784 non
3010 2740 3121 2793 est,
3165 2744 3331 2797 quare
3367 2730 3498 2783 dicit
3537 2731 3698 2783 Domi.

2141 2836 2275 2875 nus:
2303 2822 2411 2892 Ego
2438 2837 2551 2874 sum
2587 2818 2723 2874 Deus
2754 2819 3045 2885 Abraham,
3092 2818 3230 2873 Deus
3273 2819 3445 2885 Isaac,
3491 2828 3539 2873 et
3578 2819 3708 2873 Deus

2141 2911 2411 2965 Jacob?Si
2442 2911 2618 2964 unitas
2647 2925 2750 2963 non
2783 2919 2900 2973 est,
2950 2924 3114 2979 quare
3157 2909 3289 2963 dicit
3341 2911 3502 2964 tertio
3541 2909 3705 2974 Deus,
3750 2954 3751 2957 η

2142 3010 2197 3056 et
2223 3017 2326 3057 non
2350 3003 2546 3070 pariter
2570 3001 2703 3054 Deos
2731 3001 3057 3070 appellavit?
3087 3000 3145 3055 Si
3175 3000 3412 3054 Trinitas
3454 3014 3558 3069 non
3590 3010 3705 3061 est,

2147 3111 2313 3167 quare
2342 3098 2525 3151 dicunt
2554 3098 2604 3150 in
2639 3096 2790 3150 Esaia
2817 3094 3097 3161 Scrapliim
3128 3094 3393 3148 laudantia
3427 3108 3439 3143 :
3471 3072 3707 3156 Sanctus,

1294 3197 1522 3263 Spirirus
1561 3206 1634 3250 est
1668 3200 1753 3265 qui
1791 3172 2034 3265 riui/ient,

2150 3186 2385 3249 Sanctus,
2420 3182 2673 3251 Sanctus,
2698 3184 2945 3239 Dominus
2976 3184 3109 3237 Deus
3132 3184 3357 3239 Sabaoth
3392 3186 3409 3254 (
3434 3183 3575 3237 Esai.
3603 3186 3708 3253 vr).

2148 3279 2242 3334 Ubi
2270 3290 2325 3334 et
2350 3280 2668 3334 Trinitatem
2701 3279 2987 3332 ostendunt
3013 3287 3066 3332 et
3097 3268 3377 3342 unitatem,
3404 3279 3522 3346 quia
3552 3276 3709 3329 Drum

2144 3370 2329 3424 dicunt
2359 3378 2414 3424 et
2443 3385 2546 3424 non
2570 3370 2722 3422 deos.
2753 3370 2805 3422 Si
2833 3368 3065 3421 Trinitas
3089 3385 3192 3423 non
3233 3376 3345 3427 est,
3378 3382 3543 3435 quare
3584 3365 3705 3419 dicit

2144 3461 2432 3528 Apostolus
2465 3472 2477 3508 :
2504 3458 2588 3513 Ea:
2615 3462 2751 3526 ipso,
2782 3470 2829 3511 et
2854 3475 2944 3529 per
2966 3461 3152 3527 ipsum,
3184 3468 3230 3512 et
3253 3459 3306 3511 in
3327 3459 3439 3527 ipso
3469 3465 3582 3510 sunt
3604 3472 3707 3508 om-

2142 3552 2249 3607 nia.
2273 3551 2375 3606 Aut
2404 3553 2447 3605 si
2479 3551 2712 3605 Trinitas
2742 3566 2846 3603 non
2870 3560 2948 3604 est
2980 3560 3071 3603 aut
3096 3550 3303 3619 unitas,
3336 3564 3502 3618 quare
3528 3548 3704 3615 sequi-

2149 3651 2254 3708 tur,
2289 3644 2406 3711 ipsi,
2440 3640 2628 3712 glcria,
2656 3651 2707 3694 et
2736 3655 2841 3695 non
2871 3640 3000 3709 ipsis
3017 3640 3208 3709 gloria,
3262 3639 3308 3693 si
3365 3640 3542 3707 plures
3586 3645 3708 3701 sunt

2146 3733 2423 3801 diiiQuod
2455 3735 2500 3787 si
2530 3734 2598 3788 de
2637 3733 2795 3787 Patre
2846 3734 2946 3787 hoc
2994 3733 3179 3786 volunt
3220 3732 3385 3801 aliqui
3435 3733 3705 3799 accipere,

2146 3841 2273 3894 ergo
2320 3842 2423 3880 nou
2456 3824 2844 3879 calumnientur
2875 3823 3008 3877 Filio
3029 3864 3044 3887 ,
3076 3822 3326 3893 quoniam
3373 3824 3515 3877 sicut
3557 3821 3710 3874 Pater

2147 3915 2358 3979 Filium,
2391 3915 2469 3968 sic
2494 3929 2589 3983 per
2610 3913 2801 3968 Filium
2832 3914 2968 3967 facta
2995 3921 3118 3967 sunt
3138 3913 3339 3967 omnia.
3376 3909 3554 3980 Itaque
3577 3913 3710 3964 Deus

2149 4022 2251 4061 non
2285 4013 2613 4068 numeratur,
2639 4019 2743 4058 non
2771 4004 3015 4073 augetur,
3048 4018 3152 4057 non
3184 4002 3405 4072 indiget,
3438 4002 3559 4069 quia
3606 4014 3709 4053 non

2147 4097 2423 4151 minuitur.
2453 4095 2509 4149 Si
2542 4095 2677 4149 Deus
2696 4103 2777 4148 est
2798 4095 2975 4162 utique
3007 4092 3192 4159 Filius,
3218 4106 3323 4144 non
3351 4090 3583 4144 admittit
3609 4091 3705 4144 ista

2148 4188 2200 4242 in
2231 4202 2310 4251 se,
2345 4201 2463 4238 nam
2490 4186 2603 4252 ipse
2628 4184 2760 4238 dicit
2799 4184 2862 4236 ad
2900 4184 3169 4237 diabolum
3211 4191 3505 4236 teutantem
3538 4198 3549 4233 :
3592 4180 3710 4234 Non

2148 4277 2360 4330 tentabis
2390 4276 2660 4328 Dominum
2696 4274 2855 4327 Deum
2878 4282 3021 4326 tuum
3071 4270 3283 4338 (-llatth.
3326 4270 3423 4340 ιν).
3482 4271 3548 4323 Ει
3574 4270 3713 4323 Tho-

2150 4381 2263 4420 mas
2312 4364 2589 4432 aposolus
2634 4363 2781 4427 dicit,
2830 4379 2949 4416 eum
2995 4362 3231 4430 palparet
3278 4359 3391 4413 loca
3437 4359 3711 4412 vulnerum

2151 4463 2263 4530 ejus
2306 4478 2319 4513 :
2374 4458 2621 4512 Dominus
2667 4473 2805 4511 meus
2852 4467 2899 4510 et
2951 4458 3087 4511 Deus
3136 4472 3294 4509 meus.
3344 4454 3715 4521 Inseparabilis

483 4522 578 4620 ξαε-
598 4523 874 4620 ξεευηᾴξξτη
908 4525 1137 4620 “ﬁdem
1166 4527 1442 4597 δρίνίιυηιν
1473 4530 1563 4600 “.“l
1603 4531 1726 4591 Ῑῖάεδ
1768 4533 1820 4585 δη
1865 4533 2042 4587 eadem
2072 4522 2125 4582 Ῑ)
2148 4522 2342 4620 quippe
2370 4560 2451 4603 est
2477 4548 2729 4602 Trinitas.
2758 4546 2938 4615 Neque
2966 4535 3108 4601 enim
3137 4530 3345 4600 loeutus
3372 4554 3455 4598 est
3495 4545 3579 4597 ubi
3607 4558 3712 4597 non

476 4612 706 4680 Spiritu,
726 4617 816 4668 alii
855 4618 1061 4670 donatio
1091 4620 1414 4689 curationum
1442 4621 1495 4674 in
1538 4638 1638 4674 uno
1666 4622 1865 4690 Spiritu
1888 4665 1902 4689 ,
1953 4626 2045 4679 alii

480 4704 794 4771 operationes
814 4707 1214 4772 sanitatum,alii
1244 4712 1529 4779 praphetia,
1552 4713 1641 4765 alii
1662 4715 1916 4785 judicatio
1941 4716 2045 4784 spi-

475 4796 691 4861 rituum,
730 4796 820 4851 alii
841 4814 1023 4867 genera
1051 4800 1342 4870 linguarum
1365 4818 1386 4857 :
1406 4804 1514 4858 hinc
1537 4814 1705 4858 autem
1731 4807 1900 4859 omnia
1925 4823 2050 4876 ape-

480 4898 622 4943 ratur
641 4904 773 4944 unus
796 4898 946 4959 atque
970 4891 1106 4944 idem
1127 4894 1373 4962 Spiritus,
1398 4896 1628 4950 dividens
1680 4899 1888 4965 propria
1925 4901 2016 4952 uni
2027 4928 2044 4939 -

379 5036 384 5040 _
476 4979 657 5046 cuique
680 4992 831 5049 prout
851 4981 951 5034 rult
975 4978 1029 5051 (Ι
1054 4981 1169 5035 Cor.
1198 4988 1313 5052 xu).

555 5069 695 5125 Ecce
721 5072 861 5140 quod
891 5083 1146 5140 operatur
1182 5091 1315 5130 unus
1351 5085 1511 5145 atque
1552 5078 1693 5134 idem
1726 5080 1953 5148 Spiritus
1983 5090 2044 5136 ut

480 5161 611 5228 vult,
643 5178 748 5217 non
776 5180 894 5234 quae
917 5165 971 5220 ei
992 5166 1338 5235 imperantur.
1373 5169 1489 5236 Ipse
1511 5171 1767 5226 Dominus
1792 5173 1844 5227 in
1868 5174 2041 5228 Evan-

478 5253 615 5320 gelio
652 5254 823 5310 dicit:
862 5255 1088 5321 Spiritus
1130 5258 1215 5311 ubi
1262 5259 1367 5312 vult
1406 5262 1567 5330 spirat
1607 5263 1792 5332 (Joan.
1826 5264 1937 5332 ut).
1986 5265 2040 5318 In

478 5346 698 5401 Actibus
725 5346 1104 5415 Apostolorum
1141 5348 1293 5418 jubet
1334 5351 1562 5418 Spiritus
1599 5353 1840 5423 Philippo
1884 5363 1941 5408 ut
1984 5369 2043 5409 se

477 5438 722 5501 eunucho
750 5438 1006 5494 Candacis
1034 5443 1234 5510 reginae
1260 5442 1628 5512 eoujungeret.
1653 5444 1780 5499 Item
1810 5446 2041 5515 Spiritus

477 5530 640 5584 dicit:
666 5530 1084 5613 Segregatemihi
1107 5532 1395 5587 Barnabam
1434 5545 1480 5587 et
1529 5535 1751 5589 Paulum
1799 5540 1851 5591 in
1893 5555 2043 5605 opere

475 5629 670 5686 sancto,
693 5637 792 5690 quo
818 5624 989 5681 vocavi
1011 5623 1147 5677 illos.
1181 5623 1319 5679 Ecce
1345 5623 1573 5693 Spiritus
1600 5636 1814 5682 sanctus
1858 5642 2039 5695 segre-

478 5721 563 5777 gat
584 5714 849 5781 apostelos
877 5725 929 5768 et
957 5723 1127 5770 vocat.
1163 5713 1290 5769 item
1321 5714 1386 5769 de
1429 5715 1680 5783 apostolis
1710 5735 1722 5770 :
1755 5716 2037 5770 Teutabant

2147 4643 2236 4696 sit.
2268 4640 2441 4699 Pater.
2460 4649 2513 4694 et
2537 4638 2721 4702 Filius,
2751 4645 2803 4692 et
2831 4638 3059 4707 Spiritus
3102 4644 3348 4698 sanctus,
3400 4636 3594 4704 uirique
3642 4635 3715 4688 si-

2149 4733 2256 4795 mul
2286 4740 2430 4794 sunt,
2461 4745 2560 4786 nec
2584 4739 2901 4799 separantur
2927 4731 3076 4794 locis,
3107 4729 3229 4798 quia
3265 4743 3371 4782 non
3413 4739 3493 4783 est
3528 4743 3714 4796 corpo-

2151 4837 2275 4878 reus
2306 4823 2464 4885 Deus,
2496 4836 2597 4876 nec
2621 4830 2928 4876 numeratur
2957 4821 3117 4881 Deus,
3146 4821 3269 4888 quia
3302 4834 3404 4872 nou
3438 4819 3715 4887 subjicitur

2155 4913 2413 4977 numeris,
2454 4913 2593 4966 Deus
2616 4912 2774 4981 igitur
2806 4921 2987 4965 noster
3016 4926 3150 4963 unus
3180 4919 3281 4964 est.
3311 4909 3441 4963 Nam
3473 4924 3590 4963 cum
3619 4908 3715 4961 Pa-

2159 5013 2262 5066 ter,
2285 5012 2339 5057 et
2362 5002 2547 5066 Filius,
2582 5010 2636 5057 et
2660 5002 2890 5069 Spiritus
2916 5010 3132 5053 sanctus
3155 4999 3242 5063 sit,
3275 5014 3435 5053 neruo
3463 4999 3715 5053 Christia-

2153 5109 2253 5148 nus
2279 5103 2388 5147 tres
2414 5093 2549 5147 Deos
2582 5092 2777 5160 poterit
2796 5090 2993 5154 dicere,
3024 5092 3144 5158 quia
3173 5091 3223 5143 iu
3256 5092 3403 5145 nullo
3428 5109 3455 5142 a
3498 5107 3557 5144 se
3580 5090 3715 5142 divi.

2155 5197 2219 5235 na
2245 5182 2405 5235 distat
2433 5180 2918 5235 natura.Numerus
2948 5180 3211 5249 siquidem
3240 5180 3480 5234 ordinem
3503 5180 3714 5239 sufﬁcit,

2156 5272 2431 5339 inqualitas
2461 5285 2563 5324 non
2589 5270 2808 5331 amittit,
2836 5270 2972 5324 alter
3007 5272 3148 5324 enim
3198 5274 3423 5339 primum
3456 5272 3716 5339 sequitur,

2147 5361 2299 5413 alteri
2333 5360 2522 5413 tertius
2541 5361 2857 5426 applicatur.
2907 5358 3012 5414 Sed
3055 5374 3177 5414 cum
3223 5362 3424 5429 gradus
3465 5360 3581 5414 ﬁeri
3612 5376 3716 5413 nou

2098 5456 2101 5457 '
2148 5449 2354 5516 possint
2383 5464 2446 5501 ex
2480 5447 2695 5514 paribus
2719 5448 2805 5514 qui
2834 5447 2988 5503 subdi
3026 5449 3231 5517 possint
3267 5448 3718 5518 quemadmodum

2145 5546 2473 5597 numeratur,
2504 5551 2636 5589 unus
2657 5550 2785 5604 ergo
2799 5537 3056 5606 erit,quia
3088 5553 3194 5592 non
3217 5537 3377 5594 habet
3406 5540 3718 5599 secundum,

2147 5629 2412 5686 secundus
2438 5629 2633 5695 quippe
2664 5630 2887 5683 minoris
2927 5629 3167 5683 ordinem
3221 5638 3396 5695 tenet,
3452 5638 3505 5684 et
3545 5629 3721 5682 minor

2148 5722 2370 5773 alterum
2415 5719 2559 5781 iacit,
2602 5719 2734 5772 alter
2788 5720 3138 5783 [tostcriorcm
3194 5719 3412 5785 iudicat,
3457 5718 3720 5787 posterior
