4068 6348
307 372 419 427 765

1200 362 1521 419 LlBliLLUS
1560 360 1832 416 CONTRA
1880 357 2265 431 ΜΑΧΙΜΙΝΠΜ
2309 362 2637 421 ARIANUM.

3460 372 3558 429 766

310 488 572 553 imparem
602 481 793 551 signal.
820 479 1054 534 Remove
1077 476 1412 541 distantiam,
1445 486 1493 530 et
1526 475 1666 544 quod
1700 484 1882 526 nume-
1916 470 1964 526 Ᾱ
1993 482 2083 533 co,
2115 472 2347 540 nunquid
2378 475 2501 543 quia
2547 474 2766 544 h-ginms
2811 479 2861 530 in
2912 475 3150 529 Lcritico
3189 477 3402 545 proprio
3442 478 3560 529 loco

310 590 402 631 res
432 587 536 628 non
564 571 804 625 habebis.
836 570 1099 637 Propheta
1131 567 1298 623 dicit:
1332 566 1617 634 Sapientia:
1651 565 1760 634 ejus
1788 579 1887 616 non

312 677 386 722 est
408 678 670 719 numerus.
701 660 754 715 Si
777 660 1038 729 sapientia
1081 659 1198 726 ejus
1254 671 1359 714 non
1402 667 1734 721 numeratur,
1767 670 1893 723 quo-

311 753 477 810 modo
505 751 672 806 Filius
693 759 1022 812 numeratur,
1051 747 1138 818 qui
1168 756 1252 802 est
1279 746 1552 816 Sapientia
1583 746 1789 808 Patris”
1819 745 1891 799 si-

311 853 407 898 cut
429 840 715 912 Apostolus
735 838 905 894 dicit?
931 839 1106 906 Quare
1132 847 1252 907 post
1276 837 1491 892 Patrem
1524 836 1794 891 secundus
1822 836 1895 887 di.

311 936 451 991 citur
486 934 673 1000 Filius,
705 947 825 987 cum
846 930 1106 1001 sapientia
1134 945 1240 985 non
1273 940 1607 994 numeretur,
1655 928 1779 998 quia
1810 937 1892 982 est

311 1025 577 1096 sapientia
599 1024 794 1079 Patris.

954 1126 1123 1167 CAPUT
1162 1128 1273 1165 XVI.

388 1205 521 1273 Quia
553 1204 831 1259 invisibilis
853 1210 935 1256 est
960 1202 1146 1266 Filius,
1178 1202 1255 1255 sic
1280 1200 1529 1256 docetur:
1553 1199 1717 1255 Nemo
1749 1202 1894 1255 novit

316 1300 517 1353 Filium
538 1298 635 1352 nisi
667 1295 841 1359 Pater,
866 1311 1023 1364 neque
1045 1294 1249 1347 Patrem
1272 1294 1385 1360 quis
1406 1293 1539 1346 novit
1561 1292 1660 1345 nisi
1692 1288 1886 1354 Filius,

315 1399 365 1443 et
386 1391 473 1443 cui
497 1387 708 1443 voluerit
732 1385 900 1440 Filius
920 1384 1162 1438 revelare.
1187 1382 1243 1437 In
1278 1383 1535 1452 Apostolo
1577 1381 1895 1461 deChristo
1944 1448 1963 1466 ‘

316 1478 575 1548 scriptum
604 1485 686 1531 est
710 1481 725 1521 3
754 1475 852 1529 llic
872 1474 1137 1528 invisibilis
1176 1474 1547 1544 primogenitus
1578 1474 1728 1527 totius
1755 1487 1896 1526 crea-

318 1586 470 1629 ture.
514 1571 681 1626 Item:
713 1567 945 1623 Christus
993 1567 1143 1621 Iesus
1187 1567 1317 1620 venit
1360 1568 1412 1619 in
1461 1568 1596 1620 hunc
1646 1566 1893 1618 mundum

319 1673 610 1736 peccatores
639 1661 806 1714 salvos
838 1660 1025 1729 facere,
1051 1673 1267 1727 quorum
1291 1659 1485 1726 primus
1515 1668 1613 1728 ego’
1636 1671 1781 1719 sum;
1809 1655 1897 1711 sed

320 1757 437 1809 ideo
473 1750 873 1807 misericordiam
904 1758 1196 1803 consecutus
1232 1764 1383 1810 sum,
1425 1757 1477 1799 ut
1526 1746 1579 1799 in
1607 1761 1685 1797 me
1733 1745 1896 1810 primo

322 1843 605 1899 ostenderet
651 1838 879 1896 Christus
929 1837 1082 1892 Iesus
1120 1853 1316 1890 omnem
1369 1836 1805 1905 longanimitatem
1842 1835 1896 1888 in
1928 1816 1976 1876 Β

324 1934 686 2005 formationem
707 1946 878 1984 eorum
905 1929 993 1998 qui
1028 1927 1267 1982 credituri
1297 1938 1411 1979 stmt
1440 1926 1519 1979 illi
1546 1926 1596 1978 in
1635 1928 1787 1978 vitam
1830 1940 1901 1978 at-

327 2034 523 2081 ternam
551 2038 569 2077 :
598 2021 705 2092 regi
734 2029 901 2072 autem
942 2018 1247 2072 swcutorum
1280 2014 1589 2077 immortali,
1626 2013 1896 2078 invisibili,

325 2116 425 2171 soli
446 2112 553 2169 Deo
582 2113 744 2165 honor
765 2119 809 2163 ct
836 2109 999 2180 gloria
1022 2109 1076 2163 in
1118 2108 1307 2162 uacula
1342 2106 1667 2161 secutorum.
1715 2104 1901 2159 Invisi-

325 2207 452 2263 bilis
479 2212 561 2260 est
586 2218 713 2272 ergo
743 2200 925 2263 Filius,
955 2201 1042 2270 qui
1071 2198 1219 2261 venit
1265 2196 1786 2266 peccatorOsalvos
1825 2195 1903 2249 ta-

327 2313 470 2355 cere.
505 2297 560 2351 Si
599 2297 807 2350 videtur
844 2291 1010 2347 Filius
1034 2332 1051 2357 ,
1086 2290 1291 2346 videtur
1326 2298 1380 2345 et
1424 2289 1602 2351 Pater,
1651 2288 1900 2357 quoniam

328 2391 583 2459 scriptum
614 2394 697 2442 est
721 2402 732 2436 :
767 2383 867 2448 Qui
893 2399 971 2435 me
997 2382 1149 2445 videt,
1175 2380 1306 2434 videt
1326 2389 1373 2435 et
1403 2379 1629 2434 Patrem.

929 2506 1098 2548 CAPUT
1142 2508 1272 2547 AVII.

398 2590 684 2650 Contra‘id
724 2589 865 2660 quod
910 2588 1090 2642 dicunt
1135 2602 1148 2636 :
1190 2599 1256 2639 ex
1300 2582 1456 2637 Patre
1491 2598 1585 2651 per
1624 2582 1817 2636 Filium
1849 2582 1900 2635 in

329 2687 531 2756 Spiritu
560 2692 746 2738 sancto
770 2695 891 2736 esse
917 2679 1116 2735 omnia.
1142 2676 1277 2730 Audi
1313 2675 1431 2745 quia
1475 2688 1580 2728 non
1624 2674 1794 2726 solum
1836 2687 1901 2726 ex

330 2777 511 2841 Patre,
533 2772 628 2829 sed
654 2779 710 2826 et
734 2785 800 2825 ex
828 2768 995 2838 Filio,
1023 2778 1078 2822 et
1118 2766 1317 2834 Spiritu
1346 2771 1530 2816 sancto
1569 2761 1701 2815 iacta
1723 2762 1899 2815 omnia

331 2866 572 2922 invenies
598 2863 818 2918 dictum.
851 2858 1138 2929 Apostolus
1164 2856 1229 2911 ad
1261 2855 1520 2924 Ephesios
1557 2855 1637 2908 sic
1676 2853 1801 2907 dicit
1837 2853 1904 2907 de

332 2955 472 3012 Filio
502 2971 520 3012 :
552 2954 818 3008 Veritatem
843 2960 1010 3005 autem
1034 2948 1363 3018 [acientes‘in
1396 2946 1605 2998 caritate
1628 2960 1907 3014 augeamur

334 3051 386 3103 in
412 3048 508 3102 illo
531 3062 622 3116 per
642 3045 833 3109 omnia,
864 3041 951 3112 qui
977 3049 1049 3094 est
1071 3047 1222 3110 caput
1246 3038 1499 3103 Christus,
1528 3052 1591 3090 ea:
1615 3053 1711 3101 quo
1744 3044 1906 3089 totum

334 3116 529 3209 corpu:
545 3150 822 3191 connexum
853 3141 899 3187 et
923 3140 1260 3199 compactum.
1306 3130 1441 3183 Ecce
1473 3143 1538 3183 ex
1570 3126 1705 3181 Filio
1738 3146 1748 3180 :
1778 3127 1899 3180 andi

334 3238 391 3285 et
413 3245 477 3283 ex
509 3226 710 3296 Spiritu
752 3231 936 3278 sancto
968 3239 981 3273 :
1026 3219 1084 3275 Si
1107 3219 1221 3289 quis
1259 3235 1360 3271 non
1411 3226 1614 3270 renatus
1654 3216 1804 3286 fuerit
1844 3232 1907 3269 ea:

335 3335 474 3389 aqua
503 3328 549 3372 et
578 3315 777 3385 Spiritu
796 3321 994 3378 sancto,
1016 3327 1119 3363 non
1150 3317 1309 3378 potest
1339 3308 1505 3385 videre
1537 3322 1749 3377 regnum
1787 3305 1903 3360 Dei.

335 3384 407 3466 Et
453 3384 647 3464 iterum
700 3405 751 3459 in
806 3401 1090 3472 Evangelio
1138 3384 1494 3469 legituerSic
1523 3408 1594 3451 est
1631 3398 1795 3451 omnis
1823 3398 1908 3465 qui

338 3512 489 3556 natus
517 3509 669 3554 estea:
695 3496 916 3567 Spiritu.

967 3578 1139 3619 CAPUT
1178 3576 1323 3615 XVIII.

377 3661 605 3718 .Contra
635 3658 686 3713 id
714 3656 855 3728 quod
881 3655 1063 3710 dicunt
1090 3670 1101 3703 :
1124 3652 1257 3718 Quia
1290 3649 1451 3704 Pater
1482 3649 1725 3718 perbibet
1759 3650 1907 3704 testi-

340 3752 577 3808 monium
606 3748 761 3803 Filio.
790 3748 907 3815 Ipse
933 3744 1176 3798 Christus
1193 3741 1320 3797 dicit
1347 3741 1398 3795 in
1431 3740 1723 3809 Evangelia
1753 3754 1767 3787 :
1798 3738 1911 3810 Ego

341 3859 454 3898 sum
479 3841 566 3911 qui
586 3838 924 3894 testimonium
951 3834 1184 3904 perhibeo
1214 3832 1282 3885 de
1317 3847 1413 3884 me.
1454 3831 1594 3899 Ergo
1624 3831 1735 3899 ipse
1765 3830 1912 3884 testi-

342 3938 531 3993 ﬁcatur
564 3930 632 3985 de
658 3945 735 3984 se.
768 3926 1053 3996 PrOpbeta:
1083 3923 1460 3993 perhibuerunt
1501 3919 1633 3973 Filio
1675 3919 1910 3972 testimo-

342 4029 513 4090 nium,
546 4019 780 4091 nunquid
811 4018 1039 4086 majores
1068 4023 1192 4068 sunt
1233 4011 1505 4080 propheta:
1551 4008 1720 4062 Fitio?
1770 4010 1909 4076 Apo.

343 4116 467 4175 stoli
494 4112 877 4185 perhibuerunt
906 4105 1265 4160 testimonium
1292 4100 1445 4163 Filio,
1490 4098 1724 4168 nunquid
1751 4097 1915 4165 majo-

343 4222 434 4265 res
476 4215 600 4263 sunt
639 4199 864 4270 apostoli
909 4196 1045 4252 Filio
1103 4193 1236 4249 Dei?
1273 4190 1378 4247 Sed
1422 4204 1543 4243 cum
1590 4187 1913 4242 ostenderim

302 4332 307 4335 »
345 4300 468 4372 quia
494 4298 609 4368 ipse
631 4293 731 4350 sibi
761 4289 1027 4362 perhibuit
1066 4283 1459 4347 testimonium,
1492 4296 1597 4336 non
1644 4281 1747 4334 erit
1777 4273 1915 4346 quod

346 4369 416 4445 ab
444 4382 765 4442 adversariis
790 4377 1206 4448 respondeatur:
1241 4372 1351 4444 Ego
1377 4387 1509 4435 sum,
1540 4369 1702 4440 inquit
1731 4369 1914 4435 Fil;us,

353 4482 435 4553 qui
452 4479 693 4549 testificor
713 4476 776 4530 de
797 4489 895 4528 me.

984 4578 1147 4617 CAPUT
1188 4576 1296 4614 XIX.

420 4660 616 4715 Contra
647 4656 695 4710 id
724 4653 865 4726 quod
893 4652 1071 4707 dicunt
1098 4668 1111 4704 :
1144 4650 1319 4716 Quare
1342 4648 1487 4717 prius
1517 4647 1696 4710 Pater,
1724 4644 1917 4699 deinde

351 4751 518 4806 Filius
548 4746 873 4803 nominatur.
901 4743 1039 4797 Audi
1065 4750 1119 4795 et
1146 4740 1336 4794 Filium
1382 4739 1612 4807 priorem
1656 4736 1920 4791 nominari

350 4857 379 4895 a
407 4840 586 4895 Patre.
618 4832 1052 4908 Apostolus-dicit
1078 4829 1142 4883 ad
1170 4828 1382 4883 Galatas
1409 4842 1420 4876 :
1457 4826 1577 4880 Non
1611 4828 1674 4879 ab
1702 4825 1921 4877 homini-

350 4933 462 4994 bus,
492 4944 651 4999 neque
672 4944 759 4997 per
781 4924 1056 4990 hominem,
1098 4920 1186 4973 sed
1233 4935 1320 4987 per
1350 4917 1528 4970 Jesum
1570 4914 1829 4999 Christum
1876 4924 1922 4965 rt

356 5020 518 5074 Deum
542 4998 768 5072 Patrem.
798 5014 928 5068 Item
952 5010 1017 5065 ad
1041 5006 1553 5064 Thessalonicenses
1598 4998 1873 5073 ipse'dicit
1906 5022 1917 5057 :

353 5110 475 5180 Ipse
500 5116 671 5161 autem
697 5106 942 5158 Dominus
962 5111 1129 5156 noster
1156 5098 1306 5155 Jesus
1332 5094 1562 5151 Chrisfus
1582 5105 1628 5147 et
1655 5095 1788 5147 Deus
1818 5093 1923 5147 Pa-

352 5210 429 5253 ter
450 5207 640 5263 noster,
667 5196 756 5265 qui
784 5193 960 5247 dilexit
990 5208 1106 5251 nos,
1133 5200 1177 5243 et
1201 5190 1337 5243 dedit
1367 5186 1763 5241 consolationem
1779 5194 1925 5237 ceter-

353 5307 495 5352 nam,
526 5298 628 5344 etc.
659 5287 798 5342 Ecce
820 5290 968 5355 prior
1012 5294 1093 5338 est
1132 5283 1300 5337 Filius
1330 5280 1651 5334 nominatus.
1701 5277 1839 5331 Audi
1870 5286 1925 5330 et

353 5381 607 5449 Spiritum
638 5384 880 5431 sanetum
931 5374 1094 5444 priori
1139 5373 1259 5427 loco
1300 5368 1581 5424 nominari.
1634 5366 1925 5435 Apostolus

354 5469 483 5523 dicit
513 5505 528 5522 .
558 5466 727 5524 Unum
756 5482 943 5534 corpus
969 5474 1015 5518 et
1038 5480 1165 5517 unus
1188 5462 1444 5533 Spiritus,
1476 5460 1604 5513 sicut
1628 5458 1788 5512 vocati
1811 5458 1929 5511 estis

357 5558 410 5611 in
430 5572 534 5609 una
562 5572 652 5616 spe
677 5555 952 5608 vocationis
980 5562 1179 5617 uestrte,
1210 5568 1339 5605 unus
1384 5550 1523 5604 Deus
1548 5590 1563 5613 ,
1602 5564 1704 5601 una
1757 5547 1885 5615 ﬁdes
1911 5586 1925 5609 ,

358 5665 514 5704 unum
544 5648 817 5715 baptisma,
840 5661 973 5698 unus
1020 5642 1154 5715 Deus
1201 5650 1245 5695 ct
1292 5640 1448 5693 Pater
1495 5640 1738 5692 omnium.
1790 5638 1928 5690 Ecce

363 5739 513 5811 prius
538 5737 813 5807 Spiritutn,
843 5744 896 5792 ct
928 5743 1106 5803 postea
1126 5716 1348 5787 ~Patrem
1373 5731 1679 5784 nominavit.
1713 5728 1817 5782 Sed
1849 5729 1925 5782 di-

1945 4508 1996 4569 D

1994 559 2093 613 sub
2116 574 2220 613 una
2245 564 2505 618 sententia
2537 566 2864 619 nominatum
2894 565 3084 631 Jacoh,
3112 566 3346 622 secundo
3374 567 3520 621 lsaac
3542 608 3558 633 ,

1996 653 2151 706 tertio
2184 653 2471 719 Abraham,
2500 655 2618 710 ideo
2647 656 2931 711 dicendum
2966 666 3047 712 est
3079 658 3353 713 meliorem
3394 656 3560 712 fuisse

1994 742 2159 799 Jacob
2186 745 2258 798 ab
2282 744 2445 810 Isaac,
2469 756 2560 799 aut
2602 748 2856 815 majorem
2906 748 3051 802 Isaac
3094 750 3359 804 Abraham
3416 756 3564 817 patro

1995 848 2113 900 suo,
2146 835 2287 889 sicut
2307 836 2447 890 enim
2476 838 2730 904 scriptum
2778 847 2859 891 est
2908 855 2922 893 :
2954 837 3020 891 Et
3065 841 3378 893 nnmorabor
3410 849 3562 903 testa:

1993 928 2150 980 menti
2169 926 2357 993 Jacob,
2384 928 2507 980 dicit
2542 928 2809 991 Dominus,
2832 937 2877 981 et
2903 931 3183 982 testamenti
3215 928 3382 994 Isaac,
3421 939 3467 983 et
3489 937 3562 982 te-

1995 1019 2231 1073 stamenti
2262 1019 2540 1073 Abraham.
2567 1020 2878 1073 llominilms
2904 1036 3007 1073 non
3035 1022 3405 1087 prmjudicatis,
3423 1031 3565 1073 [περ

1998 1111 2070 1163 tio
2093 1111 2201 1164 Deo
2227 1108 2589 1179 prmjudicium
2613 1126 2709 1163 cur
2741 1110 2925 1175 infert,
2957 1113 2998 1164 si
3035 1110 3170 1164 forte
3203 1110 3393 1163 alicubi
3419 1110 3564 1178 prior

1999 1211 2204 1256 taxatur
2232 1201 2389 1261 Pater
2425 1217 2452 1253 a
2486 1202 2640 1265 Filio,
2694 1212 2785 1255 aut
2826 1202 2991 1255 Filius
3044 1217 3072 1254 a
3133 1203 3332 1271 Spiritu
3376 1212 3601 1256 sancto-

1997 1292 2159 1361 priori
2184 1292 2299 1345 loco
2326 1306 2354 1344 a
2382 1292 2537 1345 Patre
2561 1303 2814 1345 laxatum.

2624 1397 2793 1436 CAPUT
2826 1397 2914 1435 XX.

2071 1475 2262 1529 Contra
2298 1474 2346 1528 id
2380 1474 2521 1542 quod
2551 1474 2740 1527 dicunt
2770 1491 2781 1524 :
2816 1474 2973 1527 Pater
3008 1474 3078 1525 illi
3105 1474 3281 1527 omnia
3321 1473 3569 1541 subjecit.

2001 1568 2289 1636 Apostolus
2311 1567 2377 1619 ad
2408 1566 2714 1621 Corinthios
2754 1565 2881 1619 dicit
2900 1565 2965 1619 de
3000 1564 3136 1618 Filio
3168 1577 3182 1612 :
3216 1565 3454 1629 Oportet,
3493 1568 3572 1615 in-

2001 1657 2135 1724 quit,
2168 1656 2314 1708 illum
2344 1672 2576 1724 regnare,
2610 1657 2768 1708 donec
2796 1664 2951 1723 ponat
2981 1669 3154 1707 omnes
3180 1653 3410 1707 inimicos
3448 1669 3569 1705 suos

2002 1747 2091 1800 sub
2116 1746 2325 1815 pedibus
2351 1749 2454 1801 suis
2480 1748 2623 1813 (Cor.
2650 1747 2759 1816 xv).
2789 1745 2852 1799 Et
2884 1745 2950 1799 ad
2982 1745 3355 1813 Philippenses
3381 1759 3393 1793 :
3422 1742 3572 1796 Unde

2000 1840 2151 1892 etiam
2176 1851 2525 1907 exspectamus
2554 1839 2822 1891 Dominum
2851 1837 3031 1890 Jesum
3050 1834 3307 1888 Christum
3336 1834 3573 1888 Salvaton

2004 1946 2110 1984 rem
2137 1940 2363 1983 nostrum
2392 1947 2408 1994 ;
2435 1931 2519 1996 qui
2543 1928 2923 1998 Iransfrgurabit
2948 1944 3135 1995 corpus
3156 1925 3457 1979 humilitatis
3482 1927 3573 1977 no'.

2000 2029 2122 2075 stra:
2151 2021 2472 2088 conformans
2501 2020 2703 2089 corpori
2733 2020 2908 2087 gloriae
2947 2033 3055 2071 sua:
3093 2016 3372 2070 secundum
3398 2030 3573 2083 opera-

2002 2106 2210 2175 tionem,
2236 2120 2289 2164 ut
2319 2112 2475 2180 possit
2504 2111 2599 2162 sibi
2625 2109 2872 2179 subjicere
2900 2108 3072 2160 omnia
3102 2106 3325 2176 (Philip.
3354 2105 3416 2173 ι).
3444 2105 3572 2157 Item

2003 2202 2289 2268 Apostolus
2313 2201 2462 2266 dicit,
2485 2201 2609 2269 quia
2635 2200 2800 2254 Filius
2829 2198 2999 2253 tradet
3035 2212 3254 2265 regnum
3292 2196 3401 2249 Deo
3432 2194 3572 2247 Patri

2002 2309 2130 2358 suo;
2163 2295 2415 2361 scriptum
2443 2302 2527 2346 est
2554 2290 2693 2346 enim
2722 2290 2790 2344 de
2821 2289 3034 2344 Christo
3070 2311 3081 2345 :
3131 2285 3256 2339 Cum
3305 2285 3574 2338 tradiderit

2002 2400 2212 2456 regnum
2237 2381 2340 2438 Deo
2367 2394 2413 2437 et
2440 2382 2607 2436 Patri.
2633 2380 2773 2450 Ergo
2805 2379 2975 2447 major
2996 2388 3077 2431 est
3108 2375 3276 2430 Filius
3306 2391 3334 2427 a
3385 2376 3537 2427 Patre
3556 2412 3573 2436 ,

2004 2476 2124 2544 quia
2150 2475 2261 2543 ipse
2288 2475 2462 2529 tradet
2494 2472 2635 2526 Patri
2675 2487 2774 2525 suo
2813 2470 3073 2539 regnum?
3118 2468 3243 2521 “me
3288 2475 3411 2519 sunt
3456 2479 3576 2534 qua:
3616 2514 3617 2517 η
3688 2501 3697 2508 -

1952 2556 1959 2559 ⁷
2007 2564 2266 2635 tantisper
2288 2578 2715 2619 commemorare
2736 2562 2879 2631 potui
2907 2569 2961 2615 ct
2986 2557 3259 2626 decerpsi;
3292 2556 3451 2610 multa
3482 2570 3577 2609 au-

2009 2664 2115 2709 tem
2141 2655 2496 2722 prmtermissa
2522 2661 2643 2706 sunt
2679 2650 3059 2719 impedimento
3082 2646 3381 2702 velocitatis
3403 2683 3420 2708 ,
3457 2660 3577 2714 qua:

2008 2744 2189 2812 legens
2218 2745 2415 2812 poterit
2456 2743 2713 2796 invenire.
2751 2741 2864 2796 Hoc
2908 2751 3109 2795 tantum
3147 2739 3315 2794 lector
3358 2746 3574 2801 teneat,

2007 2833 2290 2887 Dominum
2318 2833 2481 2888 Deum
2525 2832 2745 2885 minime
2772 2846 2997 2884 numero
3026 2830 3322 2897 subjacerc,
3356 2827 3577 2881 minime

2006 2926 2240 2991 separari
2270 2936 2281 2969 :
2315 2921 2453 2991 quod
2485 2924 2627 2975 enim
2660 2920 2937 2975 minimum
2984 2927 3100 2983 est,
3134 2919 3272 2972 Deus
3303 2930 3411 2969 non
3446 2923 3529 2968 est
3558 2929 3573 2966 :

2006 3013 2101 3069 sed
2124 3014 2264 3082 quod
2292 3013 2431 3066 Deus
2451 3022 2552 3077 est,
2573 3011 2761 3074 Filius,
2788 3020 2843 3065 et
2868 3010 3097 3078 Spiritus
3116 3015 3334 3063 sanctus
3352 3014 3575 3073 uterque

2010 3103 2272 3170 perfectus
2339 3100 2678 3173 [professus]
2737 3109 2843 3155 est.
2904 3101 3028 3154 Haec
3090 3108 3173 3153 est
3232 3107 3407 3151 autem
3452 3109 3578 3150 vera

2010 3197 2285 3265 perfectio,
2338 3208 2494 3262 quam
2529 3209 2631 3247 non
2688 3192 2903 3260 subjicit
2945 3190 3162 3244 alterius
3208 3186 3576 3255 comparatio,

2009 3302 2107 3341 nec
2162 3296 2400 3339 remanet
2462 3283 2602 3353 quod
2635 3285 2801 3351 possit
2838 3296 3166 3336 accrescere.
3200 3281 3339 3333 Deus
3361 3277 3579 3346 spiritus

2008 3388 2127 3443 est,
2175 3394 2281 3434 non
2323 3366 2483 3441 caro;
2538 3376 2838 3429 intellectus
2867 3381 2982 3438 est,
3029 3387 3137 3425 non
3183 3378 3266 3424 est
3314 3368 3575 3436 globatio;

1950 3470 1959 3481 ’
2011 3472 2275 3526 internum
2306 3472 2483 3524 lumen
2512 3479 2615 3532 cst,
2650 3483 2756 3521 non
2778 3467 3031 3521 materies
3056 3462 3398 3519 circumfusa.
3454 3460 3578 3514 Ideo

2012 3580 2117 3617 non
2158 3562 2409 3615 dividitur
2447 3560 2622 3621 Pater,
2653 3566 2706 3612 et
2749 3557 2930 3621 Filius,
2972 3560 3042 3611 et’
3062 3555 3288 3624 Spiritus
3332 3560 3581 3615 sanctus,

2012 3653 2132 3720 quia
2166 3665 2269 3705 non
2303 3658 2386 3703 cst
2419 3648 2559 3713 talis,
2592 3648 2677 3715 qui
2710 3662 2769 3701 se
2796 3656 2943 3714 paret
2972 3644 3161 3709 incidi;
3193 3651 3247 3696 et
3275 3650 3451 3696 tamen
3482 3640 3581 3694 Pa-

2012 3750 2114 3807 ter,
2143 3741 2300 3795 Pater
2328 3749 2436 3800 est;
2486 3738 2672 3801 Filius,
2722 3736 2882 3790 Filius
2928 3744 3038 3799 est;
3085 3735 3313 3803 Spiritus
3342 3740 3576 3795 sanctus,
3646 3734 3649 3735 ⁷

2015 3829 2243 3896 Spiritus
2288 3836 2503 3880 sanctus
2548 3835 2661 3889 est;
2704 3836 2757 3879 et
2801 3826 2995 3892 ubique
3041 3826 3155 3876 sine
3206 3823 3428 3876 invicem
3474 3836 3579 3873 non

2015 3929 2138 3974 sunt
2161 3936 2174 3971 :
2201 3918 2320 3987 quia
2354 3933 2488 3969 unus
2518 3927 2599 3970 est
2626 3916 2712 3983 qui
2746 3914 2960 3983 intelligi
2994 3921 3195 3980 potest,
3219 3912 3452 3979 separari
3474 3924 3581 3963 non

2016 4019 2210 4081 potest.
2258 4010 2369 4062 Non
2419 4018 2542 4061 sunt
2590 4002 2923 4074 conglobati.
2969 4005 3087 4071 quia
3128 4017 3232 4056 non
3278 4011 3401 4054 sunt
3440 4001 3585 4054 velut

2015 4102 2173 4166 a‘rci;
2206 4117 2308 4155 non
2351 4108 2473 4153 sunt
2512 4098 2694 4161 divisi,
2732 4098 2850 4166 quia
2892 4095 3006 4148 sine
3038 4093 3262 4147 invicem
3292 4105 3395 4144 non
3436 4096 3582 4144 sunt.

2021 4194 2141 4247 llmc
2167 4202 2247 4246 est
2273 4206 2397 4245 vera
2430 4201 2479 4245 et
2513 4187 2772 4243 catholica
2819 4186 2977 4251 ﬁdes,
3010 4199 3165 4253 quam
3211 4181 3453 4236 Christus
3491 4179 3586 4233 do-

2020 4283 2131 4337 cuit
2153 4291 2207 4337 et
2237 4281 2483 4348 tradidit,
2506 4278 2736 4347 apostoli
2769 4277 3092 4338 docuerunt,
3122 4282 3175 4326 et
3205 4284 3390 4325 omnes
3418 4267 3587 4323 sancti

2021 4373 2340 4443 patriarcha:
2370 4380 2424 4425 et
2453 4370 2722 4438 prophetx
2762 4366 2986 4419 tideliter
3027 4363 3351 4417 cecinerunt.
3391 4359 3588 4425 Propo-

2021 4464 2303 4521 sitionibus
2351 4464 2453 4517 tuis
2488 4460 2713 4530 juvaute
2759 4457 2941 4521 Patre,
2989 4463 3043 4508 et
3090 4452 3253 4514 Filio,
3295 4459 3348 4504 et
3389 4448 3590 4516 Spiritu

2024 4568 2228 4623 sancto,
2253 4557 2320 4611 de
2350 4553 2495 4609 Novo
2519 4564 2572 4606 et
2598 4550 2773 4605 Veteri
2795 4549 3135 4602 Testamento
3157 4541 3428 4611 respondi,
3454 4553 3593 4592 nunc

2024 4664 2154 4703 vero
2195 4661 2289 4715 pro
2317 4642 2575 4699 catholica
2599 4680 2615 4703 ,
2660 4654 2781 4709 quae
2811 4639 3003 4704 ubique
3045 4641 3128 4687 est
3158 4632 3278 4696 ﬁde,
3310 4631 3410 4681 alia
3441 4628 3593 4682 testi—

2028 4740 2201 4794 monia
2235 4735 2516 4807 proposui,
2545 4731 2734 4801 quibus
2774 4728 3096 4796 respondere
3122 4724 3335 4777 debeas.
3373 4721 3424 4773 In
3460 4720 3597 4773 libro

2029 4828 2313 4897 Sapientia:
2342 4844 2355 4879 ε
2383 4825 2503 4893 quia
2534 4823 2670 4876 sicut
2699 4821 2839 4873 Deus
2866 4817 3143 4886 sapientia,
3178 4828 3294 4883 qua:
3322 4820 3403 4866 est
3430 4810 3597 4864 Filius

2031 4917 2158 4985 Dei,
2196 4918 2274 4970 sic
2314 4924 2367 4970 et
2407 4913 2637 4982 Spiritus
2684 4916 2898 4963 sanctus
2944 4906 3088 4960 novit
3133 4903 3352 4958 cons‘vlia
3399 4897 3592 4952 Patris.

2036 5009 2089 5062 in
2133 5006 2319 5063 eodem
2371 5005 2547 5058 libro:
2586 5000 2710 5070 quia
2750 4996 3085 5065 omnipotens
3125 5000 3211 5048 est
3255 4990 3446 5049 Filius,
3498 4987 3619 5056 pcr‘;

2032 5115 2191 5170 quem
2226 5098 2359 5151 facta
2391 5102 2513 5149 sunt
2536 5092 2735 5147 omnia.
2767 5089 2823 5142 In
2847 5088 3037 5143 eodem
3069 5087 3201 5139 libro
3227 5101 3238 5134 ε
3268 5081 3390 5149 quia
3430 5078 3601 5145 Spiri-

2035 5167 2119 5244 tus
2145 5196 2359 5243 sanctus
2401 5186 2559 5239 etiam
2600 5181 2785 5244 Filius,
2816 5178 2905 5248 qui
2948 5176 3138 5231 dicitur
3183 5174 3346 5226 virtus
3390 5169 3503 5223 Dei.
3542 5167 3598 5221 lu

2033 5280 2221 5335 eodem
2256 5277 2390 5330 lihro
2435 5274 2629 5327 dicitur
2663 5270 2731 5324 de
2757 5268 2960 5338 Spiritu
3007 5272 3213 5328 sancto,
3242 5263 3329 5332 qui
3362 5262 3601 5314 incorru-

2036 5366 2234 5439 ptibilis
2262 5373 2362 5421 est.
2409 5363 2464 5417 ln
2505 5361 2689 5416 codem
2721 5360 2855 5414 libro
2886 5374 2900 5411 :
2929 5354 3219 5411 secundum
3260 5352 3482 5407 formam
3512 5361 3603 5400 su-

2036 5467 2229 5529 scepta:
2264 5454 2573 5511 humilitatis
2608 5452 2870 5507 visibilem
2913 5448 3039 5503 dicit
3067 5447 3368 5505 Christum,
3414 5452 3599 5492 secun-

2036 5527 2160 5603 dum
2192 5547 2413 5601 formam
2445 5560 2569 5599 vero
2596 5542 2806 5599 deitatis
2836 5556 2938 5593 non
2979 5536 3270 5597 visibilem,
3300 5532 3392 5585 sed
3422 5527 3574 5582 invisi

2038 5638 2195 5694 bilem
2239 5637 2561 5705 pronuntiat.
2604 5633 2752 5700 Quod
2798 5632 2938 5685 cnim
2970 5628 3196 5688 videtur,
3235 5624 3420 5683 homo,
3462 5617 3603 5687 quod

2039 5745 2140 5783 non
2174 5727 2397 5793 videtur,
2434 5726 2570 5780 Deus
2601 5725 2920 5791 agnoscitur.
2951 5719 3003 5770 lu
3035 5714 3218 5769 eodem
3249 5712 3381 5764 libro
3410 5709 3604 5763 dicitur
