4068 6348
466 383 565 439 767

1416 371 1468 429 s.
1510 369 1849 428 EUGENIUS
1888 370 2470 429 simulactnenss
2511 371 2897 447 Episcortts,

3613 378 3723 437 τι)εέ

465 497 585 565 quia
616 493 791 548 Filius
816 490 905 543 Dei
941 488 1008 542 de
1031 484 1321 539 substantia
1367 496 1450 538 est
1480 485 1670 537 Patris.
1716 484 1770 537 In
1803 484 2023 537 Cantica
2053 487 2101 544 Α
2130 497 2244 540 ctus
2271 505 2283 540 :
2328 488 2550 557 Spiritus
2581 490 2824 553 veritatis,
2862 504 3009 555 quem
3041 490 3261 543 mundus
3291 506 3389 543 non
3421 501 3583 562 potest
3612 513 3715 548 ac-

465 588 832 645 Canticorttm,
865 580 954 632 ubi
993 577 1261 632 Christum
1302 576 1430 631 dicit
1476 591 1536 629 es
1566 592 1602 629 e
1639 575 1868 646 Regem,
1909 591 2028 630 cum

464 678 528 730 ad
554 690 673 730 eum
703 671 935 726 Ecclesia
964 668 1212 736 loquitur.
1248 666 1302 719 In
1347 666 1755 721 Ecclesiastico:
1787 670 1907 736 qu'a
1952 666 2032 719 in-

464 762 805 820 numerabilis
845 766 929 813 est
972 756 1299 827 magnitudo-
1324 756 1438 811 Dei.
1470 757 1620 811 Unde
1659 757 1881 812 docetur
1909 758 2028 824 quia

463 851 755 921 blasphemi
789 858 910 903 sunt
938 849 1025 917 qui
1057 848 1371 901 Trinitatem
1400 846 1718 913 separando,
1750 860 1811 899 ac
1855 846 2029 915 gradi-

466 949 560 1001 bus
585 954 637 1000 et
664 943 900 997 numeris
924 926 1145 994 credunt
1182 953 1302 992 esse
1341 938 1687 992 suadendum.
1731 939 1783 990 In
1829 938 2030 1005 psalmo

461 1052 600 1092 cxvn
623 1034 866 1088 similiter
889 1032 957 1085 de
984 1030 1278 1098 Sapientia,
1300 1044 1418 1097 qum
1447 1038 1526 1082 est
1550 1028 1713 1082 Filius
1747 1029 1856 1091 Dei,
1878 1029 1954 1082 sic
1974 1037 2028 1082 et

461 1127 691 1197 Spiritus
705 1132 919 1180 sanctus
930 1123 1074 1176 novit
1098 1120 1313 1175 consilia
1337 1121 1506 1174 Patris
1526 1137 1537 1168 :
1557 1119 1838 1174 Consilium
1858 1129 2027 1171 autem

461 1227 603 1270 tuum
629 1216 741 1283 quis
769 1215 891 1276 scit,
926 1212 1023 1265 nisi
1065 1220 1119 1264 tu
1144 1210 1342 1264 dederis
1372 1209 1715 1279 Sapientiam,
1754 1219 1799 1263 et
1830 1211 2029 1264 miseris

463 1307 711 1375 Spiritum
728 1304 791 1357 de
804 1301 1064 1355 altissimis
1076 1302 1102 1353 ?
1120 1303 1175 1353 ln
1198 1300 1386 1353 eodem
1406 1300 1538 1353 libro
1552 1302 1675 1369 qu'ra
1692 1300 2026 1368 omnipotens

460 1406 543 1451 est
566 1397 744 1459 Filius,
775 1410 867 1463 per
887 1408 1042 1463 quem
1068 1391 1201 1445 facta
1228 1400 1351 1445 sunt
1375 1392 1551 1444 omnia
1580 1408 1592 1442 :
1624 1390 1743 1443 Non
1769 1391 1924 1454 enim,
1954 1392 2027 1444 in-
2078 1442 2089 1453 ,

460 1489 591 1555 quit,
608 1485 932 1554 intpossibilis
957 1492 1064 1537 erat
1081 1481 1395 1548 omnipotens
1412 1474 1586 1534 manus
1600 1490 1705 1543 tua,
1722 1496 1834 1548 qua:
1844 1483 2027 1534 creavit

461 1595 576 1631 omn
588 1582 651 1644 ἀ,
675 1587 721 1630 et
743 1576 911 1629 orbem
934 1585 1179 1628 terrarum
1202 1589 1264 1627 ea:
1285 1574 1495 1626 materia
1510 1573 1737 1640 informi.
1759 1571 1814 1625 ln
1837 1571 2024 1627 eodem

460 1669 632 1723 libro:
665 1669 782 1736 quia
806 1666 1037 1734 Spiritus
1058 1674 1270 1719 sanctus
1299 1664 1458 1727 etiam
1487 1664 1650 1717 Filius
1675 1673 1789 1717 est:
1823 1663 2028 1731 disper-

460 1762 513 1814 si
538 1774 630 1828 per
657 1758 913 1828 Spiritum
944 1768 1183 1811 sanctum
1215 1757 1425 1810 virtutis
1456 1762 1559 1808 tute
1598 1754 2024 1823 persecutionem

2133 580 2315 646 eipere,
2338 580 2457 645 quia
2485 580 2705 631 mundus
2733 595 2833 632 non
2861 580 3143 643 vid'eleum,
3165 595 3255 633 nec
3282 584 3539 652 cognoscit
3556 598 3669 637 eunt
3686 605 3713 639 .-

2131 683 2217 722 vos
2247 678 2412 723 autem
2439 671 2739 739 cognoscitis
2764 686 2898 733 eum,
2927 671 3046 738 quia
3074 670 3213 737 apud
3288 688 3341 723 os
3373 676 3615 738 manebit,
3657 686 3715 729 et

2131 759 2183 809 in
2208 759 2344 811 vobis
2371 759 2499 825 erit,
2518 759 2573 811 l‘n
2603 746 2839 812 CantiCis
2866 757 3135 813 Christum
3163 759 3284 813 dicit
3310 775 3430 816 esse
3461 763 3655 832 Regem
3687 783 3706 827 ;

2130 862 2247 901 cum
2278 847 2566 902 Eet'lcsiam
2604 848 2863 917 loquitur:
2908 848 3205 902 Introduxit
3236 867 3312 903 me
3338 867 3428 904 rex
3468 852 3520 904 in
3559 855 3709 907 cubi—

2130 937 2301 990 culum
2330 953 2497 1003 suum,
2527 939 2832 991 exsultemus
2858 950 2902 991 et
2923 938 3270 1008 jucundemur
3291 941 3341 992 in
3372 950 3436 994 te.
3473 942 3601 996 Item
3629 946 3707 996 si-

2130 1026 2455 1081 militudines
2506 1027 2621 1081 auri
2653 1026 2906 1082 iaciemus
2945 1027 3039 1081 tibi
3089 1043 3209 1082 cum
3264 1030 3701 1087 distinctioni'tts

2128 1115 2356 1183 argenti,
2385 1129 2657 1183 quousque
2695 1130 2787 1169 rex
2818 1116 2885 1169 sit
2926 1115 2977 1169 in
3008 1117 3247 1170 recuhitu
3277 1132 3395 1172 suo.
3432 1120 3485 1173 In
3516 1120 3702 1175 Eccle-

2129 1206 2344 1260 siastico
2368 1207 2519 1272 :quia
2542 1205 2943 1261 innumerabilis
2968 1214 3063 1261 est
3080 1210 3385 1277 magnitudo
3412 1211 3524 1264 Dei.
3548 1212 3699 1267 Unde

2127 1295 2347 1349 docetur
2367 1309 2525 1364 quam
2562 1296 2855 1364 blasphemi
2904 1296 3013 1351 sint
3061 1298 3113 1351 in
3142 1298 3454 1354 Trinitatem
3490 1302 3579 1356 Dei
3609 1306 3698 1373 qui

2127 1386 2425 1454 separando
2462 1387 2589 1453 grad
2615 1387 2712 1442 bus
2739 1403 2802 1443 ac
2837 1391 3075 1444 numeris
3099 1391 3366 1445 suadenda
3396 1396 3693 1451 :estimant:

2126 1487 2177 1530 et
2206 1478 2325 1545 quis
2375 1478 2715 1546 investigarit
2740 1480 3119 1547 magnitudinis
3164 1483 3279 1551 ejus
3316 1466 3619 1552 imperium,
3647 1497 3697 1541 et

2129 1568 2539 1636 magnitudinem
2554 1569 2668 1637 ejus
2684 1570 2802 1639 quis
2818 1568 3216 1627 denumeravit?
3232 1573 3284 1627 In
3300 1575 3506 1640 psalmo
3528 1592 3594 1631 xx
3606 1593 3694 1641 ru,

2126 1661 2372 1715 similiter
2400 1661 2466 1715 de
2494 1661 2795 1730 Sapientia,
2826 1679 2944 1733 qua!
2984 1673 3067 1719 est
3121 1667 3294 1721 Filius
3336 1668 3452 1734 Dei,
3497 1669 3696 1724 dictum

2126 1761 2209 1806 est
2234 1773 2248 1808 :
2278 1752 2398 1821 quia
2429 1754 2705 1822 sapientia:
2754 1755 2871 1824 ejus
2897 1773 3007 1811 non
3027 1766 3109 1813 est
3148 1774 3401 1816 numerus
3430 1778 3441 1813 :
3481 1762 3697 1832 Magnus

463 1853 600 1919 passi
632 1850 700 1903 ab
724 1849 854 1916 ipsis
894 1848 1047 1901 factis
1076 1848 1205 1903 suis.
1238 1848 1291 1901 lu
1323 1847 1510 1902 eodem
1557 1845 1692 1901 libro
1720 1847 1787 1901 de
1824 1847 2023 1915 Spiritu
2056 1836 2101 1894 Β
2130 1842 2379 1896 Dominus
2427 1853 2614 1909 noster,
2659 1854 2707 1898 et
2758 1862 2945 1916 magna
2982 1847 3141 1901 virtus
3195 1852 3327 1917 ejus,
3354 1861 3400 1904 et
3434 1854 3699 1919 sapientia

460 1951 643 1995 sancto
670 1941 792 2009 quia
838 1938 1251 2005 incorruptibilis
1277 1947 1357 1991 est
1393 1954 1405 1990 :
1438 1936 1848 2005 Incorruptibilis
1890 1937 2025 1990 enim

464 2034 692 2102 Spiritus
720 2042 837 2085 tuus
857 2032 908 2084 in
938 2030 1168 2084 omnibus
1193 2039 1285 2083 est.
1318 2028 1377 2083 In
1405 2029 1593 2083 eodem
1625 2029 1783 2096 libro,
1819 2028 2023 2101 ubise—

460 2125 694 2180 cundum
723 2125 945 2177 formam
986 2131 1247 2190 suscept:e
1277 2123 1589 2177 humilitatis
1613 2122 1875 2177 visibilem
1900 2121 2028 2176 dicit

458 2215 753 2277 Christum,
784 2212 1074 2268 secundum
1120 2213 1345 2266 formam
1377 2226 1505 2266 vero
1533 2212 1746 2267 deitatis
1763 2226 1868 2266 non
1895 2212 2024 2265 visi.

456 2305 641 2370 bilem,
668 2304 761 2357 sed
812 2302 1133 2357 invisibilem
1175 2303 1484 2371 pronuntiat
1525 2302 1748 2357 dicens:
1787 2302 2028 2356 Videntes

458 2397 603 2450 illuni
629 2412 777 2463 quem
808 2396 929 2450 olim
977 2394 1222 2464 negabant
1243 2433 1258 2458 ,
1294 2394 1455 2447 Deum
1497 2402 1803 2464 agnoverunt
1833 2410 2024 2448 rerum.

457 2486 514 2539 in
550 2486 736 2539 eodem
782 2485 948 2538 libro:
977 2484 1100 2553 quia
1145 2484 1308 2537 Filius
1346 2483 1456 2538 -Dei
1496 2484 1563 2539 de
1607 2485 1900 2539 substantia
1944 2493 2030 2539 est

458 2577 667 2630 Patris:
695 2575 800 2629 Pro
840 2577 1021 2642 quibus
1072 2576 1372 2645 angelorum
1414 2591 1526 2629 esca
1572 2576 1750 2628 cibosti
1784 2575 2028 2645 populum

457 2676 619 2731 tuum,
663 2673 708 2719 et
736 2675 966 2733 partitum
995 2680 1175 2731 panem
1202 2664 1265 2717 de
1310 2664 1435 2717 coelo
1465 2666 1742 2732 prmtitisti
1783 2665 1889 2718 illis
1918 2667 2027 2720 sine

458 2757 651 2819 labore,
674 2770 821 2808 omne
845 2755 1259 2809 delectamentum
1288 2756 1342 2807 in
1386 2771 1438 2807 se
1470 2755 1755 2819 habentem,
1780 2766 1829 2810 et
1858 2758 2020 2809 omnis

456 2846 654 2913 saporis
680 2846 976 2897 suavitatem
1004 2860 1023 2909 ;
1049 2843 1376 2898 substantiam
1406 2846 1537 2897 enim
1561 2854 1704 2897 tuam
1722 2857 1768 2899 et
1794 2846 2023 2898 dulcedi-

457 2951 567 2988 nem
593 2951 719 3003 quns
754 2935 805 2986 in
853 2932 991 2987 Filio
1033 2932 1219 2986 habeas
1266 2935 1582 2990 ostendebas.
1629 2935 1681 2988 In
1737 2936 2021 3003 Evangelii)

456 3024 747 3077 secundum
774 3024 1031 3079 Joannem
1058 3042 1070 3076 :
1097 3024 1217 3090 quia
1243 3024 1521 3078 invisibilis
1545 3036 1624 3079 est
1646 3025 1874 3093 Spiritus
1901 3041 2023 3078 sau-

2123 1935 2235 2001 ejus
2258 1949 2361 1985 non
2390 1943 2741 1989 est'numerus.
2764 1934 3218 2004 Propositionibus
3239 1940 3357 1994 istis
3382 1941 3698 1995 Maximinus

2125 2023 2516 2078 Arionitanihil
2548 2025 2729 2079 valens
2749 2026 2814 2079 ad
2846 2027 3299 2095 respondendum,
3331 2031 3608 2087 dlll’ereliat
3630 2033 3699 2087 de

2126 2113 2212 2167 die
2242 2114 2301 2167 in
2324 2113 2486 2189 diem.
2519 2114 2753 2170 Cerealis
2779 2131 2910 2171 vero
2937 2117 3073 2173 dixit
3120 2119 3226 2186 illi,
3281 2122 3370 2189 qui
3420 2123 3511 2175 inti
3533 2133 3695 2189 rerat,

2127 2206 2211 2259 cui
2248 2215 2365 2259 erat
2408 2187 2741 2274 inﬁnctutu:
2775 2207 3069 2278 Propositis
3116 2210 3182 2263 ab
3225 2187 3698 2281 eaquae-tionibus

2128 2290 2413 2365 adjuvante
2459 2297 2571 2352 Deo
2599 2299 2888 2367 respondi,
2937 2304 3049 2354 cur'
3079 2301 3215 2355 meis
3247 2302 3696 2371 propositionibus

2129 2405 2235 2443 non
2290 2389 2611 2457 respondet?
2638 2389 2816 2458 Supra
2861 2399 3218 2445 memoratum
3260 2392 3419 2462 igitur
3463 2392 3698 2447 Maximi-

2129 2495 2279 2543 num,
2305 2480 2388 2533 cui
2418 2491 2532 2535 erat
2560 2480 2879 2549 iujunctum,
2907 2495 3027 2535 cum
3053 2483 3385 2546 conveniret,
3417 2485 3600 2536 tacuit.
3632 2483 3697 2537 Et

2128 2571 2201 2624 ait
2224 2570 2470 2625 Cereali:
2507 2570 2652 2624 Vade
2692 2570 2784 2624 tibi
2826 2571 2876 2624 in
2905 2572 3171 2640 propriam
3206 2572 3532 2639 Ecclesiam,
3573 2573 3699 2641 quia

2128 2670 2420 2716 conventus
2460 2677 2488 2714 a
2516 2676 2602 2716 me
2637 2661 2953 2716 Maximinus
2984 2664 3149 2716 noluit
3194 2664 3539 2732 respondere,
3574 2664 3713 2718 hinc

2130 2754 2440 2821 intelligitur
2464 2754 2583 2822 quia
2616 2768 2719 2807 non
2747 2754 2931 2818 valuit,
2968 2755 3053 2807 trhi
3086 2755 3270 2817 tacuit,
3294 2763 3351 2807 et
3376 2757 3482 2809 tuis
3506 2768 3710 2823 propo-

2128 2845 2408 2899 siti‘on‘bus
2455 2845 2781 2913 respondere
2835 2846 3025 2899 noluit.
3077 2846 3193 2900 iam
3246 2847 3387 2901 inter
3422 2862 3523 2901 vos
3559 2847 3711 2900 Deus.

2128 2935 2295 2990 audit.

456 3179 3683 3213 Ἢ

456 3215 617 3228 ᾐ

925 3205 1966 3229 -ὴκὶκνκπιῂ-ττττνη
2008 3205 2047 3206 φ
2080 3205 2085 3206 κ
2146 3205 2279 3206 ἀρνί
2319 3205 3663 3213 ὴ-ἠ-ν-ᾐ

1790 3336 2003 3377 EODEM
2048 3336 2367 3378 ΤΕΜΡΟΒΕ.

1055 3495 1320 3763 s.
1435 3460 3107 3772 EUGENIUS

1592 3865 2138 3917 GARTHAGINENSIS
2184 3864 2550 3917 EPISCOPUS.

2752 3917 2767 3926 ς

1830 4000 2307 4026 ,θη-ι--ᾐ

1555 4140 2013 4211 NOTI'I‘IA
2069 4141 2207 4211 EX
2268 4140 2585 4219 CAVE.

519 4307 809 4385 Eugenius,
836 4317 993 4375 gente
1034 4307 1181 4371 Afer,
1212 4323 1350 4361 anno
1377 4306 1481 4364 480
1506 4324 1535 4362 a
1558 4310 1861 4372 catholicis,
1894 4311 2011 4377 qui-
2041 4312 2084 4371 C
2118 4312 2265 4378 quasi
2294 4312 2468 4367 adhuc
2504 4313 2713 4369 vivente
2747 4315 2982 4386 loquitur
3002 4318 3311 4374 Gennadius
3354 4322 3404 4376 in
3437 4323 3691 4393 Catalogi

448 4401 547 4453 luis
602 4384 895 4449 llunericus
944 4395 1299 4449 Vaudalorutn
1348 4412 1438 4449 rex
1496 4397 1727 4451 Zenonis
1791 4399 1918 4466 imp.
1962 4406 2013 4451 ct

305 4513 311 4521 -
388 4488 391 4491 ’
449 4487 697 4540 l’lacidite
728 4487 971 4552 precibus
1001 4496 1251 4540 exoratus
1283 4487 1508 4555 eligendi
1540 4488 1774 4557 episcopi
1806 4492 2012 4543 veniam

445 4584 828 4640 concesserat,
868 4576 1151 4644 episcOpus
1183 4577 1618 4646 Carthaginensis
1661 4580 2011 4648 constitutus,

451 4672 731 4730 postquam
762 4664 917 4716 sedes
950 4664 1263 4720 Arianorum
1292 4668 1495 4721 sterilia
1526 4683 1619 4737 per
1639 4668 1709 4722 24
1735 4684 1902 4723 annos
1928 4687 2017 4725 va-

447 4760 680 4805 caverat.
739 4755 891 4805 Anno
938 4754 1064 4817 484,
1116 4758 1338 4809 collecta
1389 4757 1525 4827 apud
1555 4759 1929 4827 Carthaginem
1951 4763 2017 4814 ab

452 4840 714 4895 llunerivo
763 4838 1132 4911 episcopatum
1161 4846 1474 4901 Atianorum
1503 4850 1677 4912 turba,
1707 4851 1794 4920 qui
1834 4851 2015 4921 dispu-

455 4934 707 4987 tationem
739 4948 857 4988 cum
885 4935 1166 4989 catholicis
1195 4944 1610 5004 committerent,
1645 4943 1907 5011 Eugenius
1942 4945 2011 4996 lu.

450 5025 718 5079 culeutam
747 5025 865 5079 ﬁdei
895 5025 1278 5092 professionem
1307 5030 1416 5098 regi
1440 5031 1656 5097 obtulit,
1685 5041 1828 5087 tanta
1853 5016 2023 5089 ratio:

454 5114 537 5166 nis
559 5115 607 5165 vi
634 5114 912 5179 munitam,
945 5124 1005 5169 ut
1030 5116 1310 5172 haereticos
1338 5119 1402 5173 ad
1429 5121 1701 5177 silentium
1732 5126 1927 5191 pariter
1954 5140 2018 5179 ac

453 5203 655 5257 rabiem
693 5204 945 5273 adigeret.
989 5206 1153 5261 Paulo
1199 5219 1316 5275 post
1342 5210 1410 5263 ab
1452 5211 1717 5268 liunerico
1751 5214 2018 5270 Tamallu-

456 5306 671 5345 nrnsem
695 5293 962 5349 civitatem
992 5296 1043 5350 in
1070 5296 1303 5351 conﬁnio
1323 5298 1666 5369 Tripolitanae
1694 5304 1850 5375 sitam
1883 5305 2017 5361 relc-

453 5390 628 5451 gatur,
652 5392 705 5436 et
728 5383 959 5439 Antonio
980 5385 1079 5440 loci
1101 5387 1370 5456 episcopo,
1387 5388 1638 5446 hmretico
1662 5393 2012 5462 ferocissimo,

454 5471 838 5525 excruriandus
860 5476 1227 5529 committitur.
1254 5477 1459 5543 Postea,
1485 5480 1527 5533 si
1558 5480 1812 5551 Gregorio
1848 5485 2015 5540 Turo-

458 5563 604 5613 nrnsi
636 5560 803 5629 (Hist.
838 5561 1027 5617 Frunc.
1060 5565 1147 5618 lib.
1178 5582 1233 5631 Il,
1263 5583 1378 5636 cap.
1410 5571 1464 5637 '5)
1491 5570 1644 5633 lides,
1674 5573 2011 5642 Albigensem

2115 4404 2435 4469 scriptorum
2494 4406 2634 4475 (cap.
2684 4407 2794 4477 97),
2847 4426 3001 4476 quem
3059 4410 3159 4464 isto
3213 4428 3353 4467 anno
3404 4416 3692 4469 contexuit.

2104 4495 2304 4549 Exstat
2348 4496 2557 4550 libellus
2601 4512 2694 4552 seu
2750 4500 2949 4569 prolixa
3003 4503 3127 4570 ﬁdei
3174 4503 3434 4573 Confessio
3483 4509 3697 4561 nomine

2115 4585 2486 4653 episcoporum
2539 4586 2908 4644 Africanarum
2985 4592 3249 4648 llunerico
3306 4598 3419 4666 regi
3474 4598 3649 4659 oblata
3680 4638 3696 4660 .

2118 4676 2254 4744 apud
2288 4675 2557 4732 Victorem
2592 4676 2859 4735 Vitensem
2885 4682 3061 4753 (cujus
3083 4683 3342 4754 integrum
3367 4684 3559 4741 librum
3588 4697 3693 4742 ter-

2119 4766 2246 4819 tium
2301 4769 2600 4837 constituit)
2649 4768 2722 4824 De
2761 4775 3110 4838 persecutione
3158 4773 3443 4829 Vaudalica
3483 4778 3573 4829 lib.
3620 4795 3694 4841 ut,

2120 4871 2238 4925 pag.
2280 4859 2368 4912 53.
2417 4859 2544 4925 Ejus
2584 4862 2724 4915 enim
2777 4878 2913 4927 esse,
2949 4864 3068 4919 licet
3107 4865 3157 4917 id
3190 4881 3292 4918 non
3324 4866 3461 4919 dicat
3491 4867 3707 4929 Victur,.

2118 4958 2273 4999 etttra
2322 4961 2535 5002 omnem
2582 4954 3006 5007 Controversiam
3054 4955 3200 5023 ponit
3241 4955 3550 5010 Gennadius
3581 4959 3696 5012 loco

2119 5036 2298 5091 citato.
2331 5037 2563 5092 llabetur
2591 5039 2791 5095 Concil.
2828 5051 2958 5098 tom.
2994 5044 3082 5112 IV,
3117 5060 3235 5114 pag.
3270 5044 3423 5113 1128,
3462 5057 3515 5102 et
3538 5050 3587 5103 iu
3614 5048 3701 5101 Bi-

2119 5127 2378 5184 bfiotheca
2417 5130 2630 5185 Palmm
2671 5143 2796 5188 tom.
2833 5133 2962 5199 Vlll,
2995 5150 3114 5204 pug.
3149 5137 3270 5193 655.
3304 5132 3527 5207 SCripsit
3560 5155 3695 5209 pra:-

2121 5229 2283 5285 tcrca,
2324 5231 2457 5277 teste
2489 5223 2676 5278 eodem
2710 5225 3006 5290 Gennadio,
3047 5242 3165 5297 qua:
3211 5230 3545 5297 interierunt,
3580 5234 3693 5299 epi-

2118 5312 2275 5363 stolas
2327 5314 2394 5364 ad
2437 5314 2630 5380 plebem
2672 5330 2779 5367 suae
2826 5330 2963 5369 cura:
2995 5319 3332 5391 commissam.
3367 5322 3521 5390 paulo
3571 5332 3701 5376 ante

2118 5400 2360 5455 exsilium
2406 5404 2628 5468 missns;
2670 5405 3026 5461 altercationes
3056 5424 3185 5477 quas
3211 5426 3331 5466 cum
3376 5413 3696 5467 Arianorum

2120 5491 2432 5561 prtesulibus
2470 5507 2565 5561 per
2618 5494 2974 5551 internuntios
3026 5500 3229 5566 habuit,
3264 5500 3561 5555 Hunnerico
3590 5505 3699 5571 regi

2120 5592 2478 5649 numupatas;
2508 5598 2692 5652 preces
2724 5584 2957 5656 denique,
2986 5606 3082 5655 pro
3110 5590 3288 5657 quiete
3311 5591 3695 5653 catholicorum

457 5647 741 5705 Galliarum
781 5653 965 5707 urbem
1010 5667 1306 5722 aSportatus
1349 5667 1451 5723 est,
1496 5661 1580 5714 ubi
1638 5680 1776 5716 anno
1807 5665 2015 5720 circiter
2046 5676 2093 5734 ι)
2119 5647 2475 5746 apologiarum
2505 5647 2568 5729 ad
2593 5675 2777 5741 instar,
2806 5647 3233 5742 rident-oblatas,

460 5741 561 5797 495
593 5747 668 5797 vel
694 5745 847 5811 paulo
879 5756 999 5814 post
1025 5748 1180 5801 vitam
1213 5749 1408 5803 liuiisso
1441 5751 1521 5805 vid
1562 5761 1659 5805 tur.
1683 5752 1755 5807 De
1784 5772 1847 5809 eo
1871 5758 2011 5810 enim
