4068 6348
401 290 495 341 77!

1262 281 1315 339 S.
1354 281 1697 337 EUGENIUS
1734 278 2325 337 CAR'lllAGlNENSIS
2369 277 2756 334 EPISCOPUS.

3539 274 3655 327 77?.

400 403 589 471 species
617 404 725 472 ejus
757 399 1023 468 confestim
1059 410 1351 449 evacuatur.
1398 394 1547 448 Unde
1576 410 1675 446 non
1715 392 1968 445 immerito
2000 397 2046 454 Α
2079 391 2154 445 los
2186 408 2408 459 ponens,
2453 405 2530 442 me
2562 397 2890 457 praetereun’e
2925 404 3037 440 cum
3075 389 3281 456 reliquis
3317 390 3551 447 exclama
3595 396 3662 450 in

402 492 650 545 Dominus
684 489 742 542 in
785 484 1058 554 Evangelio
1086 485 1157 536 ait
1181 498 1199 536 :
1220 482 1383 549 Sical
1404 492 1429 519 ⁸
1455 484 1769 551 infatuatum
1794 482 1964 548 fuerit,

398 585 451 636 in
493 597 593 651 quo
634 579 842 632 satietur
863 578 886 629 ?
910 574 972 627 Et
998 576 1168 643 utique
1198 574 1294 627 hoc
1324 582 1394 625 est
1420 571 1693 641 infatuari,
1727 569 1853 623 velle
1890 586 1970 623 se-

400 673 564 725 cundo
585 668 779 723 condiri
800 681 913 719 eum
945 664 1101 719 semel
1131 667 1319 732 factum
1347 663 1578 730 sufﬁciat.
1604 660 1727 714 Non
1757 660 1971 712 audistis

400 766 655 819 Christum
711 761 955 812 dicentem
987 773 1005 810 :
1030 757 1127 823 Qui
1169 754 1322 809 semel
1367 754 1501 819 lotus
1545 763 1641 817 est,
1674 768 1775 805 non
1826 750 1972 802 habet

402 855 743 907 necessitatem
785 851 967 901 iterum
1012 846 1219 899 lavandi
1263 843 1448 913 (Joan.
1487 830 1673 911 xm)?'
1707 839 1968 905 Ideoque,

402 951 605 1015 fratres,
637 952 683 995 et
710 941 826 1008 filii,
846 939 1065 1007 ﬁliaeque
1094 952 1215 989 mea:
1238 936 1291 987 in
1319 934 1558 998 Domino,
1592 947 1693 985 non
1737 947 1823 983 vos
1853 946 1973 983 con-

400 1038 559 1087 tristet
589 1030 815 1083 absentia
842 1044 987 1080 mea:
1014 1026 1038 1063 b
1068 1026 1191 1095 quia
1217 1025 1261 1077 si
1289 1024 1550 1099 catholica:
1571 1021 1854 1090 disciplinae
1880 1020 1972 1071 ad-

400 1123 665 1183 haerentis,
699 1137 790 1191 ego
822 1136 904 1171 vos
938 1133 1029 1169 nec
1077 1116 1447 1185 longinquitate
1483 1114 1658 1181 aliqua
1684 1112 1968 1172 obliviscar,

401 1230 494 1267 nec
539 1222 696 1265 morte
723 1226 753 1261 a
785 1209 920 1261 vobis
951 1199 1412 1259 divellar.'Scitote
1438 1207 1556 1271 quia
1591 1211 1612 1239 ο
1641 1202 1974 1267 quodcunque

403 1304 575 1373 fecerit
609 1318 685 1353 me
725 1296 881 1351 dividi
909 1313 939 1348 a
969 1296 1127 1358 vobis,
1162 1309 1352 1346 mecum
1383 1301 1453 1344 est
1482 1290 1670 1360 palma.
1707 1289 1767 1342 Si
1794 1289 1859 1340 ad
1886 1303 1974 1339 ex-

401 1396 573 1447 silium
622 1392 823 1455 abiero,
884 1388 1012 1440 beati
1055 1384 1270 1439 Jounn's
1317 1382 1637 1451 erangelistte
1687 1377 1975 1446 exemplum

404 1485 431 1522 ἀ
448 1484 642 1546 habeo;
671 1482 715 1533 si
742 1481 807 1533 ad
831 1479 1003 1531 ntortis
1028 1477 1257 1536 eaitium,
1292 1474 1340 1526 bl
1349 1476 1420 1527 ilti
1445 1476 1605 1525 vivere
1625 1471 1855 1524 Christus
1880 1478 1972 1533 est,

407 1587 451 1629 et
499 1575 626 1627 ntori
657 1574 853 1625 lucrum
882 1569 1142 1637 (Philipp.
1176 1584 1213 1633 ι,
1238 1566 1351 1635 2|).
1403 1565 1463 1619 Si
1504 1565 1719 1629 rediero,
1772 1563 1972 1632 fratres,

408 1667 630 1735 implebit
687 1664 821 1715 Deus
865 1659 1171 1714 desiderium
1229 1669 1464 1709 vestrum.
1513 1654 1744 1706 Attamen
1797 1651 1975 1719 sufﬁcit

2072 497 2255 553 magna
2281 482 2483 542 virtute,
2508 481 2679 532 dicens
2707 494 2723 530 :
2750 477 2838 541 Te,
2860 477 3139 531 beatissime
3159 476 3334 531 Cirola
3359 492 3547 535 nostra:
3569 501 3661 537 re-

2073 571 2277 642 ligionis
2307 570 2536 632 antistes,
2567 570 2809 637 deprecor
2839 578 2893 620 ut
2923 568 3196 637 respiciens
3223 575 3515 640 manifestes
3540 572 3661 641 glo~

2071 664 2203 715 riam
2240 679 2300 714 ac
2324 663 2561 714 virtutem
2591 669 2753 724 tuam,
2796 669 2852 711 ut
2894 660 3065 711 oculos
3092 675 3229 713 meos
3259 661 3512 730 aperiens,
3545 679 3658 716 me-

2074 772 2186 807 rrar
2206 756 2369 807 lucem
2411 754 2579 806 videre
2608 767 2759 820 quam
2796 752 3017 821 perdidi.
3068 750 3169 814 Qui
3196 753 3346 821 jussa
3370 755 3653 822 complens,

2073 846 2392 913 residinsque
2422 844 2475 896 in
2500 843 2693 914 platea,
2735 852 3028 896 transeunte
3054 843 3290 897 htrretico
3319 861 3434 896 cum
3459 848 3656 899 sanctis

2078 936 2191 997 Dei,
2234 935 2328 986 iste
2358 934 2446 1003 qui
2484 930 2643 985 Deum
2677 931 2891 985 irridere
2928 941 2951 970 ⁸
2980 932 3249 1001 cogitabat,
3300 936 3551 990 exclamat
3597 939 3654 990 in

2072 1041 2257 1095 magna
2285 1023 2667 1086 virtute,dicens
2688 1037 2706 1074 :
2733 1021 2866 1075 Audi
2893 1040 2990 1088 me,
3011 1024 3292 1078 beatissime
3319 1024 3655 1092 Cirola,audi

2072 1134 2170 1180 me,
2200 1128 2369 1171 sancte
2391 1116 2627 1170 sacerdos
2660 1113 2790 1168 Dei:
2816 1116 3005 1183 respice
3029 1118 3307 1169 caecitatem
3332 1132 3516 1173 meam.
3544 1117 3653 1172 Ex-

2075 1209 2241 1277 periar
2264 1222 2353 1277 ego
2386 1207 2748 1258 ntedicantenta
2769 1221 2881 1275 qua!
2905 1220 3039 1272 saepe
3058 1208 3176 1259 cteci
3203 1207 3382 1276 reliqui
3411 1224 3443 1259 a
3473 1219 3519 1260 te
3546 1225 3651 1261 nte-

2074 1307 2280 1351 ruerunt
2314 1294 2357 1361 τ,
2385 1311 2497 1364 quae
2523 1296 2706 1365 leprosi
2730 1296 2920 1364 experti
2937 1305 3072 1360 sunt,
3096 1313 3207 1364 quce
3225 1298 3319 1364 ipsi
3340 1299 3489 1350 etiam
3514 1316 3649 1352 mor-

2076 1388 2149 1440 tui
2178 1396 2555 1457 persenserunt.
2602 1386 2795 1453 Adjuro
2836 1394 2882 1437 te
2910 1402 2997 1454 per
3028 1387 3190 1455 ipsam
3239 1388 3469 1440 virtutem
3497 1405 3650 1456 quam

2076 1480 2249 1545 habes,
2283 1489 2336 1531 ut
2362 1479 2487 1531 mihi
2516 1479 2855 1531 desideratam
2882 1479 3116 1531 restituas
3144 1478 3330 1544 lucem,
3360 1482 3480 1548 quia
3509 1482 3650 1550 grati

2074 1590 2185 1628 sum
2218 1574 2441 1626 cacitate
2460 1586 2749 1641 percussus.
2772 1568 3052 1623 Veritatem
3077 1570 3212 1623 enim
3234 1571 3459 1624 nesciens
3479 1588 3650 1625 verum

2077 1666 2268 1719 dicebat
2292 1680 2311 1717 :
2341 1665 2458 1732 quia
2485 1671 2755 1717 cwcaverat
2778 1678 2891 1715 eum
2919 1662 3191 1731 cupiditas,
3222 1672 3270 1714 et
3296 1664 3531 1716 virtutem
3556 1661 3650 1716 Dei

406 1758 581 1821 modo,
609 1754 743 1822 quod
768 1752 904 1804 vobis
927 1767 1031 1802 non
1060 1750 1218 1810 tacui,
1252 1747 1425 1799 monui
1453 1756 1498 1797 et
1522 1744 1737 1795 instruxi
1764 1757 1974 1810 quomo-
2005 1748 2048 1805 Β
2075 1756 2435 1823 οηιηξροιεηιε,
2461 1754 2676 1807 irridere
2705 1768 2794 1822 ρει.
2822 1754 3089 1823 pecuniam
3114 1752 3417 1805 ωδιίηιαδαε,

404 1849 473 1899 do
517 1847 676 1914 potui,
716 1843 924 1910 ideoque
973 1840 1211 1893 immunis
1258 1853 1369 1890 sum
1410 1853 1440 1887 a
1468 1836 1713 1904 sanguine
1750 1834 1976 1885 omnium

405 1942 757 2012 pereuntium;
779 1937 882 1988 scio
901 1934 1022 2002 quia
1042 1931 1285 1985 adversus
1306 1947 1389 1983 eus
1414 1930 1639 1995 legentur
1664 1928 1844 1979 litterw
1871 1925 1979 1977 ista:

406 2044 528 2087 ante
556 2030 775 2083 tribunal
801 2026 1008 2091 Christi,
1033 2040 1146 2077 cum
1169 2022 1352 2074 venerit
1380 2022 1593 2072 reddere
1619 2017 1882 2085 unicuique
1903 2031 1981 2067 se-

411 2124 628 2177 cundum
687 2134 842 2185 opera
889 2133 1003 2171 sua.
1040 2113 1099 2169 Si
1128 2128 1350 2165 reversus
1377 2112 1540 2180 fuero,
1571 2112 1775 2175 fratres,
1807 2106 1980 2159 videbo

409 2232 493 2269 vos
519 2214 570 2265 in
595 2215 689 2263 hac
714 2210 847 2271 vita;
870 2206 913 2260 si
939 2220 1167 2259 reversus
1187 2219 1289 2254 non
1313 2201 1474 2268 fuero,
1506 2199 1683 2251 videbo
1708 2212 1796 2249 vos
1820 2197 1872 2248 in
1901 2195 1982 2263 fu-

412 2318 545 2359 tura.
582 2303 707 2357 Dico
738 2312 905 2354 tamen
935 2298 1091 2360 vobis,
1123 2295 1316 2357 Valete,
1345 2302 1484 2346 orate
1519 2306 1612 2360 pro
1638 2289 1803 2354 nobis,
1826 2297 1874 2343 et
1898 2292 1982 2358 je«

412 2400 588 2468 innate
619 2410 636 2447 :
662 2395 781 2461 quia
801 2390 1065 2461 jejunium
1086 2396 1130 2440 et
1145 2387 1463 2453 eleemosyna
1490 2396 1684 2450 semper
1707 2381 1981 2433 Dominum

414 2488 477 2539 ad
501 2483 896 2536 misericordiam
920 2481 1251 2547 deﬂexerunt.
1273 2475 1577 2530 Mementote
1608 2486 1715 2525 esse
1738 2471 1982 2538 scriptum

411 2579 461 2628 in
495 2573 770 2643 Evangelia
800 2587 820 2624 .'
850 2569 1027 2622 Nolite
1058 2569 1233 2620 timere
1271 2581 1354 2619 eos
1399 2566 1485 2632 qui
1509 2564 1745 2617 occidunt
1777 2577 1979 2631 corpus,

413 2667 630 2718 animans
652 2672 821 2715 autem
850 2676 950 2712 non
979 2666 1189 2727 possunt
1204 2658 1463 2717 occidere;
1486 2656 1655 2708 timete
1678 2661 1845 2706 autem
1868 2667 1982 2703 eum

414 2757 494 2827 qui
520 2763 780 2823 postquam
806 2750 1040 2803 occiderit
1062 2764 1263 2815 corpus,
1298 2747 1328 2798 h
1349 2746 1440 2799 ibet
1467 2752 1759 2815 potestatem
1801 2749 1846 2794 et
1875 2741 1985 2793 ani-

414 2862 542 2898 mam
569 2842 796 2914 perdere,
822 2850 867 2893 et
889 2840 1099 2891 -mittere
1126 2838 1178 2889 in
1203 2838 1481 2907 gehennam
1514 2832 1725 2906 (Matth.
1757 2848 1808 2896 χ,
1841 2832 1954 2900 ‘28).

414 2984 621 3045 leltlicit
643 2981 851 3041 Eugenii
872 2976 1093 3041 epistola,
1118 2976 1174 3023 ad
1199 2989 1337 3024 suum
1363 2976 1489 3023 redit
1515 2974 1674 3022 thema
1699 2972 1983 3033 Gregorius.

2150 1846 2235 1900 Vl.
2274 1845 2414 1898 Tunc
2438 1844 2792 1898 ha'reticorum
2819 1843 3089 1912 episcopus
3118 1844 3379 1912 paululum
3410 1859 3463 1896 se
3489 1844 3651 1897 diver-

2080 1940 2137 1991 tit
2160 1938 2305 2007 quasi
2327 1939 2379 1989 in
2408 1936 2591 1989 virtute
2621 1934 3046 2003 triumphaturus,
3079 1932 3241 1986 elatus
3266 1935 3486 1986 vaniate
3503 1946 3650 2001 atque

2079 2028 2331 2097 superbia,
2368 2027 2531 2095 posuit
2558 2042 2764 2077 manum
2782 2041 2925 2078 suam
2944 2040 3095 2093 super
3114 2025 3287 2077 oculos
3305 2026 3436 2089 eius,
3451 2026 3649 2078 dicens:

2084 2121 2373 2176 Secundum
2411 2120 2563 2189 ﬁdem
2601 2128 2847 2185 nostram,
2878 2135 2977 2188 qua
3016 2128 3147 2170 recte
3184 2117 3346 2170 Deum
3381 2118 3651 2182 credimus,

2081 2216 2378 2285 aperiantur
2404 2213 2539 2265 oculi
2567 2213 2658 2265 tui.
2696 2211 2758 2264 Et
2789 2227 2905 2264 mox
2934 2220 2987 2263 ut
3007 2209 3103 2263 hoc
3132 2214 3277 2277 nefas
3304 2209 3490 2277 erupit,
3522 2210 3655 2261 risus

2083 2317 2306 2360 mutatur
2330 2307 2381 2359 in
2409 2306 2692 2376 planctum,
2718 2314 2761 2357 et
2789 2304 2935 2358 dolus
2959 2304 3179 2373 episcOpi
3205 2312 3275 2355 est
3296 2306 3575 2373 patefactus
3600 2303 3655 2356 in

2084 2399 2284 2467 publico
2314 2409 2358 2452 ι.
2399 2398 2531 2455 Nam
2559 2406 2729 2449 tantus
2771 2396 2916 2448 dolor
2943 2396 3113 2449 oculos
3145 2394 3317 2447 miseri
3347 2394 3484 2447 illius
3515 2395 3655 2447 inra-

2084 2491 2171 2553 sit,
2199 2499 2249 2541 ttt
2279 2505 2361 2541 eos
2387 2488 2561 2557 digitis
2592 2489 2675 2540 vix
2700 2485 3072 2553 comprimeret,
3098 2501 3160 2539 ne
3187 2493 3469 2551 creparent.
3501 2483 3655 2537 Deni-

2083 2596 2177 2650 que
2197 2582 2417 2632 clamare
2443 2580 2587 2648 etepit
2631 2580 2803 2641 miser,
2835 2592 2897 2629 ac
2919 2576 3085 2629 dicere
3110 2592 3129 2629 :
3167 2574 3259 2629 Va:
3288 2575 3412 2627 milii
3442 2575 3656 2630 misero!

2086 2669 2203 2736 quia
2232 2668 2466 2720 seductus
2497 2683 2609 2719 sum
2638 2666 2697 2719 ab
2737 2667 2945 2719 inimico
2980 2665 3101 2735 legis
3131 2660 3333 2718 div'nte.
3384 2663 3475 2717 Vcs
3513 2665 3658 2727 mihi,

2086 2756 2206 2827 quia
2234 2754 2399 2809 Deum
2424 2772 2513 2825 per
2536 2756 2796 2823 pecuniam
2817 2755 3031 2809 irridere
3060 2752 3276 2818 voi'ui,et
3298 2753 3659 2822 quinquaginta

2088 2863 2269 2901 aureos
2300 2847 2493 2915 accepi,
2520 2858 2569 2898 ut
2601 2846 2695 2898 hoc
2724 2846 2922 2915 facinus
2958 2855 3320 2915 perpetrarent.
3357 2846 3437 2896 Ad
3470 2846 3660 2913 episca-

2090 2955 2211 3009 pum
2253 2948 2419 2990 autent
2463 2938 2625 2990 aiebat
2665 2952 2682 2991 :
2729 2936 2859 2989 Ecce
2902 2952 3085 2989 aurum
3115 2946 3273 2998 tuum,
3310 2934 3466 2989 redde
3494 2936 3659 2987 lumen

2094 3042 2279 3092 meum,
2310 3026 2447 3095 quod
2474 3025 2591 3078 dolo
2621 3036 2707 3078 tuo
2730 3026 2949 3095 perdidi.
2991 3025 3189 3092 Vosque
3219 3040 3365 3095 rogo,
3399 3023 3659 3093 gloriosis-

487 3113 571 3165 IV.
607 3110 802 3163 Ductus
844 3109 1013 3175 itaque
1047 3115 1249 3157 sanctus
1283 3102 1538 3172 Eugenius
1567 3100 1633 3152 ad
1670 3114 1835 3168 regem
1874 3112 1983 3150 cum

2091 3117 2207 3169 simi
2246 3115 2522 3168 Christiani
2571 3132 2634 3167 ne
2676 3116 2968 3183 despiciatis
3008 3116 3264 3175 miserum,
3310 3113 3395 3165 sed
3434 3114 3659 3167 velociter

416 3206 505 3256 illo
537 3202 839 3253 Arianorum
870 3200 1133 3267 episcopo,
1158 3212 1252 3264 pro
1294 3194 1397 3260 fide
1422 3194 1673 3245 catholica
1697 3190 1983 3243 decertavit.

417 3296 642 3358 Cumque
665 3309 775 3346 eum
800 3292 862 3344 de
890 3298 1077 3342 sancttv
1099 3288 1362 3339 Trinitatis
1394 3286 1630 3354 mysterio
1652 3283 1988 3353 potentissime

416 3385 695 3443 devicisset.
726 3391 775 3434 et
802 3382 1009 3445 insuper
1050 3377 1235 3428 multas
1266 3390 1353 3442 per
1381 3389 1494 3425 eum
1523 3374 1729 3425 virtutes
1759 3372 1987 3424 Christus

417 3472 718 3538 ostetth'el,
736 3471 787 3522 in
811 3472 1054 3538 majorem
1081 3464 1333 3517 insaniam
1354 3463 1488 3515 idem
1508 3479 1553 3529 ει
1570 3462 1771 3529 iscapus
1795 3462 1988 3515 invidia

417 3567 765 3632 inﬂammante
785 3558 1125 3614 succenditur.
1147 3554 1308 3607 Erant
1329 3555 1459 3607 enim
1479 3564 1600 3608 tunc
1620 3554 1853 3621 temporis
1874 3569 1989 3606 cum

416 3664 593 3709 sancta
636 3651 863 3721 Eugenio
910 3650 1002 3701 viti
1044 3647 1425 3718 prudentissimi
1470 3656 1619 3714 atque
1661 3646 1985 3711 sanctissimi,

431 3742 769 3797 Vindemialis
791 3751 838 3791 et
867 3739 1130 3807 Longinus
1157 3733 1400 3807 episcopi,
1434 3751 1579 3804 pares
1605 3737 1789 3803 gradu,
1822 3746 1867 3788 et
1893 3736 1993 3788 vir-

378 3864 381 3867 -
416 3848 528 3889 su'e
557 3852 657 3887 non
684 3835 918 3902 impares.
948 3828 1077 3882 Nam
1102 3838 1305 3881 sanctus
1342 3827 1674 3880 Vindemial's
1694 3844 1751 3880 eo
1773 3837 1993 3894 tempore

421 3928 680 3996 ferebatur
708 3934 963 3977 mortuum
1005 3921 1294 3981 suscitasse,
1327 3917 1589 3988 Longinus
1617 3929 1785 3971 autem
1824 3919 1993 3972 multis

421 4019 635 4087 inﬁrmis
667 4016 882 4069 salutem
919 4012 1123 4075 tribuit;
1166 4009 1423 4078 Eugenius
1462 4024 1657 4077 quoque
1696 4025 1794 4061 non
1834 4011 1995 4061 solum

424 4109 692 4162 visibilium
719 4107 980 4159 oculorum
1010 4101 1308 4164 ctrcitattm,
1340 4099 1425 4151 sed
1468 4099 1614 4151 ctiam
1645 4099 1881 4151 mentium
1910 4100 1997 4151 de-

463 4201 663 4252 ellebat.

424 4218 663 4267 petteoat.

504 4287 563 4339 ν.
596 4286 745 4349 Quod
773 4297 981 4336 cernens
1006 4280 1092 4333 ille
1122 4292 1335 4344 nequam
1378 4278 1681 4329 Arianorum
1712 4279 1995 4347 episcopus,

427 4388 663 4430 vocatum
691 4382 756 4426 ad
780 4390 830 4425 se
859 4370 1129 4439 quemdam
1160 4369 1431 4432 hominem,
1463 4369 1524 4419 ab
1549 4370 1640 4421 illo
1665 4385 1762 4435 quo
1792 4370 1899 4438 ipse
1922 4372 1998 4422 vi-

2088 3206 2365 3259 sttccurrite
2396 3206 2642 3275 pereunti.
2691 3204 2760 3256 Ve
2789 3221 2816 3258 e
2849 3208 2979 3256 enim
3024 3206 3231 3274 cognati
3258 3205 3377 3272 quia
3405 3203 3533 3255 Deus
3562 3218 3661 3254 non

2090 3284 2333 3347 irridetur
2359 3293 2503 3363 (Gal.
2536 3310 2604 3360 Vl,
2639 3294 2717 3361 7).

2162 3384 2270 3438 γη.
2300 3383 2439 3437 Tunc
2463 3385 2625 3438 sancti
2646 3382 2741 3437 Dei
2762 3384 3106 3437 misericordia
3130 3385 3248 3436 moti
3273 3399 3289 3435 :
3317 3382 3659 3450 Si,inquiuut,

2093 3476 2275 3541 credis,
2305 3476 2473 3528 omnia
2498 3474 2759 3545 possibilia
2786 3486 2903 3527 sttnt
2931 3475 3173 3527 credenti.
3206 3476 3267 3527 At
3295 3474 3382 3526 ille
3410 3471 3659 3526 clamabat

2092 3583 2207 3620 voce
2238 3582 2419 3635 magna
2441 3580 2459 3617 :
2493 3565 2592 3628 Qui
2631 3581 2731 3617 non
2763 3565 3032 3617 crediderit
3062 3562 3316 3617 Christum
3336 3561 3542 3625 ,Fitium
3575 3561 3661 3613 Dei

2092 3668 2138 3710 et
2163 3658 2413 3725 Spiritum
2440 3664 2670 3709 sanctum
2692 3656 2937 3725 a'qttalem
2962 3655 3143 3706 habere
3163 3643 3495 3706 substantiam
3516 3660 3661 3719 atque

2094 3748 2326 3799 deitatem
2354 3762 2467 3797 cum
2496 3744 2604 3797 Deo
2636 3744 2809 3807 Patre,
2842 3744 2994 3797 hodie
3017 3758 3130 3811 qua:
3158 3758 3247 3812 ego
3277 3758 3354 3812 pe;
3371 3742 3482 3810 fero
3503 3744 3663 3807 patia-

2095 3850 2197 3892 tur.
2242 3839 2305 3891 Et
2340 3838 2525 3907 adjecit
2558 3853 2577 3890 :
2606 3836 2770 3891 Credo
2816 3835 2972 3887 Dium
3004 3834 3213 3888 Pa'rem
3250 3835 3659 3899 omnipotentem,

2095 3932 2242 3983 credo
2258 3926 2377 3980 Fili.
2403 3944 2451 3979 nt
2471 3924 2561 3979 Dei
2586 3925 2841 3980 Christum
2861 3924 3038 3977 Iesum
3061 3922 3306 3993 aequalem
3334 3922 3496 3984 Patri,
3514 3922 3658 3973 credo

2050 4020 2350 4109 .Spiritum
2379 4027 2606 4070 sanctum
2630 4016 2774 4068 Patri
2794 4026 2839 4068 et
2859 4014 2998 4067 Filio
3024 4012 3503 4066 consubstantialem
3523 4020 3665 4078 atque

2098 4119 2420 4163 corrternunt.
2472 4107 2597 4159 Haec
2645 4107 2721 4158 illi
2757 4107 3040 4172 audientes,
3084 4115 3130 4157 et
3160 4120 3213 4157 se
3249 4104 3454 4156 invicem
3482 4102 3665 4153 honore

2099 4214 2272 4255 mutuo
2305 4202 2682 4269 pra’venientes,
2725 4198 2888 4251 oritur
2924 4198 3051 4249 inter
3076 4212 3159 4249 eos
3199 4205 3371 4248 sancta
3398 4194 3664 4255 contentio,

2099 4297 2207 4359 quis
2230 4291 2388 4343 oculis
2412 4292 2521 4358 ejus
2543 4290 2743 4358 signum
2773 4288 2925 4341 beatae
2952 4288 3112 4340 crucis
3140 4288 3442 4352 imponeret.
3478 4282 3666 4338 Vinde-

2102 4382 2267 4433 mialis
2290 4395 2404 4432 vero
2424 4394 2484 4430 ac
2515 4378 2770 4449 Longinus
2796 4377 3109 4449 Eugenium;
3140 4375 3227 4428 ille
3253 4388 3418 4427 autem
3445 4390 3471 4426 e
3497 4383 3669 4425 contra

424 4468 569 4520 vebat
592 4479 759 4517 errore
780 4465 1061 4527 deceptum,
1081 4459 1188 4510 ait:
1214 4456 1331 4509 Non
1357 4458 1523 4526 patior
1542 4456 1676 4524 quod
1701 4457 1753 4508 hi
1775 4458 1983 4524 episcopi

2100 4486 2181 4523 eos
2222 4478 2396 4522 exorat
2434 4477 2486 4520 ut
2525 4483 2705 4520 manus
2742 4468 3054 4536 imponerent
3078 4481 3232 4519 caeco.
3266 4463 3413 4530 Quod
3454 4479 3567 4515 cum
3597 4462 3669 4530 fe-

432 4555 591 4609 multa
616 4555 664 4606 in
698 4552 885 4623 populo
916 4552 1063 4619 signa
1090 4547 1412 4617 depromunt,
1448 4546 1661 4615 illosque
1699 4548 1889 4613 cuncti,
1918 4563 1996 4600 me

430 4645 683 4713 neglecto,
715 4651 1014 4705 sequuntur.
1046 4636 1309 4706 Acquiesce
1333 4650 1467 4687 nunc
1493 4632 1574 4686 his
1599 4648 1712 4703 qua:
1735 4635 1999 4704 prwcipio,

432 4747 482 4789 et
522 4734 737 4801 acceptis
777 4730 1143 4801 quinquaginta
1192 4718 1392 4791 aureis,
1435 4728 1553 4780 sede
1605 4728 1659 4779 in
1702 4728 1869 4790 platea
1917 4746 2005 4797 pcr

433 4843 588 4890 quam
618 4827 757 4879 nobis
785 4831 856 4877 est
880 4825 1137 4885 transitus,
1172 4830 1217 4872 et
1247 4836 1449 4872 manum
1478 4835 1631 4888 super
1654 4819 1854 4875 clausos
1879 4838 2001 4877 οσα-

482 4963 507 4991 ιι
531 4950 683 5021 Apud
699 4949 883 5024 Matth.
899 4948 1255 5024 v‘,15,_cth_-.
1275 4963 1379 5024 \_I\_t,
1396 4948 1483 5024 Si,
1501 4946 2008 5024 hpbeturevantteril;

431 5033 492 5079 et
514 5018 672 5076 Marc.
690 5036 797 5094 xw,
814 5020 901 5084 50,
920 5019 1186 5094 insulsum.
1205 5021 1269 5070 At
1286 5020 1391 5070 Atri
1419 5018 1659 5094 legebant
1674 5018 2005 5094 infamatum,

439 5103 494 5146 ut
526 5102 666 5159 patet
687 5107 748 5145 ex
774 5091 1067 5158 Augustino
1093 5089 1159 5142 de
1181 5102 1428 5159 sermone
1451 5088 1654 5159 Domini
1679 5088 1740 5143 in'
1758 5106 1955 5151 monte.

518 5156 541 5197 Β
571 5161 658 5214 Sic
681 5176 747 5213 ex
775 5156 878 5212 ms;
900 5161 1252 5227 reposuimus.
1288 5156 1423 5209 Editt
1448 5172 1567 5211 cum
1597 5158 1773 5226 Colb.,
1807 5164 1939 5227 ραίη
1963 5169 2008 5220 εξ

437 5230 704 5283 catholica:
727 5229 1011 5293 disciplinte
1039 5227 1360 5291 odhcereatis,
1388 5242 1478 5293 ego
1510 5243 1592 5280 vos
1632 5245 1835 5285 nec.....
1874 5235 2002 5289 obli-

409 5332 413 5336 ›
442 5302 742 5353 viscor......
768 5296 997 5349 divellor.
1032 5296 1184 5359 Reg”
1214 5298 1382 5364 quasi,
1408 5306 1509 5349 ctc.

518 5380 539 5406 ο
566 5370 650 5423 Sic
671 5368 839 5421 eidctn
862 5367 1011 5439 Coll).
1033 5372 1093 5418 At
1120 5367 1225 5439 edit
1246 5382 1361 5416 cuin
1387 5367 1529 5432 regio
1555 5382 1678 5431 tns.,
1701 5369 2011 5439 Quocunque

442 5456 522 5492 me
554 5439 756 5503 fecerint
774 5436 929 5488 dividi
954 5452 1158 5504 agones.
1196 5436 1408 5497 Baran.,
1440 5451 1618 5502 agone.

520 5506 545 5544 ἀ
576 5510 663 5561 Sic
682 5508 869 5562 Bacon.
893 5522 907 5565 ;
931 5510 1021 5560 sed
1044 5506 1216 5569 Co.b.,
1250 5506 1468 5570 profero.
1496 5505 1642 5559 Alius
1667 5522 1744 5561 ms
1773 5550 1787 5573 ,
1811 5523 2005 5565 constat

444 5576 749 5642 exemplum.

526 5658 545 5682 ο
583 5648 761 5710 Colb.,
808 5646 1107 5714 cogitaverat
1150 5643 1441 5697 exclamavit
1489 5659 1602 5695 voce
1649 5663 1853 5715 magna,
1896 5661 2001 5704 tota

2104 4560 2303 4622 cissent,
2324 4570 2367 4611 et
2391 4574 2567 4610 manus
2594 4573 2710 4610 suas
2740 4573 2889 4627 super
2913 4566 3061 4625 caput
3083 4557 3190 4625 ejus
3213 4560 3671 4619 tenerent,sanctus

2108 4649 2367 4719 Eugenius
2389 4665 2586 4702 crucem
2610 4665 2759 4718 super
2780 4649 2951 4702 oculos
2975 4649 3095 4701 caci
3121 4650 3174 4716 fa
3208 4648 3335 4713 iens,
3364 4648 3467 4698 ait:
3501 4643 3562 4696 In
3584 4660 3673 4695 no-

2108 4742 2241 4794 mine
2274 4739 2468 4804 Patris,
2498 4750 2543 4791 et
2579 4737 2726 4805 Filii,
2751 4749 2797 4791 et
2831 4738 3051 4809 Spiritus
3074 4740 3234 4791 sancti
3259 4737 3362 4790 veri
3392 4734 3506 4797 Dei,
3527 4749 3673 4802 quem

2109 4832 2293 4883 trinum
2326 4831 2373 4881 in
2408 4847 2506 4881 una
2546 4830 2835 4898 a’qualitale
2878 4838 3026 4897 atque
3073 4828 3430 4896 omnipotentia
3475 4825 3674 4891 confitc‘

2111 4962 2290 5013 virtute
2317 4977 2333 5013 :
2369 4961 2500 5012 Audi
2532 4979 2628 5029 me,
2656 4972 2848 5025 sancte,
2881 4974 2983 5015 etc.

2190 5029 2205 5065 τ
2240 5030 2385 5084 Colb.
2424 5030 2568 5084 addit
2596 5035 2838 5099 octipere.

2184 5109 2207 5145 ἕ
2249 5100 2433 5153 Simile
2462 5101 2583 5167 quid
2615 5096 2735 5154 huic
2764 5100 2835 5152 rei
2866 5100 3082 5165 contigit
3111 5096 3397 5166 Leovigiltli
3431 5096 3679 5163 tempori-

2111 5170 2209 5223 bus
2236 5170 2287 5222 in
2321 5169 2592 5234 llis,rania,
2627 5171 2699 5223 uti
2732 5177 2993 5221 memorat
3027 5168 3165 5222 idem
3195 5168 3482 5236 Gregorius
3515 5168 3680 5217 'l'un-

2115 5241 2291 5292 nensis
2325 5239 2415 5291 lib.
2449 5238 2516 5291 de
2536 5240 2715 5293 Gloria
2739 5238 3138 5303 Confessorum,
3171 5252 3288 5304 cap.
3312 5235 3402 5290 15.
3428 5235 3525 5290 Ubi
3558 5250 3681 5298 rege
3730 5248 3736 5253 ‘

2116 5320 2473 5376 conquerente
2500 5309 2640 5376 quod
2679 5322 2787 5360 suae
2814 5318 2977 5359 sectae
3017 5309 3099 5374 cpi
3132 5309 3248 5376 copi
3287 5308 3428 5360 nulla
3462 5305 3682 5359 ederent

2121 5379 2368 5431 miracula
2416 5378 2551 5430 sicut
2578 5376 2715 5444 apud
2746 5376 3035 5430 catholicus
3068 5378 3178 5430 fieri
3227 5378 3503 5437 solebant.
3546 5388 3682 5425 nitus

2116 5462 2181 5500 ex
2216 5449 2317 5500 illis
2360 5448 2656 5510 hominem,
2691 5450 2779 5513 qui
2819 5461 2850 5513 p
2885 5446 3037 5499 cunia
3067 5459 3346 5514 cortuptus
3397 5460 3594 5498 caecum
3627 5459 3683 5495 se

2120 5518 2588 5585 lingere-uicorum
2640 5531 2665 5569 s
2691 5518 2905 5568 mulavit
2926 5555 2940 5575 .
2970 5522 3062 5569 ενι]
3096 5518 3187 5572 Dei
3218 5525 3349 5571 nutu
3375 5515 3460 5569 ille
3501 5529 3683 5568 revera

2113 5584 2288 5640 ciuus
2321 5584 2539 5638 t-ll‘cctus
2572 5587 2749 5639 dolum
2776 5586 3044 5654 patefecit.
