4068 6348
332 310 437 361 ’ῖὶ5

940 297 1353 353 EXCEIWTUM
1400 296 1487 349 EX
1530 294 1879 349 GREGORIU

2014 292 2190 355 RON.,
2233 294 2321 347 DE
2368 296 2426 351 S.
2475 296 2795 365 EUCENIO,
2840 298 2985 352 ETC.

3494 306 3591 362 7H

329 436 472 487 mur,
503 417 799 487 aperiantur
826 415 959 467 oculi
992 414 1086 466 tui.
1133 412 1196 464 Et
1219 411 1391 464 starim
1417 409 1587 461 ablato
1628 409 1826 469 dolore,
1851 408 1916 458 att
1946 411 1992 466 A
2021 408 2240 473 propr.‘is
2280 426 2333 461 se
2376 411 2626 464 morsibus
2668 414 2912 476 laniabat,
2955 416 3005 466 in
3046 430 3143 482 quo
3185 418 3335 468 etiam
3362 421 3589 473 εηιείαη.

332 508 608 577 pristinam
637 505 787 557 rediit
816 502 1085 555 sanita:e.-n
1115 509 1161 551 θ.
1192 497 1607 566 Μαιήίεειῖδδὲηιά
1634 506 1799 549 autem
1824 512 1918 565 pa-

332 598 431 651 tuit
463 612 550 664 per
579 596 733 665 hujus
763 594 1060 655 cwcitatem,
1101 586 1320 657 qualiter
1348 586 1699 638 haereticorum
1730 585 1921 652 episco-

333 703 435 753 pus
462 685 637 741 oculos
663 681 892 735 cordium
925 680 1106 732 misero
1130 676 1423 731 assertionis
1451 690 1558 728 sum
1578 674 1772 729 velabat
1792 674 1921 727 ami-

332 787 445 839 ctu,
476 790 538 827 ne
570 789 738 827 reram
780 772 942 824 lucem
976 769 1082 822 illis
1119 768 1292 821 liceret
1333 766 1454 833 ﬁdei
1496 766 1656 819 oculis
1694 776 1917 818 contem-

338 867 495 935 plari.
527 864 570 917 0
604 864 878 917 miserum!
910 861 996 929 qui
1036 876 1136 913 non
1169 860 1426 928 ingressus
1462 874 1551 928 per
1588 861 1825 929 januam,
1866 860 1917 910 id

335 975 361 1012 ς
394 969 411 1010 t
442 974 531 1025 per
560 954 837 1016 Christum,
867 953 953 1020 qui
977 961 1047 1005 est
1060 955 1225 1021 janua
1252 966 1386 1014 rem,
1421 948 1572 1016 lupus
1597 951 1760 1018 magis
1776 952 1914 1017 gregi

337 1064 494 1115 quam
524 1048 634 1116 ejus
658 1040 825 1098 custos
855 1040 1084 1106 effectus,
1115 1051 1159 1126 et
1199 1056 1372 1109 pacem
1410 1040 1530 1107 ﬁdei
1552 1056 1700 1105 quam
1732 1040 1783 1092 in
1811 1055 1916 1091 tre-

336 1138 571 1192 dentium
600 1136 836 1190 cordibus
868 1132 1107 1186 debuerat
1149 1132 1440 1193 accendere,
1475 1131 1723 1198 pravitate
1752 1132 1917 1183 cordis

337 1232 421 1283 sui
447 1229 726 1282 conabatur
757 1226 1093 1293 exstinguere.
1138 1222 1317 1278 Sancti
1350 1239 1464 1275 vero
1508 1221 1605 1275 Dii
1646 1224 1749 1274 alia
1776 1224 1919 1291 signa

337 1321 393 1371 in
419 1319 622 1388 pupulis
652 1317 811 1369 multa
838 1319 1086 1385 fecerunt,
1110 1322 1155 1365 et
1176 1323 1282 1365 erat
1310 1329 1402 1366 ros:
1431 1329 1530 1365 una
1554 1312 1730 1381 populi
1750 1314 1917 1364 dicen-

337 1411 403 1463 tis
435 1424 454 1463 :
486 1409 650 1462 Verus
685 1406 820 1461 Deus
856 1406 1028 1469 Pater,
1053 1422 1195 1458 verus
1230 1404 1366 1457 Deus
1397 1402 1583 1472 Filius,
1611 1420 1752 1457 verus
1788 1405 1918 1457 Deus

338 1501 570 1571 Spiritus
608 1508 836 1563 sanctus,
886 1514 983 1549 una
1024 1497 1124 1565 ﬁde
1154 1497 1415 1560 colendus,
1456 1512 1557 1549 uno
1598 1498 1775 1549 timore
1815 1512 1918 1549 nte-

339 1592 575 1652 tuendus,
620 1590 888 1656 eodemque
924 1589 1111 1639 honore
1152 1588 1482 1640 venerandus.
1527 1586 1667 1637 Nam
1707 1602 1765 1639 ea
1804 1601 1919 1654 qua:

341 1679 517 1734 Cirola
542 1682 741 1742 asserit,
770 1678 900 1747 falsa
920 1694 1027 1730 βεδε
1048 1678 1240 1729 cunctis
1272 1687 1341 1729 est
1374 1678 1713 1746 mttn'festum.

2024 498 2173 550 vitam
2202 499 2464 567 indignam
2483 502 2628 569 justa
2655 513 2813 555 morte
2836 504 3019 570 ﬁnivit.
3067 504 3199 558 lluic
3227 506 3241 556 ἱ
3281 506 3590 565 Childericns

2021 588 2279 649 successit,
2330 606 2429 657 quo
2466 592 2709 659 defuncto
2753 592 3057 647 Celsimiris
3095 612 3303 667 regnum
3348 603 3589 664 suscepit.

2024 675 2050 728 l
2058 692 2145 742 pse
2167 693 2363 746 quoque
2387 696 2416 730 a
2455 680 2713 745 republica
2740 690 3027 749 superatus,
3049 684 3201 737 vitam
3223 688 3590 757 principatum-

2020 783 2115 835 que
2144 768 2327 835 ﬁnivit,
2358 776 2404 821 et
2427 771 2499 821 sic
2528 786 2737 839 regnum
2767 772 2953 824 decidit
2991 773 3360 830 Vandalorum.

2093 856 2160 909 Χ.
2197 856 2332 911 Huic
2362 870 2574 927 cryptae,
2599 860 2651 912 in
2679 876 2779 928 qua
2806 862 3097 916 servabatur
3118 867 3283 919 sancti
3311 867 3588 923 Amarandi

2019 961 2221 1014 corpus,
2262 948 2484 1001 sociatur
2521 958 2569 1000 et
2598 950 2685 1003 ille
2726 950 3131 1019 Honoriﬁcicnte
3178 955 3588 1031 [Huuericianm]

2019 1038 2393 1107 persecutionis
2432 1048 2626 1108 martyr
2686 1039 2942 1110 Eugenius
2968 1081 2988 1117 ,_
3032 1048 3356 1101 sacerdotalis
3410 1051 3587 1105 insula:

2019 1131 2298 1183 maximum
2325 1132 2496 1197 decus,
2539 1148 2688 1201 quem
2714 1133 2765 1185 in
2807 1134 2902 1186 hac
2932 1135 3050 1187 urbe
3091 1138 3349 1191 detrusum
3385 1141 3586 1206 exsilio,

2019 1222 2096 1273 vel
2121 1221 2301 1291 ipsius,
2346 1222 2423 1275 vel
2459 1224 2713 1276 sociorum
2749 1228 2861 1293 ejus
2899 1227 3065 1292 pa‘ssio
3106 1240 3301 1281 narrat.
3354 1230 3449 1285 llic
3477 1249 3588 1286 cum

2019 1312 2215 1379 magnis
2247 1313 2297 1363 in
2326 1311 2516 1365 steculo
2558 1314 2770 1380 polleret
2806 1314 3093 1385 virtutibus,
3133 1327 3176 1369 et
3198 1320 3307 1385 jam
3344 1322 3500 1374 victor
3528 1324 3589 1375 de

2020 1404 2278 1458 tormentis
2322 1406 2699 1474 martyrialibus
2744 1407 3038 1473 exstitisset,
3076 1418 3269 1481 tempus
3310 1417 3587 1469 vocationis

2017 1508 2142 1558 suce,
2176 1510 2275 1561 quo
2318 1506 2654 1548 accerseretur
2695 1500 2761 1549 ad
2800 1496 3040 1567 gloriam,
3086 1500 3304 1555 Domino
3345 1507 3588 1559 revelante

2017 1584 2249 1652 cognovit
2281 1599 2300 1635 :
2339 1584 2471 1636 illud
2516 1587 2767 1652 praecipue
2808 1591 2945 1655 quod
2984 1590 3185 1657 populis
3221 1594 3586 1657 occultabatur,

2020 1673 2342 1739 manifestum
2372 1689 2603 1742 noscens,
2630 1691 2682 1727 se
2710 1676 2923 1745 martyri
2950 1678 3244 1732 Amarando
3270 1682 3461 1734 socium
3483 1698 3588 1735 esse

412 1766 547 1822 Vlll.
593 1767 782 1820 Videas
816 1776 983 1819 autem
1021 1763 1314 1819 IIouoricus
1340 1779 1431 1818 rea:
1465 1766 1765 1818 assertiones
1797 1783 1839 1817 s:
1860 1782 1917 1817 as
1948 1762 1993 1822 Β
2021 1768 2269 1831 futurum,
2316 1766 2384 1817 ad
2414 1770 2525 1835 ejus
2569 1766 2857 1831 sepulcrum
2904 1767 3162 1837 dirigitur,
3210 1782 3588 1841 proslratusque

342 1874 431 1926 per
458 1866 744 1911 sanctorum
767 1857 917 1923 ﬁdem
940 1854 1214 1925 gloriosam
1240 1853 1265 1891 ι)
1295 1854 1519 1907 totaliter
1539 1854 1809 1923 denudari,
1828 1871 1914 1908 nec

341 1949 469 2018 erigi
506 1955 691 2001 sectam
734 1946 939 2008 erroris,
983 1944 1073 1998 sed
1113 1945 1281 2012 potius
1331 1943 1553 2007 destrui;
1586 1943 1915 2014 fraudemque

340 2038 600 2107 pontiﬁcis
643 2039 723 2089 sui
758 2036 810 2088 in
853 2038 947 2087 hoc
985 2035 1170 2088 scelere
1206 2035 1365 2104 fuisse
1404 2036 1645 2088 detectam
1674 2052 1691 2089 :
1716 2046 1915 2089 sanctos

340 2130 438 2183 Dei
464 2138 574 2199 post
600 2128 759 2181 multa
789 2136 1055 2191 tormenta,
1085 2134 1197 2196 post
1223 2137 1245 2164 ο
1275 2124 1493 2189 eculeos,
1519 2136 1630 2195 post
1657 2129 1911 2195 ﬂammas,

342 2234 456 2292 post
486 2224 731 2295 ungulas,
764 2223 922 2293 jussit
963 2222 1200 2289 interﬁci.
1242 2220 1455 2274 Beatum
1485 2238 1598 2275 vero
1630 2221 1742 2292 Eug
1775 2224 1916 2276 nium

341 2313 587 2366 decollari
621 2312 799 2379 jussit,
836 2311 927 2362 sub
974 2326 1031 2361 ea
1077 2310 1256 2377 specie,
1290 2318 1342 2361 ut
1371 2310 1413 2363 si
1456 2309 1507 2362 in
1546 2326 1605 2363 ea
1649 2310 1775 2363 hora
1815 2328 1913 2379 qua

274 2470 285 2477 υ
340 2405 476 2457 ensis
505 2420 653 2472 super
681 2402 921 2455 cervicem
959 2402 1068 2467 ejus
1101 2400 1435 2464 incumbebat,
1464 2416 1561 2452 non
1590 2410 1915 2453 reverteretur

340 2499 408 2550 ad
449 2496 799 2549 luereticorum
841 2503 1049 2555 sectam,
1090 2508 1189 2544 non
1229 2493 1559 2557 occideretur,
1591 2507 1651 2544 ne
1678 2508 1791 2543 eum
1823 2509 1914 2559 pro

342 2597 561 2657 martyre
581 2586 861 2639 excolerent
886 2584 1186 2647 Christiani,
1216 2582 1307 2635 sed
1336 2581 1516 2635 exsilio
1547 2584 1873 2635 damnaretur
1894 2598 1913 2636 :

339 2679 477 2747 quod
510 2679 579 2730 ita
617 2677 804 2745 factum
840 2691 945 2727 esse
968 2673 1288 2740 manifestum
1314 2682 1408 2725 est.
1444 2672 1582 2725 Nam
1608 2689 1721 2725 cum
1749 2674 1913 2726 immi-

340 2769 479 2822 nenti
500 2778 654 2821 morte
683 2768 1021 2835 interrogatus
1049 2766 1224 2834 fuisset
1251 2766 1294 2817 si
1323 2767 1451 2817 ntori
1485 2772 1577 2835 pro
1608 2766 1710 2831 fide
1737 2767 1914 2818 cathoa

342 2860 442 2911 lica
472 2856 496 2894 ἀ
524 2859 819 2921 destinaret,
854 2859 1111 2925 respondit
1139 2870 1157 2907 :
1185 2854 1310 2909 Haec
1338 2858 1471 2907 enim
1512 2865 1583 2907 est
1610 2840 1913 2926 sempiterna

342 2951 465 3013 vita,
511 2966 599 3014 pro
626 2948 837 3017 justitia
872 2948 1020 2999 mori.
1068 2946 1207 2999 Tunc
1249 2961 1493 3013 suspenso
1530 2946 1734 3014 gladio,
1771 2946 1912 3013 apud

344 3051 366 3076 ί
399 3040 712 3110 .4.‘bigensem
752 3038 1041 3091 Galliarum
1084 3038 1256 3089 urbem
1292 3037 1469 3090 exs'lio
1509 3037 1779 3103 deputatus
1812 3048 1907 3100 est,

2018 1858 2127 1908 solo
2155 1856 2436 1909 diutissime
2466 1859 2741 1911 orationem
2781 1861 2914 1937 fudit
2940 1862 3007 1913 ad
3055 1860 3327 1915 Dominum
3356 1881 3375 1917 :
3406 1866 3586 1919 dehinc

2017 1948 2253 2013 expansis
2280 1962 2369 2015 per
2395 1947 2731 2015 pavimentum
2750 1950 2964 2013 brachii,
2980 1953 3214 2021 spiritum
3236 1953 3359 2007 caelo
3382 1956 3583 2021 direxit,

2015 2040 2103 2105 qui
2131 2056 2160 2089 a
2181 2037 2482 2092 Christianis
2510 2040 2769 2105 collectus,
2811 2043 2860 2093 in
2885 2043 2998 2110 ipsa
3034 2060 3134 2111 qua
3159 2045 3379 2098 diximus
3408 2060 3587 2115 crypta

2016 2131 2291 2197 sepulturte
2323 2132 2596 2185 mandatus
2623 2141 2717 2186 est.
2751 2132 2913 2202 [Tunc
2942 2133 2961 2169 ¹ί
2998 2151 3167 2188 omnes
3191 2138 3277 2204 qui
3310 2139 3444 2190 circa
3472 2154 3585 2192 eum

2015 2219 2233 2284 stabant,
2265 2236 2357 2275 sua
2379 2221 2649 2274 tundentes
2675 2233 2895 2290 pectora,
2929 2224 3106 2276 dantes
3135 2227 3355 2294 mugitus
3382 2229 3584 2294 procla-

2017 2311 2216 2362 mabant
2249 2326 2268 2364 .'
2304 2309 2348 2364 0
2376 2325 2509 2364 mars
2547 2311 2681 2379 dira,
2718 2328 2807 2365 cur
2834 2322 3001 2366 tantos
3033 2316 3181 2367 hodie
3206 2316 3429 2383 perimis,
3462 2318 3583 2369 dum

2015 2417 2045 2452 a
2074 2403 2213 2454 nobis
2243 2406 2415 2471 aufers
2451 2404 2613 2456 sancti
2644 2405 2805 2457 nostri
2846 2406 3205 2473 praesentiam?
3245 2407 3472 2476 Longum
3512 2421 3582 2462 est

2016 2508 2250 2545 enarrare
2273 2508 2361 2559 per
2384 2493 2606 2562 singula,
2638 2505 2909 2562 quantaet
2934 2498 3105 2562 qualia
3136 2498 3257 2550 inibi
3292 2500 3399 2552 sine
3429 2501 3583 2552 inter-

2017 2584 2252 2635 missione
2275 2584 2399 2636 almi
2424 2585 2671 2638 antistitis
2701 2583 2920 2656 Eugenii
2951 2587 3189 2641 hactenus
3228 2590 3472 2642 cernimus
3500 2606 3583 2643 co-

2016 2687 2240 2725 ruscare.
2268 2673 2311 2726 0
2340 2684 2528 2741 quanta
2558 2674 2803 2727 miracula
2825 2685 2874 2729 et
2896 2687 3137 2743 quantam
3165 2679 3460 2747 dignitatem
3486 2683 3583 2732 Uo-

2017 2763 2179 2815 minus
2218 2764 2436 2816 ostendit
2484 2764 2552 2816 ad
2596 2765 2886 2833 sepulcrum
2929 2769 3038 2836 ejus
3058 2768 3078 2818 .'
3118 2766 3273 2835 /Egri
3303 2771 3504 2822 veniunt
3539 2781 3584 2822 et

2014 2862 2278 2913 sanantur,
2332 2852 2633 2906 dtemouiaci
2690 2855 2889 2907 veniunt
2947 2864 2993 2907 et
3040 2856 3345 2921 liberantur,
3401 2861 3584 2928 leprosi

2012 2944 2217 2993 veniunt
2253 2954 2297 2995 et
2334 2944 2663 3010 inundantur,
2701 2946 2923 3013 elingues
2960 2949 3157 2999 veniunt
3201 2956 3244 3021 et
3286 2950 3582 3019 loquuntur,

2014 3033 2354 3100 febricitantes
2384 3035 2584 3087 veniunt
2613 3045 2657 3087 et
2687 3033 2976 3104 sanantur.]

340 3130 426 3183 ubi
452 3140 501 3183 et
525 3132 675 3197 ﬁnem
706 3130 818 3183 vita:
843 3128 1099 3199 pra'sentis
1122 3126 1261 3192 fecit.
1294 3126 1371 3177 Ad
1401 3130 1549 3196 cujus
1584 3143 1717 3178 nunc
1746 3130 1911 3195 :epul-
1939 3121 1983 3181 C
2087 3121 2174 3175 XI.
2220 3123 2298 3175 Ad
2338 3128 2484 3193 cujus
2511 3125 2828 3191 festivitatem
2858 3141 2973 3178 cum
3002 3135 3221 3197 tempore
3247 3130 3468 3198 quodam
3499 3132 3582 3184 in-

340 3239 485 3274 crum
516 3224 684 3275 multa:
712 3221 914 3276 virtutes
952 3230 997 3273 et
1037 3221 1349 3273 creberrime
1392 3222 1740 3273 attenduntur.
1775 3220 1911 3274 San-

341 3323 483 3365 ctum
510 3329 622 3366 vero
664 3312 1025 3366 Vindemialem
1063 3310 1233 3381 gladio
1262 3312 1456 3380 percuti
1484 3296 1740 3381 pracepit,
1775 3312 1911 3377 quod

342 3413 394 3453 et
424 3402 440 3437 ί
474 3402 734 3471 impletum
775 3411 847 3456 est
888 3404 939 3455 iu
980 3402 1076 3455 hoc
1116 3402 1407 3455 certamine.
1449 3402 1756 3456 Octavianus
1796 3418 1910 3456 tero

342 3492 733 3545 archidiaconus
781 3501 826 3545 et
866 3492 1025 3551 multa
1066 3492 1229 3544 millia
1266 3492 1488 3545 virorum
1533 3508 1594 3544 ac
1643 3494 1910 3545 mulierum

345 3584 474 3633 hanc
502 3582 654 3647 fidens
695 3583 1041 3644 asserentium,
1074 3582 1369 3649 interempta
1399 3591 1548 3651 atque
1589 3591 1614 3629 Β
1652 3583 1908 3637 debilitata

342 3683 483 3725 sunt.
516 3672 621 3726 Sed
656 3689 748 3741 pro
772 3688 943 3726 amore
980 3673 1157 3741 gloria:
1183 3672 1310 3725 nihil
1336 3684 1481 3726 erant
1522 3674 1628 3727 lucc
1654 3674 1910 3742 supplicia

343 3762 710 3831 confessoribus
748 3763 956 3824 sanctis,
1006 3761 1092 3828 qui
1136 3761 1188 3813 in
1231 3761 1368 3825 pacis
1408 3762 1593 3823 vex.:ti,
1638 3762 1688 3812 in
1739 3761 1911 3815 multis

345 3852 467 3904 bene
512 3869 565 3905 se
613 3863 858 3905 noverant
910 3852 1273 3921 disponendos,
1314 3854 1469 3921 juxta
1512 3852 1641 3903 illud
1684 3854 1910 3920 Apostoli

348 3941 523 4010 (Rom.
572 3958 682 4008 vui,
728 3944 849 4009 18):
887 3942 1017 4009 Quia
1048 3958 1146 3995 non
1191 3954 1307 3993 sunt
1347 3943 1609 4011 condigna:
1651 3942 1909 4011 passiones

342 4033 497 4099 hujus
526 4033 765 4100 temporis
807 4031 874 4083 ad
914 4033 1137 4100 fututam
1166 4032 1403 4100 glariam,
1443 4046 1554 4098 qua:
1584 4032 1829 4084 revelatur
1859 4032 1909 4085 in

341 4123 484 4174 nobis
513 4120 558 4173 h.

414 4210 501 4262 IX.
534 4210 683 4262 Multi
718 4222 833 4263 tunc
860 4220 1083 4264 errantes
1125 4210 1140 4247 ί
1180 4228 1210 4263 a
1238 4210 1339 4280 ﬁde
1364 4212 1668 4281 accipientes
1705 4213 1906 4267 divitias

339 4304 655 4354 inseruerunt
685 4318 736 4355 se
773 4302 1028 4356 doloribus
1059 4303 1251 4356 multis.
1288 4301 1480 4368 lnftlix
1506 4314 1675 4356 autent
1699 4306 1908 4374 quidam

339 4396 459 4459 epis.
479 4410 605 4458 opus
644 4396 844 4447 nomine
875 4393 1173 4455 Revocatus,
1204 4412 1262 4449 eo
1292 4406 1513 4463 tempore
1545 4408 1615 4449 est
1645 4410 1906 4452 revocatus

2013 3214 2209 3265 numeri
2250 3215 2426 3282 populi
2464 3216 2848 3280 convenissent,
2901 3219 3101 3285 negotia
3150 3220 3309 3272 multa
3355 3222 3406 3272 in
3450 3224 3583 3275 atrio

2012 3303 2372 3370 protulerunt;
2400 3303 2572 3373 puella
2596 3319 2711 3357 vero
2740 3322 2839 3357 una
2867 3322 2930 3358 e1:
2958 3306 3326 3362 habitatoribus
3354 3310 3451 3363 loci
3477 3321 3585 3363 sta-

2014 3395 2197 3448 tionem
2224 3396 2376 3459 adiit,
2400 3398 2542 3465 quasi
2581 3397 2779 3466 aliquid
2816 3408 3126 3465 co:mptura,
3151 3402 3464 3470 speciemque
3490 3404 3583 3456 sibi

2010 3496 2181 3556 aptam
2207 3488 2459 3558 aspiciens
2485 3506 2517 3541 ιι
2553 3491 2863 3558 negotiatore
2897 3490 3135 3560 suscepit,
3178 3501 3226 3545 et
3255 3494 3424 3545 statim
3451 3495 3584 3547 dicto
3616 3510 3625 3514 ·

2010 3580 2159 3633 citius
2189 3591 2472 3647 porrectam
2500 3581 2668 3643 alteri,
2702 3591 2848 3651 negat
2875 3597 2928 3634 se
2962 3583 3235 3647 accepisse.
3283 3583 3586 3652 Negotiator

2011 3687 2125 3723 vero
2148 3673 2334 3722 intente
2355 3671 2519 3723 aiebat
2544 3686 2565 3722 :
2594 3669 2713 3723 Mea
2741 3686 2847 3722 eam
2882 3671 2969 3721 tibi
3002 3680 3152 3722 mau'u
3182 3674 3389 3742 pratuli,
3431 3684 3583 3743 tuque

2011 3761 2298 3811 rimandum
2340 3759 2556 3812 sollicite
2588 3761 2848 3826 accepisti.
2891 3759 3095 3829 lllaque
3124 3770 3355 3829 negante,
3387 3764 3459 3814 ait
3490 3781 3581 3817 ne-

2010 3851 2227 3916 gotiator
2250 3866 2266 3905 :
2292 3848 2351 3902 Si
2372 3848 2461 3899 tibi
2483 3857 2624 3899 tanta
2637 3858 2709 3899 est
2730 3849 3027 3916 pertinacia,
3042 3865 3162 3899 arar
3184 3850 3255 3900 tia
3269 3850 3581 3915 stimulante,

2010 3939 2246 4007 negandi,
2284 3938 2482 4007 judicet
2516 3937 2649 3989 illud
2692 3934 2921 3989 beatus1
2966 3949 3157 4005 martyr
3202 3937 3480 4009 Eugenius,
3512 3943 3579 3993 ad

2010 4033 2155 4097 cujus
2174 4028 2463 4097 sepulcrum
2487 4030 2533 4080 si
2556 4045 2669 4081 cum
2699 4030 3002 4081 sacramenti
3029 4031 3291 4095 interposit
3314 4046 3410 4082 oue
3438 4032 3581 4084 dixe-

2008 4121 2080 4170 ris
2122 4127 2169 4171 te
2206 4135 2307 4171 non
2355 4118 2625 4186 accepisse,
2671 4118 2844 4169 damni
2882 4118 3006 4169 mihi
3050 4118 3176 4170 nihil
3214 4120 3408 4171 testimo
3445 4123 3580 4188 quod

2008 4210 2176 4263 amisi.
2199 4213 2263 4262 At
2289 4210 2379 4262 illa
2406 4209 2636 4279 pollicita
2658 4225 2709 4262 se
2735 4225 2878 4277 posse
2900 4224 2962 4261 ea:
2984 4213 3077 4261 hoc
3103 4211 3219 4261 exui
3240 4222 3577 4270 sacramento,

2009 4302 2144 4352 vadit
2174 4300 2313 4352 ocius
2343 4300 2409 4352 ad
2433 4300 2741 4368 sepulcrum,
2774 4300 3075 4367 eletatisque
3103 4301 3331 4352 manibus
3362 4310 3413 4352 ut
3432 4304 3583 4370 jura-

2008 4400 2105 4453 ret,
2133 4392 2385 4456 extemplo
2426 4391 2729 4469 membris!"
2759 4390 3015 4443 dissolutis
3046 4390 3265 4458 irriguit,
3300 4389 3586 4459 plantteque

338 4500 367 4532 a
396 4483 498 4549 ﬁde
525 4482 789 4535 catholica.
824 4482 965 4537 Tunc
993 4493 1039 4536 et
1068 4484 1144 4537 sol
1166 4495 1289 4537 teter
1323 4487 1557 4555 apparuit
1586 4487 1901 4551 obscuratae,
1937 4463 1983 4523 θ
2010 4483 2120 4551 ejus
2151 4480 2323 4546 inﬁxa
2350 4488 2464 4531 sunt
2494 4463 2801 4545 pavimenta,
2832 4493 2928 4531 vos:
2957 4479 3100 4530 ltwsit
3132 4479 3181 4530 in
3210 4487 3432 4547 gutture,
3468 4488 3584 4531 tan-

338 4573 410 4623 ita
444 4582 494 4624 ut
526 4574 607 4625 vix
637 4574 699 4625 ab
726 4588 786 4627 eo
824 4591 942 4643 pars
966 4576 1039 4628 vel
1066 4577 1211 4628 tertia
1248 4577 1483 4640 eluceret,
1514 4579 1665 4632 credo
1695 4594 1908 4644 namque

338 4677 433 4726 pro
470 4663 624 4714 tantis
650 4662 918 4717 sceleribus
944 4673 990 4718 et
1029 4664 1275 4731 effusione
1310 4668 1570 4735 sanguinis
1610 4668 1902 4723 innocentis.

340 4751 633 4805 Ilonoricus
675 4768 790 4807 vero
826 4762 937 4823 post
976 4763 1172 4807 tantum
1209 4755 1429 4820 facinus,
1460 4766 1688 4827 arreptus
1732 4774 1763 4809 a
1803 4760 1908 4811 da:-

336 4857 507 4907 mone,
536 4842 623 4909 qui
652 4842 738 4895 diu
777 4844 844 4896 de
884 4852 1175 4897 sanctorum
1211 4844 1456 4912 sanguine
1501 4854 1673 4911 pastus
1715 4848 1903 4915 fuerat,

414 5104 607 5159 ﬁﬂanc
634 5104 759 5159 carri
795 5105 1066 5159 historiam
1108 5113 1367 5157 memorat
1408 5103 1740 5157 ilermanuus
1770 5106 1909 5157 Con.

337 5180 539 5259 tractus
582 5175 635 5227 in
683 5174 949 5259 Chronico
984 5175 1055 5259 .ad
1099 5189 1290 5254 animm
1333 5174 1456 5235 485,
1515 5174 1598 5227 ubi
1643 5173 1910 5241 Longinus

335 5246 620 5315 episcopus
646 5244 946 5313 appellatur
976 5244 1302 5313 Lougwinus.

412 5314 439 5353 δ
466 5314 557 5368 Sic
578 5328 680 5367 ms.
705 5316 755 5367 1.
786 5314 875 5366 At.
910 5314 1073 5377 Etlit.,
1099 5313 1289 5377 taliter,
1313 5321 1365 5365 et
1392 5313 1565 5375 (Μὴ,
1600 5314 1905 5365 denudatas.

410 5394 433 5422 ε
466 5384 687 5447 Baron.,
713 5386 933 5437 aculeos.

406 5452 431 5489 ἀ
464 5454 612 5505 Coll).
625 5493 639 5517 ,
676 5452 982 5521 disponeret.

409 5531 433 5559 ε
465 5521 597 5577 Cod.
630 5536 767 5589 reg,
814 5522 1169 5575 Albunensem.

413 5589 431 5628 τ
469 5592 595 5644 Mss.
639 5588 711 5656 εί
745 5592 1008 5658 impletum
1041 5604 1136 5643 est.
1188 5588 1247 5641 In
1292 5590 1385 5642 hoc
1428 5600 1594 5643 autem
1640 5593 1909 5644 certamine

339 5662 433 5711 0ιί
454 5662 672 5726 trianus,
701 5669 807 5715 etc.

2013 4583 2116 4624 tum
2142 4589 2195 4625 os
2229 4573 2461 4640 patulum
2485 4588 2517 4623 a
2542 4587 2771 4623 sermone
2805 4572 2995 4623 nudum
3030 4571 3223 4624 hiabat.
3257 4573 3406 4636 Quod
3437 4589 3586 4641 uego-

2014 4664 2168 4715 tiator
2187 4677 2392 4715 cernens
2421 4677 2535 4713 cum
2574 4662 2768 4729 reliquo
2792 4661 2998 4730 populo,
3024 4662 3093 4716 ait
3116 4677 3134 4713 :
3165 4660 3337 4713 Pros’t
3363 4662 3472 4726 tibi,
3507 4664 3585 4714 iu-

2011 4756 2137 4822 quit,
2168 4753 2327 4821 virgo,
2358 4751 2480 4818 haec
2500 4752 2689 4819 species
2718 4767 2870 4817 quam
2911 4752 3069 4803 tulisti
3097 4750 3239 4803 mihi.
3272 4750 3470 4819 Sufficit
3498 4752 3585 4805 tibi

2015 4848 2140 4902 ultio
2188 4846 2311 4897 data
2364 4859 2450 4913 per
2496 4843 2631 4895 hunc
2676 4843 2967 4911 pontiﬁcem
3018 4842 3323 4913 Eugenium.
3379 4843 3441 4895 Et
3478 4843 3588 4894 .hae

2087 5116 2112 5154 Β
2146 5106 2242 5159 Ms.
2274 5106 2323 5168 I,
2350 5116 2544 5158 necata.

2086 5173 2111 5211 ιι
2147 5176 2267 5238 Ed.,
2301 5176 2511 5228 sanctis.

2090 5242 2103 5280 ί
2146 5245 2396 5298 Eamdem
2454 5243 2738 5314 Africane
2777 5244 3028 5297 lict-lesim
3080 5244 3283 5297 cladem
3345 5245 3585 5314 deplorat

2015 5314 2159 5367 Felix
2196 5326 2353 5381 papa,
2378 5322 2434 5364 ut
2462 5314 2696 5365 dicemus
2731 5313 2863 5365 inita
2887 5330 3004 5382 cap.
3039 5315 3120 5367 i0.

2085 5390 2098 5433 t
2138 5384 2313 5447 Coll»,
2348 5383 2661 5435 Hilderieus.
3070 5428 3083 5442 ,

2087 5452 2109 5533 ξι
2144 5454 2269 5516 Qua:
2304 5452 2507 5535 anfulis
2536 5452 2734 5505 inclusa
2768 5463 2909 5517 s::ul,
2950 5469 3013 5509 ex
3047 5454 3169 5513 cod.
3210 5452 3355 5508 Coll).
3387 5450 3586 5506 descri‘

2022 5537 2243 5591 psttuus.
2408 5572 2411 5573 ,
2652 5561 2662 5572 .

2099 5590 2109 5627 ¹
2147 5592 2317 5653 Cum,
2347 5594 2623 5659 confessor.

2094 5671 2129 5695 η’
2157 5663 2213 5715 C'
2240 5663 2334 5725 HL,
2361 5663 2605 5715 dimouit!
2637 5662 2864 5728 diriguit.
