4068 6348
568 265 671 324 773

1748 266 1799 322 S.
1843 266 2150 323 FAUSI'US
2190 268 2603 324 IIIIEGIENSIS.

3714 280 3812 339 776

563 387 735 438 dicens
758 399 787 433 a
812 380 925 433 loco
952 380 1169 431 recessit.
1204 376 1304 428 Illa
1334 394 1446 429 vero
1469 381 1525 429 in
1544 377 1634 429 hoc
1666 389 1913 431 tormento
1939 381 2130 433 diutis—
2159 389 2207 445 Α
2235 383 2588 435 detrimentum
2617 385 2875 451 patiatur?
2897 393 2984 437 aut
3005 401 3157 453 quam
3182 386 3322 439 dabit
3349 387 3496 441 homo
3525 405 3811 447 commuta-

564 472 693 525 sime
726 471 941 530 detenta,
986 469 1186 519 tandem
1231 476 1451 536 martyre
1479 468 1687 536 jubente
1716 471 1921 533 locuta;
1964 473 2137 542 palam

566 562 793 628 confessa
820 556 1047 626 estquod
1075 556 1206 610 clam
1234 556 1391 609 latere
1420 559 1670 610 voluerat.

636 652 742 705 Ml.
776 648 911 713 Quid
952 647 1080 715 agis,
1126 664 1155 699 ο
1203 646 1381 715 infelix
1419 648 1675 701 avaritia!
1721 649 1862 714 Quid
1906 646 2132 718 petendis

561 741 706 793 rebus
740 738 917 790 alienis
955 735 1234 789 succumbis
1261 751 1400 788 mens
1426 737 1663 805 feminea,
1697 756 1797 792 non
1826 740 2032 794 virilis?
2064 741 2134 795 Ut

558 829 680 896 quid
710 827 911 895 ﬁrmam
938 824 1149 877 loricata
1187 826 1363 880 mentis
1398 828 1595 880 modica
1632 831 2010 884 transverberas
2042 849 2127 885 sa-

558 916 685 984 gitta
721 914 1061 981 cupiditatis?
1096 914 1231 978 Quid
1271 931 1567 985 congregas,
1597 933 1627 969 ο
1658 918 1829 982 homo,
1856 921 1967 971 auri
1991 920 2131 974 rubi-

557 1007 722 1073 ginosi
759 1009 965 1069 talenta,
994 1021 1107 1058 cum
1148 1007 1211 1058 iis
1249 1021 1458 1058 arsurus
1486 1007 1539 1058 in
1566 1008 1831 1076 gehenna?
1874 1010 2011 1075 Quid
2040 1010 2130 1062 tibi

559 1106 765 1160 prosunt
789 1097 1014 1166 peritura
1038 1094 1201 1156 lucra.
1235 1112 1347 1164 quia
1367 1106 1567 1150 eterna:
1597 1099 1711 1151 vita:
1734 1100 1939 1168 pariunt
1966 1100 2126 1153 detri-

560 1197 746 1252 menta,
778 1190 932 1256 juxta
965 1188 1092 1239 illud
1126 1184 1331 1239 Domini
1358 1186 1559 1239 uerbum
1585 1204 1602 1239 :
1635 1188 1771 1251 Quid
1802 1190 2002 1256 prodest
2037 1189 2129 1242 ho-

558 1279 679 1329 mini
726 1279 770 1330 si
815 1286 973 1330 totum
1018 1278 1263 1330 mundam
1304 1277 1546 1343 lucretur,
1597 1280 1783 1332 aninue
1809 1292 1980 1333 autem
2026 1297 2130 1334 suae

2239 474 2423 526 tionem
2445 489 2536 543 pro
2556 476 2728 527 anima
2752 491 2844 528 sua
2865 476 2888 527 ?

2309 561 2444 615 XIII.
2480 563 2562 633 [0
2592 567 2775 633 fratres
2806 565 3147 634 dilectissimi,
3182 582 3321 637 spem
3356 569 3410 622 in
3435 571 3545 625 solo
3596 572 3806 626 Redem-

2237 660 2379 718 ptore
2405 652 2565 721 figite,
2598 662 2644 705 et
2678 653 2747 706 ad
2775 664 3017 708 wternum
3046 658 3266 726 patriam
3294 669 3458 713 mente
3486 664 3721 718 tramite.
3750 666 3806 720 Si

2232 740 2364 792 enim
2392 740 2524 793 nihil
2544 744 2595 795 in
2621 742 2716 795 hoc
2744 745 2932 796 mundo
2956 747 3177 803 amanda
3197 748 3488 817 possidetis,
3517 755 3673 806 etiam
3697 772 3805 824 po:-

2231 834 2442 887 sidenzlo
2487 846 2665 891 cuncta
2709 836 3006 905 reliquistis,
3054 840 3164 908 ipse
3198 844 3341 896 nobis
3384 846 3577 914 gaudia
3620 859 3802 902 aeterna

2228 928 2491 991 concedat,
2521 928 2605 997 qui
2629 929 2771 981 nobis
2790 939 2992 983 (eterna:
3012 933 3161 999 pacis
3177 935 3399 988 remedia
3422 939 3640 990 contulit
3659 936 3801 993 Iesu.

2230 1016 2457 1072 Christus
2504 1018 2752 1074 Dominus
2794 1030 2999 1093 noster,
3033 1025 3122 1092 qui
3169 1041 3281 1077 cum
3327 1036 3516 1081 a’terno
3566 1027 3721 1082 Patre
3756 1045 3795 1083 e.

2232 1107 2429 1175 Spiritu
2470 1119 2643 1163 sancto
2686 1110 2805 1163 vivit
2844 1121 2888 1165 et
2927 1123 3102 1182 regnat
3148 1115 3198 1168 in
3246 1116 3435 1169 saecula
3477 1118 3777 1172 «sculorum

2235 1198 2439 1265 AmenJ
3118 1218 3123 1225 '

565 1421 3748 1475 Em

574 1447 669 1455 ba..—

1720 1550 1885 1593 ANNO
1932 1553 2154 1595 DOMINI
2198 1554 2598 1601 οοοοιῖιιν.

1041 1694 2102 1854 SANCTUS

2234 1696 3305 1863 FAUSTUS

1808 1936 2172 1988 BHEGIENSIS
2196 1937 2553 1991 EPISCOPUS.

1634 2260 1639 2263 _
1729 2172 2575 2260 PROLEGOMENA.

1879 2497 2414 2578 NOTITI/E.

768 2656 865 2725 (Ex
908 2653 1206 2708 Beliarmin.
1247 2652 1313 2706 de
1359 2652 1619 2721 Scriptor.
1656 2654 1874 2721 ecclcs.)

618 2745 836 2799 Faustus
860 2761 923 2797 ex
949 2744 1194 2795 monacho
1220 2742 1472 2795 Lirinensi
1493 2744 1659 2811 factus
1680 2743 1944 2812 episcopus
1980 2744 2112 2797 Rhe-

547 2837 728 2905 gimsis
772 2836 823 2886 in
850 2832 1051 2897 Gallia,
1097 2833 1220 2884 vixit
1264 2832 1427 2884 medio
1451 2840 1669 2899 tempore
1715 2832 1844 2884 inter
1884 2843 2114 2884 sanctum

550 2925 852 2991 Prosperum
889 2935 934 2976 et
975 2931 1202 2975 sanctum
1240 2919 1565 2990 Fulgentium
1593 2937 1611 2974 :
1640 2922 1844 2991 scripsit
1889 2924 1952 2975 de
1990 2922 2114 2989 Spi-

546 3018 644 3066 ritu
667 3024 859 3077 sancto,
893 3023 937 3066 et
973 3022 1146 3064 contra
1185 3012 1400 3063 Arianos
1420 3052 1434 3074 ,
1461 3020 1506 3064 et
1539 3011 1967 3076 Macedonianos,
2000 3028 2115 3079 quae

547 3122 643 3157 non
669 3113 894 3165 exstant;
920 3103 1123 3170 scripsit
1154 3111 1393 3165 pra’terea
1424 3102 1575 3154 libros
1605 3104 1732 3155 duos
1763 3103 1825 3155 de
1841 3101 2042 3168 Gratia,
2069 3114 2115 3155 et

548 3192 726 3245 Libero
755 3191 1001 3253 Arbitrio,
1041 3189 1128 3257 qui
1166 3198 1383 3250 exstant,
1410 3201 1455 3241 et
1482 3205 1604 3257 quos
1625 3189 1920 3243 Gennadius
1942 3191 1996 3244 in
2022 3192 2113 3245 lib.

546 3281 608 3333 de
636 3281 771 3332 Viris
788 3280 970 3332 illustr.
996 3278 1133 3329 miris
1162 3277 1394 3331 laudibus
1415 3278 1552 3344 eﬂ'ert
1573 3296 1590 3340 ;
1614 3285 1699 3331 sed
1725 3278 1958 3332 Gelasius
1981 3296 2115 3348 papa

547 3373 596 3422 in
613 3369 809 3421 decreto
835 3370 896 3421 de
923 3367 1062 3420 libris
1092 3369 1396 3436 apocrgpltis
1417 3371 1618 3420 omnino
1647 3370 1809 3439 rejicit
1842 3384 1860 3421 :
1888 3371 2114 3422 utetiam

547 3460 815 3530 rejiciunt,
846 3468 892 3512 et
924 3457 1156 3527 refellunt
1183 3467 1389 3511 sanctus
1417 3456 1735 3529 Fulgentius,
1775 3459 1957 3513 Petrus
1988 3459 2115 3513 Dta-

548 3566 702 3601 conus
728 3588 743 3611 ,
780 3548 1038 3600 Alc/rimus
1066 3547 1268 3611 Avitus,
1326 3558 1371 3601 et
1426 3550 1535 3602 alii.
1594 3549 1705 3600 Αάο
1748 3548 2038 3604 Viennensis
2061 3552 2141 3604 in'

547 3638 793 3690 Chronico
832 3638 900 3688 ad
920 3654 1105 3690 annum
1133 3637 1235 3690 423
1259 3639 1332 3689 s'c
1358 3637 1621 3704 loquitur:
1665 3636 1887 3691 Faustus
1911 3655 1975 3691 ea:
2020 3641 2114 3691 ab-

548 3728 660 3781 bate
688 3729 976 3780 monasterii
1013 3726 1292 3779 Lirinensis
1321 3727 1459 3795 apud
1489 3725 1730 3796 _Regnum
1781 3725 1965 3781 Gallia:
2000 3730 2111 3798 epi-

544 3837 727 3887 scopus
753 3824 935 3889 factus,
963 3819 1361 3889 Pelagianorum
1385 3817 1569 3887 dogma
1590 3819 1842 3871 destruere
1867 3830 2077 3874 conatus
2093 3862 2107 3887 ,

543 3916 596 3965 in
628 3928 844 3966 errarent
867 3912 1054 3965 labitur
1086 3928 1102 3963 :
1153 3912 1287 3963 unde
1310 3910 1396 3975 qui
1421 3911 1530 3979 ejus
1565 3925 1741 3965 sensus
1769 3911 1822 3962 in
1850 3913 1945 3964 hac
1971 3921 2115 3982 parte

2153 2657 2193 2714 Β
2222 2665 2425 2724 propter
2452 2658 2589 2725 aliqu
2609 2674 2679 2721 t8,
2709 2660 2793 2727 qui
2820 2670 2993 2713 nostro
3030 2672 3250 2731 tempore
3280 2662 3328 2715 Γ
3330 2677 3528 2719 austum
3570 2670 3772 2723 catholi~

2216 2764 2330 2800 cum
2360 2749 2515 2818 fuisse
2546 2752 2867 2804 contendunt.

2326 2834 2335 2851 ‘
2428 2839 2526 2909 (Ex
2563 2841 2736 2896 iudice
2765 2847 3141 2913 expurgatrrio
3163 2846 3231 2901 M.
3257 2846 3312 2902 S.
3348 2848 3573 2919 Palatii.)

2288 2930 2579 2986 Gennadius
2602 2934 2768 3005 (quem
2797 2946 2991 2989 constat
3016 2939 3171 3008 fuisse
3200 2942 3472 3007 plurimum
3502 2944 3772 3013 Semipela-

2218 3026 2403 3093 gianis,
2435 3042 2614 3092 eosque
2640 3029 2693 3080 in
2716 3045 2808 3080 suo
2838 3030 2925 3081 illo
2961 3029 3089 3083 libro
3118 3032 3181 3085 de
3212 3032 3350 3086 Viris
3379 3035 3659 3090 illustribus
3680 3040 3775 3107 ple-

2217 3130 2428 3184 rumque
2454 3115 2690 3171 laudibus
2718 3119 2981 3188 extulisse)
3014 3137 3139 3188 Opus
3158 3123 3288 3176 istud
3316 3122 3500 3178 Fausti
3526 3127 3587 3179 de
3613 3126 3775 3179 Gratia

2218 3214 2265 3257 et
2291 3204 2470 3258 Libero
2499 3205 2723 3259 Arbitrio
2749 3208 2975 3279 appellat
3005 3213 3282 3280 egregium,
3314 3216 3451 3283 quod
3498 3218 3648 3269 etiam
3691 3219 3777 3268 mis

2220 3309 2335 3345 rum
2366 3295 2416 3347 in
2444 3296 2649 3348 modum
2677 3298 2913 3351 laudasse
2935 3301 3181 3370 reperitur
3211 3302 3271 3355 S.
3301 3302 3545 3357 Sidonius
3590 3306 3777 3372 Apolli-

2218 3386 2357 3437 naris
2397 3384 2485 3439 ltb.
2536 3401 2611 3451 Ix,
2652 3389 2799 3455 epist.
2825 3390 2891 3452 9;
2919 3390 3007 3443 sed
3046 3394 3150 3445 uiro
3197 3404 3368 3446 sancto
3419 3405 3564 3466 atque
3591 3397 3776 3449 sincero

2219 3475 2442 3528 nondum
2461 3487 2728 3546 comperta:
2757 3480 2913 3548 fuisse
2942 3482 3233 3535 videbantur
3255 3484 3445 3537 techna:
3464 3496 3512 3538 et
3539 3486 3776 3556 impostu-

2218 3581 2289 3617 ra:
2338 3563 2539 3619 Fausti.
2566 3566 2914 3623 Gertissimnm
2943 3573 3074 3624 enim
3115 3583 3186 3626 est
3224 3571 3475 3626 Faustum
3506 3576 3605 3643 [nis
3631 3593 3658 3629 e
3690 3575 3777 3630 Sc-

2220 3656 2670 3727 mipelagianorum
2712 3662 3129 3730 antesignanum,
3174 3675 3220 3717 et
3262 3666 3585 3732 scriptionem
3638 3668 3777 3718 istan

2219 3750 2329 3819 ejus
2354 3747 2435 3799 hic
2474 3750 2689 3815 positam
2717 3751 2890 3803 multis
2930 3750 3322 3822 Pelagianorum
3352 3756 3604 3807 erroribus
3633 3757 3778 3824 refer

2220 3848 2343 3892 tam.
2375 3837 2439 3891 Id
2468 3841 2601 3907 quod
2629 3841 2811 3895 diserte
2839 3843 3144 3897 adnotarunt
3182 3844 3242 3899 8.
3288 3843 3520 3899 Isidorus
3562 3848 3679 3901 libr.
3721 3849 3775 3899 de

2225 3925 2361 3982 Viris
2385 3929 2685 3995 illustribus,
2712 3948 2821 3998 cap.
2859 3932 2951 3997 II;
2977 3933 3034 3987 S.
3066 3935 3175 3987 Ado
3204 3935 3501 3991 Viennensis
3518 3940 3777 4008 episcoru;

541 4003 811 4057 catholicos
845 4003 1141 4071 praedicant,
1168 4004 1294 4055 sicut
1325 3998 1624 4055 Gennadius
1649 4003 1711 4054 de
1744 4003 1878 4056 Viris
1904 4004 2117 4056 illustri-
2142 3994 2186 4053 C
2218 4021 2269 4073 εη
2298 4020 2545 4073 Chronico
2589 3994 2739 4075 mmo.
2767 3994 2969 4077 ῄοηιειέξ
3018 4025 3142 4079 492,
3179 4026 3501 4096 δενίρςενηηί
3547 3994 3718 4083 Lutum;
3741 4048 3775 4081 γ.

539 4095 627 4146 bus
647 4095 862 4149 scribons
890 4095 1095 4146 omnino
1115 4104 1304 4146 errant.
1334 4091 1419 4145 Ita
1443 4095 1573 4145 enim
1609 4095 1820 4146 liberum
1841 4095 2106 4147 arbitrium

534 4192 641 4239 tam
672 4187 820 4255 Augu
848 4187 982 4236 tinus
1026 4200 1174 4251 quam
1204 4186 1370 4237 catteri
1412 4186 1647 4237 catholici
1671 4186 1721 4237 in
1759 4184 1980 4239 Ecclesia
2013 4185 2106 4238 Dei

537 4276 735 4337 docent,
769 4285 819 4325 ut
848 4272 1177 4330 illuminatio.
1224 4273 1414 4337 virtus,
1447 4283 1494 4325 et
1522 4271 1663 4325 salus
1714 4273 1790 4326 ill:
1834 4292 1865 4325 a
1904 4273 2105 4328 Christo

537 4380 622 4431 per
664 4363 939 4422 Christum,
992 4371 1037 4413 et
1066 4363 1116 4411 in
1157 4359 1358 4413 Christo
1388 4363 1471 4433 sit.
1509 4361 1733 4414 Faustus
1758 4378 1872 4414 vero
1916 4366 2009 4415 iste
2032 4364 2105 4415 ita

536 4450 749 4501 liberum
780 4448 1182 4502 Christianorum
1219 4449 1483 4502 arbitrium
1505 4452 1679 4502 docere
1699 4462 1934 4516 conatur,
1961 4462 2014 4503 ut
2040 4453 2106 4504 il-

534 4540 819 4609 luminatia,
850 4539 1028 4601 virtus,
1072 4548 1118 4590 et
1142 4540 1279 4592 salus
1304 4556 1404 4591 non
1436 4558 1466 4591 a
1488 4539 1710 4599 Christo,
1756 4541 1842 4592 sed
1870 4558 1899 4592 a
1922 4551 2103 4595 natura

533 4632 637 4682 sit:
668 4640 840 4681 contra
873 4629 1006 4681 hunc
1033 4630 1200 4683 scribit
1239 4632 1555 4685 beatissimus
1602 4631 1776 4683 Avitus
1814 4632 2103 4687 Viennensis

534 4719 798 4786 episcopus
828 4718 1138 4772 lucidissima
1165 4719 1266 4787 ﬁde
1293 4760 1306 4782 ,
1337 4724 1457 4791 ejus
1499 4722 1805 4790 redarguens
1845 4738 2099 4786 errorem;

532 4808 763 4860 similiter
783 4816 827 4861 et
854 4806 1078 4863 Joannes
1108 4810 1181 4861 vir
1206 4811 1575 4864 eruditissimus
1599 4812 1936 4866 Antiochenus
1962 4830 2100 4881 pres-

531 4896 693 4968 byter.

600 4988 830 5041 Isidorus
874 4990 934 5041 de
972 4989 1105 5043 Viris
1152 4991 1429 5044 illustribus
1461 4994 1511 5046 in
1558 4993 1850 5063 Falgentio,
1903 5000 2023 5050 dicit
2068 5017 2097 5050 a

531 5078 804 5149 Fulgentio
832 5082 1045 5149 scriptos
1075 5080 1226 5135 libros
1257 5094 1443 5149 septem
1474 5096 1651 5137 con:ra
1683 5083 1931 5139 Faustum
1953 5129 1966 5153 ,
2011 5091 2097 5155 qui

529 5171 659 5226 mira
680 5171 956 5225 calliditate
978 5172 1251 5225 catholicus
1275 5175 1431 5225 videri
1459 5176 1650 5227 volebat
1670 5218 1682 5239 ,
1708 5192 1821 5229 cum
1861 5177 2097 5249 Pelagia-

529 5276 623 5311 nus
652 5269 797 5312 esset.
836 5261 1021 5313 Auctor
1049 5278 1243 5330 quoque
1288 5262 1418 5315 Vita:
1460 5266 1620 5317 sancti
1672 5265 1929 5338 Fulgenrii
1977 5285 2093 5333 cap.

2210 4111 2303 4163 hoc
2326 4110 2505 4164 Fausti
2535 4128 2657 4181 Opus
2680 4114 2742 4165 de
2768 4113 2947 4167 Gratia
2980 4115 3070 4169 Dei
3092 4133 3155 4169 ea:
3185 4119 3413 4187 professo
3439 4118 3497 4174 S.
3533 4120 3774 4174 Caesariuc

2211 4201 2511 4254 Arelatensis
2535 4204 2817 4272 episcopus,
2855 4204 2914 4259 S.
2951 4204 3249 4274 Fulgentius
3294 4208 3569 4280 (inpensis
3588 4213 3775 4281 episco~

2208 4305 2323 4355 pus,
2358 4290 2416 4343 S.
2450 4292 2674 4345 Alcimus
2715 4293 2886 4345 Avitus
2920 4293 3212 4350 Viennensis
3245 4299 3545 4369 episcOpns,
3598 4300 3775 4354 Petrus

2207 4379 2471 4433 diaconus.
2504 4380 2572 4433 Et
2614 4398 2677 4435 ex
2707 4384 2955 4437 haereticis
2983 4386 3211 4440 Joannes
3250 4388 3565 4444 Maxentius.
3615 4391 3773 4443 Porro

2208 4466 2267 4521 8.
2301 4466 2532 4521 Gelasius
2575 4472 2766 4536 primus
2788 4474 2837 4524 in
2868 4474 3062 4527 decreto
3084 4474 3147 4528 de
3192 4477 3333 4531 libris
3360 4481 3538 4543 sacris,
3594 4478 3772 4535 Fausti

2205 4570 2357 4622 opera
2389 4559 2559 4609 omnia
2615 4560 2744 4610 inter
2785 4550 3080 4632 apoc-gphd
3128 4568 3312 4628 reiicit.
3363 4567 3424 4622 8.
3473 4570 3771 4625 Ilorntisdas

2204 4646 2354 4697 etiam
2376 4645 2596 4701 Roman.
2621 4652 2849 4717 pontifex
2868 4658 3014 4721 ep'st.
3033 4656 3098 4707 ad
3122 4673 3455 4723 possessorem
3476 4662 3513 4713 Α
3522 4662 3769 4729 fricanum

2202 4735 2490 4805 episcopum
2516 4738 2623 4791 [nec
2662 4740 2775 4794 ait:
2812 4741 2950 4796 Hinc
2972 4760 3086 4798 vero
3114 4749 3246 4812 quod
3274 4763 3356 4801 vos
3381 4751 3444 4801 de
3478 4748 3660 4807 Fausti
3678 4769 3765 4805 cn-

2193 4827 2405 4896 jusdam
2435 4828 2572 4881 Galli
2592 4832 2832 4885 antistitis
2857 4837 3360 4893 consuluisse/uteris
3386 4830 3669 4907 indicastis:
3695 4846 3769 4897 Itis

2200 4916 2296 4969 sibi
2314 4934 2607 4988 responsum
2631 4921 2878 4978 habeant:
2892 4942 3049 4995 neque
3072 4927 3240 4992 illam,
3259 4948 3417 4999 neque
3435 4950 3759 5003 quemquam,

2198 5024 2323 5075 quos
2344 5010 2395 5062 in
2416 5013 2767 5065 auctoritatem
2796 5014 3009 5069 Patrum
3037 5034 3135 5072 non
3163 5023 3337 5087 recipit
3364 5040 3572 5077 examen
3594 5027 3765 5079 catho-

2199 5096 2311 5150 lica:
2336 5098 2487 5165 ﬁdei,
2530 5111 2615 5153 aut
2655 5101 3026 5160 Ecclrsiasticaz
3055 5108 3358 5178 disciplinaz,
3389 5114 3763 5185 ambiguitaten

2197 5202 2343 5254 posse
2387 5190 2612 5257 gignere,
2641 5201 2730 5244 aut
2775 5195 3023 5263 religiosis
3065 5202 3421 5266 pra’judicium
3450 5220 3758 5273 comparare.

2197 5274 2415 5329 Tantum
2444 5278 2549 5331 ille.
2582 5277 2649 5330 Et
2677 5295 2741 5332 ea:
2766 5280 2845 5333 his
2872 5280 3019 5347 plene
3039 5298 3355 5352 perspectum
3398 5291 3581 5345 habeas
3613 5310 3761 5363 quam

527 5351 595 5403 28
640 5359 850 5402 testatur
886 5368 918 5403 a
954 5361 1127 5407 sancto
1162 5350 1433 5420 Fu'gentio
1480 5355 1720 5423 refutatos
1761 5356 1917 5411 libros
1963 5363 2089 5412 duos
2119 5351 2169 5411 Ι)
2193 5376 2336 5416 caute
2356 5367 2547 5432 scripta
2586 5369 2680 5419 ista
2711 5366 2890 5421 Fausti
2916 5371 3014 5424 sint
3040 5350 3131 5427 tibi
3157 5350 3484 5449 perlegenda,
3514 5383 3565 5435 in
3588 5350 3761 5452 quibus

534 5440 711 5494 Fausti
738 5444 794 5494 de
830 5440 1005 5495 Gratia
1032 5451 1081 5495 et
1112 5441 1292 5495 Libero
1333 5444 1567 5497 Arbitrio.
1606 5444 1669 5496 Et
1713 5445 1890 5503 [tetras
1918 5449 2091 5501 diaco-

529 5548 623 5584 nus
646 5534 694 5583 in
721 5532 844 5585 libro
873 5532 934 5584 de
963 5529 1318 5587 Incarnatione
1345 5545 1390 5588 et
1415 5530 1593 5588 Gratia
1624 5535 1831 5600 Christi,
1859 5555 1971 5608 cap.
2006 5540 2083 5593 nl-

529 5621 646 5683 tima
672 5624 933 5695 anathema
958 5626 1075 5675 dicit
1109 5624 1249 5675 libris
1281 5624 1478 5682 Fausti.
1516 5625 1633 5679 llaec
1662 5629 1931 5682 admonere
1952 5632 2083 5685 volui

2198 5453 2249 5503 in
2269 5469 2463 5506 errores
2494 5456 2675 5507 multos
2704 5454 2971 5527 Pelagiani
3008 5464 3260 5534 dogmatis
3290 5470 3584 5541 plerumque
3604 5460 3759 5539 olfen-

2192 5546 2297 5596 rles.
2334 5545 2392 5599 Si
2422 5562 2504 5598 eos
2553 5563 2668 5601 aves
2705 5552 2939 5605 collectos
2986 5556 3250 5625 insp‘cere,
3284 5566 3489 5617 consule
3513 5564 3757 5620 Joannem

2192 5634 2500 5691 .ilaa'entinm
2524 5638 2572 5695 in
2613 5642 2936 5714 responsione
2956 5645 3023 5697 ad
3051 5648 3309 5717 epistolam
3342 5651 3632 5707 "armist
3656 5672 3754 5722 pth
