4068 6348
246 360 361 414 777

1616 356 2150 415 PROLEGOMENA.

3436 375 3537 434 778

247 486 334 541 ραν
357 468 427 522 ad
451 482 807 538 possessorem.
861 467 1139 522 Sciendum
1181 474 1348 520 tamen
1395 468 1663 537 epistolam
1713 471 1846 526 hanc
1872 483 1926 541 Α
1951 474 2310 540 revocandum,
2346 475 2488 530 haud
2511 479 2863 534 existimamus
2893 483 3195 554 indignatur;
3221 503 3340 541 cum
3366 496 3543 558 tamen.

250 559 441 614 Fausti
477 561 544 613 ad
571 558 824 612 Lucidum
852 559 1220 628 presbyterum,
1269 558 1604 629 approbatam
1633 571 1707 617 tot
1741 563 1852 630 epi-

246 667 527 724 scoporum
556 650 927 720 subscriptione
969 652 1024 704 in
1062 649 1278 704 concilio
1318 649 1622 717 Arelatensi,
1661 662 1707 705 et
1747 654 1853 723 epi-

246 744 438 798 stolam
467 741 648 796 Lucidi
685 733 964 811 presbyteri
990 741 1056 794 ad
1102 743 1364 812 episc0pos
1411 753 1744 815 congregatos
1794 746 1848 797 in

246 837 452 909 synodo
487 834 855 906 Lugdunensi,
884 851 999 904 quae
1037 834 1200 888 amba:
1226 836 1363 905 aperi
1393 833 1580 889 Fausti
1620 839 1848 905 praemit—

250 942 462 997 tuntur,
495 947 646 985 sanas
690 946 797 984 esse
848 940 998 998 atque
1025 929 1331 994 catholicas,
1384 930 1584 999 judicio
1633 931 1849 984 duarum

247 1025 567 1096 synodos-sm
591 1023 945 1090 conﬁrmatas.
986 1019 1304 1091 Neutiquam
1331 1030 1499 1074 tamen
1533 1022 1666 1074 ullus
1704 1022 1765 1074 ob
1793 1023 1848 1075 id

249 1119 505 1172 aistimet
523 1117 587 1170 ab
609 1123 823 1185 utroque
843 1113 1060 1168 concilio
1076 1112 1383 1182 approbatos
1413 1122 1512 1166 tres
1533 1113 1689 1167 libros
1713 1112 1851 1168 Fau-

245 1210 318 1265 sti
338 1207 402 1262 de
430 1206 636 1274 Gratia,
665 1214 721 1259 ut
761 1206 868 1274 ipse
895 1204 1203 1258 mendaciter
1231 1204 1439 1258 innuero
1481 1205 1676 1257 videtur
1701 1206 1753 1258 in
1789 1222 1850 1260 ea

249 1317 368 1373 quae
413 1301 497 1354 hic
546 1299 812 1370 subjicitur
867 1297 1163 1367 prwfatoria
1215 1295 1432 1366 epistola
1484 1299 1549 1349 αλ
1581 1296 1847 1352 Leontium

251 1393 550 1462 episcopum
577 1388 1004 1461 Forojuliensesu.
1033 1387 1259 1444 Consule
1281 1389 1474 1456 plenius
1497 1388 1558 1441 de
1578 1389 1656 1443 his
1680 1391 1847 1443 omni-

255 1485 347 1538 bus
387 1482 718 1537 disserentem
757 1480 1040 1536 Baronium
1062 1489 1184 1536 tom.
1222 1479 1298 1534 Vl
1325 1481 1515 1536 Annal.
1547 1482 1671 1537 eccl.
1704 1498 1838 1536 anno

253 1573 448 1632 Christi
476 1572 600 1638 I90.

847 1685 946 1755 (Ex
987 1684 1251 1755 Cauisio.)

1956 567 2019 618 de
2049 568 2159 636 ejus
2201 567 2406 636 scriptis
2452 569 2676 625 immolre
2710 583 2947 628 maneant
2983 578 3247 631 sententiae
3291 571 3535 634 Patrum.

1955 655 2107 718 Quod
2152 658 2287 710 enim
2340 674 2494 728 usque
2531 662 2598 714 ad
2645 662 2752 716 haec
2796 674 3025 734 tempora
3070 676 3245 721 nostra
3298 685 3534 730 eumaem

1954 745 2208 801 Faustum
2242 751 2493 804 continuit
2523 753 2652 806 inter
2675 766 2875 809 sanctos
2912 759 3333 831 martgrologium
3363 760 3534 817 Galli-

1953 857 2161 908 canum,
2185 859 2217 895 a
2245 859 2345 912 quo
2377 845 2543 912 ipsum
2571 844 2813 901 Halanus
2834 851 3054 918 primum
3076 855 3322 921 expunxit
3351 869 3370 908 :
3399 857 3535 922 quod

1951 935 2142 1000 etiam,
2195 944 2249 987 ut
2292 937 2600 1003 accepimus,
2655 937 2884 992 Ecclesia
2907 941 3205 1012 llhegiensis
3233 945 3285 997 in
3329 944 3532 1012 Callia,

1952 1026 2038 1081 ubi
2061 1027 2166 1094 ipse
2185 1026 2313 1079 sedit
2337 1029 2568 1094 antistes,
2593 1044 2789 1098 semper
2814 1046 2932 1083 eum
2957 1041 3011 1084 ut
3039 1044 3270 1087 sanctum
3297 1036 3534 1102 coluerit,

1953 1119 2212 1172 celebrans
2261 1118 2492 1186 ejusdem
2539 1121 2762 1174 natalem
2824 1123 2884 1175 I7
2931 1121 3210 1190 Januarii;
3252 1126 3420 1194 ibique
3481 1129 3537 1181 in

1950 1213 2062 1281 ejus
2091 1211 2387 1263 memoriam
2417 1212 2698 1281 antiquitus
2727 1222 2895 1266 erecta
2931 1214 3160 1280 basilica,
3188 1217 3300 1285 ejus
3316 1219 3537 1272 nominis

1951 1301 2099 1354 titulo
2128 1301 2392 1368 insignita,
2423 1301 2668 1355 hactenus
2692 1305 2803 1370 ejus
2831 1303 2970 1356 cultu
2995 1321 3025 1356 a
3047 1305 3280 1373 ﬁdelibus
3302 1307 3537 1376 frequen-

1952 1403 2109 1457 tetur;
2148 1395 2382 1463 quodque
2431 1404 2502 1447 tot
2545 1395 2747 1450 saeculis
2778 1394 3067 1450 Christiano
3097 1398 3214 1452 orbe
3241 1409 3496 1468 spectante
3519 1442 3535 1464 ,

1951 1481 2186 1536 Ecclesia
2211 1483 2444 1537 Romana
2469 1493 2683 1549 tacente,
2703 1486 2901 1539 nemine
2922 1486 3121 1554 penitus
3143 1488 3300 1558 (quod
3320 1491 3534 1560 sciatur)

1951 1574 2366 1641 contradicente,
2418 1576 2517 1629 ista
2547 1577 2711 1631 eidem
2743 1575 2938 1631 Fausto
2977 1577 3199 1630 exhibita
3243 1580 3538 1652 intelligan-

1951 1673 2054 1730 tur,
2099 1664 2302 1733 opinari
2321 1681 2421 1717 non
2443 1664 2768 1734 prohibemur
2789 1666 2852 1719 de
2881 1657 3054 1719 eodem
3085 1665 3280 1721 Fausto
3309 1669 3540 1723 accidere

1950 1754 2174 1823 potuisse
2212 1753 2372 1825 (quod
2397 1755 2460 1809 de
2499 1755 2674 1809 multis
2712 1758 2833 1809 viris
2858 1759 3048 1812 sanctis
3095 1759 3362 1827 asseritur)
3400 1762 3539 1829 quod

340 1847 444 1916 Qui
473 1845 604 1900 scire
633 1845 791 1913 volet,
835 1843 948 1912 quis
988 1841 1241 1910 Faustus,
1289 1844 1400 1910 quis
1433 1841 1674 1896 Ruricius
1698 1883 1714 1908 ,
1758 1843 1847 1914 qui
1876 1857 1924 1920 Β
1950 1845 2249 1914 delinquens
2266 1847 2551 1912 erraverit;
2581 1862 2696 1900 cum
2721 1849 2932 1917 qurestio
2958 1849 3047 1901 illa
3066 1851 3218 1918 fuerit
3235 1853 3540 1907 auctoritate

256 1943 381 1996 item
405 1939 527 2004 alii,
552 1937 619 1990 ad
641 1953 767 2008 quos
795 1938 999 2006 scripta:
1033 1935 1113 1990 ha:
1132 1935 1382 2007 epistolae,
1416 1934 1493 1990 vel
1514 1936 1600 2006 qui
1630 1935 1698 1988 ad
1718 1936 1845 1990 alios

257 2033 595 2103 scripserunt,
627 2030 716 2084 ille
743 2029 910 2083 videat
947 2028 1223 2084 Sidonium
1247 2027 1629 2098 Apollinarem,
1666 2040 1712 2083 et
1751 2029 1849 2084 Ve-

259 2125 498 2179 nantium
524 2121 890 2185 Fortunatum,
913 2134 1063 2190 quem
1084 2119 1338 2190 integrum
1360 2120 1592 2190 notisque
1613 2130 1848 2174 accurate

258 2217 578 2272 illustratum
621 2215 763 2269 dedit
809 2212 1207 2281 ChristOphorus
1256 2212 1526 2267 Browerus
1576 2213 1849 2271 Societatis

258 2308 409 2365 Iesu.
448 2308 634 2362 Videat
670 2309 792 2361 item
829 2306 1233 2360 illustrissimum
1265 2304 1566 2360 Baronium.
1617 2306 1728 2360 Nos
1766 2307 1850 2362 hic

261 2400 324 2456 de
361 2399 574 2472 singulis
603 2406 826 2452 attexere
855 2412 956 2450 non
998 2395 1252 2450 volumus.
1288 2395 1509 2449 Tantum
1550 2398 1612 2452 de
1647 2397 1848 2452 Fausto

264 2491 566 2563 Rhegiensi,
589 2489 674 2559 qui
697 2490 751 2542 in
781 2505 877 2544 ms.
909 2487 1202 2559 appellatur
1227 2499 1453 2553 sanctus,
1486 2491 1592 2544 hwc
1624 2492 1851 2544 notanda

262 2584 498 2638 videntur
523 2597 638 2654 qua:
667 2581 920 2636 Baronius
949 2581 1013 2633 de
1036 2580 1131 2635 hoc
1166 2581 1278 2650 ipso
1309 2580 1457 2635 habet
1497 2582 1549 2634 in
1573 2583 1853 2652 appendice

265 2677 387 2732 tomi
411 2676 455 2730 Χ
482 2677 550 2729 ad
582 2686 773 2729 tomum
799 2672 900 2740 VI,
938 2689 1072 2728 anno
1097 2673 1199 2728 490
1228 2672 1362 2742 (σοι.
1391 2671 1550 2742 1122)
1575 2691 1586 2724 :
1631 2692 1648 2723 ι
1687 2673 1852 2728 Porro

268 2769 503 2824 Faustus
545 2770 651 2838 ipse
679 2784 795 2821 cum
829 2765 903 2838 (a)
937 2797 1004 2805 -—-
1027 2767 1094 2818 ibi
1121 2795 1192 2806 —-
1230 2765 1476 2818 miramur
1504 2765 1565 2818 ab
1598 2765 1852 2834 aliquibus

273 2863 621 2930 imprudenter
649 2875 773 2914 sane
801 2857 1010 2912 inscribi
1041 2857 1286 2912 Sanctum
1307 2885 1376 2896 ——
1397 2857 1474 2910 his
1506 2857 1611 2910 lucc
1640 2856 1854 2910 adde—

273 2953 385 3008 Ista
432 2955 631 3024 quidem
684 2953 846 3025 priori
889 2951 1110 3004 editione
1161 2967 1223 3003 ex
1261 2950 1498 3004 adductis
1546 2950 1856 3004 diversorum

274 3046 474 3114 scriptis
507 3045 783 3113 aﬁirmasse
808 3083 822 3107 ,
873 3057 974 3093 non
999 3041 1235 3094 indecens
1265 3040 1472 3108 quidem
1501 3041 1618 3108 fuit.
1652 3040 1712 3092 At
1742 3054 1857 3094 vero

275 3153 334 3192 ex
351 3147 528 3209 postea
549 3136 760 3208 cognitis
786 3145 832 3188 et
855 3134 1110 3200 adductis,
1135 3149 1312 3186 rursus
1329 3133 1396 3184 ad
1409 3130 1670 3203 judicium
1692 3131 1858 3200 ipsum

345 3297 422 3367 (a)
453 3296 625 3351 Locus
672 3295 799 3367 ωριιὶ
830 3295 965 3367 sexti
993 3307 1150 3361 quem
1183 3291 1267 3367 llic
1297 3299 1550 3367 retractat
1597 3293 1856 3367 Beronius

273 3362 361 3424 sic.
383 3362 441 3421 se
473 3368 630 3420 habet
661 3383 671 3417 :
711 3365 871 3418 Porro
919 3362 1141 3416 Faustus
1186 3364 1312 3432 ipse,
1345 3379 1462 3415 cum
1491 3364 1602 3430 ejus
1622 3363 1856 3485 fallacia:

274 3443 502 3485 delecter-
535 3447 697 3485 essent
720 3436 897 3485 auibus
922 3444 1136 3485 conatus
1173 3444 1244 3485 est
1278 3434 1513 3485 revellere
1544 3433 1618 3485 Pe
1643 3437 1856 3485 aaianas

274 3443 502 3501 detecta’,
535 3447 697 3490 essent
720 3436 897 3505 quibus
922 3444 1136 3488 conatus
1173 3444 1244 3488 est
1278 3434 1513 3488 revellere
1544 3433 1856 3504 Pelagianos

282 3587 372 3606 ερ-

371 3576 3337 3602 ______________________________________________.______

1950 1935 2085 1988 sedis
2102 1936 2393 2004 apostolica:
2414 1936 2652 2004 deﬁnita,
2677 1947 2723 1989 et
2747 1938 2858 2006 ejus
2881 1940 3052 2007 opinio
3079 1940 3300 1992 aliorum
3323 1939 3540 1994 l’utrum

1948 2027 2192 2080 sententia
2213 2027 2574 2094 condemnata,
2602 2029 2710 2096 ipse
2729 2046 2879 2082 suum
2901 2046 3122 2084 errorem
3156 2034 3310 2101 fuerit
3338 2033 3540 2103 scriptis

1949 2119 2217 2172 contrariis
2229 2119 2523 2206 detestatus,
2539 2135 2650 2188 qua:
2663 2122 2937 2189 potuerint,
2959 2131 3009 2174 ut
3024 2123 3126 2174 alia
3140 2125 3538 2190 quamplurima.

1951 2211 2192 2280 periisse;
2216 2210 2293 2263 vel
2325 2211 2493 2282 ipsum
2520 2220 2636 2264 ante
2667 2213 2974 2280 scriptorum
2996 2214 3184 2282 [actam
3211 2214 3273 2265 ab
3307 2212 3540 2267 Ecclesia

1951 2307 2331 2360 damnationem
2352 2307 2486 2359 dicat
2516 2307 2694 2362 abiisse
2717 2308 2964 2374 (incertus
2985 2318 3057 2362 est
3081 2325 3213 2361 enim
3237 2315 3352 2379 ejus
3374 2310 3540 2362 obitus

1952 2401 2141 2466 annus)
2167 2398 2432 2451 habentem
2454 2400 2504 2452 in
2525 2399 2695 2452 animo
2723 2399 2778 2450 in
2804 2399 2882 2452 his
2905 2401 3048 2470 sequi
3067 2402 3204 2468 quod
3231 2404 3542 2469 sequendum

1954 2492 2157 2544 doceret
2189 2490 2440 2545 Ecclesia.
2468 2489 2552 2544 Ita
2576 2493 2782 2560 quidem
2807 2493 2974 2559 ipsum
3003 2493 3343 2561 compositum
3371 2494 3542 2546 animo

1955 2585 2138 2652 fuisse,
2173 2582 2388 2653 aliisque
2418 2584 2723 2650 innotuisse,
2758 2585 2876 2637 inde
2907 2573 3059 2654 facile
3085 2593 3244 2652 potest
3295 2583 3542 2653 intelligi,

1953 2675 2089 2744 quod
2117 2690 2314 2743 semper
2349 2675 2423 2740 (ut
2455 2675 2685 2728 indicant
2714 2685 2830 2728 acta
2861 2676 3199 2728 conciliorum
3230 2674 3542 2728 Arelatensis

1957 2775 2002 2818 et
2020 2764 2403 2835 Lugdunensis)
2427 2767 2934 2820 communicationem
2959 2766 3132 2818 habuit
3149 2782 3263 2817 cum
3279 2767 3545 2818 sanctissi-

1959 2858 2054 2909 mis
2105 2856 2404 2910 Orthodoxis
2454 2855 2744 2910 Galliarum
2777 2857 3045 2926 episwpis.
3107 2855 3351 2908 Maneant
3391 2855 3545 2923 igitur

1962 2948 2160 3002 Fausto
2186 2949 2385 3019 integra
2405 2951 2534 3020 jura
2565 2966 2680 3013 sua,
2711 2963 2802 3002 nec
2833 2965 2894 3002 ea:
2920 2948 3110 3002 nostris
3139 2948 3340 3017 scriptis
3366 2950 3546 3000 sentiat

1961 3042 2318 3113 pra-:judicium
2342 3057 2360 3095 :
2383 3058 2542 3110 neque
2569 3043 2766 3110 privato
2790 3041 2981 3109 judicio
3007 3040 3219 3094 novitati
3246 3040 3391 3094 liceat
3421 3054 3545 3092 con-

1964 3134 2142 3187 vellere
2166 3133 2537 3203 antiquitatem.
2579 3151 2598 3185 i
2634 3133 2764 3188 Παίς
2797 3131 3074 3188 Baronius.

1959 3294 2162 3348 scrobes
2185 3295 2235 3348 in
2266 3294 2471 3363 lapsum
2503 3295 2836 3360 simplicium,
2869 3293 3173 3346 abalienavit
3214 3308 3245 3344 a
3270 3308 3323 3344 se
3352 3292 3548 3343 animos

1959 3365 2335 3435 episcoporum,
2366 3375 2514 3434 atque
2557 3364 2770 3418 decessit
2808 3364 3090 3434 inglorius;
3118 3378 3264 3431 quem
3306 3363 3549 3435 mirgmur

1961 3432 2024 3489 ab
2055 3432 2313 3507 aliquibus
2345 3432 2696 3504 imprudenter
2722 3451 2843 3489 sane
2861 3432 3071 3488 inscribi
3101 3447 3362 3488 ssucruu.
3395 3432 3548 3485 Ευιτ.

3343 3571 3524 3590 ι*

1419 3694 1825 3779 JACOBI
1872 3699 2412 3783 BASNAGII

977 3868 2206 3996 ANIMADVERSIONES
2287 3872 2832 3975 CBITICAZ

1160 4070 1296 4142 DE
1377 4071 1464 4144 s.
1541 4075 1953 4148 FAUSTO
2030 4073 2653 4165 RHEGIENSI,

288 4248 362 4293 ΛΝ
396 4245 628 4291 FUERIT
657 4242 1196 4291 SEMIPELAGIANUS
1222 4243 1301 4285 ET
1327 4242 1558 4287 ANIMAS
1588 4245 1859 4289 MATERIA

1963 4247 1990 4290 S
2022 4245 2378 4303 DOCUEBIT;
2401 4247 2481 4289 AN
2515 4244 2910 4290 VEBSIPELLIS
2933 4270 2948 4301 ,
2973 4242 3302 4292 Ειηετοωδ
3327 4243 3554 4289 ιυριυο

1260 4323 1338 4365 ET
1368 4323 1536 4368 BINIS
1573 4324 1881 4370 CONCILIIS
1917 4326 2349 4371 SUPPOSUEBIT
2373 4351 2389 4381 ,
2429 4325 2570 4368 ETC.

1449 4447 2387 4476 ’Ψ-

335 4606 408 4662 .1,
434 4603 577 4657 Divei
597 4617 648 4655 ta
676 4598 861 4670 gaudet
891 4607 936 4651 et
966 4597 1163 4650 laborat
1193 4597 1328 4665 fama
1356 4593 1580 4649 Faustus
1611 4594 1864 4664 Rhegien-
1893 4597 1938 4658 C
1969 4599 2152 4654 saltem
2175 4603 2396 4670 plurima
2427 4620 2537 4673 qua;
2565 4604 2978 4672 ξηιενρτειαιίοηε
3007 4605 3224 4676 benigna
3252 4623 3461 4675 prorsus
3483 4610 3560 4663 in.
3607 4659 3618 4665 η

288 4704 379 4768 sis,
403 4699 591 4770 quippe
621 4693 706 4763 qui
735 4709 766 4745 a
796 4691 1031 4760 plurimis
1060 4691 1188 4743 inter
1215 4689 1356 4741 divos
1387 4695 1725 4752 recenseatur,
1758 4690 1868 4754 suf-

288 4798 520 4866 {rogante
570 4787 798 4841 Ecclesia
840 4788 985 4856 cujus
1033 4785 1129 4852 fuit
1163 4783 1450 4850 episcopus.
1477 4781 1626 4868 Nam
1673 4782 1722 4832 in
1763 4780 1870 4848 ejus

287 4888 534 4939 honorem
561 4882 693 4934 diem
717 4883 900 4948 festum
924 4877 1165 4930 hactenus
1184 4875 1421 4928 celebrat.
1447 4873 1497 4926 Ν
1505 4881 1726 4926 utaverat
1748 4871 1871 4924 olim

288 4977 567 5040 Baronius,
580 4974 667 5043 qui
685 4973 830 5026 illum
845 4969 1189 5039 versipellem
1207 4967 1540 5036 vulpeculam
1558 4965 1870 5036 appellabat.

289 5072 394 5127 Sed
414 5068 658 5123 Ecclesia:
680 5064 980 5137 Rhegiensis
1001 5063 1253 5133 precibus,
1268 5065 1415 5133 cujus
1437 5059 1727 5113 auctoritati
1743 5059 1874 5111 mul-

289 5173 395 5216 tum
411 5157 710 5214 detrahebat
730 5155 990 5208 annalista
1007 5153 1384 5217 celeberrimus,
1401 5152 1669 5220 impulsus,
1703 5150 1876 5217 pristi-

289 5270 410 5308 nam
440 5250 649 5304 mutavit
684 5248 1003 5310 sententiam,
1023 5255 1082 5302 ut
1101 5247 1286 5316 legitur
1321 5246 1372 5298 in
1406 5243 1705 5314 prafatione
1725 5240 1876 5294 Cani-

289 5347 460 5406 siana,
477 5357 629 5412 quam
647 5339 730 5392 hic
745 5338 1106 5405 descripsimus
1124 5338 1369 5406 integram
1385 5333 1542 5405 (Vide
1557 5332 1800 5402 superius
1824 5332 1874 5384 iu

290 5438 392 5494 hac
405 5436 516 5504 ipsa
532 5429 764 5503 pag.).In
780 5429 917 5482 varia
929 5428 1227 5482 abeuntium
1241 5437 1425 5481 veteres
1439 5435 1542 5479 tum
1555 5423 1876 5478 recentiores.

292 5528 456 5583 Illum
469 5523 681 5580 laudare
695 5523 896 5575 videtur
908 5518 1167 5575 Sidonius
1187 5518 1530 5588 Apollinaris,
1543 5516 1595 5568 in
1614 5513 1798 5598 littQ'is
1814 5512 1881 5566 ad

289 5625 464 5693 ipsum
490 5616 724 5686 scriptis;
749 5614 836 5667 sed
857 5629 922 5666 an
943 5612 1116 5680 jocari
1139 5611 1434 5675 voluerit,et
1461 5609 1674 5662 nimium
1694 5603 1882 5660 Fausti

291 5711 524 5769 studium
540 5708 675 5762 circa
695 5702 1072 5776 philosOphiam
1094 5704 1496 5774 eteloqaentiam,
1516 5716 1670 5771 quam
1696 5699 1880 5754 sectari

294 5804 604 5865 conabatur,
636 5799 820 5864 ridere,
839 5805 924 5850 aut
951 5798 1183 5863 laudare,
1203 5798 1367 5851 dicere
1387 5795 1561 5850 nolim.
1598 5792 1880 5848 Occurrunt
1910 5827 1915 5833 -

590 5898 857 5958 PATROL.
908 5888 1120 5952 LVIII.

1972 4693 2166 4762 digerit.
2193 4693 2580 4764 Ile/orniidabat
2607 4696 2850 4749 Sidonius
2873 4699 3174 4749 acerrimum
3200 4695 3385 4752 Fausti
3411 4700 3559 4766 inge-

1972 4786 2113 4838 nium
2134 4829 2146 4851 ,
2179 4788 2266 4856 qui
2295 4786 2357 4840 ab
2394 4803 2452 4839 eo
2493 4788 2687 4840 litteras
2725 4788 3067 4855 exspectabat,
3109 4799 3155 4842 et
3182 4802 3408 4858 receptas
3439 4807 3560 4845 cen-

1973 4892 2107 4930 sura:
2150 4877 2491 4948 subjiciebat:
2525 4897 2542 4929 t
2576 4876 2737 4946 quue
2766 4881 2983 4932 votivum
3015 4879 3139 4931 mihi
3169 4883 3435 4949 granditer
3464 4883 3562 4950 fuit

1976 4985 2034 5020 ac
2083 4977 2438 5036 peroptatum,
2473 4977 2524 5020 ut
2567 4951 2803 5037 epistola“
2836 4971 3069 5040 injuncta
3110 4987 3198 5022 nec
3224 4973 3562 5041 denegaretur

1977 5058 2167 5128 scripta
2196 5057 2453 5120 amicitiae,
2486 5073 2576 5109 nec
2598 5057 2894 5111 subderetur
2934 5060 3060 5112 lecta
3090 5074 3334 5112 censurrv.
3369 5076 3386 5109 ι
3420 5059 3560 5123 Quid

1977 5157 2153 5202 sonent
2194 5148 2286 5202 illa
2317 5147 2495 5208 verba,
2546 5147 2760 5200 viderint
2801 5149 3116 5218 interpretes.
3163 5166 3178 5198 ε
3217 5147 3351 5210 Quin
3391 5149 3561 5218 potius

1979 5240 2202 5292 animam
2226 5239 2357 5290 male
2379 5238 2475 5291 sibi
2498 5239 2752 5292 consciunt
2773 5248 2817 5293 et
2840 5256 2929 5310 per
2948 5239 3099 5292 horas
3118 5239 3186 5290 ad
3209 5239 3428 5307 poenalis
3449 5240 3564 5295 vita:

1981 5331 2152 5384 debita
2174 5330 2641 5383 contremiscentem
2672 5331 3091 5400 frequentissimis
3122 5331 3221 5383 tuis
3251 5330 3353 5384 illis
3392 5340 3439 5383 et
3470 5347 3561 5383 va-

1985 5423 2276 5476 lentissimis
2305 5423 2592 5476 orationum
2621 5438 2887 5477 numerare
2914 5423 3196 5494 su/fragiis,
3230 5439 3436 5492 precum
3468 5438 3559 5491 pe-

1980 5517 2109 5569 ritus
2149 5517 2536 5582 insulanarum,
2585 5531 2712 5584 quas
2761 5517 2823 5570 de
2875 5515 3115 5586 palaestra
3153 5514 3557 5584 congregationis

1980 5605 2287 5671 eremitidis,
2322 5616 2367 5658 et
2413 5607 2476 5660 de
2499 5615 2679 5659 senatu
2709 5605 3052 5660 Lirinensium
3094 5604 3478 5660 cellulariorum
3509 5605 3560 5656 in

1981 5697 2152 5751 urbem
2179 5713 2394 5768 quoque,
2414 5701 2560 5768 cujus
2575 5698 2797 5752 ecclesia
2817 5713 2964 5751 sacra
2989 5694 3366 5763 superinsp’cis,
3392 5702 3560 5748 trans-

1984 5790 2164 5859 tulisti,
2195 5790 2321 5845 nihil
2348 5799 2568 5846 mutatus
2599 5791 2796 5844 abbate.
2827 5809 2842 5842 i
2881 5788 3089 5843 Videtur
3123 5786 3370 5840 Sidonius
3402 5787 3562 5844 ridere

2285 5890 2295 5912 ³
2347 5901 2398 5948 ζμ
3245 5875 3324 5937 "25

2144 5961 2166 5986 ι
2281 5975 2294 5984 .
2357 5951 2380 5983 '.'
2576 5960 2577 5963 η
2695 5949 2739 5983 1‘2.
