4068 6348
762 259 791 268 .-

506 317 615 379 779

1673 312 1735 374 Β.
1768 310 2084 372 FAUS'I'US
2120 308 2551 370 RHEGIENSIS.

3702 327 3793 387 780

508 443 617 488 tum
640 429 874 486 senatum
918 426 1326 493 cellulariorum,
1361 437 1469 482 tum
1496 427 1825 497 disciplinam
1853 423 2101 480 monasti-
2128 424 2180 485 Α
2206 432 2408 489 notata,
2437 433 2493 479 ot
2518 431 2721 480 natura:
2751 431 2948 482 nostra!
2971 426 3039 483 ad
3069 426 3193 484 lldei
3224 427 3434 489 initium
3457 440 3516 490 et
3540 433 3648 490 alia
3681 438 3792 507 plus

510 539 642 590 cum,
664 534 820 593 quam
845 521 1045 576 tumido
1075 522 1226 576 nimis
1247 521 1422 575 animo
1446 517 1675 574 Faustus
1699 518 1768 571 ad
1799 518 2096 587 dignitatem

508 610 851 684 episcopalem
891 623 1193 684 promotus,
1224 622 1270 666 et
1297 613 1416 667 inde
1447 625 1601 668 sacra
1644 609 2104 679 superinspiciens

508 702 829 769 obseruabat,
860 710 917 757 ut
946 702 1084 775 plebi
1111 703 1403 771 ceterisque
1430 702 1635 775 facilius
1673 702 1976 773 imponeret,
2005 699 2114 765 ab-~

510 795 956 852 stinentissimam
1001 796 1163 851 vitam
1214 794 1527 864 professus,
1574 803 1629 849 et
1675 808 1781 848 non
1836 802 2100 847 secretam

511 905 759 958 crucem,
790 890 885 946 sed
935 889 1198 959 publicam
1239 888 1531 945 vanitatem
1579 888 1838 957 iactantia
1891 887 2103 941 ventosi

516 982 745 1037 tumoris
767 996 1099 1053 exaggerans
1119 1022 1134 1045 ,
1163 992 1420 1051 quantum
1447 981 1617 1050 potuit
1646 988 1961 1036 venenatam
1988 977 2102 1033 dis-

514 1074 876 1143 putationem,
926 1072 1071 1128 velut
1105 1070 1495 1127 indeclinabilis
1538 1071 1794 1126 virtutum
1837 1078 2102 1133 servator,

514 1165 745 1230 induxit,
770 1165 1026 1235 inquiebat
1056 1165 1233 1219 Auitus
1261 1182 1342 1234 ep.
1373 1165 1428 1219 4.
1462 1163 1612 1218 Hanc
1640 1164 1812 1232 ﬁrmat
1841 1164 2102 1232 conjectu-

517 1273 626 1310 ram
656 1257 1018 1323 controversia,
1049 1272 1349 1326 quanquam
1377 1255 1651 1320 levissima,
1666 1255 1801 1308 inter
1831 1253 2104 1309 Sidonium

520 1355 565 1401 et
597 1346 849 1401 Faustum
880 1356 1021 1402 nata.
1056 1345 1269 1400 Miserat
1308 1344 1536 1400 Faustus
1581 1344 1884 1399 Riochatum
1922 1360 2105 1399 mona-

515 1440 669 1493 chum
688 1448 735 1494 et
764 1440 1043 1495 antistitem
1063 1438 1131 1491 ad
1167 1436 1459 1502 Britannos,
1487 1436 1808 1491 Contribules
1834 1454 1973 1505 suos,
1992 1446 2038 1491 et
2058 1438 2108 1492 ei

515 1530 739 1585 Libellos
762 1531 921 1595 duos,
949 1532 1001 1583 in
1032 1529 1310 1599 Aquitania
1350 1527 1610 1592 celandos,
1642 1525 1906 1581 Britannis
1936 1526 2104 1580 solum

494 1620 776 1692 'legendos,
819 1622 1161 1674 commiserat.
1195 1619 1458 1675 Remansit
1500 1620 1640 1689 apud
1669 1618 1943 1674 Sidonium
1979 1618 2106 1671 Rio-

515 1714 697 1764 chatus
741 1726 833 1781 per
871 1712 1131 1776 bimestre,
1180 1719 1385 1781 propter
1428 1718 1594 1764 motus
1635 1721 1752 1764 tunc
1783 1711 2020 1780 temporis
2052 1711 2105 1763 in

516 1801 689 1856 Gallia
720 1803 1034 1868 concitatos;
1060 1812 1109 1856 et
1138 1804 1224 1872 qui
1249 1804 1311 1855 de
1338 1802 1535 1855 Fausto
1556 1803 1747 1872 saepius
1774 1801 2093 1875 loquebatur,
2127 1789 2178 1852 Β

518 1898 583 1947 de
608 1894 825 1967 Scriptis
853 1895 952 1965 ipsi
982 1896 1263 1949 commissis
1290 1896 1446 1948 tacuit
1467 1897 1684 1967 penitus.
1713 1894 1816 1950 Sed
1844 1896 1896 1948 in
1926 1896 2103 1949 itinere

516 1986 842 2054 postmodum
888 1984 1205 2040 Riochatum
1230 2028 1245 2054 ,
1274 1986 1441 2056 inquit
1478 1985 1758 2050 Sidonius,
1786 1985 1894 2039 cito
1926 1985 2103 2056 prole-

514 2086 683 2145 ctum,
716 2093 836 2131 cum
863 2077 1096 2147 quipiam
1124 2077 1191 2132 de
1234 2076 1526 2131 viatoribus
1568 2076 1947 2147 prodidissent,
1983 2092 2101 2148 my-

515 2167 664 2221 sticae
701 2181 847 2236 gazas
883 2167 1079 2220 clausis
1121 2166 1411 2221 involucris
1442 2166 1578 2220 clam
1621 2170 1759 2221 ferre
1799 2165 2100 2232 thesauros,

512 2258 821 2328 pernicibus
848 2257 999 2327 equis
1027 2258 1301 2313 insecutus
1330 2259 1642 2325 abeuntem,
1675 2260 1763 2328 qui
1793 2258 1945 2314 facile
1976 2274 2101 2330 pos-

512 2359 632 2405 sent
660 2348 867 2405 itineris
896 2350 1127 2419 pridiani
1146 2346 1317 2419 sdatia
1344 2360 1687 2418 prmvertere,
1706 2350 1847 2421 capti
1876 2352 2102 2421 ltoSpitis

511 2457 683 2513 genua
705 2443 1057 2513 complector,
1079 2443 1322 2512 jumenta
1347 2444 1500 2509 sisto,
1536 2447 1686 2499 frena
1717 2445 1845 2516 ligo,
1864 2446 2102 2500 sarcinas

511 2535 686 2601 solvo,
729 2535 1011 2603 quaesitum
1043 2534 1291 2589 volumen
1330 2537 1574 2601 invenio,
1607 2536 1863 2605 produco,
1896 2538 2098 2608 lectito,

513 2640 703 2695 magna
752 2640 816 2679 ex
865 2626 1071 2694 magnis
1117 2629 1291 2694 capita
1342 2625 1668 2682 delrustans.
1716 2625 1849 2681 Inde
1895 2628 2102 2683 Sidonii

512 2718 847 2773 amarissima
883 2720 1146 2788 ﬂuxerunt
1175 2719 1390 2788 querela:
1419 2720 1486 2772 ad
1515 2718 1769 2774 Faustum
1799 2721 1988 2791 ipsum,
2031 2738 2097 2775 an

512 2811 856 2880 supercilium
882 2821 1132 2882 tanquam
1156 2811 1310 2881 rigidi
1327 2813 1557 2883 plosoris
1580 2814 2009 2870 extimescebas?
2030 2831 2097 2871 an

512 2902 634 2957 ideo
660 2918 746 2958 me
789 2903 1169 2959 fastidiendum
1201 2904 1690 2977 negligendumque
1719 2908 1939 2973 curasti,
1973 2908 2097 2976 quia

512 3003 887 3051 contemneres
911 2995 1222 3066 iuniorem?
1252 2996 1392 3067 quod
1425 3012 1611 3067 parum
1640 2998 1803 3054 credo
1829 3015 1844 3065 ;
1878 3014 1942 3053 an
1975 3002 2096 3068 quia

513 3085 837 3140 indoctum?
864 3091 1006 3155 quod
1038 3087 1206 3156 magis
1246 3084 1362 3142 fero
1383 3132 1398 3155 ,
1429 3096 1527 3141 etc.
1560 3086 1687 3142 [ltro
1726 3089 2094 3143 strictissimam

513 3192 617 3228 non
638 3177 842 3244 sapiunt
864 3176 1163 3230 amicitiam.
1201 3177 1341 3231 Intra
1364 3194 1545 3233 muros
1573 3189 1821 3248 peccatur
1849 3189 1902 3235 et
1922 3192 2094 3238 extra.
2123 3152 2175 3218 θ

512 3266 637 3321 Non
666 3268 835 3320 debuit
850 3268 1071 3320 amicum
1093 3268 1276 3334 celare,
1300 3268 1344 3320 si
1362 3268 1591 3323 Faustus
1614 3270 1711 3338 fuit
1733 3272 2092 3341 amicissimus,

512 3358 703 3425 scripta
718 3373 833 3427 qua
857 3358 1082 3413 mittebat
1113 3360 1166 3411 in
1181 3359 1453 3429 Angliam;
1472 3375 1561 3414 nec
1580 3360 1827 3415 Sidonius
1851 3364 2096 3431 festinan-

511 3450 577 3503 tis
607 3450 843 3505 monachi
867 3451 1076 3520 vestigia
1100 3452 1262 3521 sequi,
1288 3460 1340 3504 ut
1369 3469 1430 3506 ea
1456 3453 1648 3521 scripta
1674 3453 1768 3506 sibi
1794 3456 2092 3510 vindicaret.

512 3542 791 3595 Autumant
821 3541 1046 3613 plerique
1074 3543 1181 3596 [nec
1207 3545 1395 3613 scripta
1425 3543 1584 3613 fuisse
1608 3545 1738 3599 duos
1762 3546 1824 3599 de
1844 3544 2023 3601 Gratia
2048 3560 2094 3602 et

510 3633 694 3688 Libero
712 3635 934 3689 Arbitrio
951 3636 1136 3701 libros;
1159 3636 1245 3691 sed
1272 3636 1584 3707 Mauguinus
1606 3655 1789 3709 praeses
1810 3657 1910 3694 non
1929 3644 2093 3712 potuit

508 3728 604 3782 sibi
621 3729 955 3784 Sirmundum
977 3740 1217 3800 tanquam
1239 3731 1603 3801 tiu/[rogantem
1632 3734 1888 3800 indicare;
1910 3738 2095 3807 quippe

508 3822 596 3891 qui
628 3823 677 3875 in
703 3823 835 3875 notis
870 3823 975 3877 haec
1004 3840 1159 3891 opera
1178 3823 1359 3879 Fausti
1391 3828 1599 3895 periisse
1621 3838 1807 3897 tuetur,
1834 3846 1893 3881 ea
1935 3834 2092 3899 potis-

508 3913 691 3965 simum
721 3914 938 3981 ratione,
958 3917 1096 3983 quod
1125 3916 1395 3985 Sidonius,
1421 3920 1507 3989 qui
1530 3920 1626 3973 hoc
1652 3936 1777 3990 apns
1793 3923 2091 3991 Operosissi-

506 4019 644 4056 mum
667 4004 880 4074 legerat,
905 4006 1203 4076 bipartitum
1225 4009 1317 4062 sub
1339 4009 1534 4080 dialogi
1561 4010 1836 4075 schemate,
1859 4013 1951 4066 sub
1973 4031 2091 4067 catt-

505 4110 680 4147 sarum
695 4097 913 4150 themate
932 4098 1363 4166 quadripartitum
1386 4102 1542 4170 fuisse
1554 4102 1765 4171 aﬁrmet
1780 4120 1797 4168 ;
1811 4121 1926 4173 qua:
1946 4096 2089 4159 libris

505 4188 572 4239 de
599 4186 782 4241 Gratia
812 4205 914 4242 non
944 4192 1266 4244 conveniunt.

576 4279 722 4335 Inter
760 4292 946 4336 veteres
1005 4280 1197 4336 Fausto
1235 4288 1555 4357 refragantes
1614 4292 1863 4345 νει-τηερετὶ
1911 4292 2087 4349 debent

510 4371 710 4434 Avitus,
748 4370 1048 4426 Viennensis
1087 4376 1304 4441 pracsul,
1334 4386 1379 4429 et
1422 4379 1535 4431 Ado
1567 4377 1879 4447 (Chronicon
1907 4386 1972 4436 ad
1997 4402 2082 4438 an.

506 4458 662 4528 492),
688 4460 916 4527 ejusdem
941 4462 1081 4514 urbis
1109 4463 1405 4533 episcopus,
1437 4467 1523 4533 qui
1550 4468 1749 4532 scribit,
1779 4471 1900 4523 dum
1931 4472 2086 4527 Pela-

503 4548 716 4620 gianam
744 4549 930 4619 dogma
955 4550 1214 4607 destruere
1239 4565 1533 4622 conaretur,
1564 4560 1616 4611 in
1643 4575 1861 4615 errorem
1882 4580 1988 4617 esse
2009 4565 2084 4618 la-

505 4656 679 4711 psum,
702 4650 747 4694 et
767 4642 880 4695 ideo
898 4644 1107 4698 liberum
1134 4646 1396 4700 arbitrium
1417 4649 1663 4717 docuisse,
1683 4662 1740 4706 ut
1771 4653 2086 4713 illuminatio

505 4731 625 4797 ejus
665 4740 720 4786 et
754 4733 899 4789 salus
944 4751 1046 4791 non
1095 4737 1165 4793 sit
1197 4754 1224 4793 a
1268 4739 1502 4810 Christo,
1535 4743 1630 4799 sed
1653 4760 1681 4798 a
1712 4756 1919 4801 natura.
1950 4747 2085 4805 Eum

502 4823 720 4893 denique
746 4826 910 4880 virum
956 4830 1231 4898 profundae
1256 4834 1556 4893 calliditatis
1599 4840 1824 4909 appellat
1853 4839 2083 4898 Isidorus

503 4914 860 4987 Hispalensis.

498 5027 508 5044 κ
570 5005 601 5058 l
610 5007 634 5058 Ι
645 5046 658 5060 .
678 5006 747 5062 In
766 5008 965 5064 diversa
983 5012 1129 5079 plane
1142 5013 1218 5068 abl
1236 5024 1323 5069 unt
1345 5020 1663 5087 recentiores,
1685 5034 1837 5092 prout
1857 5026 2079 5095 partium

500 5099 675 5153 studio
720 5101 1064 5172 abripiuntur.
1095 5122 1113 5155 ‹
1143 5106 1266 5173 Quis
1294 5126 1439 5180 a'quo
1467 5114 1637 5167 animo
1666 5117 1799 5183 [erat
1829 5118 2079 5176 Faustum

498 5189 672 5241 vexari
692 5192 879 5258 passim
891 5208 922 5246 a
943 5194 1137 5260 multis,
1153 5198 1451 5271 tradncique
1466 5210 1705 5274 tanquam
1723 5210 2072 5266 hmreticum?»

496 5277 660 5343 inquit
689 5280 1023 5338 Sirmundus.
1067 5284 1282 5354 Culpam
1320 5294 1547 5347 criminis
1586 5298 1747 5368 rejicit
1777 5301 1828 5353 in
1860 5300 2077 5358 Maxen-

498 5370 647 5437 tium,
667 5371 916 5443 Scytham
939 5378 1265 5449 monachum,
1287 5384 1371 5453 qui
1394 5386 1571 5457 longas
1600 5388 1772 5445 habuit
1797 5392 1910 5449 lites
1938 5397 2074 5450 circa
2124 5420 2129 5429 ι

496 5465 735 5537 gratiam,
764 5467 827 5519 de
853 5468 1033 5537 quibus
1059 5471 1199 5527 alibi.
1232 5472 1424 5531 Deinde
1450 5479 1646 5534 inducit
1677 5484 1826 5550 viros,
1858 5503 1917 5540 eo
1946 5499 2070 5543 tem-

493 5573 621 5627 pore
644 5560 990 5616 celeberrimos
1005 5604 1020 5629 ,
1046 5563 1307 5641 ilarium
1330 5570 1695 5643 Arelatensem,
1722 5576 2067 5648 Gennadium,

496 5648 807 5718 Maximum,
831 5664 879 5708 et
904 5653 1162 5711 Hilarium
1182 5661 1489 5729 pontiﬁcem.
1510 5664 1618 5719 Nec
1640 5670 1877 5739 diﬁitetur
1899 5684 2067 5729 tamen

497 5744 556 5796 ab
572 5746 713 5797 Avito
741 5747 1010 5805 Viennensi
1029 5762 1073 5805 et
1098 5750 1373 5820 Fulgentio
1398 5758 1549 5823 plura
1581 5761 1628 5812 in
1662 5765 1857 5831 St'rt'plt's
1886 5768 2066 5821 ("attin

776 6011 803 6025 α

2207 515 2479 587 aliquanto
2516 516 2750 574 tribuere
2774 518 2921 575 visus
2944 528 3026 577 est
3052 536 3212 592 quam
3245 538 3341 594 par
3362 535 3480 582 erat
3504 526 3794 598 (δίηταιᾱὲ

2210 605 2459 661 Historiae
2483 608 2719 677 pradest.
2747 626 2858 680 cap.
2877 611 2959 681 8).
2994 611 3100 667 Sed
3119 614 3274 685 hujus
3292 619 3558 673 sententia:
3578 621 3792 678 vindices

2208 698 2435 769 appellat
2466 699 2649 757 Patres
2677 702 2904 769 Grazcos,
2930 706 3031 759 into
3058 706 3230 776 ipsum
3256 708 3631 781 Augustinum,
3660 725 3790 769 ante-

2209 807 2361 857 quam
2390 800 2605 846 mentem
2628 802 2888 861 mutasset,
2918 802 2972 848 ut
3003 804 3189 851 cartera
3219 799 3470 854 omittam.

2282 882 2399 937 Stat
2427 883 2490 937 ab
2516 884 2677 938 altera
2706 894 2849 955 parte
2874 884 3191 958 Mauquinus
3218 906 3430 961 praises,
3458 894 3536 948 vir
3564 897 3790 954 doctissi-

2209 991 2340 1043 mus,
2361 974 2835 1033 Prtedestinatiante
2859 978 3046 1047 fabula:
3073 982 3388 1051 confutatur,
3412 986 3502 1052 qui
3523 1002 3628 1040 non
3652 992 3793 1045 modo

2210 1062 2465 1123 Faustum
2484 1069 2744 1141 deprimit,
2760 1071 2851 1150 sed
2878 1072 2931 1126 in
2960 1088 3074 1127 eum
3106 1074 3357 1131 invehitur
3379 1087 3434 1132 ut
3452 1081 3790 1150 versipellem

2200 1159 2542 1231 ivulpeculam
2589 1170 2644 1217 et
2687 1146 3033 1232 impostorem
3060 1208 3075 1234 ,
3116 1168 3205 1234 qui
3252 1166 3439 1223 Lucidi
3480 1146 3791 1242 epistolam,

2209 1259 2263 1306 et
2288 1252 2714 1324 subscriptiones
2743 1254 3095 1311 conciliorum
3124 1258 3299 1325 tinxit,
3346 1268 3406 1315 ut
3434 1260 3561 1317 aliis
3587 1262 3790 1323 facilius

2211 1343 2481 1400 illuderet.

2282 1436 2375 1491 III
2388 1477 2401 1491 .
2423 1437 2649 1493 Mediam
2664 1448 2887 1496 tenemus
2908 1441 3170 1499 beatorum
3191 1443 3543 1503 viam.Peccat
3558 1449 3791 1506 δεητικ-

2209 1531 2338 1599 dus,
2382 1534 2702 1600 quantumvis
2738 1535 3139 1601 eruditissimus,
3168 1554 3285 1591 cum
3312 1536 3499 1595 Fausti
3526 1552 3788 1612 patronos,

2210 1623 2506 1689 Hilarium,
2539 1624 2897 1693 Gennadium,
2924 1638 3043 1696 ενα,
3078 1628 3554 1701 Semipelagianos,
3594 1634 3786 1690 laudat.

2214 1718 2411 1773 Deinde
2433 1716 2696 1789 Fulgentii
2716 1728 2762 1772 et
2783 1714 2916 1773 Aviti
2941 1719 3247 1776 Viennensis
3277 1723 3586 1794 objectiones
3613 1727 3788 1795 frivola

2203 1812 2404 1866 ratione
2429 1819 2643 1864 conatur
2679 1812 2898 1865 eludere.
2937 1810 3123 1867 Pereat
3153 1812 3490 1883 Haugttinus,
3520 1818 3611 1887 qui
3637 1820 3789 1873 multa

2204 1903 2338 1958 velut
2365 1903 2546 1972 ﬁctitia
2568 1901 2769 1958 Fausto
2809 1903 3020 1958 tribuat.
3048 1903 3303 1959 Ilii-amur
3336 1915 3505 1963 tamen
3542 1906 3792 1983 Faustum

2205 1997 2335 2050 inter
2360 1994 2637 2050 catholicos
2670 2005 2718 2050 et
2743 2004 2945 2051 sanctos
2966 1999 3234 2053 recenseri.

2276 2088 2456 2144 Primo
2481 2090 2624 2145 binos
2649 2090 2712 2145 de
2732 2088 2917 2144 Libero
2945 2088 3172 2146 Arbitrio
3193 2101 3243 2147 et
3263 2091 3443 2148 Gratia
3467 2094 3630 2150 libros
3653 2089 3791 2152 Fis-

2205 2190 2312 2235 stus
2340 2182 2524 2250 edidit,
2557 2198 2695 2251 quos.
2714 2182 2943 2236 laudavit
2969 2178 3298 2253 Fulgentius,
3326 2193 3376 2241 et
3406 2187 3672 2243 damnauit
3691 2187 3790 2244 Ge-

2207 2273 2364 2328 lasius
2406 2274 2652 2344 pontifex.
2677 2271 2895 2328 Initium
2925 2275 3139 2329 ducebat
3164 2290 3198 2330 a
3222 2274 3544 2349 Pelagianis,
3574 2297 3704 2351 quos
3728 2282 3792 2336 ab

2204 2365 2419 2419 exordio
2464 2364 2731 2434 confutare
2777 2364 3061 2430 ridebatur,
3099 2368 3189 2420 sed
3235 2371 3594 2437 postmodum,
3641 2374 3791 2428 tacito

2207 2456 2481 2528 Augustini
2508 2458 2739 2527 nomine,
2768 2459 2948 2528 gratias
2982 2459 3338 2529 prmusnientis
3376 2470 3429 2527 et
3458 2465 3790 2533 prcdestiuu-

2206 2549 2357 2603 tionis
2391 2548 2626 2618 gratuita:
2651 2558 2923 2603 assertores
2954 2550 3294 2607 vehementius
3316 2554 3614 2625 exagitavit.
3637 2555 3790 2611 Late-

2203 2638 2288 2691 bat
2333 2639 2561 2709 hteresis,
2584 2641 2862 2694 secundum
2889 2639 3193 2707 Baronium,
3221 2651 3280 2697 at
3324 2644 3448 2699 latet
3484 2648 3669 2717 anguis
3696 2650 3794 2703 sub

2203 2731 2604 2801 prominentibus
2627 2732 2862 2798 ﬂoribus.
2888 2732 2955 2787 Et
2991 2747 3162 2787 revera
3189 2734 3298 2789 haec
3326 2735 3474 2792 habet
3505 2738 3613 2807 ipse
3643 2737 3791 2794 Fau-

2203 2833 2349 2875 stus:
2388 2840 2405 2872 (
2444 2821 2589 2877 Sicut
2627 2825 2766 2878 omni
2786 2825 2979 2879 homini
3006 2841 3220 2880 manum
3249 2829 3553 2900 acutumque
3581 2834 3792 2887 donavit

2204 2911 2375 2981 Deus,
2408 2915 2479 2969 ita
2512 2917 2747 2971 similiter
2774 2919 2912 2972 omni
2960 2919 3153 2974 homini
3202 2923 3510 2977 voluntatem
3536 2964 3553 2992 ,
3594 2936 3651 2979 ut
3674 2942 3792 2979 caus

2203 3016 2440 3073 versaret,
2476 3007 2689 3062 indulsit
2724 3010 2954 3079 justitia.
2987 3010 3123 3084 Ergo
3166 3013 3220 3066 in
3250 3012 3456 3069 homine
3481 3031 3584 3070 non
3611 3033 3789 3088 perso-

2205 3104 2341 3166 nale.
2361 3104 2449 3157 sed
2469 3105 2699 3174 generale
2725 3114 2773 3158 et
2800 3106 3057 3175 publicum
3078 3124 3265 3163 munus
3290 3117 3384 3163 est.
3402 3110 3582 3164 Aditus
3602 3129 3789 3182 capes-

2203 3197 2373 3249 senda:
2411 3196 2622 3264 salutis,
2666 3200 2814 3267 quasi
2854 3199 2969 3269 fons
3007 3199 3217 3268 quidam
3261 3202 3315 3255 in
3361 3203 3585 3256 medium
3628 3205 3788 3275 hujus

2202 3288 2382 3340 mundi
2402 3289 2683 3358 expositus,
2712 3300 2760 3344 et
2792 3291 2843 3344 in
2873 3307 3143 3345 commune
3163 3299 3430 3354 concessus
3451 3296 3519 3348 ad
3545 3297 3789 3353 haurien-

2201 3379 2325 3431 dum
2368 3381 2616 3435 universis
2661 3392 2827 3451 patet,
2865 3393 2920 3437 ut
2956 3382 3170 3455 largiori
3198 3386 3378 3441 merito
3419 3404 3533 3441 reus
3568 3389 3662 3455 sit,
3694 3392 3789 3459 qui

2199 3470 2411 3526 haurire
2439 3474 2733 3543 neglexerit.
2758 3493 2775 3526 ι
2808 3475 3041 3530 Attamen
3068 3494 3156 3531 nec
3182 3479 3298 3547 plus
3318 3495 3461 3549 aequo
3481 3490 3677 3536 natura:
3698 3483 3790 3536 tri-

2199 3562 2365 3619 buisse
2390 3575 2539 3633 negat
2565 3565 2892 3623 Sirmnndus.

2269 3657 2441 3711 Altera
2484 3659 2546 3713 de
2585 3661 2939 3717 materialitate
2978 3663 3264 3718 animarum
3312 3668 3556 3721 sententia
3594 3668 3787 3735 legitur

2196 3748 2249 3801 in
2287 3750 2499 3818 epistola
2531 3751 2615 3817 l6,
2646 3768 2798 3820 quam
2827 3754 3015 3823 publici
3042 3756 3178 3824 juris
3208 3758 3325 3826 fecit
3355 3759 3615 3815 Canisius.
3649 3759 3785 3813 Pro-

2196 3840 2281 3893 bat
2309 3841 2500 3896 scilicet
2537 3841 2763 3899 Faustus
2804 3846 2935 3899 nihil
2955 3853 3138 3917 praeter
3168 3847 3330 3902 Deunt
3370 3851 3647 3919 inﬁnitum,
3675 3870 3784 3907 esse

2194 3935 2483 4003 spirituale,
2514 3944 2562 3990 et
2593 3938 2814 3991 animam
2842 3954 2948 3993 esse
2977 3942 3319 4009 corporalem,
3348 3960 3462 3997 cum
3486 3945 3550 3999 sit
3578 3946 3780 4000 locatis.

2202 4042 2220 4073 ι
2251 4022 2390 4079 Licet
2435 4027 2605 4093 enim,
2659 4027 2859 4098 inquit,
2910 4046 3011 4085 non
3066 4033 3450 4103 pronuntiemus
3504 4038 3781 4093 nonnullas

2194 4134 2301 4172 esse
2336 4119 2628 4188 spirituales
2656 4121 2984 4191 substantias,
3017 4134 3071 4177 ut
3102 4126 3294 4195 angeli,
3324 4127 3651 4198 archangeli,
3680 4145 3781 4183 cte-

2193 4218 2409 4281 terazque
2442 4215 2670 4280 virtutes,
2707 4216 2823 4280 ipsa
2854 4230 3053 4284 quoque
3088 4218 3261 4270 anima
3304 4228 3498 4284 nostra,
3537 4218 3614 4273 vel
3645 4231 3782 4275 certe

2192 4320 2281 4358 aer
2327 4305 2420 4358 iste
2457 4305 2689 4372 subtilis,
2735 4316 2900 4361 tamen
2944 4308 3255 4380 incorporea:
3300 4311 3590 4365 nullatenus
3632 4314 3775 4367 testi-

2191 4394 2396 4449 mandaz
2432 4406 2583 4462 sunt;
2622 4396 2810 4450 habent
2845 4384 2981 4452 enim
3010 4401 3287 4453 secundum
3314 4418 3368 4454 se
3404 4417 3619 4471 corpus,
3657 4403 3777 4457 licet

2191 4486 2351 4538 multo
2380 4487 2842 4555 incomparabiliter
2874 4492 3077 4545 tenuius
3108 4508 3259 4562 quam
3303 4503 3479 4547 nostra
3506 4504 3621 4548 sunt
3658 4511 3775 4550 cor-

2192 4594 2339 4648 pora.
2372 4598 2390 4630 »
2426 4577 2554 4634 Herc
2591 4588 2869 4636 extenuare
2893 4592 3131 4652 poterunt
3171 4585 3407 4657 Origenis
3446 4577 3773 4644 caterorum:

2190 4685 2286 4739 que
2310 4668 2545 4739 Patrum,
2574 4673 2660 4741 qui
2686 4674 2812 4727 talia
2838 4675 3118 4730 docuerunt
3139 4680 3462 4745 auctoritate,
3487 4683 3772 4753 quicunque

2188 4760 2457 4815 uoluerint.
2489 4760 2712 4832 Legatur
2741 4773 2905 4819 tamen
2941 4766 3023 4820 hic
3049 4768 3263 4836 epistola
3292 4769 3383 4838 l7,
3410 4770 3464 4824 in
3497 4787 3595 4839 qua
3622 4770 3766 4826 loca-

2187 4853 2260 4908 les
2288 4863 2333 4909 et
2376 4855 2667 4935 materiales
2707 4866 2814 4911 tum
2842 4859 3040 4913 animas
3080 4870 3187 4913 tum
3229 4863 3442 4934 attg’los
3473 4880 3581 4918 esse
3621 4866 3766 4920 rebe-

2186 4954 2379 5000 menter
2413 4947 2689 5015 contendit.
2730 4947 2843 5003 Nos
2880 4951 3039 5020 igitur
3075 4954 3163 5005 uni
3186 4953 3389 5008 litantes
3422 4957 3640 5024 veritati,
3676 4973 3764 5027 ge-

2184 5040 2398 5094 nuinam
2439 5040 2719 5111 Scriptoris
2760 5052 2973 5097 utentem
3016 5046 3361 5112 elucidamus,
3411 5058 3459 5101 et
3503 5050 3763 5117 sequimur

2184 5131 2492 5189 Mamertum
2536 5135 2899 5201 Viennensem,
2939 5137 3062 5206 qui,
3109 5140 3263 5192 tacito
3303 5136 3489 5193 Fausti
3528 5142 3757 5207 nomine,

2181 5228 2481 5280 sententiam
2513 5227 2627 5298 ejus
2661 5228 2724 5280 de
2766 5226 3054 5293 animabus,
3085 5230 3275 5299 scripto
3311 5246 3431 5285 mox
3457 5222 3595 5286 edito
3632 5247 3757 5286 con-

2182 5314 2391 5383 futavit,
2436 5320 2611 5371 eadem
2655 5316 2892 5372 methodo
2936 5333 3087 5384 usus,
3134 5323 3283 5392 cujus
3324 5322 3553 5376 inventor
3590 5333 3759 5378 tamen

2177 5409 2362 5463 dicitur
2389 5408 2662 5465 Curtaius.

2248 5500 2351 5553 IV.
2385 5500 2511 5554 Fuit
2541 5502 2698 5571 igitur
2729 5499 2955 5559 Faustus
2985 5504 3484 5581 Semipelagianismi
3522 5509 3759 5577 defensor

2175 5591 2473 5657 acerrimus,
2520 5603 2566 5647 et
2604 5593 2803 5649 animos
2843 5596 3131 5652 materialrs
3156 5598 3355 5664 docuit,
3388 5608 3435 5652 et
3463 5600 3574 5654 lites
3614 5602 3760 5654 velte-

2175 5683 2442 5738 mentiores
2502 5686 2678 5738 habuit
2733 5704 2849 5741 cum
2894 5685 3249 5760 Forojuliensi
3295 5692 3556 5761 episcopo,
3608 5694 3761 5761 cujus

2174 5775 2325 5831 abbas
2354 5778 2468 5839 iura
2499 5777 2591 5832 sibi
2632 5778 2942 5844 vindicabat,
2986 5790 3033 5835 et
3065 5798 3121 5835 ea
3156 5782 3355 5837 ratione
3381 5783 3651 5841 damnatus
3682 5794 3759 5841 ett
