4068 6348
262 284 374 345 78!

1610 274 2135 347 suum“.

3028 221 3099 314 ’κη
3066 223 3255 335 deus;

3174 294 3185 303 '
3194 290 3211 323 η)

3435 285 3540 345 782
3558 304 3573 313 ‘

264 400 335 455 ab
377 385 664 453 Arelatensi
706 396 955 463 conctlio,
998 402 1054 451 ut
1095 393 1285 473 patebit
1326 393 1562 466 inferius.
1605 391 1855 451 Eamdem
1879 390 2163 464 Ascriptie
2190 389 2360 447 adhuc
2389 384 2691 463 vindicavit,
2720 398 2775 448 ut
2798 385 3273 465 probaturi'suiuu‘s
3298 388 3542 457 ιάυξηκε

267 489 452 547 habuit
477 489 727 562 patriam,
779 487 1098 543 Britanniam
1139 487 1362 554 scilicet,
1392 502 1547 556 quam
1584 484 1854 559 Pelagius,

268 588 319 636 et
348 595 413 635 ex
436 594 499 637 ea
518 578 657 649 apud
688 575 867 634 Gallos
896 587 1104 650 uterque
1127 579 1495 649 transfretavit.
1525 577 1849 648 Philosophi-

271 673 350 728 cis
395 670 614 727 multum
653 672 953 727 incubuerat
997 670 1213 741 studiis,
1256 671 1443 742 quippe
1478 670 1854 742 philosophiam

270 768 387 838 ejus
434 762 809 837 pedisseqnam
859 772 912 818 et
959 763 1113 819 lateri
1150 764 1402 826 comitem
1445 762 1861 833 inseparabilem

270 854 569 929 appellabat
598 853 850 910 Sidonius
882 854 1216 925 Apollinaris.
1251 853 1445 911 Deinde
1485 855 1708 925 forenses
1747 858 1861 928 agi-

272 948 403 1000 tavit
430 961 643 1011 causas;
672 962 812 1011 nam,
844 947 955 1017 ipso
988 945 1204 1001 Sidonio
1234 954 1376 1015 teste,
1410 946 1672 1016 palmitis
1704 962 1860 1009 exer-

271 1039 500 1094 cebatur
546 1036 800 1104 urbanis;
845 1040 1167 1108 postmodum
1213 1023 1545 1095 monasticam
1602 1041 1864 1110 professus

271 1134 463 1201 vitam,
511 1130 791 1186 Lirinensis
822 1134 1143 1197 monasterii,
1176 1142 1298 1187 tunc
1327 1135 1684 1207 famosissimi,
1724 1151 1864 1189 crea~

274 1231 361 1275 tus
391 1232 464 1276 est
500 1222 676 1288 abbas,
708 1239 844 1276 anno
874 1220 996 1280 433‘.
1034 1223 1153 1279 Non
1183 1227 1318 1280 enim
1364 1224 1579 1281 Baronii
1606 1227 1866 1298 sequenda

275 1312 365 1365 hic
389 1320 508 1366 sunt
536 1313 772 1383 vestigia,
802 1315 889 1383 qui
920 1314 1055 1368 circa
1098 1311 1278 1369 Fausti
1318 1324 1544 1383 tempora
1586 1317 1869 1385 plurimum

276 1405 526 1474 peccavit.
567 1400 831 1460 Honorato
870 1405 1070 1474 abbati,
1102 1405 1192 1477 qui
1220 1406 1288 1461 ad
1326 1408 1495 1462 sedem
1524 1408 1868 1466 Arelatensem

278 1505 546 1563 promotus
576 1505 648 1549 est
686 1486 927 1550 successit
959 1496 1240 1568 Maximus,
1272 1514 1407 1557 anno
1442 1498 1561 1554 ηδ.
1595 1498 1745 1554 Rexit
1775 1501 1868 1553 ab-

277 1584 473 1640 batiam
504 1584 765 1642 Maximus
806 1604 895 1661 per
934 1605 1095 1644 annos
1138 1598 1362 1661 septem,
1394 1592 1575 1658 quibus
1614 1591 1872 1661 peractis,

275 1680 350 1733 ad
383 1680 555 1741 sedem
585 1678 916 1751 Rhegiensem
950 1680 1229 1737 translatus
1256 1692 1330 1737 est
1361 1698 1497 1737 anno
1526 1683 1649 1741 633.
1674 1683 1872 1756 Super-

1962 478 2328 547 Gaulminutn,
2357 496 2417 538 ea
2444 482 2663 541 concilia
2700 493 2946 553 tanquam
2980 500 3015 541 a
3043 481 3240 545 Fausto
3276 491 3547 560 sumosita

1959 572 2292 641 rejicientem.

1996 702 2007 712 ς
2050 661 2116 719 V.
2157 661 2416 737 Epistolas
2461 662 2648 723 Fausti
2684 675 2730 727 et
2773 666 2995 735 Lucidi,
3040 677 3280 741 tanquam
3325 670 3575 743 hominis

1964 757 2254 828 personati,
2302 767 2350 812 et
2396 758 2792 829 subscriptiones
2837 762 3113 819 duodecim
3152 764 3511 837 episcoporum
3530 758 3577 835 οη.

1965 864 2093 918 quas
2113 849 2342 919 epistola:
2359 863 2464 904 suae
2487 848 2554 902 ad
2576 848 2833 907 Lucidum
2857 854 3094 925 apposuit
3124 852 3374 925 Faustus,
3400 847 3555 925 quin-

1966 939 2069 995 imo
2096 938 2391 997 Arelatem
2418 947 2465 1001 et
2494 939 2834 1013 Lugdunense
2860 944 3168 1015 concilium,
3198 962 3413 1016 quorum
3438 964 3551 1009 sen-

1964 1032 2172 1087 tentiam
2201 1032 2527 1105 interpretari
2555 1035 2734 1103 jussus
2761 1043 2906 1105 erat,
2939 1036 3154 1105 ﬁctitia,
3180 1052 3227 1092 et
3259 1040 3321 1094 ab
3348 1040 3551 1097 homine

1967 1122 2223 1191 hwrelico,
2254 1134 2373 1192 aut,
2404 1133 2461 1180 ut
2490 1124 2717 1195 loquitur
2744 1125 3021 1197 Baronius,
3050 1131 3336 1201 versipelle
3364 1135 3555 1203 vulpe-

1967 1216 2085 1271 cula
2113 1220 2413 1290 supposita,
2459 1220 2660 1290 magnis
2698 1220 2962 1277 conatibus
3000 1226 3264 1293 [contendit
3304 1226 3381 1279 vir
3424 1229 3553 1283 cele-

1971 1309 2237 1379 berrimus,
2267 1322 2313 1366 et
2359 1310 2675 1385 Mauguinus
2715 1328 2905 1382 pra'ses
2933 1322 3196 1383 autumat,
3224 1315 3319 1371 hac
3354 1320 3554 1375 ratione

1971 1417 2119 1469 posse
2148 1402 2401 1455 vindicari
2444 1404 2651 1472 facilius
2706 1420 2913 1459 causam
2950 1422 3103 1477 quam
3138 1416 3331 1476 tuetur,
3376 1412 3554 1487 Augu-

1970 1493 2273 1560 stinianam,
2315 1494 2360 1548 si
2403 1496 2699 1560 nullatenus
2745 1498 2947 1568 ejurata
2993 1497 3089 1568 fuit
3132 1513 3164 1551 a
3207 1498 3431 1567 Lucida,
3466 1518 3557 1556 nec

1972 1582 2215 1637 damnata
2259 1584 2524 1657 suffragiis
2564 1588 2921 1658 episcoporum
2967 1572 3376 1646 Gallicanorum.
3416 1590 3558 1645 Pen-

1974 1672 2125 1727 deant
2152 1686 2393 1744 quantum
2420 1674 2674 1737 voluerint
2700 1678 2821 1744 alii,
2849 1687 2895 1731 et
2926 1678 3081 1747 ﬁdem
3117 1682 3335 1749 pendere
3361 1682 3558 1751 faciant

275 1782 357 1828 eu
404 1772 561 1853 igitur
608 1784 664 1827 αι
706 1770 956 1845 Fami”.
998 1774 1084 1844 qui
1126 1773 1357 1831 Μαεξηιο
1405 1776 1676 1841 “nam,
1716 1776 1871 1841 abba,
1899 1761 1952 1831 Β
1974 1762 2036 1817 ab
2067 1763 2332 1819 hominum
2366 1769 2699 1835 auctoritate,
2732 1769 2889 1839 ﬁdem
2919 1770 3215 1826 historicum
3238 1773 3428 1831 violare
3456 1792 3559 1831 nou

276 1877 485 1925 creatus
519 1864 676 1937 fuerit
712 1864 886 1919 eodem
920 1881 1054 1919 anno
1077 1862 1198 1920 455.
1238 1865 1433 1935 Viginti
1470 1866 1575 1921 duo
1602 1876 1693 1921 aut
1728 1868 1878 1923 circi-

285 1971 365 2016 ter
392 1974 643 2015 annorum
681 1958 869 2026 spatio,
901 1956 1152 2011 abbatiam
1194 1955 1511 2014 Lirinensem
1536 1958 1713 2029 gessit,
1743 1968 1791 2012 et
1819 1973 1881 2013 eo

286 2066 516 2128 tempore
579 2056 633 2108 in
688 2054 855 2111 locum
898 2051 1116 2115 Maximi
1159 2055 1385 2122 defuncti
1423 2057 1691 2127 episcopus
1740 2057 1882 2112 Rhe-

277 2147 468 2223 giensis
495 2146 738 2217 suffectus
764 2155 857 2201 est.
891 2145 972 2207 Ad
1008 2162 1201 2207 annum
1239 2145 1347 2204 ΗΞ
1378 2150 1487 2220 ejus
1521 2149 1875 2221 episcopatum

283 2249 450 2315 refert
489 2240 779 2305 Boronius;
806 2240 900 2301 sed
937 2248 1101 2307 errat,
1131 2256 1192 2295 ex
1230 2239 1425 2301 calculo
1465 2248 1698 2310 superius
1742 2242 1878 2305 indi-

277 2346 416 2392 cato.
447 2333 631 2395 Debuit
660 2335 794 2393 enim
818 2332 1087 2407 episcopus
1114 2318 1344 2386 ordinari
1368 2348 1501 2386 anno
1532 2332 1659 2398 455,
1687 2335 1878 2404 quipp;

278 2446 398 2485 cum
427 2428 541 2481 lites
572 2426 635 2479 de
667 2424 1031 2497 jurisdictione
1074 2424 1388 2495 agitarentur
1426 2425 1557 2478 inter
1606 2423 1878 2489 Leontium

281 2519 666 2583 Arelatensem,
712 2523 761 2579 et
820 2512 1135 2577 Mamertum
1212 2511 1539 2567 Viennensem
1592 2532 1679 2569 an.
1733 2514 1873 2583 465,

282 2610 523 2675 Hilarius
557 2610 829 2689 pontifex,
862 2606 1115 2669 Faustum
1156 2615 1203 2661 et
1248 2606 1573 2669 Auxanium,
1610 2608 1874 2677 coepisco-

280 2720 374 2776 pos
402 2714 451 2760 et
474 2707 663 2784 fratres
699 2710 925 2767 nostros,
948 2700 1152 2772 judices
1178 2707 1227 2754 et
1256 2698 1460 2751 concilii
1489 2698 1733 2775 prtesides
1776 2698 1871 2761 des

282 2796 488 2867 legavit.
536 2794 767 2863 Lataque
804 2792 866 2855 ab
906 2791 969 2853 iis
1011 2790 1285 2857 sententia,
1337 2789 1471 2842 idem
1514 2804 1651 2860 papa
1696 2788 1874 2849 eodem

281 2904 418 2947 anno
448 2886 510 2941 ab
543 2885 795 2957 episcopis
825 2883 1039 2954 definita
1077 2881 1363 2945 roboravit;
1396 2880 1514 2933 inde
1547 2878 1874 2941 concluditur

282 2980 448 3039 multo
476 2978 618 3047 prius
647 2992 799 3047 quam
828 2972 1085 3035 Baronius
1113 2973 1356 3041 coniecit,
1386 2971 1678 3047 episcopum
1712 2970 1873 3043 fuisse

283 3068 333 3123 F
335 3080 558 3125 austum.
589 3056 696 3124 Sed
737 3056 965 3131 calculus
994 3075 1164 3120 noster
1189 3081 1254 3118 ex
1282 3080 1339 3118 eo
1367 3064 1662 3135 conﬁrmari
1690 3063 1866 3128 debet,

1977 1857 2222 1931 patimur,
2248 1867 2303 1911 ut
2326 1862 2503 1931 fucum
2531 1860 2780 1937 faciamus
2809 1862 3091 1933 posteritati
3117 1874 3163 1918 et
3203 1868 3559 1936 pratentibus.

1980 1944 2093 2002 Nec
2130 1949 2250 2007 inde
2291 1951 2484 2021 patitur
2525 1952 2739 2024 aliquod
2783 1954 3144 2011 detrimentum
3172 1957 3303 2025 ﬁdes
3341 1976 3459 2029 qua:
3495 1962 3561 2017 ab

1977 2045 2281 2099 auctoritate
2309 2045 2482 2098 divina
2506 2046 2711 2117 pendet.

2056 2132 2156 2191 Vl.
2203 2134 2328 2191 Hcce
2387 2146 2508 2192 sunt
2570 2138 2835 2209 prn’cipua
2886 2138 3165 2215 Mauguiui
3217 2153 3516 2218 argumenta
3539 2161 3561 2200 :

1980 2227 2035 2291 1⁸
2065 2225 2358 2283 Gennadius
2388 2230 2517 2300 ipse,
2551 2230 3018 2304 Semipelagianus,
3051 2252 3141 2291 nec
3171 2236 3369 2303 Avitus,
3399 2239 3563 2295 errori

1977 2319 2229 2390 infensus,
2256 2337 2346 2376 nec
2371 2320 2529 2390 ullus,
2555 2333 2738 2394 pra’ter
2764 2323 3048 2392 Faustum,
3079 2328 3142 2382 de
3167 2330 3425 2399 personati
3454 2327 3563 2384 Lu-

1977 2404 2097 2465 cidi'
2126 2412 2411 2483 ejuratione
2472 2413 2701 2483 binisque
2763 2416 2991 2472 conciliis
3048 2418 3349 2474 intentionem
3416 2421 3560 2491 fecit.

1976 2500 2034 2565 2‘
2068 2499 2357 2565 Verisimile
2397 2518 2500 2557 non
2523 2515 2595 2558 est
2622 2513 2697 2558 tot
2728 2504 2970 2561 Ecclesia!
2998 2507 3280 2565 Gallicana:
3315 2509 3562 2580 praesules

1977 2590 2325 2646 celeberrimos
2354 2593 2625 2665 Augustini
2657 2596 2899 2667 dogmata
2929 2599 3224 2665 dautuasse,
3261 2599 3556 2671 Semipela-

1975 2681 2381 2752 gianismumque
2415 2684 2613 2738 calculo
2641 2701 2733 2739 suo
2761 2687 3024 2756 probasse.
3052 2688 3109 2742 5°
3141 2688 3221 2742 Ex
3250 2691 3425 2746 codice
3461 2708 3564 2748 ms.

1974 2787 2124 2842 quem
2166 2775 2504 2842 descripserat
2548 2774 2785 2831 Canisius
2826 2787 2964 2848 patet
3007 2778 3127 2833 illas
3167 2780 3565 2852 subscriptiones

1973 2865 2179 2919 additas
2208 2867 2434 2937 episton
2454 2865 2641 2922 Fausti
2665 2870 2733 2921 ad
2762 2868 3047 2936 Lucidum,
3075 2879 3121 2926 et
3146 2874 3348 2928 variant
3372 2876 3565 2945 sapius

1974 2956 2183 3009 nomina
2222 2957 2503 3025 prtesulum
2532 2960 2973 3015 subscribentinm.
3000 2963 3059 3017 4⁸
3092 2963 3333 3031 Quinimo
3358 2965 3563 3022 Leontii

1976 3062 2178 3109 nomen,
2222 3048 2310 3114 qui
2349 3064 2565 3116 prteesse
2608 3051 2781 3103 debuit
2812 3052 3099 3109 Arelatensi
3140 3058 3380 3122 concilio,
3423 3058 3564 3114 abest

282 3161 421 3233 quod
472 3160 730 3215 Maximus
774 3156 999 3228 adium,“
1042 3155 1327 3209 Ανριαηηδί
1371 3133 1615 3220 Μητέρα,
1663 3154 1715 3207 εη
1768 3133 1944 3224 φωρ
1972 3135 2025 3233 in
2054 3138 2228 3233 codice
2263 3136 2567 3207 Hincmari,
2594 3141 2732 3233 apud
2759 3158 2907 3212 quem
2945 3143 3237 3199 Leucadius
3270 3146 3561 3218 subjicitur.

283 3253 516 3307 maxima
554 3250 891 3305 controversia
934 3248 1068 3301 inter
1114 3244 1402 3315 Faustum,
1448 3245 1679 3299 abbatem
1726 3242 1875 3309 Liris

285 3360 526 3408 nensem,
570 3353 618 3395 et
674 3339 1027 3407 Theodorum,
1078 3338 1367 3411 episcOpum
1426 3335 1869 3411 Forojuliensem,

287 3436 386 3505 fuit
429 3434 740 3514 dijudicata.
792 3432 1074 3485 Oraverunt
1129 3427 1316 3481 Patres
1374 3430 1650 3514 prwsulem
1701 3436 1756 3481 ut
1801 3426 1870 3481 ad

284 3512 577 3596 recipienda
609 3524 1025 3594 satisfactionum
1069 3519 1292 3575 remedia
1317 3512 1607 3590 festinaret,
1636 3530 1682 3573 et
1724 3517 1869 3573 Fauc

284 3627 417 3672 stum
456 3615 718 3682 abbatem,
761 3613 962 3668 indulta
985 3612 1149 3681 culpa
1174 3610 1319 3664 venia
1338 3650 1355 3678 ,
1390 3611 1443 3663 in
1472 3609 1688 3680 pristina
1718 3626 1865 3680 pace,

285 3720 392 3765 toto
425 3710 655 3763 caritatis
684 3707 871 3776 affectu
899 3706 1179 3777 reciperet,
1212 3712 1262 3758 et
1300 3704 1369 3756 ad
1410 3703 1633 3757 insulam
1662 3718 1722 3755 ac
1749 3717 1871 3756 con-

285 3802 633 3875 gragatiouettt
671 3800 773 3870 ipsi
792 3837 809 3864 ,
842 3798 949 3851 Deo
978 3797 1334 3867 dispensante,
1371 3795 1724 3860 commissam,
1753 3808 1872 3847 cum

284 3910 386 3949 sua
410 3894 574 3963 gratia
598 3899 643 3945 et
669 3891 883 3943 caritate
910 3890 1201 3943 remitteret.
1243 3886 1529 3955 Adfuerunt
1564 3886 1722 3955 igitur
1748 3900 1873 3938 con-

285 3985 409 4041 cilio
442 3982 723 4037 Arelatensi
754 3996 838 4046 ut,
886 3990 992 4033 tum
1035 3978 1315 4045 Maximus,
1349 3985 1455 4031 tum
1492 3973 1740 4041 Faustus,
1784 3974 1875 4043 qui

286 4084 411 4149 iura
441 4075 812 4146 Forujuliensis
839 4072 1063 4144 episcopi
1094 4086 1341 4141 usurpare
1365 4067 1664 4136 conabatur,
1688 4077 1737 4121 et
1759 4067 1872 4120 ideo

286 4187 321 4224 a
348 4169 586 4223 societate
618 4165 715 4235 ipsi
750 4162 1018 4219 commissa
1054 4170 1367 4234 segregatus.
1400 4158 1647 4214 Dubitant
1684 4158 1874 4212 eruditi

287 4276 391 4329 quo
436 4267 655 4328 tempore
682 4264 1039 4326 congregatum
1082 4255 1239 4322 fuerit
1284 4251 1415 4307 illud
1442 4251 1747 4318 concilium;
1782 4250 1873 4305 sed

290 4352 497 4404 biennio
544 4357 744 4402 tantum
788 4347 979 4400 distant
1028 4344 1230 4412 Bittius,
1261 4345 1348 4414 qui
1381 4362 1469 4399 an.
1494 4344 1621 4410 455,
1643 4352 1688 4399 et
1716 4342 1873 4415 Pagi,

290 4442 382 4513 qui
424 4458 560 4495 anno
600 4439 707 4494 455
751 4438 979 4491 habitum
1016 4438 1171 4507 fuisse
1214 4437 1516 4510 conjiciunt.
1559 4436 1665 4491 Sed
1708 4437 1871 4506 potuit

1972 3227 2205 3298 Denique
2231 3245 2404 3283 verum
2431 3246 2531 3284 non
2556 3240 2630 3285 est
2677 3231 2929 3286 Lucidum
2964 3235 3253 3303 epistolam,
3291 3254 3406 3306 quin
3437 3256 3562 3309 pro-

1972 3319 2222 3385 truditur,
2243 3336 2501 3376 exarasse.
2528 3322 2838 3392 Argumenta
2862 3324 3049 3394 plurim
3068 3345 3079 3373 ι
3104 3328 3272 3381 minus
3294 3329 3562 3397 probantia

1972 3412 2170 3467 silentio
2222 3414 2530 3481 premimus,
2582 3429 2646 3467 ne
2698 3414 2883 3469 librum
2934 3417 3393 3474 animadversionis
3448 3420 3565 3475 loco

1974 3504 2325 3570 conﬁciemus.
3042 3560 3043 3563 η

2016 3598 2021 3601 ’
2050 3592 2185 3650 νη.
2219 3596 2329 3652 Nos
2361 3596 2609 3653 Faustum
2634 3609 2689 3652 ut
2725 3608 2878 3654 tanta:
2912 3602 3112 3669 fraudis
3150 3619 3292 3656 reum
3316 3602 3563 3659 damnare

1967 3702 2077 3747 non
2107 3703 2395 3755 possumus.
2438 3688 2525 3745 Vir
2550 3691 2824 3761 profundae
2863 3692 3195 3758 calliditatis,
3224 3694 3285 3747 ab
3330 3692 3559 3760 Isidem,

1967 3789 2021 3839 ιι
2058 3782 2326 3848 vulpecula
2348 3798 2384 3837 tt
2412 3781 2637 3837 Barbatio
2675 3784 2931 3857 applicui
2964 3786 3163 3856 potuit,
3193 3796 3240 3840 et
3276 3788 3563 3859 Semipeln-

1973 3873 2281 3942 gianismum
2321 3888 2519 3926 summa
2569 3890 2684 3927 cum
2730 3874 3015 3929 calliditate
3060 3892 3407 3949 prapugnare.
3455 3880 3562 3936 Sed

1970 3964 2098 4033 quid
2122 3978 2257 4030 opus
2294 3973 2405 4025 erat
2444 3964 2523 4031 ﬂ
2559 3963 2846 4029 Lucidum,
2876 3966 3133 4028 privatum
3178 3966 3463 4031 hominem,
3496 3970 3560 4023 ab

1976 4072 2147 4110 errore
2168 4066 2478 4121 revocatum,
2497 4056 2549 4109 in
2567 4072 2770 4109 scenam
2789 4056 3050 4125 inducere,
3075 4066 3165 4111 aut
3186 4072 3313 4111 nova
3342 4062 3561 4114 concilia

1976 4150 2206 4219 ﬁngere?
2238 4150 2291 4204 |°
2315 4149 2551 4205 [labetur
2578 4151 2795 4218 epistola
2827 4148 3041 4216 Fausti,
3071 4161 3120 4205 et
3147 4154 3419 4225 abnegatie
3451 4154 3562 4208 Lu-

1977 4241 2081 4299 cidi
2100 4281 2114 4305 ,
2143 4256 2238 4296 nec
2262 4239 2374 4295 ullo
2401 4250 2612 4311 possunt
2638 4249 2940 4313 acgumento
2974 4241 3141 4311 rejici.
3188 4240 3564 4299 Probabiturne

1979 4331 2097 4387 talis
2138 4335 2434 4404 conjectura
2472 4331 2694 4401 simplici
2741 4331 3031 4401 suspicione
3068 4331 3409 4387 calliditatis?
3433 4334 3561 4401 Quis

1977 4429 2112 4481 enim
2138 4428 2310 4482 credat
2348 4426 2640 4496 episcopum
2680 4424 3089 4491 celeberrimum,
3108 4427 3223 4495 jam
3262 4426 3405 4479 senio
3439 4442 3563 4496 pro-

290 4505 433 4588 anno
475 4532 703 4602 sequenti
744 4530 876 4583 diem
922 4505 1070 4583 suum
1117 4505 1321 4597 obiisse,
1353 4538 1399 4582 et
1442 4529 1644 4594 deinde,
1688 4505 2211 4595 elapsisauectum,
2253 4519 2657 4587 Itancfraudem
2694 4517 2954 4570 incassum
2992 4516 3238 4585 ﬁnxisse?
3266 4516 3324 4571 2'
3351 4517 3568 4587 Episco.

290 4626 488 4694 aliquot
528 4621 801 4686 mensibus,
835 4617 1059 4673 Faustus
1085 4622 1203 4690 ejus,
1236 4620 1374 4673 obire
1410 4620 1564 4674 vices.
1611 4618 1877 4688 Quidquid

291 4718 391 4782 sit,
426 4723 652 4786 pugnant
702 4724 872 4767 omnes
906 4715 1150 4766 adversus
1182 4711 1495 4777 Baroniuns,
1524 4713 1613 4781 qui
1652 4730 1741 4766 nec
1783 4730 1881 4766 au-

292 4810 516 4865 diendus
544 4810 629 4862 ubi
657 4808 967 4878 Prosperum
996 4806 1304 4876 Aquilonum
1324 4845 1338 4869 ,
1370 4805 1457 4875 qui
1495 4820 1755 4875 nunquam
1780 4806 1885 4875 fuit

292 4906 588 4973 episcopus,
626 4900 873 4967 Maximi,
910 4896 1165 4952 Faustum
1194 4912 1309 4957 vero
1341 4894 1587 4966 Prosperi
1623 4912 1901 4977 successoo.

212 5051 225 5059 ,
294 5010 407 5047 rem
441 4993 585 5062 facit.
620 4989 722 5044 Per
761 4990 971 5067 triginta
1004 4987 1222 5057 quinque
1252 5002 1414 5039 annos
1452 4994 1500 5051 et
1543 4987 1679 5041 ultra
1711 4988 1883 5042 sedem

295 5086 636 5154 episcOpalem
668 5084 887 5137 tenuisse
919 5080 1107 5155 conjici
1145 5088 1343 5151 potest,
1379 5094 1479 5133 non
1512 5078 1662 5132 modo
1695 5095 1757 5137 ea
1796 5095 1884 5132 ra-

296 5178 437 5229 tione
468 5175 602 5246 quod
635 5175 944 5229 mirarentur
972 5187 1142 5225 omnes
1181 5168 1318 5241 quod
1346 5166 1573 5223 Faustus
1615 5184 1706 5222 nec
1741 5184 1883 5235 sene-

295 5276 457 5323 sceret
484 5284 575 5321 nec
601 5267 785 5331 obiret,
816 5264 903 5318 sed
928 5264 1049 5335 quia
1078 5260 1390 5333 Gennadius,
1412 5261 1500 5332 qui
1524 5260 1724 5331 scripsit
1749 5276 1881 5329 anno

295 5361 406 5417 490
443 5361 681 5414 viventem
725 5359 891 5412 adhuc
922 5354 1179 5412 Faustum
1219 5357 1498 5428 referebat,
1532 5374 1551 5408 ι
1588 5354 1712 5410 Vivo
1739 5371 1878 5422 voce,

298 5453 466 5523 irquit
494 5454 600 5514 ille,
631 5452 805 5505 doctor
843 5453 1071 5522 egregius
1104 5447 1330 5505 Faustus
1360 5449 1581 5506 creditur
1609 5456 1656 5501 et
1692 5450 1879 5520 proba-

298 5553 406 5597 tur.
440 5562 457 5593 ι
494 5540 556 5593 Et
585 5558 756 5595 revera
785 5542 851 5593 ad
877 5542 1009 5593 hanc
1040 5557 1191 5611 usque
1222 5542 1354 5593 diem
1387 5542 1537 5595 vitam
1569 5542 1881 5609 protraxissc’

301 5628 468 5705 patet,
506 5636 623 5702 quia
656 5632 882 5686 conciliis
912 5632 1191 5685 Arelatensi
1222 5641 1265 5684 et
1306 5631 1635 5703 Lugdunensi
1677 5633 1877 5700 adfuit,

300 5718 394 5782 aut
438 5728 613 5777 saltent
663 5740 833 5777 eorum
882 5727 1054 5783 iussu,
1109 5737 1281 5775 eorum
1324 5737 1535 5779 canones
1584 5733 1628 5775 et
1682 5723 1881 5776 decre‘a

1981 4626 2165 4681 parum
2192 4608 2365 4680 sigilla
2391 4623 2492 4661 non
2520 4608 2727 4677 fuerunt
2752 4608 2974 4678 primum
3010 4608 3235 4677 epistola:
3262 4608 3446 4665 Fausti
3472 4630 3569 4681 up-

1982 4703 2178 4772 posita,
2227 4700 2370 4755 solus
2415 4698 2549 4752 estin:
2588 4696 2918 4767 subscripsit;
2958 4699 3047 4752 sed
3091 4706 3368 4769 potuerunt
3406 4703 3470 4755 ab
3508 4721 3567 4757 eo

1984 4806 2208 4861 tempore
2244 4792 2483 4863 pra’sules
2506 4790 2690 4861 ragati
2722 4805 2833 4845 eum
2862 4788 3182 4859 subsignare,
3210 4801 3265 4845 ut
3293 4800 3413 4846 tunc
3442 4804 3568 4847 tem-

1987 4889 2123 4956 poris
2147 4887 2333 4957 stepius
2359 4888 2551 4955 factum
2574 4891 2669 4937 est.
2701 4880 2817 4935 Hoc
2845 4898 3019 4937 verum
3045 4892 3152 4949 est,
3181 4899 3355 4941 omnes
3378 4887 3569 4955 episco-

1988 4997 2079 5051 pos
2112 4979 2199 5050 qui
2227 4978 2310 5032 hic
2338 4986 2686 5033 memorantur
2709 4992 2767 5031 ea
2806 4985 2954 5033 elate
2976 4977 3177 5041 uixisse,
3213 4986 3259 5030 et
3285 4977 3443 5045 fuisse
3478 4958 3585 5031 nos

1986 5079 2230 5135 tissimos.
2264 5074 2481 5133 Varisre
2513 5083 2727 5144 possunt
2762 5073 2972 5126 nomina
3003 5072 3054 5125 in
3080 5072 3235 5127 variis
3273 5071 3567 5137 codicibus;

1985 5172 2072 5225 sed
2112 5182 2158 5225 et
2205 5170 2299 5223 hoc
2343 5167 2465 5221 alibi
2503 5170 2693 5239 surptus
2732 5166 2893 5220 evenit
2937 5165 3138 5219 incuria
3176 5165 3255 5219 vel
3302 5166 3571 5221 oscitantia

1983 5261 2418 5335 apographorum.
2450 5257 2507 5313 5⁸
2536 5256 2709 5328 Major
2734 5256 2949 5311 occurrit
2978 5254 3250 5324 difﬁcultas
3283 5256 3420 5309 circa
3451 5254 3570 5311 bina

1986 5354 2199 5411 concilia
2232 5366 2349 5424 quas
2386 5351 2710 5414 indicantur;
2746 5348 2807 5402 ob
2845 5348 3100 5402 silentium
3140 5356 3246 5425 tum
3286 5345 3564 5405 Gennadii.

1989 5457 2094 5501 tum
2136 5442 2289 5498 Aviti.
2340 5439 2445 5499 Sed
2487 5455 2574 5493 nec
2618 5438 2789 5492 omnia
2829 5445 3070 5491 notantur
3100 5438 3164 5489 ab
3208 5434 3480 5494 historicis,
3520 5444 3567 5486 et

1987 5545 2282 5611 argumenta
2326 5531 2645 5588 adversantia
2690 5542 2856 5583 causa!
2904 5543 3054 5595 quam
3096 5525 3327 5579 tu-balur
3367 5522 3561 5587 Avitus,

1988 5631 2145 5703 putuit
2196 5627 2341 5680 :ilcrc
2396 5623 2583 5696 pracsul
2639 5618 2956 5687 Viennensis,
2989 5618 3127 5668 binos
3174 5615 3360 5668 scilicet
3406 5622 3562 5665 cauus
3630 5622 3639 5625 ‘

1988 5736 2264 5780 paucorum
2300 5719 2652 5779 episcoporum
2673 5758 2685 5772 .
2717 5731 2745 5767 a
2777 5712 2977 5771 quibus
3005 5710 3261 5763 vulnerata
3296 5706 3398 5762 fuit
3438 5709 3564 5761 veri-
