4068 6348
475 310 582 369 785

1710 305 1767 360 5.
1806 303 2052 360 FAUSTI
2092 302 2491 364 RHEGIENSIS

3654 278 3783 374 mg.

471 436 572 480 tas.
606 422 872 492 Quidquid
910 424 1006 487 sit,
1047 420 1261 476 habetur
1298 416 1516 489 epistola
1562 416 1749 473 Fausti
1785 421 1852 473 ad
1892 418 2063 476 Leon-
2089 400 2370 486 Abanrur,
2402 421 2456 474 in
2487 419 3058 490 Semipelagianismum
3090 424 3426 494 propendere.
3476 423 3627 479 Unde
3655 443 3744 484 neu

471 521 622 584 tium,
649 511 1185 572 Arelatensis'concilii
1211 511 1503 582 prasidem.
1533 510 1658 577 Quis
1683 511 1858 565 credat
1878 528 2062 566 ausum

472 610 639 678 fuisse
669 608 793 662 talia
821 605 1065 670 scribere,
1109 604 1300 659 vivente
1340 602 1589 658 Leontio?
1626 602 1903 657 viventibus
1945 604 2083 667 aliis

472 703 744 775 episcopis,
769 718 800 755 a
822 699 1004 771 quibus
1030 696 1207 768 fraudi
1238 707 1287 751 et
1314 695 1567 750 mendacii
1608 703 1730 748 nota
1771 705 1874 749 tam
1914 695 2068 764 facile

472 796 573 864 ipsi
612 794 857 866 potuisset
895 791 1071 847 inuri?
1101 789 1227 847 Hac
1263 800 1437 845 autem
1483 790 1722 862 leguntur
1749 790 1803 845 in
1846 792 2067 863 epistola

473 889 660 944 Fausti
678 888 746 943 ad
775 886 1043 941 Leontium
1066 881 1413 940 Arelatensem
1438 900 1456 941 :

551 999 571 1033 ε
585 980 737 1046 Quod
760 995 853 1050 pro
868 976 1210 1032 sollicitudine
1224 975 1498 1048 pastorali,
1523 973 1665 1029 beate
1683 973 1840 1028 Pater
1856 972 2062 1039 Leonti,

474 1081 528 1133 in
572 1072 964 1131 condemnanda
1016 1068 1483 1143 pradestinatianis
1528 1084 1703 1124 errare
1727 1106 1743 1133 ,
1794 1068 2067 1122 concilium

474 1184 794 1226 summorum
812 1164 1099 1219 antistitum
1118 1163 1486 1236 congregastis,
1508 1162 1758 1216 universis
1778 1160 2069 1215 Galliarum
2083 1150 2097 1165 ’

474 1259 726 1332 episcopis
770 1255 1132 1321 consuluistis;
1180 1253 1318 1322 quod
1355 1269 1471 1308 vero
1512 1253 1582 1307 ad
1632 1253 1921 1307 ordinanda
1956 1269 2068 1321 qua

477 1354 752 1410 collatione
781 1352 987 1423 publica
1015 1349 1309 1409 doctissime
1345 1347 1649 1420 protulistis,
1683 1363 1889 1419 operam
1919 1347 2067 1415 inﬁr-

476 1451 571 1502 snis
594 1446 817 1502 humeris
838 1459 1119 1515 curamque
1138 1442 1437 1509 mandastis,
1464 1457 1650 1513 parum
1673 1450 1864 1495 sancta
1889 1440 2069 1495 existi-

478 1540 690 1595 mationi
719 1537 1078 1603 consuluistis,
1120 1544 1167 1590 et
1208 1534 1413 1605 judicio
1460 1532 1688 1589 caritatis
1714 1549 1801 1587 vos
1843 1531 2070 1604 periculo

478 1633 739 1689 electionis
766 1630 1039 1686 onerastis.
1072 1647 1091 1681 s
1132 1627 1198 1682 Et
1228 1628 1308 1682 Itis
1336 1626 1499 1682 verbis
1527 1626 1748 1696 epistola
1774 1625 2033 1681 clauditur
2052 1639 2073 1681 :

487 1743 507 1776 ι
541 1723 606 1779 1η
642 1740 745 1795 quo
784 1722 989 1793 quidem
1034 1718 1285 1788 opusculo
1307 1760 1322 1786 ,
1368 1728 1480 1790 post
1508 1708 1820 1773 Arelatensis
1864 1717 2073 1771 concilii

2169 516 2355 569 mirum
2395 514 2596 568 videtur
2623 514 2844 568 concilia
2883 512 2985 569 non
3025 516 3256 586 equidem
3283 518 3626 586 acumenica,
3667 522 3749 576 sed

2172 606 2506 675 provincialia
2524 605 2767 660 Ecclesia:
2781 604 3067 661 Gallicana
3087 607 3204 661 huic
3220 609 3382 664 errari
3400 612 3751 668 auctoritatem

2170 698 2489 767 conciliasse,
2522 696 2886 769 Faustumque,
2918 701 3005 768 qui
3044 708 3117 753 tot
3155 716 3319 755 annos
3359 694 3514 791 vixil,
3559 722 3619 759 ea
3657 724 3752 776 qua

2171 783 2395 861 pollebat
2422 790 2717 857 subtilitate,
2745 790 3081 846 conciliorum
3107 793 3312 847 decreta
3341 783 3628 851 non—modo
3650 799 3754 868 suf-

2172 884 2358 954 fragio,
2399 883 2489 937 sed
2524 892 2571 936 et
2613 884 2933 953 argumentis
2970 884 3078 939 suis
3107 886 3377 954 probasse,
3422 898 3476 940 ut
3518 898 3659 960 patet
3697 907 3754 945 ea

2170 975 2384 1047 epistola
2407 974 2475 1028 ad
2498 974 2787 1041 Leontium,
2815 990 2931 1047 qua
2957 977 3135 1047 negari
3165 993 3267 1032 non
3297 988 3484 1048 potest.
3516 980 3754 1051 Quisquis

2170 1062 2483 1139 synodorum
2512 1070 2671 1138 genio.
2698 1066 2998 1134 indulserit,
3043 1069 3180 1123 hanc
3218 1071 3487 1125 veritatem
3512 1074 3754 1141 exemplis

2171 1161 2410 1231 plurimis
2458 1160 2762 1230 probaturus
2811 1170 2911 1217 est.
2960 1160 3019 1214 2⁸
3061 1159 3291 1216 Lucidus
3341 1165 3627 1234 presbyter.
3672 1168 3755 1235 qui

2172 1262 2342 1325 partes
2379 1253 2653 1324 Augustini
2680 1252 2939 1319 tuebatur,
2977 1254 3205 1308 maxima
3233 1255 3525 1326 suspicione
3555 1255 3751 1311 labora-

2173 1349 2278 1413 bat,
2308 1358 2413 1402 tum
2438 1345 2579 1417 apud
2608 1344 2860 1400 Faustum
2888 1346 3226 1416 versipellem,
3253 1356 3363 1401 tum
3389 1346 3531 1416 apud
3557 1357 3756 1403 cateras

2173 1438 2252 1493 his
2281 1436 2511 1507 partibus
2539 1434 2793 1501 addictos,
2825 1442 2879 1489 ut
2904 1434 3021 1504 ﬁeri
3048 1435 3199 1490 solet.
3246 1433 3377 1491 Ideo
3418 1437 3606 1492 timore
3642 1454 3754 1507 per-

2173 1529 2366 1595 culsus,
2396 1537 2444 1584 et
2481 1526 2695 1598 epistola
2724 1524 2912 1582 Fausti
2953 1526 3232 1596 impulsus,
3262 1528 3387 1582 dunt
3415 1543 3558 1585 mens
3586 1529 3758 1583 territa

2174 1630 2452 1676 remaneret
2483 1619 2663 1685 dubia,
2705 1634 2864 1691 quam
2893 1626 3091 1689 partem
3115 1618 3534 1691 amplecteretur,
3568 1616 3759 1676 Fausto

2175 1715 2381 1785 obsequi
2411 1722 2457 1767 et
2486 1712 2923 1767 anathematismis
2961 1711 3060 1783 ipsi
3088 1711 3273 1768 oblatis
3300 1711 3622 1767 subscribere
3648 1728 3759 1767 coa-

477 1815 931 1888 subscriptionem,
982 1812 1124 1866 novis
1171 1811 1429 1866 erroribus
1483 1808 1836 1881 deprehensis,
1894 1809 2070 1879 aliqua
2100 1806 2147 1868 Β
2173 1820 2284 1864 ctus
2300 1818 2393 1865 est.
2414 1806 2494 1862 De
2513 1808 2744 1863 libertate
2763 1806 2840 1861 vel
2858 1806 3121 1861 coactions
3137 1804 3234 1861 sibi
3254 1804 3496 1876 imposita
3507 1806 3762 1878 judicium

478 1908 662 1981 subjici
709 1904 935 1979 synodus
985 1902 1342 1973 Lugdunensis
1388 1901 1576 1973 exegit.
1627 1920 1645 1953 ι
1708 1900 1799 1956 Sic
1844 1898 2073 1955 Faustus

480 1999 719 2063 Leontio,
756 1999 870 2053 testi
899 1997 1123 2061 oculata,
1158 1994 1467 2049 Arelatensis
1508 1991 1714 2047 concilii
1745 1991 1983 2061 prasidi,
2026 1999 2073 2047 et

478 2089 839 2161 Lugdunensis
866 2087 1090 2141 conscia.
1138 2084 1348 2140 Nollem
1374 2100 1467 2157 ego
1494 2084 1588 2138 tali
1614 2083 1803 2153 scripto
1824 2083 2078 2153 denegare

481 2180 657 2249 ﬁdem,
689 2194 781 2233 nec
818 2176 1089 2232 verisimile
1127 2175 1186 2245 ﬁt
1226 2175 1368 2229 hunc
1409 2176 1727 2247 episcOpum,
1761 2190 1820 2228 eo
1850 2181 2077 2245 tempore

481 2269 851 2342 philosophicis
898 2268 1110 2333 studiis,
1156 2274 1308 2322 atate
1350 2275 1399 2321 et
1438 2267 1705 2331 doctrina,
1755 2265 2078 2335 quantumvis

480 2378 715 2425 erranea,
747 2360 1150 2427 celeberrimum,
1182 2359 1448 2427 scripsisse
1474 2368 1616 2413 tanta
1643 2375 1757 2413 cum
1782 2358 1999 2428 ﬁducia,
2028 2366 2076 2413 et

483 2464 747 2508 coataneo
775 2453 872 2507 sibi
899 2450 1112 2505 Leontio
1141 2450 1363 2517 dixisse,
1402 2468 1419 2502 ι
1452 2450 1603 2504 illum
1632 2450 1902 2504 concilium
1938 2464 2080 2503 sum-

482 2556 687 2599 marum
736 2543 1021 2597 antistitum
1070 2558 1402 2614 congregasse
1454 2550 1509 2595 ut
1561 2542 1894 2596 danmaretur
1938 2557 2080 2596 error

482 2633 971 2705 p‘rtedestinationis.
1003 2651 1021 2683 ι
1070 2630 1201 2686 Hac
1236 2634 1369 2686 enim
1406 2633 1503 2703 fuit
1535 2633 1679 2703 origo
1705 2634 2076 2688 controversia-

484 2741 621 2791 rum,
654 2725 838 2794 quippe
875 2724 963 2794 qui
1000 2723 1526 2795 pradestinationem,
1557 2740 1851 2794 quanquam
1880 2724 2077 2797 gratui-

485 2826 614 2882 tam,
644 2814 989 2869 necessitatem
1025 2813 1317 2868 actionibus
1346 2826 1393 2870 et
1424 2816 1667 2869 humana
1697 2817 1947 2869 voluntati
1976 2816 2077 2869 int-

486 2925 676 2980 ponere
722 2908 1083 2962 contenderent
1131 2908 1557 2981 Semipelagiani.
1612 2908 1723 2963 Nec
1770 2911 1956 2964 mirum
2002 2918 2078 2965 est

483 3003 750 3073 episcopos
767 2998 1012 3056 Ecclesia
1026 2998 1314 3055 Gallicana
1335 3017 1445 3055 eam
1468 3003 1730 3072 amplexos
1750 3003 2073 3074 sententiam,

483 3112 641 3166 quam
668 3094 894 3164 plerique
920 3103 1128 3148 tuentur
1152 3093 1401 3148 hodierno
1426 3094 1527 3149 die.

2175 1901 2317 1956 nobis
2344 1902 2476 1971 ferre
2507 1916 2607 1954 non
2636 1900 2776 1953 licet.
2810 1898 2923 1952 Hoc
2950 1914 3109 1952 unum
3134 1896 3464 1969 conjicimus,
3486 1897 3761 1970 dejeratio-

2175 2010 2290 2049 nem
2331 1994 2413 2048 cui
2458 1992 2760 2062 subscripsit
2803 1989 3055 2057 Lucidus,
3098 1989 3294 2046 Fausti
3330 1982 3488 2045 manu
3523 1991 3764 2063 scriptum

2178 2086 2358 2158 fuisse,
2386 2095 2441 2140 ut
2468 2086 2581 2155 ﬁeri
2620 2085 2748 2139 solet
2788 2084 2851 2138 ab
2891 2084 2954 2138 iis
2982 2082 3070 2153 qui
3098 2082 3385 2151 triumphos
3408 2098 3563 2154 agere
3590 2082 3766 2137 volunt

2177 2172 2421 2233 adversus
2456 2177 2575 2245 ﬁdei
2617 2177 2848 2246 pristina
2880 2175 3191 2247 defensores.
3242 2175 3299 2231 5°
3331 2173 3653 2230 Hincmarus
3683 2190 3765 2229 er-

2178 2271 2327 2339 ravit,
2359 2271 2447 2343 qui
2472 2271 2579 2325 hac
2608 2270 2827 2324 concilia
2853 2284 2991 2324 anno
3016 2268 3115 2324 451
3148 2267 3421 2336 ascripsit;
3464 2266 3557 2321 sed
3582 2266 3766 2337 debent

2178 2364 2234 2417 in
2264 2362 2572 2433 posteriores
2600 2377 2760 2416 annos
2785 2359 2953 2433 rejici.
2984 2359 3121 2416 Sunt
3144 2359 3234 2431 qui
3256 2360 3326 2412 ad
3351 2347 3443 2413 an.
3464 2357 3603 2424 475;
3635 2356 3768 2431 Pagi

2178 2472 2294 2511 vero
2314 2456 2384 2510 ad
2407 2455 2514 2513 490
2535 2470 2729 2508 annum
2756 2453 3053 2526 assignavit.

2251 2546 2382 2603 Hac
2407 2556 2528 2601 sunt
2564 2547 2767 2601 nomina
2803 2549 3084 2617 prasulum
3118 2543 3209 2615 qui
3238 2542 3557 2600 subscribere
3579 2542 3771 2599 debue-

2180 2652 2334 2695 runt:
2363 2641 2603 2696 Leontius
2634 2638 2969 2703 Arelatensis,
3009 2638 3098 2693 sed
3133 2636 3228 2691 alii
3262 2636 3435 2707 legunt
3470 2635 3769 2699 Auxanius;

2180 2731 2431 2797 Faustus,
2481 2730 2713 2797 Paulus,
2763 2729 3077 2802 Eutropius,
3125 2727 3487 2801 Pragmatius,
3532 2724 3772 2795 Patiens,

2182 2826 2451 2898 Megetius,
2479 2824 2757 2893 Claudius,
2786 2822 3097 2888 Leucadius,
3118 2822 3385 2887 Julianus,
3409 2821 3497 2892 qui
3519 2836 3693 2875 omnes
3717 2835 3774 2875 sa

2180 2918 2438 2990 relegisse
2466 2918 2669 2983 dicunt,
2698 2908 2915 2985 excepto
2936 2912 3216 2986 Eufranio,
3244 2914 3331 2985 qui
3355 2913 3543 2968 addit:
3579 2910 3651 2967 Et
3671 2910 3774 2967 ad-

2180 3009 2407 3065 miratus
2451 3022 2569 3063 sum
2621 2996 3006 3077 pleriitudinem
3053 2993 3315 3061 sanctam.
3374 3002 3603 3058 Lucidus
3653 3018 3773 3057 vero

2180 3110 2426 3174 tanquam
2448 3097 2724 3171 abnegatar
2741 3098 3070 3170 subsignavit.
3102 3096 3393 3169 Subjicitur
3412 3112 3533 3151 mox
3552 3095 3774 3167 epistola

514 3199 520 3206 '
564 3186 735 3245 Vlll.
777 3187 1045 3244 Hactenus
1070 3191 1133 3243 de
1156 3190 1387 3245 conciliis
1410 3189 1598 3245 habitis
1627 3190 1747 3244 dum
1779 3208 2075 3262 nonagena-
2099 3184 2148 3249 C
2182 3191 2372 3248 Fausti
2416 3193 2485 3247 ad
2528 3190 2822 3259 Lucidum,
2865 3205 3020 3261 quam
3059 3189 3302 3244 omiserat
3343 3186 3581 3243 Canisius
3621 3197 3671 3242 et
3707 3203 3775 3243 α

485 3283 620 3338 rium
631 3292 799 3354 ageret
813 3299 1008 3337 annuat
1024 3280 1269 3337 Faustus.
1286 3282 1439 3336 Nunc
1451 3283 1514 3336 de
1528 3282 1747 3351 Lucida,
1762 3300 1908 3354 quem
1922 3286 2078 3354 ﬁdem

486 3374 763 3442 pristinant
790 3372 1065 3443 abnegassc
1088 3373 1397 3427 contendunt
1424 3372 1651 3442 plurimi,
1678 3384 1860 3445 negant
1889 3375 2000 3430 alii.

563 3462 691 3517 Ilac
720 3462 865 3518 nobis
893 3451 1191 3517 carisimilia
1225 3466 1403 3517 saltent
1432 3464 1668 3518 videntur
1694 3481 1711 3517 :
1752 3464 1805 3517 1⁸
1835 3467 1981 3522 Tunc
2022 3468 2077 3523 in

484 3555 765 3627 Aquitania
790 3555 1035 3625 prasules
1068 3555 1155 3627 qui
1185 3572 1213 3610 e
1250 3556 1558 3612 monasterio
1600 3558 1856 3614 Lirinensi
1893 3561 2063 3616 elicie-

2186 3284 2471 3341 Sirmunda
2508 3283 2771 3355 reponitur
2809 3280 2954 3353 (Vid.
2979 3334 2985 3343 ,
3008 3281 3144 3337 inira
3169 3279 3275 3335 θοι.
3326 3279 3476 3351 837),
3509 3288 3563 3333 ut
3611 3287 3772 3333 totam

2182 3378 2258 3433 rei
2304 3377 2483 3432 seriem
2517 3375 2800 3448 percipiant
2842 3376 3072 3430 lectores.
3124 3372 3231 3430 Sed
3276 3371 3556 3426 admonitio
3582 3369 3774 3427 Fausti

2185 3470 2269 3525 hic
2290 3470 2648 3541 pramittenda
2680 3467 2853 3541 (Illam
2886 3483 2984 3526 nos
3014 3469 3157 3525 inter
3185 3480 3467 3524 sermones
3506 3464 3776 3523 ediditnnl

2174 3562 2311 3620 infra
2340 3562 2447 3618 θυι.
2471 3560 2622 3631 887).

557 3675 779 3746 (Confer
804 3679 849 3733 si
876 3677 1079 3750 placet,
1097 3687 1256 3749 caput
1283 3679 1317 3735 8
1348 3676 1595 3735 Historia
1623 3680 2111 3751 pradestinatiana,
2140 3681 2457 3753 Patrologia
2484 3689 2682 3738 nostra:
2708 3690 2838 3737 tom.
2864 3679 2994 3747 Llll,
3020 3679 3127 3737 col.
3152 3676 3308 3747 685.)

484 3812 3747 3848 ω

1312 3986 1345 4015 ⁴
1417 3966 2085 4084 SANGTI
2158 3968 2838 4085 PAUSTI

493 4174 741 4305 DE
805 4172 1478 4303 GBATIA
1528 4179 1834 4303 DEI

1900 4179 2125 4394 ΕΤ
2184 4179 2863 4394 [ΑΒΕ]Βο
2912 4179 3758 4310 ARBlTRlO

1946 4380 2127 4437 LIBRI
2169 4383 2329 4439 DUO.

1774 4525 2490 4559 ’Ἄ

1513 4645 1994 4754 LIBER
2074 4650 2734 4762 PRIMUS.

1006 4825 1233 4883 CAPUT
1273 4824 1561 4883 PRIMUM.

491 4922 642 4990 Quod
666 4919 868 4992 Pelagii
894 4934 1073 4976 sensus
1092 4921 1180 4988 qui
1201 4919 1421 4992 gratiam
1451 4922 1649 4991 negarit
1671 4922 1834 4992 primo
1860 4922 1972 4979 loco
1992 4938 2075 4979 ne-

1044 5006 1178 5046 cesse
1197 4991 1266 5046 sit
1294 4991 1504 5045 destrui.

562 5107 638 5163 De
666 5106 836 5179 gratia
887 5104 983 5162 Dei
1021 5112 1079 5160 et
1118 5103 1377 5161 tenuitate
1406 5104 1558 5161 liberi
1599 5105 1828 5175 arbitrii,
1879 5107 2076 5166 illumi-

487 5208 653 5255 nante
681 5208 868 5255 sancto
896 5198 1121 5270 Spiritu,
1173 5197 1323 5267 juxta
1367 5200 1706 5271 es'angclicas
1735 5201 2068 5271 disciplinas,

486 5300 543 5346 ct
568 5289 889 5359 apostolicas
914 5289 1131 5360 regulas
1152 5289 1450 5356 tractaturi,
1502 5292 1676 5359 primo
1722 5291 1842 5347 loco
1872 5292 2073 5364 Pelagii

487 5383 873 5453 blaspltcmias,
917 5381 1121 5437 scilicet
1154 5379 1468 5450 jamdudum
1500 5381 1755 5439 Ecclesia
1794 5382 2074 5440 catholicas

486 5476 596 5535 lidc
626 5473 885 5546 proditas,
919 5471 1221 5529 eruditione
1249 5473 1519 5539 contusas,
1554 5476 1872 5532 auctoritate
1898 5476 2071 5534 calca-

489 5580 592 5636 tas,
625 5567 769 5625 brevi
791 5574 845 5622 et
870 5567 1173 5621 necessario
1196 5579 1445 5621 sermone
1476 5565 1928 5638 prastringendas
1950 5582 2070 5625 esse

489 5665 837 5722 credidimus.
870 5664 977 5721 Pro
1004 5678 1069 5719 eo
1096 5662 1236 5735 quod
1267 5663 1404 5718 inter
1435 5663 1667 5731 reliquas
1698 5664 1960 5735 dogmatis
1989 5665 2069 5721 sui

490 5755 935 5829 abominationcs,
979 5755 1411 5841 etiamlsborem
1440 5754 1671 5813 hominis
1701 5757 1876 5814 valere
1909 5773 2067 5824 posse

1998 4862 1999 4865 η
2100 4834 2157 4897 D
2181 4834 2298 4890 sine
2324 4837 2516 4907 gratia,
2541 4837 2773 4896 elatione
2792 4839 3086 4899 damnabili
3112 4842 3383 4900 afﬁrmare
3407 4854 3633 4901 conatus
3663 4858 3766 4904 est.

2184 4926 2254 4981 Et
2282 4927 2401 4983 ideo
2425 4928 2658 4989 nefarios
2700 4945 2895 4988 sensus
2919 4947 3047 4989 suos
3091 4933 3178 4989 vel
3221 4949 3288 4990 ex
3336 4944 3487 5005 parte
3512 4937 3685 5008 aliqua
3718 4938 3768 4994 in

2182 5019 2418 5105 medium
2466 5022 2709 5091 proferre
2754 5024 3085 5095 curabimus,
3134 5034 3190 5080 ut
3234 5026 3498 5083 sollicitus
3545 5029 3771 5098 quisquc
3852 5040 3857 5047 ‘

2182 5123 2495 5183 cognosc“,
2524 5114 2691 5169 multo
2719 5114 2861 5169 aliud
2890 5130 3012 5171 esse
3053 5116 3276 5173 salutari
3313 5117 3502 5189 gratia:
3532 5120 3769 5175 ollicimn

2181 5203 2382 5260 laboris
2427 5205 2738 5276 adjungcre,
2786 5205 2928 5283 aliud
2959 5220 3087 5262 vero
3117 5207 3318 5264 nudum
3346 5209 3551 5282 absque
3586 5220 3769 5281 patro-

2181 5296 2325 5353 cinio
2339 5297 2522 5368 gratia:
2535 5297 2772 5353 laborem
2798 5298 3102 5356 temeritate
3112 5314 3217 5355 una
3238 5315 3503 5357 asserere.
3520 5302 3615 5359 Hic
3638 5317 3768 5373 ergo

2180 5378 2305 5443 dum
2332 5389 2493 5445 altius
2520 5388 2807 5444 humanam
2855 5389 3218 5461 fragilitatem,
3269 5392 3554 5451 immemor
3598 5394 3767 5451 divini

2182 5479 2409 5547 timoris,
2458 5480 2688 5548 extollit,
2733 5480 2918 5551 iudicii
2968 5484 3048 5539 sui
3093 5483 3330 5555 perdidit
3352 5486 3659 5543 sanitatem.
3687 5485 3766 5543 Ita

2179 5588 2245 5629 ex
2275 5583 2426 5642 parte
2461 5572 2561 5628 alia
2589 5574 2805 5642 cecidit,
2855 5576 2981 5634 dum
3024 5577 3231 5635 arbitrii
3281 5581 3583 5637 libertatem
3630 5580 3768 5635 inte-

2178 5681 2327 5736 gram
2360 5666 2609 5737 praedicat
2638 5674 2691 5723 ct
2721 5668 2965 5735 ill:csatn,
3017 5670 3154 5727 sicut
3184 5671 3257 5728 illi
3289 5673 3379 5743 qui
3409 5689 3528 5729 eam
3554 5688 3616 5729 ex
3650 5680 3767 5727 toto

2138 5794 2152 5800 -
2179 5766 2427 5815 asserunt
2460 5759 2623 5819 fuisse
2651 5770 2983 5822 cvacuatam.
3030 5762 3142 5823 Hoc
3188 5764 3367 5835 itaque
3407 5764 3527 5825 loco
3563 5762 3767 5838 gemini
