4068 6348
287 363 401 419 785

1429 360 1512 418 DE
1551 363 1809 420 GRATIA
1850 362 1991 432 DEI,
2037 364 2208 434 ETC.,
2253 366 2377 422 LIB.
2422 368 2460 424 1.

3474 376 3585 438 Ἰόϐ

290 473 437 527 inter
480 481 540 525 se
567 467 924 562 colluctantur
968 482 1205 536 errores,
1258 483 1483 540 quorum
1529 488 1666 528 unus
1709 475 1876 530 solam
1910 476 1966 539 Δ
1995 477 2124 543 Quia
2155 481 2262 534 sine
2288 497 2366 535 me
2393 481 2519 536 nihil
2545 487 2756 553 potestis
2778 483 3153 560 lacereiioau.
3173 504 3241 545 xv
3249 490 3301 560 γρ
3330 489 3410 545 Ad
3429 493 3582 562 cujus

287 562 546 634 gratiam,
595 560 732 616 alter
761 562 934 617 solum
965 562 1227 630 laborem,
1257 563 1446 620 relicto
1473 567 1688 622 tramite
1730 577 1889 639 atque

253 692 256 696 ~
292 670 553 727 mensura
584 656 853 720 veritatis,
882 656 1143 711 insinuat.
1173 655 1450 713 Sectarum
1485 674 1681 727 genere
1711 660 1890 732 dispa-

290 764 406 818 res,
459 750 557 806 sed
588 749 866 820 impietate
893 749 1227 805 consimiles.
1269 750 1492 808 Diverso
1523 754 1738 823 quidem
1768 763 1888 810 stu-

289 842 408 911 dio,
453 840 549 896 sed
585 838 774 910 spiritu
804 839 961 896 unius
990 841 1257 911 serpentis
1303 843 1603 900 insibilant.
1649 846 1887 914 Quorum

289 949 460 1000 unus,
488 932 543 989 id
572 940 676 1002 est,
707 931 873 988 solius
900 932 1090 1003 gratiae
1115 935 1456 1005 praedicator,
1481 939 1652 1008 prima
1673 939 1888 1008 quidem

288 1029 474 1086 fronte
496 1042 764 1087 venenum
804 1042 961 1083 suum
993 1029 1097 1086 sub
1139 1033 1320 1101 specie
1365 1034 1578 1103 pietatis
1621 1035 1885 1102 occultat;

288 1122 458 1190 alter,
507 1120 562 1178 id
607 1129 696 1178 est
741 1120 941 1178 laboris
980 1130 1241 1191 assertor,
1292 1125 1536 1194 protinus
1580 1136 1886 1183 exstantem

292 1223 570 1271 tumorem
597 1214 841 1284 improba
870 1215 1105 1271 elatione
1131 1215 1459 1274 manifestat.
1512 1218 1635 1274 Hzec
1681 1220 1890 1290 profes-

290 1308 402 1373 sio,
435 1306 758 1362 insinuando
786 1303 961 1362 solum
994 1307 1232 1363 laborem
1272 1310 1388 1380 ipso
1433 1310 1512 1366 sui
1553 1312 1707 1368 titulo
1736 1313 1889 1370 dete-

290 1397 491 1453 standa
514 1414 528 1452 :
552 1397 642 1453 illa
671 1396 840 1467 magis
865 1399 966 1452 sub
992 1399 1245 1469 religioso
1263 1401 1446 1458 colore
1475 1404 1759 1458 metuenda
1781 1414 1883 1459 est.

292 1491 423 1546 Haec
446 1488 790 1560 sacrilegium
820 1504 978 1545 suum
1006 1491 1137 1561 ipsis
1166 1491 1278 1548 suis
1305 1493 1524 1550 auribus
1554 1495 1754 1564 prodit,
1798 1495 1886 1551 illa

293 1580 447 1636 virus
482 1595 640 1635 suum
670 1580 794 1636 imis
821 1580 1140 1649 visceribus,
1191 1597 1327 1652 pene
1363 1592 1650 1655 antequam
1680 1587 1884 1643 sentia-

292 1681 402 1737 tur,
435 1670 683 1727 infundit.
713 1671 858 1727 Duos
881 1680 1166 1742 angustum
1189 1674 1440 1731 obsidere
1469 1676 1661 1731 fretum
1692 1691 1889 1746 scopu-

303 1761 387 1817 los
413 1771 590 1832 putes,
613 1777 840 1832 quorum
861 1779 998 1820 unus
1013 1764 1432 1845 subdeprimitur
1455 1768 1508 1824 in
1540 1770 1880 1839 profundum,

1993 572 2468 641 praesumptionem
2491 574 2703 631 divinus
2733 591 2912 659 sermo
2937 580 3185 651 dirigitur
3214 601 3226 634 :
3254 581 3373 636 Nisi
3399 582 3577 639 Domi-

1991 678 2086 718 nus
2125 663 2452 733 aediﬁcaverit
2493 669 2722 735 domum,
2770 672 2824 726 in
2862 688 3049 728 vanum
3095 675 3454 730 laboraverunt
3492 677 3582 744 qui

1991 758 2246 827 mitiﬁcant
2275 776 2386 814 eam
2410 759 2584 833 (Psal.
2613 763 2830 834 cxxvr)?
2855 765 3008 834 Quod
3026 767 3207 839 utique
3223 770 3440 825 elatioui
3464 770 3582 826 sine

1989 852 2162 921 gratia
2189 852 2452 921 perﬁcere
2475 853 2790 926 denegatur,
2815 859 3101 915 humilitati
3128 865 3257 916 vero
3271 878 3392 918 cum
3411 865 3579 933 gratia

1992 940 2217 1011 implere
2277 944 2611 1001 conceditur.
2688 947 3036 1020 Prosequitur
3103 953 3280 1009 adhuc
3334 955 3579 1025 Pelagius

1989 1031 2157 1087 Adam
2183 1035 2462 1092 mortalem
2491 1036 2712 1105 factum,
2743 1041 2833 1111 qui
2855 1040 2968 1097 sive
2998 1053 3290 1112 peccasset,
3327 1047 3440 1102 sive
3470 1063 3576 1102 non

1991 1133 2288 1192 peccasset,
2320 1137 2466 1182 esset
2496 1130 2811 1185 moriturus.
2841 1130 2948 1188 Sed
2969 1147 3093 1188 cum
3117 1134 3574 1206 dicitApostolus,

1992 1214 2294 1287 Propterea,
2328 1220 2516 1292 inquit,
2569 1224 2699 1277 sicut
2741 1241 2830 1294 per
2865 1242 3024 1280 unum
3067 1228 3320 1283 hominem
3349 1231 3401 1284 in
3440 1230 3579 1284 hunc

1989 1311 2239 1365 mundum
2261 1324 2523 1381 peccatum
2543 1316 2775 1383 intrauit,
2790 1326 2837 1373 et
2861 1336 2948 1389 per
2968 1330 3229 1389 peccatum
3250 1322 3416 1394 mors(
3429 1323 3576 1378 Rom.

1989 1402 2065 1471 v),
2088 1403 2339 1474 intelligis
2365 1406 2484 1476 quia
2515 1408 2558 1462 si
2579 1421 2855 1477 peccatum
2881 1426 2987 1466 non
3018 1415 3402 1482 praecessisset,
3426 1430 3575 1471 mors

1990 1504 2175 1563 secuta
2204 1511 2309 1551 non
2331 1506 2494 1562 esset,
2515 1508 2569 1553 et
2593 1499 2785 1556 donata
2814 1502 3191 1558 immortalitas
3213 1505 3573 1575 perdurasset,

1989 1602 2148 1655 quam
2183 1588 2366 1658 utique
2395 1591 2738 1648 manifestum
2761 1603 2846 1648 est
2872 1595 2972 1650 sub
3000 1597 3273 1666 proposita
3302 1599 3416 1667 lege
3442 1614 3575 1667 prac-

1989 1678 2194 1746 stitam,
2228 1689 2281 1734 t~t
2309 1696 2428 1736 cum
2461 1683 2769 1740 conditione
2807 1685 3079 1754 collatam,
3105 1697 3162 1743 ut
3187 1688 3231 1742 si
3259 1704 3365 1744 non
3399 1705 3576 1744 reces-

1990 1768 2152 1824 sisset
2176 1771 2440 1840 superbus
2481 1774 2549 1828 ab
2577 1774 2900 1842 obedientia,
2953 1788 3298 1847 permaneret
3339 1791 3578 1836 mternus

293 1858 435 1913 alter
461 1859 698 1914 minatur
725 1859 778 1914 in
804 1859 1023 1916 caelum.
1079 1861 1222 1917 Unus
1258 1861 1484 1917 infestus
1515 1863 1884 1933 navigantibus
1914 1845 1963 1906 Β
1992 1861 2043 1916 in
2080 1861 2271 1930 gloria.
2319 1863 2449 1918 Nam
2484 1879 2605 1920 cum
2652 1845 2996 1923 interdictum
3046 1869 3264 1926 emleste
3311 1872 3577 1927 sanxisset

292 1951 558 2018 cernitur,
594 1950 734 2006 alter
761 1965 903 2006 caeca
934 1951 1204 2021 naufragia
1246 1953 1566 2023 improvisus
1608 1966 1882 2026 operatur.

293 2041 391 2098 Ille
417 2043 642 2113 gratiam
668 2044 922 2114 loquitur,
951 2043 1039 2098 hic
1065 2043 1329 2100 laborem.
1350 2043 1648 2114 Utrumque
1669 2037 1882 2117 eloquia

294 2137 476 2190 divina
502 2136 846 2191 conﬁrmant.
878 2120 942 2192 Si
965 2135 1288 2192 dissidentes
1318 2152 1617 2207 removeas,
1649 2148 1704 2194 et
1741 2139 1882 2195 dicta

291 2229 589 2300 conjungas
621 2229 776 2299 plena
823 2229 945 2285 ﬁdei
977 2229 1257 2286 sinceritas
1285 2231 1588 2300 apparebit.
1628 2230 1734 2286 Sed
1757 2235 1882 2302 quia

292 2321 435 2378 velut
482 2323 758 2379 temerarii
801 2323 1032 2393 remiges
1077 2323 1193 2378 sine
1250 2323 1507 2394 magistro
1547 2324 1882 2394 inexplorato

294 2415 429 2469 mari
478 2415 600 2471 vela
640 2415 1015 2484 committunt,
1060 2430 1123 2470 ac
1165 2425 1468 2487 temperare
1515 2417 1880 2474 moderamina

292 2508 563 2577 nesciunt,
610 2518 666 2565 et
705 2509 1070 2580 gubernacula
1111 2517 1343 2566 tractare
1390 2524 1494 2564 non
1528 2520 1744 2576 norunt,
1795 2512 1882 2568 hic

293 2601 549 2670 tanquam
590 2600 644 2655 in
674 2599 868 2672 Scylla:
894 2602 1034 2657 male
1077 2601 1327 2658 dextrum
1360 2601 1531 2658 fertur
1558 2604 1877 2673 periculum,

291 2693 385 2748 ille
410 2694 464 2750 in
493 2693 688 2750 lavem
723 2694 1026 2767 Charybdis
1071 2695 1244 2751 tendit
1285 2696 1593 2766 abruptum.
1641 2697 1707 2752 Et
1751 2696 1880 2767 quid

291 2801 385 2867 eos
415 2789 558 2844 inter
584 2788 698 2844 haec
727 2787 906 2844 facere
956 2797 1219 2858 oporteat,
1267 2788 1312 2844 si
1355 2789 1627 2858 requiras;
1661 2789 1881 2859 provi~o

291 2868 650 2950 gubernatore
675 2881 852 2936 navim
869 2880 1122 2937 ﬂuctibus
1137 2879 1380 2946 credant,
1399 2880 1634 2936 medium
1662 2890 1879 2936 teneant

291 2985 534 3040 cursum,
557 2981 610 3028 et
630 2972 792 3028 ambo
812 2971 939 3026 ﬁatu
954 2972 1146 3028 dextro
1170 2972 1532 3043 perducentur
1551 2972 1618 3028 ad
1641 2984 1873 3043 portum.

297 3064 584 3120 Videamus
608 3065 694 3120 cui
716 3064 975 3135 impietati
1000 3065 1273 3134 geminum
1301 3066 1443 3119 hunc
1470 3079 1710 3120 errorem
1738 3066 1877 3120 assi-

292 3155 484 3212 milsre
509 3157 590 3212 vel
616 3157 862 3213 conferre
886 3155 1172 3225 possimus.
1221 3157 1340 3212 Pari
1384 3157 1546 3212 modo
1591 3157 1644 3212 in
1673 3166 1874 3226 petram

292 3243 856 3315 scandalioﬁ‘endunt,
902 3247 985 3301 vel
1031 3247 1108 3302 illi
1157 3247 1247 3316 qui
1289 3245 1561 3302 Christum
1593 3246 1876 3303 Dominum

291 3341 472 3396 solum
505 3341 692 3407 Deum,
743 3341 824 3396 vel
872 3342 947 3397 illi
989 3342 1080 3413 qui
1131 3341 1306 3396 solum
1343 3339 1635 3405 hominem,
1681 3340 1877 3396 amissa

290 3433 635 3489 discretionis
657 3433 792 3502 luce,
813 3449 1056 3491 asserere
1077 3441 1553 3505 praesumpserant.
1573 3432 1715 3489 Pene
1738 3443 1880 3488 utra-

290 3539 396 3594 que
442 3525 723 3592 nimietas,
775 3525 902 3581 dum
951 3525 1331 3582 discretionem
1381 3533 1542 3595 atque
1587 3523 1876 3580 discrimen

293 3625 480 3673 tenere
507 3619 700 3684 nescit,
751 3617 954 3688 aequale
990 3618 1192 3673 crimen
1241 3617 1481 3672 incurrit.
1530 3615 1757 3672 Proinde
1785 3616 1875 3687 qui

289 3706 561 3764 Christum
588 3709 761 3764 solum
795 3709 1066 3765 hominem
1117 3708 1333 3774 dixerit,
1383 3707 1596 3778 negavit
1642 3707 1877 3764 auctoris

289 3802 615 3870 potentiam;
648 3800 740 3870 qui
771 3801 942 3855 solum
975 3800 1164 3866 Deum,
1195 3799 1425 3870 perdidit
1453 3797 1873 3854 misericordiam

288 3891 683 3961 Redemptoris.
716 3895 793 3947 Ac
826 3893 922 3953 sic.
955 3893 1045 3962 qui
1077 3905 1234 3946 unam
1263 3891 1318 3945 in
1353 3890 1578 3944 Domino
1604 3889 1874 3945 salvatore

287 3983 640 4041 substantiam
665 3984 1005 4048 confitentur,
1054 3983 1109 4037 in
1146 3981 1285 4038 hanc
1308 3981 1745 4051 constringentur
1775 3996 1871 4036 ne-

288 4077 616 4141 cessitatem,
648 4086 706 4130 ut
735 4085 825 4129 aut
849 4075 1022 4130 solum
1050 4073 1326 4130 hominem
1354 4073 1491 4129 cmlo
1520 4072 1746 4142 lapsum,
1781 4081 1873 4126 aut

285 4168 462 4222 solum
508 4168 674 4223 Deum
701 4175 960 4238 cogantur
1003 4166 1186 4224 dicere
1232 4164 1567 4221 cruciﬁxum.
1619 4165 1723 4219 Sed
1763 4180 1870 4219 non

285 4262 359 4316 ita
385 4271 481 4317 est.
537 4261 760 4316 Mortem
809 4260 952 4316 enim
993 4275 1092 4315 nec
1139 4260 1288 4314 solus
1325 4259 1465 4314 Deus
1503 4258 1725 4321 sentire,
1773 4270 1872 4311 nec

285 4356 434 4410 solus
465 4354 627 4409 homo
653 4369 910 4423 superare
943 4353 1222 4422 potuisset.
1254 4352 1323 4406 Et
1347 4351 1467 4407 ideo
1496 4364 1613 4406 eam
1653 4366 1748 4419 pro
1772 4363 1870 4419 ge-

285 4449 430 4502 mina
458 4448 666 4502 ratione
691 4446 1025 4509 substantiae,
1049 4444 1209 4500 homo
1229 4444 1464 4514 suscepit
1487 4453 1542 4497 et
1561 4443 1699 4497 Deus
1721 4442 1868 4495 vicit.

283 4538 341 4594 Si
369 4554 495 4608 ergo
538 4539 778 4609 partibus
815 4538 1171 4607 proprietates
1211 4552 1336 4592 suas
1379 4535 1590 4603 reddas,
1637 4545 1692 4590 et
1717 4533 1871 4590 Chri-

284 4641 429 4685 stum
457 4631 623 4686 Deum
652 4630 809 4685 simul
835 4638 996 4700 atque
1037 4629 1309 4685 hominem
1336 4629 1529 4684 credas
1554 4639 1609 4683 ct
1637 4642 1866 4692 asseras,
1894 4601 1950 4664 Ῑ)

284 4721 508 4791 perinde
537 4731 618 4777 est
641 4736 703 4777 ac
742 4721 786 4776 si
815 4723 1037 4792 gratiam
1077 4737 1200 4778 cum
1235 4721 1419 4776 labore
1456 4722 1770 4790 conjungas,
1816 4729 1868 4774 et

285 4816 352 4868 ab
379 4813 648 4883 adjutorio
675 4814 767 4870 Dei
798 4826 1046 4870 conatum
1090 4813 1323 4868 hominis
1361 4829 1466 4868 non
1503 4813 1752 4882 repellas.
1793 4812 1867 4867 Ita

286 4917 488 4972 tamen,
517 4915 576 4961 ut
604 4907 894 4963 adnitentis
925 4907 1220 4972 devotioni,
1259 4904 1505 4960 elationis
1531 4905 1741 4974 culpam
1774 4918 1864 4974 pe-

285 5000 428 5053 nitus
456 5014 561 5053 non
605 4998 924 5054 admisceas.
975 4997 1111 5065 Quia
1139 5009 1397 5068 quantum
1439 4995 1744 5050 detrimenti
1789 5005 1870 5050 est

285 5105 392 5144 non
421 5090 688 5156 laborare,
724 5099 928 5146 tantum
961 5089 1181 5160 periculi
1209 5089 1277 5145 de
1308 5088 1489 5144 labore
1521 5106 1865 5160 prtesumere.

287 5181 425 5237 Dicit
466 5197 594 5253 ergo
624 5182 893 5253 Pelagius,
939 5183 1082 5253 quod
1131 5183 1196 5238 ad
1245 5181 1592 5236 obtinendam
1641 5183 1868 5237 salutem

284 5285 477 5331 natura
511 5278 743 5333 hominis
787 5277 885 5332 sibi
933 5278 1049 5333 sola
1098 5277 1346 5333 sufﬁciat.
1396 5275 1470 5331 Ita
1519 5276 1604 5332 hic
1654 5278 1870 5346 pestifer

285 5369 474 5423 ductor
501 5367 754 5434 afﬁrmat,
786 5369 941 5440 quasi
977 5369 1151 5425 adhuc
1186 5371 1388 5424 iactura
1414 5369 1736 5424 conditionis
1767 5386 1862 5424 uo-
1915 5413 1917 5415 .

284 5473 412 5516 sua:
459 5462 510 5515 in
549 5472 690 5516 statu
728 5477 828 5516 suo
872 5461 1069 5517 illibata
1115 5471 1447 5532 permaneat.
1500 5460 1612 5531 Ego
1640 5461 1872 5516 arbitror

283 5554 429 5623 quod
462 5555 679 5610 libertas
703 5556 906 5610 arbitrii
938 5556 1036 5611 sibi
1068 5557 1182 5610 sola
1204 5557 1454 5611 sufﬁcere
1474 5557 1591 5610 sine
1617 5555 1871 5626 praesidio

282 5648 472 5714 gratize
500 5663 606 5702 non
637 5649 886 5716 potuerit,
933 5649 1095 5702 etiam
1123 5657 1408 5717 antequam
1447 5648 1783 5718 privilegium
1807 5649 1871 5703 il-

276 5741 389 5797 'lius
417 5746 773 5813 transgressio
805 5746 1046 5801 violaret.
1071 5747 1351 5812 Quomodo
1379 5762 1507 5802 vero
1533 5764 1673 5805 nunc
1695 5756 1871 5818 potest

277 5833 386 5896 sibi
433 5839 546 5894 sols
595 5838 874 5910 sufﬁcere,
924 5839 989 5894 ad
1033 5839 1188 5907 cuius
1229 5840 1586 5908 arrogantiam
1627 5843 1862 5898 dicitur:

1989 1955 2175 2010 dicens
2198 1973 2211 2007 :
2242 1953 2307 2010 In
2333 1972 2634 2029 quacunque
2661 1961 2744 2014 die
2758 1961 3075 2017 comederitis
3101 1965 3164 2017 de
3191 1966 3331 2035 ligno
3352 1966 3578 2020 scientiae

1989 2048 2108 2102 boui
2131 2058 2177 2102 et
2207 2049 2350 2117 ntali,
2375 2061 2534 2105 morte
2562 2054 2852 2107 moriemini
2879 2053 3029 2126 (Gen.
3056 2055 3143 2126 ll),
3172 2056 3357 2126 inclyti
3387 2067 3575 2125 gustus

1989 2141 2128 2194 male
2157 2154 2312 2196 suasa
2344 2145 2690 2214 prmsumptio
2720 2145 2857 2201 facta
2887 2157 2972 2203 est
2997 2162 3063 2204 ex
3093 2149 3354 2204 accidenti
3386 2152 3574 2205 mortis

1987 2234 2218 2290 occasio.
2258 2234 2446 2302 Morte,
2478 2238 2667 2308 inquit,
2717 2241 2968 2294 morieris.
3014 2242 3071 2298 Si
3119 2242 3251 2296 nihil
3301 2243 3574 2313 largientis

1986 2325 2212 2380 contulit
2237 2329 2428 2396 gratia,
2460 2329 2587 2397 quid
2630 2339 2712 2385 est
2734 2331 2875 2401 quod
2905 2332 3128 2388 abstulit
3154 2335 3460 2389 damnantis
3488 2335 3571 2390 of-

1950 2416 2177 2473 ‘fcusa?
2222 2418 2364 2475 Mors
2395 2422 2592 2492 itaque,
2643 2422 2693 2476 id
2725 2432 2830 2488 est,
2873 2425 3212 2495 peregrinum
3246 2436 3302 2482 et
3328 2426 3573 2482 adventi—

1987 2511 2120 2567 tium
2151 2513 2370 2579 malum,
2420 2530 2524 2568 non
2555 2523 2637 2569 est
2675 2515 2810 2570 ordo
2838 2525 3063 2586 naturae,
3114 2517 3210 2574 sed
3258 2533 3414 2589 paena
3441 2533 3573 2574 sen-

1989 2603 2188 2658 tentias.
2225 2603 2505 2671 Quoniam,
2543 2606 2734 2676 inquit,
2775 2604 3030 2662 Dominus
3059 2623 3270 2666 mortem
3309 2627 3412 2664 non
3453 2611 3572 2680 fecit

1985 2695 2141 2766 (Sap.
2177 2693 2240 2765 ι).
2272 2694 2649 2753 Ᾰηέιεηιίιειειη
2679 2695 2940 2752 creditam
2966 2698 3133 2754 fuisse
3166 2701 3389 2766 homini,
3439 2701 3574 2755 livor

1987 2791 2102 2859 ipse
2130 2800 2357 2850 testatur
2381 2792 2604 2847 inimici.
2652 2791 2718 2846 Et
2744 2792 2865 2862 quia
2896 2794 2945 2848 ei
2990 2793 3446 2848 immortalitatem
3476 2795 3572 2849 ile-

1983 2884 2152 2954 iectus
2184 2884 2394 2947 invidit,
2428 2885 2550 2940 ideo
2575 2899 2791 2939 causam
2817 2886 3004 2941 mortis
3029 2885 3274 2956 ingessit,
3306 2887 3569 2941 dicendo:

1985 2978 2050 3032 In
2080 2994 2380 3047 quacunque
2411 2978 2494 3032 die
2518 2978 2840 3033 comederitis
2876 2980 2940 3034 de
2968 2981 3106 3050 ligno
3135 2979 3255 3043 ltoc,
3276 2981 3569 3050 aperientur

1983 3071 2119 3125 oculi
2146 3072 2316 3138 vestri,
2346 3085 2391 3127 et
2419 3071 2558 3127 eritis
2587 3073 2714 3124 sicut
2746 3071 2820 3124 dii
2842 3069 2992 3140 (Gen.
3018 3070 3118 3140 ιιι).
3160 3069 3215 3125 Si
3238 3068 3340 3124 hoc
3364 3079 3568 3125 tantum

1983 3164 2207 3220 dixisset
2251 3184 2263 3218 :
2303 3168 2438 3222 Cum
2483 3163 2957 3226 mauducaveritis,
3000 3163 3301 3218 satietatem
3346 3162 3415 3218 de
3462 3162 3568 3218 cibi

1984 3259 2248 3315 suavitate
2275 3261 2518 3331 capietis,
2564 3273 2732 3330 usque
2762 3257 2829 3313 ad
2859 3256 3308 3327 concupiscentia:
3336 3256 3570 3311 carnalis

1984 3351 2294 3407 illecebram
2325 3353 2680 3422 transgressio
2707 3350 3062 3420 pervenisset.
3105 3347 3237 3404 Cum
3268 3363 3401 3404 vero
3432 3348 3570 3402 hanc

1984 3443 2437 3512 pravaricationis
2462 3442 2798 3513 pr0posuerit
2826 3441 2986 3497 ﬁnem
3008 3439 3258 3506 dicendo,
3276 3441 3415 3494 (ritis
3440 3439 3570 3492 sicut

1982 3537 2079 3602 dii,
2104 3535 2385 3592 edacitatis
2419 3535 2573 3606 culpa
2605 3549 2774 3604 usque
2796 3534 2862 3590 ad
2893 3533 3186 3588 divinitatis
3208 3531 3490 3596 ambitum,
3515 3541 3570 3587 et

1981 3643 2150 3699 usque
2179 3630 2243 3683 ad
2269 3628 2472 3684 crimen
2499 3628 2798 3698 majestatis
2822 3626 3070 3682 accessit.
3114 3623 3261 3679 Facti
3291 3630 3418 3677 sunt
3440 3636 3568 3691 ergo

1981 3723 2122 3775 sicut
2150 3718 2246 3783 dii,
2279 3719 2421 3775 dono
2445 3721 2630 3789 gratiae
2657 3717 2895 3773 ctelestis
2921 3716 3066 3771 exuti
3096 3724 3150 3771 et
3173 3715 3242 3770 de
3270 3713 3438 3770 beatae
3459 3722 3568 3768 sta-

1981 3813 2143 3867 tionis
2171 3812 2405 3866 culmine
2449 3809 2768 3878 proturbati.
2819 3809 2896 3863 Ac
2935 3807 3016 3862 sic
3063 3805 3292 3861 callidus
3343 3819 3566 3872 serpens

1979 3917 2078 3971 pro
2107 3901 2373 3971 superbire
2401 3901 2542 3954 malo
2566 3901 2769 3968 ejectus
2793 3914 2824 3952 e
2854 3899 3017 3963 cmlo,
3046 3895 3324 3950 machinas
3352 3895 3453 3950 sibi
3496 3895 3562 3947 ad

1981 3995 2256 4050 hominem
2308 3994 2671 4050 subruendum
2721 3993 2788 4046 de
2834 4007 2961 4046 casu
3014 3990 3253 4059 proprio,
3305 3989 3565 4058 lapsuque

1978 4089 2259 4156 disposuit,
2291 4095 2344 4141 et
2370 4085 2641 4156 quomodo
2669 4083 2884 4148 cecidit,
2909 4084 2986 4137 sic
3014 4081 3242 4150 decepit.
3267 4080 3402 4148 Quid
3434 4095 3564 4148 vero

1977 4177 2123 4232 aliud
2156 4175 2558 4246 intelligendum
2588 4183 2692 4240 est,
2718 4175 2878 4228 etiam
2901 4175 2952 4227 in
2976 4173 3091 4242 ipsa
3119 4186 3222 4240 qua
3248 4170 3408 4224 homo
3430 4183 3562 4224 con-

1976 4270 2119 4324 ditus
2169 4278 2289 4336 est,
2356 4267 2448 4321 Dei
2500 4264 2730 4335 imagine
2781 4265 2881 4319 nisi
2931 4261 3280 4334 perennitatis
3318 4259 3563 4330 insigne?

1977 4375 2134 4433 quam
2183 4360 2574 4432 perennitatem
2623 4373 2729 4412 non
2775 4357 2948 4411 solum
2988 4359 3182 4410 animae
3225 4367 3331 4408 non
3380 4353 3563 4406 adem-

1976 4464 2143 4523 ptam,
2175 4453 2270 4507 sed
2301 4453 2462 4507 etiam
2499 4452 2710 4519 corpori
2742 4449 2984 4518 agnoscis
3018 4444 3427 4502 resurrectionis
3455 4444 3563 4498 vir-

1976 4554 2092 4600 tute
2121 4553 2448 4615 reparatam.
2497 4544 2832 4612 Quapropter
2870 4538 3327 4595 immortalitatem
3357 4535 3564 4590 homini

1975 4617 2320 4693 commissam
2354 4651 2459 4690 non
2489 4634 2704 4689 dubites
2749 4641 2874 4686 ante
2917 4631 3154 4701 culpam,
3202 4644 3360 4700 quam
3409 4627 3564 4682 reddi

1975 4729 2236 4799 perspicis
2273 4728 2436 4783 etiam
2479 4737 2599 4796 post
2628 4725 2862 4780 ruinam.
2911 4722 3119 4778 Asserit
3153 4735 3284 4791 ergo
3320 4719 3564 4789 Pelagius

1975 4823 2090 4877 sive
2121 4829 2414 4891 peccasset,
2448 4819 2561 4875 sive
2596 4831 2700 4873 non
2745 4824 3042 4886 peccasset,
3091 4813 3341 4870 omnibus
3387 4812 3564 4868 modis

1975 4913 2142 4969 fuisse
2172 4913 2511 4968 moriturum.
2546 4911 2613 4965 Et
2654 4910 2756 4966 hoc
2785 4925 2851 4964 ex
2889 4910 3001 4979 ipsa
3045 4908 3310 4978 pravitate
3338 4906 3563 4961 descen-

1975 5008 2076 5073 dit,
2128 5008 2251 5076 quia
2284 5015 2442 5076 negat
2491 5005 2752 5076 originale
2781 5004 3057 5059 delictum.
3087 5002 3222 5058 Dum
3246 5001 3388 5058 enim
3417 5000 3562 5055 afﬁr-

1979 5115 2128 5155 mare
2175 5099 2452 5155 contendit
2495 5097 2775 5153 mortalem
2811 5097 3184 5152 necessitatem
3232 5092 3559 5148 conditionis

1980 5173 2167 5262 fuisse,
2187 5209 2296 5248 non
2319 5192 2780 5261 transgressionis.
2797 5189 2911 5244 vult
2929 5188 3098 5243 videri
3119 5187 3378 5257 originem
3402 5185 3562 5255 hujus

1978 5286 2172 5346 debiti:
2201 5301 2307 5341 non
2337 5300 2365 5339 a
2392 5300 2570 5349 servo,
2621 5282 2716 5338 sed
2757 5297 2786 5337 a
2815 5283 3073 5348 Domino;
3115 5295 3221 5336 nou
3261 5295 3292 5334 a
3321 5291 3562 5335 conteru-

1979 5389 2158 5449 ptore,
2188 5377 2281 5432 sed
2312 5376 2380 5450 ab
2408 5386 2627 5431 auctore
2647 5375 2896 5443 cmpisse,
2927 5383 2985 5428 ut
3010 5372 3199 5428 mortis
3227 5371 3313 5427 lex
3341 5370 3558 5426 ordina-

1982 5471 2143 5524 tionis
2163 5468 2411 5524 credatur
2433 5482 2573 5531 esso,
2601 5481 2705 5521 non
2733 5465 2990 5521 criminis.
3024 5464 3092 5519 Et
3117 5463 3258 5519 hanc
3279 5461 3560 5532 lugendam

1981 5561 2355 5618 contritionem
2395 5573 2556 5629 super
2587 5559 2876 5614 humanum
2923 5572 3114 5628 genus,
3167 5572 3274 5635 non
3312 5553 3561 5624 prtevari-

1978 5665 2129 5709 calor
2158 5660 2373 5722 putetur
2405 5651 2788 5716 transmisisse,
2837 5648 2930 5703 sed
2954 5649 3218 5703 conditor.
3273 5648 3336 5699 Et
3366 5643 3454 5697 ubi
3481 5652 3562 5696 est

1980 5745 2108 5802 illttd
2148 5761 2163 5800 :
2194 5743 2398 5798 Invidia
2441 5753 2610 5798 autem
2639 5742 2830 5797 diaboli
2859 5757 2998 5794 mors
3041 5737 3266 5793 introivit
3310 5736 3363 5806 in
3394 5735 3564 5789 orbem

1980 5849 2229 5895 terrarum
2273 5837 2428 5908 (Sap.
2477 5837 2559 5903 ιι).
2627 5837 2756 5892 Dum
2798 5845 2976 5889 autem
3024 5837 3303 5904 peccatum
3341 5825 3564 5900 originis
