4068 6348
489 361 601 420 *187

1752 357 1807 415 S.
1848 355 2094 415 FAUSTI
2133 354 2543 415 RHEGIENSlS

3681 352 3787 414 ἠε

495 477 741 545 denegat,
777 475 910 529 tollit
938 472 1156 528 omnino
1185 484 1400 526 causam
1426 483 1530 540 qua
1560 467 1885 538 Redemptor
1914 468 2077 524 adve-
2105 464 2161 530 Α
2183 484 2330 533 num,
2365 470 2566 539 inquit,
2612 469 2811 522 tollitur
2843 468 3100 536 originale
3129 475 3432 538 peccatum,
3478 467 3546 521 de
3576 468 3783 525 duobus

493 569 652 622 nerit.
687 565 972 622 Videamus
1005 571 1181 621 utrum
1225 579 1322 634 per
1362 564 1688 619 voluntatem
1738 563 1831 619 Dei
1865 574 1934 617 an
1981 577 2076 634 per

491 661 722 716 hominis
764 659 1084 729 pravitatem
1115 656 1299 714 infelix
1328 667 1383 714 et
1411 656 1663 713 deﬂenda
1708 656 1948 712 conditio
1979 657 2079 710 ini-

489 753 620 807 tium
652 751 963 822 sumpserit.
987 749 1129 806 Audi
1168 749 1296 821 quid
1343 749 1468 806 tuba
1511 759 1767 820 personet
1808 750 2072 805 veritatis.

489 845 791 912 Propterea,
837 843 1028 913 inquit,
1079 844 1210 897 sicut
1252 859 1344 913 per
1368 858 1529 898 unum
1572 844 1829 899 hauritum
1859 845 1914 897 in
1937 841 2076 898 ltum:

487 936 735 990 mundum
773 945 1037 1006 peccatum
1073 937 1299 1001 intravit,
1331 941 1378 989 et
1407 951 1498 1007 per
1527 946 1791 1006 peccatum
1818 947 1973 1000 mers,
2005 937 2080 988 ita

487 1031 539 1083 in
566 1046 742 1084 omnes
766 1031 995 1086 homines
1015 1045 1150 1086 mars
1177 1031 1490 1102 pertransiit,
1528 1031 1582 1084 in
1608 1043 1709 1102 quo
1739 1043 1913 1085 omnes
1955 1044 2074 1100 pec-

391 1120 407 1193 ξ
486 1129 728 1174 caverunt
752 1121 932 1192 (Rom.
957 1122 1036 1193 v).
1061 1121 1299 1177 Dicenda
1325 1121 1568 1191 Pelagius
1589 1121 1758 1177 Adam
1795 1120 2076 1176 mortalem

485 1214 710 1281 factum,
746 1215 797 1268 in
825 1215 1002 1284 primo
1027 1213 1248 1270 factura:
1277 1213 1463 1269 ordine
1500 1211 1778 1270 constituit
1821 1219 2076 1279 mortem,

487 1318 647 1374 quam
677 1320 773 1376 pro
797 1320 933 1361 noxa
965 1305 1424 1375 praevaricationis
1466 1307 1624 1361 tertio
1664 1306 1833 1375 gradu
1862 1311 2078 1360 constat

487 1396 814 1468 impositam.
859 1399 1033 1454 ll‘omo
1077 1399 1221 1455 enim
1266 1413 1401 1469 opus
1450 1399 1565 1462 Dei,
1620 1406 1896 1468 peccatum
1943 1411 2078 1468 opus

487 1490 725 1545 diaboli:
753 1506 919 1556 mors,
968 1505 1126 1560 pinna
1171 1493 1412 1561 peccati..
1446 1489 1579 1546 Nam
1635 1491 1924 1561 Apostolus
1967 1505 2075 1546 non

485 1580 623 1636 dixit
646 1600 657 1634 :
684 1581 929 1636 voluntas
950 1582 1046 1637 Dei
1068 1596 1238 1647 mors,
1267 1581 1362 1638 sed
1381 1583 1690 1651 stipendium
1719 1581 1914 1648 peccati
1936 1595 2077 1636 mors

489 1671 669 1743 (Rom.
693 1672 792 1742 vr).
817 1673 980 1728 Dolos
1002 1688 1129 1744 ergo
1171 1675 1287 1743 ejus
1316 1675 1371 1728 in
1393 1673 1657 1744 profundo
1686 1677 1937 1738 latentes,
1969 1671 2074 1726 sol-

486 1763 686 1820 licitius
715 1765 1083 1832 inspiciamus.
1123 1764 1245 1821 ideo
1273 1773 1500 1821 mortem
1531 1765 1762 1836 applicat
1783 1763 2070 1829 conditori,

2188 562 2468 632 baptizatis
2497 562 2625 626 nati,
2650 561 2847 615 debent
2879 560 2977 615 hoc
2999 574 3186 615 carere
3212 568 3452 630 peccato.
3477 559 3783 629 Quomodo,

2187 654 2378 725 inquit,
2411 656 2625 710 mittunt
2657 655 2722 708 ad
2754 661 2998 724 posteros
3020 696 3033 719 ,
3066 655 3208 724 quod
3251 655 3350 725 ipsi
3384 655 3436 709 in
3468 669 3531 710 se
3565 657 3787 715 minime

2183 745 2524 803 habuerunt?
2561 747 2767 815 Quibus
2795 746 2951 802 facile
2985 746 3344 817 respondetur
3371 745 3506 804 duas
3532 761 3656 804 esse
3687 765 3783 805 na-

2187 841 2442 907 tivitates,
2462 842 2530 897 de
2558 855 2782 912 quarum
2816 851 2918 895 una
2951 847 3231 910 peccatum
3257 853 3328 896 ex
3354 843 3663 911 generantia
3692 857 3788 900 vo-

2183 933 2386 1000 luptate
2413 933 2821 998 transmittitur;
2861 945 2928 987 ex
2966 931 3069 986 alia
3100 939 3302 1002 autem,
3326 933 3685 990 sanctificatio
3709 935 3779 990 de

2185 1026 2556 1096 regenerantis
2605 1024 2893 1094 adeptione
2938 1024 3189 1080 donatur.
3222 1023 3527 1092 Quomodo,
3582 1027 3776 1096 inqvit,

2185 1122 2404 1177 mittunt
2434 1120 2500 1174 ad
2541 1129 2809 1189 posteros,
2840 1118 2987 1190 quod
3025 1118 3127 1186 ipsi
3156 1118 3210 1173 in
3241 1131 3304 1174 se
3332 1117 3556 1174 minime
3581 1118 3782 1174 habueo

2184 1212 2350 1267 runt?
2386 1211 2556 1278 Quam
2601 1210 2983 1267 irrationabilis
3023 1217 3078 1264 et
3123 1209 3278 1289 plena
3306 1201 3600 1279 iniquitatis
3629 1210 3783 1280 obje-

2182 1303 2334 1362 otio!
2395 1302 2510 1356 Non
2560 1302 2641 1356 vis
2690 1309 2747 1355 ut
2791 1301 3166 1356 transfundant
3213 1301 3265 1356 in
3332 1309 3586 1371 posteros
3638 1302 3782 1373 quod

2183 1403 2391 1451 natura
2437 1402 2554 1459 est,
2584 1401 2639 1448 et
2665 1393 2745 1448 vis
2789 1401 2846 1447 ut
2898 1393 2978 1448 eis
3009 1393 3218 1464 possint
3244 1393 3390 1448 velut
3428 1392 3498 1448 de
3528 1407 3625 1449 suo
3655 1409 3783 1448 con-

2181 1483 2325 1541 l‘erre
2364 1485 2507 1554 quod
2555 1484 2742 1554 gratiae
2769 1484 2886 1539 est?
2924 1483 3000 1538 De
3025 1497 3129 1552 qus
3159 1493 3348 1539 natura
3385 1484 3674 1554 Apostolus
3703 1485 3781 1539 di-

2179 1578 2256 1635 cit
2291 1595 2305 1632 :
2341 1577 2535 1645 Eratis,
2577 1579 2769 1646 inquit,
2811 1585 2998 1630 natura
3031 1577 3128 1646 ﬁlii
3159 1579 3250 1630 ire
3281 1573 3444 1645 (Eph.
3475 1576 3559 1646 tt).
3594 1576 3780 1633 Merito

2179 1673 2332 1744 quasi
2362 1671 2432 1727 de
2462 1672 2680 1740 proprio
2720 1670 2851 1726 dare
2881 1677 3170 1739 nequeunt,
3203 1667 3346 1738 quod
3375 1670 3444 1724 de
3472 1681 3689 1725 sursmn
3728 1679 3778 1726 et

2180 1765 2509 1822 extrinsecus
2535 1771 2882 1834 acceperunt.
2929 1761 3426 1834 Imprudentissime
3457 1779 3554 1832 per
3590 1777 3776 1832 paren-

489 1868 567 1920 ut,
598 1857 665 1913 de
691 1873 794 1928 quo
819 1858 1158 1928 potissimum
1187 1859 1329 1913 malo
1357 1857 1567 1914 initium
1592 1858 1775 1924 ducat,
1811 1872 1918 1913 non
1947 1871 2072 1928 pos-
2105 1839 2153 1912 Β
2182 1865 2263 1913 tes
2311 1857 2404 1912 lilii
2453 1855 2776 1911 innocentia:
2824 1855 3111 1924 puritatem
3143 1854 3390 1924 Pelagius
3434 1854 3550 1909 dari
3579 1855 3774 1910 credit.

484 1949 828 2020 sitaguosci;
871 1965 935 2006 ac
980 1952 1061 2006 sic
1105 1950 1326 2006 liberius
1371 1949 1606 2005 afiirmat
1655 1949 1889 2006 infantes
1929 1965 2072 2005 nexu

482 2041 709 2111 originis
749 2056 858 2097 non
894 2043 1083 2098 teneri.
1116 2041 1268 2109 Quod
1299 2055 1422 2096 cum
1456 2041 1608 2109 dicit,
1652 2041 1853 2110 duplici
1879 2040 2072 2111 impie-

485 2143 599 2188 tate
627 2133 981 2204 blasphemat,
1021 2133 1148 2188 dum
1177 2143 1234 2188 et
1273 2143 1500 2190 mortem
1549 2134 1615 2188 ad
1657 2134 1894 2189 auctoris
1933 2132 2075 2190 invio

481 2224 626 2280 diam
649 2233 886 2293 revocat,
908 2234 962 2280 et
988 2225 1232 2296 negando
1255 2225 1513 2296 originale
1533 2226 1825 2291 vinculum,
1846 2228 2071 2297 gratiam

480 2314 812 2382 reparatoris
836 2324 1078 2370 evacuat.
1109 2315 1291 2386 itaque
1317 2325 1375 2371 ut
1405 2317 1574 2386 possit
1609 2331 1853 2373 asserere
1879 2331 2068 2387 parvu-

481 2405 563 2459 los
586 2405 854 2475 baptismo
881 2420 989 2461 non
1016 2421 1198 2477 egere,
1241 2407 1495 2477 generale
1526 2418 1804 2478 peceatum
1833 2409 2068 2479 negavit.

483 2495 602 2561 Quo
630 2505 844 2566 negato,
875 2497 964 2554 hic
987 2497 1121 2554 ordo
1151 2498 1352 2554 erroris
1381 2499 1462 2553 sui
1509 2501 1624 2568 luit,
1663 2508 1722 2555 ut
1756 2499 1900 2554 unde
1925 2513 2072 2556 mors

481 2598 628 2643 esset
672 2599 927 2658 generata
969 2593 1222 2648 nesciret.
1266 2593 1404 2659 Quid
1433 2596 1628 2649 mirum
1659 2596 1702 2649 si
1733 2595 1977 2650 arborem
2007 2595 2072 2648 il-

481 2679 590 2733 lam
621 2681 673 2734 in
697 2681 961 2737 fructibus
987 2699 1091 2738 non
1122 2694 1398 2754 agnoscat,
1418 2701 1577 2755 quam
1605 2687 1776 2741 noluit
1806 2688 1857 2742 in
1889 2687 2070 2744 radice

482 2777 848 2843 cognoscere?
874 2778 1317 2848 Quandoquidem
1354 2794 1569 2835 causam
1595 2780 1836 2838 vulneris
1861 2782 2071 2851 suppri-

480 2865 602 2932 mit,
631 2877 686 2922 et
712 2867 992 2924 abscondit
1034 2871 1268 2940 gladium
1309 2886 1416 2941 quo
1443 2871 1638 2926 vulnus
1680 2871 1936 2926 indictum
1963 2882 2064 2928 est.

482 2956 834 3028 Stipendium,
886 2961 1081 3033 inquit,
1125 2967 1319 3032 peccati
1367 2982 1523 3022 mors.
1583 2965 1718 3032 Quia
1768 2965 2067 3038 intelligere

479 3051 778 3120 neglexerit
804 3053 937 3108 tanti
962 3054 1260 3125 principem
1281 3057 1431 3122 mali,
1462 3059 1584 3113 ideo
1612 3058 1879 3128 ignoravit
1897 3060 2068 3128 impo-

479 3143 636 3196 sitam
672 3145 863 3199 mortis
886 3146 1272 3214 conditionem,
1291 3149 1671 3220 pedissequam
1695 3165 1814 3206 esse
1836 3153 2062 3219 peccati.

2180 1948 2263 2008 Ad
2288 1957 2567 2019 parentum
2599 1947 2954 2004 ministerium
2985 1948 3235 2002 nativitas
3256 1947 3489 2003 secunda
3519 1962 3626 2002 non
3656 1963 3776 2018 per-

2181 2039 2339 2094 tinet.
2371 2038 2619 2093 Ofiicium
2663 2039 2774 2094 vult
2822 2053 2944 2094 esse
2984 2038 3216 2095 hominis
3263 2039 3405 2109 quod
3452 2038 3546 2094 Dei
3579 2054 3774 2095 manus

2174 2143 2351 2203 est,ut
2368 2133 2511 2189 velut
2538 2133 2769 2204 quodam
2795 2132 3131 2189 hereditario
3149 2134 3338 2188 ordine
3369 2145 3463 2203 per
3493 2133 3772 2190 hominum

2175 2237 2357 2285 currat
2399 2227 2766 2299 posteritatem
2826 2227 2966 2297 quod
3015 2235 3163 2283 extra
3216 2227 3505 2282 humanam
3557 2233 3772 2284 constat

2176 2336 2298 2379 esse
2348 2322 2722 2378 substantiam.
2774 2321 3046 2390 Originale
3094 2329 3273 2376 autem
3335 2331 3652 2392 peccatum,
3701 2337 3770 2382 ex

2105 2421 2124 2437 '
2177 2414 2488 2482 parentibus
2537 2412 2700 2468 etiam
2753 2412 3032 2481 baptizatis
3069 2427 3166 2480 per
3191 2411 3370 2468 carnis
3409 2414 3668 2482 originem
3705 2414 3769 2469 ad

2181 2504 2322 2558 lilios
2355 2504 2586 2558 transire
2615 2518 2719 2557 non
2748 2503 2968 2557 dubium
3001 2511 3104 2567 est,
3127 2503 3429 2559 dicentibus
3456 2505 3612 2560 nobis
3639 2519 3769 2574 quo.

2171 2596 2306 2651 tidie
2327 2610 2450 2651 cum
2482 2596 2746 2664 Pmplieta
2771 2609 2786 2652 :
2815 2594 2945 2650 Ecce
2985 2596 3118 2649 enim
3164 2597 3218 2650 in
3259 2596 3615 2665 iniquitatibus
3645 2612 3768 2650 con.

2171 2697 2348 2756 ceptus
2367 2701 2499 2754 sum,
2524 2695 2571 2740 et
2596 2687 2647 2740 in
2668 2685 2865 2740 delictis
2886 2688 3077 2758 peperit
3106 2703 3184 2740 me
3221 2697 3383 2742 Mater
3401 2697 3517 2741 mea
3543 2687 3663 2759 (Ps.
3688 2690 3767 2760 1.).

2173 2776 2326 2834 Sicut
2367 2787 2420 2832 et
2450 2777 2738 2847 Apostolus
2767 2777 2910 2833 istud
2940 2778 3237 2834 insanabile
3266 2779 3536 2848 piaculum
3561 2795 3627 2835 ex
3657 2795 3768 2836 uno

2173 2869 2231 2925 in
2272 2884 2462 2925 omnes
2494 2869 2738 2924 homines
2787 2871 3144 2940 pertransisse
3169 2872 3472 2927 conﬁrmat.
3504 2873 3612 2929 Sed
3637 2874 3768 2930 dicit

2173 2961 2424 3033 Pelagius
2483 2961 2605 3019 ideo
2649 2977 2755 3019 non
2801 2977 2923 3020 esse
2968 2963 3230 3034 originale
3276 2973 3594 3033 peccatum.
3640 2965 3766 3034 quia

2169 3055 2287 3125 ipsa
2329 3055 2765 3126 concupiscentia
2813 3057 3175 3127 generationis
3222 3071 3288 3111 ex
3330 3056 3443 3111 Deo
3488 3057 3578 3112 sit.
3613 3057 3767 3113 Unde

2169 3156 2348 3203 autem
2379 3147 2560 3203 veniat
2601 3160 2771 3204 nexus
2811 3148 2932 3214 iste,
2965 3149 3056 3218 qui
3091 3163 3188 3217 per
3216 3155 3462 3218 posteros
3511 3149 3762 3216 trahitur,

480 3232 556 3286 De
582 3247 684 3301 qua
716 3235 924 3302 praefati
951 3251 1142 3294 sumus
1189 3240 1504 3308 stipendium
1547 3243 1740 3309 peccati
1789 3259 1945 3298 mors.
1979 3225 2142 3297 Di-C
2173 3241 2218 3295 si
2264 3240 2547 3309 requiras?
2603 3240 2719 3295 sine
2760 3237 2923 3295 dubio
2963 3254 3060 3326 per
3108 3240 3436 3294 incentivum
3464 3240 3766 3296 maledicta

479 3335 638 3389 gnam
669 3324 965 3380 secundum
1015 3327 1119 3381 tale
1158 3342 1295 3396 opus
1332 3331 1639 3385 mercedem
1685 3333 1906 3401 recepit.
1959 3333 2068 3388 tale

479 3411 809 3479 stipendium
853 3415 1050 3471 meruit
1092 3417 1180 3485 qui
1222 3417 1436 3473 diabolo
1480 3420 1748 3476 militavit.
1794 3421 1944 3476 Unde
1972 3437 2068 3477 vus

478 3499 758 3557 electionis
771 3503 1174 3563 evidentissime
1194 3507 1456 3564 rationem
1481 3510 1866 3580 redemptionis
1883 3523 2068 3569 osten-

477 3591 559 3646 dit
580 3602 636 3648 δι
661 3595 918 3662 praedicat
944 3597 1126 3653 dicens
1151 3617 1166 3655 :
1189 3599 1326 3666 Quid
1357 3603 1492 3656 enim
1527 3617 1643 3656 eum
1676 3603 1847 3657 adhuc
1871 3606 2066 3674 inﬁrmi

477 3699 715 3751 estanus,
745 3686 974 3743 Christus
995 3706 1086 3760 pro
1113 3692 1285 3759 impiis
1302 3702 1533 3748 mortuus
1553 3695 1666 3748 est?
1695 3694 1796 3749 Vix
1816 3697 1950 3750 enim
1970 3715 2064 3765 pro

475 3773 612 3838 iusto
659 3777 774 3845 quis
835 3779 1054 3832 moritur
1102 3781 1277 3848 (Rom.
1324 3785 1399 3852 v).
1449 3784 1563 3840 Hoc
1608 3793 1694 3841 est
1731 3785 1914 3843 dicere
1951 3804 1966 3842 :
2004 3787 2064 3843 Si

473 3864 801 3924 abundasset
832 3869 886 3924 in
912 3872 1068 3926 terris
1081 3873 1304 3941 justitia,
1322 3891 1428 3930 non
1451 3875 1642 3934 fuisset
1662 3892 1694 3932 e
1711 3881 1864 3934 ctelis
1887 3888 2062 3935 trans-

474 3957 637 4012 missa
669 3960 956 4017 medicina.
991 3963 1096 4021 Sed
1126 3973 1182 4020 ut
1210 3967 1490 4024 adveniret
1527 3970 1682 4025 unica
1723 3972 1944 4040 sanitas,
1967 3987 2062 4042 ge-

473 4049 671 4104 neralis
719 4053 897 4123 exegit
945 4054 1251 4114 infirmitas.
1301 4058 1442 4116 Inter
1487 4063 1602 4118 haec
1647 4077 1767 4119 cum
1813 4064 2058 4136 Pelagius

472 4142 636 4196 tantis
663 4145 1068 4215 sacrilegiorum
1097 4148 1328 4206 vinculis
1359 4152 1614 4222 illigetur,
1656 4171 1762 4210 non
1793 4159 1987 4212 mirum
2010 4160 2059 4213 si

472 4243 567 4300 per
596 4238 886 4304 reprobum
919 4252 1136 4294 sensum
1165 4242 1448 4312 multiplici
1478 4245 1720 4300 tradatur
1746 4250 1937 4310 errori.
1964 4252 2057 4319 qui

473 4338 570 4389 per
594 4324 768 4380 solum
792 4327 1030 4382 laborem
1058 4339 1207 4399 putat
1227 4346 1388 4400 posse
1409 4335 1628 4390 salvari.
1652 4337 1840 4392 Merito
1863 4349 2056 4394 contra

471 4411 630 4478 hujus
683 4417 1003 4485 arrogantia:
1061 4424 1536 4491 prassumptionem
1605 4441 1784 4481 sermo
1841 4430 2056 4484 divinus

469 4505 574 4558 vim
601 4521 710 4560 suae
734 4511 1067 4566 auctoritatis
1086 4513 1170 4567 vel
1193 4515 1574 4584 increpationis
1604 4521 1832 4573 exeruit.
1863 4521 2049 4583 Nemo,

2173 3332 2539 3402 generationis
2564 3333 2836 3399 ardorem,
2883 3341 2936 3386 et
2963 3345 3057 3401 per
3086 3331 3461 3388 illecebrosum
3489 3335 3767 3403 utriusque

2172 3423 2411 3492 parentis
2438 3422 2761 3493 amplexum.
2797 3423 2930 3477 Nam
2957 3437 3082 3477 cum
3110 3423 3255 3477 illum
3285 3423 3458 3478 solum
3491 3425 3664 3480 videas
3691 3424 3765 3480 ab

2172 3514 2421 3584 originali
2468 3515 2760 3569 immunem
2806 3527 2926 3570 esse
2953 3516 3296 3586 contagione,
3343 3516 3435 3586 qui
3465 3531 3568 3571 non
3595 3531 3763 3572 carne

2171 3605 2268 3659 sed
2313 3605 2523 3675 spiritu,
2555 3617 2653 3660 nec
2677 3607 3043 3662 erubescenda
3075 3607 3345 3676 passione,
3376 3607 3469 3662 sed
3496 3608 3761 3676 stupenda

2169 3695 2547 3754 benedictione
2586 3706 2881 3766 conceptus
2927 3707 3051 3766 est,
3102 3711 3333 3769 agnosce
3379 3711 3595 3753 causam
3634 3699 3760 3754 mali

2171 3787 2446 3854 originalis
2468 3788 2536 3842 de
2563 3789 2958 3843 oblectamento
2981 3798 3164 3844 natum
3194 3789 3590 3858 conceptionis,
3613 3798 3667 3844 et
3687 3789 3761 3843 de

2168 3880 2303 3933 vitio
2333 3879 2642 3948 voluptatis.
2679 3881 2968 3949 Proriterea
3014 3883 3176 3937 etiam
3209 3882 3376 3936 Adam
3420 3891 3474 3936 et
3505 3883 3672 3936 Evam
3703 3883 3758 3936 in

2165 3968 2377 4040 origine
2405 3984 2500 4025 sua
2526 3970 2784 4027 obnoxios
2817 3972 3055 4027 conditio
3080 3973 3182 4026 ista
3212 3987 3318 4027 non
3352 3975 3542 4038 tenuit,
3573 3975 3692 4044 quia
3724 3988 3755 4026 a

2166 4063 2396 4118 duorum
2427 4063 2725 4119 ministerio
2750 4079 2936 4119 eorum
2961 4080 3176 4135 quoque
3205 4074 3356 4120 ortus
3382 4067 3609 4130 alienus,
3641 4066 3758 4120 ille-

2165 4156 2384 4212 cebrain
2418 4156 2470 4212 in
2509 4157 2591 4211 sui
2637 4158 2915 4212 nativitate
2940 4169 2993 4213 et
3037 4159 3310 4212 creatione
3355 4157 3597 4212 nescit-it.
3645 4157 3754 4212 Sed

2164 4248 2389 4304 forsitan
2442 4250 2722 4318 requiras,
2770 4265 2934 4319 quare
2983 4251 3036 4304 in
3085 4258 3347 4320 conceptu
3397 4251 3468 4303 sit
3515 4250 3751 4319 positum

2162 4341 2424 4409 originale
2467 4341 2743 4397 delictum.
2778 4342 2987 4397 Initium
3031 4343 3196 4396 totius
3225 4342 3415 4405 ruitura,
3444 4341 3751 4396 obedietnia

2163 4429 2284 4483 fuit.
2319 4431 2554 4484 Primum
2587 4431 2729 4484 enim
2779 4431 3050 4486 exaltatus
3081 4433 3263 4497 homo,
3293 4441 3476 4502 postea
3512 4433 3752 4485 humilia-

2163 4534 2248 4578 tus
2280 4533 2363 4579 est
2397 4535 2452 4579 et
2491 4525 2766 4580 confusus.
2799 4527 2865 4581 Et
2892 4527 3012 4596 quia
3042 4527 3226 4580 ωηιξη
3259 4529 3450 4580 honore
3469 4537 3616 4588 esset,
3645 4541 3751 4580 non

468 4594 663 4692 inquit:
694 4599 824 4692 venit
850 4601 919 4653 ad
950 4618 1048 4669 me,
1083 4603 1184 4658 uisi
1217 4603 1375 4660 Pater
1398 4609 1666 4662 στέγαισι-ἂι
1709 4627 1822 4664 cum
1864 4612 2051 4680 (Joan.
2082 4592 2141 4654 Β
2161 4615 2431 4683 intellexit,
2464 4619 2582 4673 ideo
2609 4592 2935 4690 comparatus
2973 4631 3048 4675 est
3086 4622 3336 4692 jumentis
3366 4621 3747 4690 insipientibus,

467 4685 568 4756 vr).
622 4687 692 4744 Et
727 4691 920 4748 iterum
953 4712 965 4746 :
998 4694 1120 4750 Non
1164 4698 1398 4766 volentis,
1447 4715 1605 4770 neque
1645 4706 1917 4768 currentis,
1962 4710 2053 4759 sed

348 4794 358 4805 ·
465 4782 746 4838 miserentis
764 4793 836 4837 est
853 4785 947 4840 Dei
967 4788 1143 4856 (liam.
1170 4791 1269 4860 ts).
1286 4791 1439 4858 Quod
1466 4795 1664 4848 merito
1681 4795 1746 4848 ad
1767 4810 1826 4850 se
1847 4795 2049 4853 dictum

463 4885 586 4926 esse
614 4877 898 4943 reputavit,
940 4880 1032 4948 qui
1081 4881 1308 4936 salutem
1333 4899 1484 4938 suam
1511 4898 1636 4940 cum
1662 4887 1877 4958 Pelagio
1918 4905 2046 4959 pro-

464 4961 581 5030 prio
611 4963 663 5018 in
694 4964 968 5024 voluntate
994 4984 1057 5023 ac
1085 4971 1282 5028 virtute
1311 4975 1607 5030 constituit.
1659 4977 1809 5044 Quod
1861 4981 2047 5050 utique

463 5051 542 5107 illi
587 5054 744 5125 objici
793 5072 901 5113 non
949 5074 1171 5117 necesse
1209 5072 1312 5130 est,
1355 5066 1444 5134 qui
1488 5070 1691 5123 nonde
1717 5073 1835 5124 solo
1863 5073 2049 5129 labore

463 5148 761 5215 praesumit,
791 5150 885 5204 sed
914 5154 1196 5208 conatibus
1224 5156 1336 5212 suis
1361 5159 1730 5226 quonidiauam
1761 5164 1852 5217 Dei
1883 5165 2048 5219 miseo

462 5236 749 5295 ricordiam
787 5251 841 5297 et
862 5243 1044 5314 jugem
1089 5247 1317 5316 gratiam
1350 5248 1740 5319 implorandum
1775 5270 1893 5310 esse
1915 5270 2044 5326 cog-

459 5332 668 5397 noscit,
712 5341 767 5387 et
806 5335 1067 5394 auxilium
1114 5339 1326 5396 Domini
1375 5343 1619 5414 pervigili
1657 5346 2044 5408 obsecratione

460 5418 723 5493 depascit.

1083 5523 1310 5581 CAPUT
1347 5526 1411 5582 ll.

459 5605 651 5668 Contra
687 5615 1079 5671 observationem
1110 5617 1340 5692 Pelagii,
1375 5637 1476 5691 qua
1506 5625 1650 5693 dicit,
1681 5630 1920 5695 paruulos
1951 5636 2041 5683 ba-

993 5697 1179 5759 ptismo
1207 5709 1308 5746 non
1340 5709 1505 5764 egere.

2161 4717 2209 4762 et
2237 4709 2419 4762 similis
2461 4711 2624 4780 {actus
2656 4721 2729 4764 est
2757 4713 2860 4766 illis
2887 4711 3068 4782 (Paul.
3097 4712 3312 4782 sunt).
3346 4712 3590 4780 Quandiu
3613 4726 3748 4780 ergo

2160 4799 2300 4853 circa
2344 4801 2577 4854 auctoris
2606 4801 2921 4871 obsequium
2951 4803 3223 4859 humilitas
3259 4804 3616 4858 reverentiam
3666 4813 3745 4856 te-

2160 4891 2296 4956 nuit,
2326 4891 2619 4947 nuditatem
2661 4894 2991 4950 conscientia
3023 4893 3364 4948 immaculata
3394 4909 3501 4948 non
3543 4894 3742 4958 seruit;

2157 4997 2278 5038 cum
2323 4997 2450 5037 vero
2479 4985 2570 5038 illo
2599 4985 2781 5040 animo
2824 4993 2882 5040 ut
2909 4986 3048 5040 Deus
3089 4997 3253 5048 esset,
3285 4995 3500 5056 gustum
3526 4985 3629 5040 cibi
3659 4986 3742 5040 le-

2159 5079 2318 5136 tlialis
2350 5081 2600 5150 appetiit,
2639 5091 2696 5136 et
2721 5081 3078 5136 damnandam
3104 5083 3452 5153 cupiditatem
3481 5083 3532 5138 in
3561 5083 3741 5137 ambi-

2156 5178 2270 5224 tum
2301 5171 2598 5238 majestatis
2625 5172 2864 5227 extendit
2890 5212 2905 5239 ,
2953 5172 3238 5228 immemor
3268 5173 3401 5244 legis
3438 5183 3492 5229 et
3521 5174 3742 5228 manda-

2154 5269 2332 5317 torum
2381 5261 2509 5331 legis
2544 5301 2560 5328 ,
2623 5263 2840 5318 rebellis
2902 5264 3192 5319 mulctatur
3235 5266 3291 5320 in
3341 5265 3742 5336 impugnationo

2151 5353 2543 5407 membrorum.
2590 5352 2659 5406 Et
2696 5351 2823 5407 dum
2851 5353 3214 5421 aqualitatem
3247 5355 3458 5414 Domini
3488 5355 3568 5408 sui
3603 5369 3736 5423 prae-

2150 5443 2339 5510 Sumit,
2368 5444 2612 5514 corporis
2638 5445 2719 5498 sui
2749 5444 2980 5512 perdidit
3006 5455 3345 5516 potestatem.
3388 5448 3460 5502 De
3487 5447 3742 5516 superbia

2151 5551 2384 5606 namque
2408 5548 2529 5590 nata
2559 5546 2642 5591 est
2671 5537 3075 5593 incontinentia.
3103 5539 3234 5594 Nam
3267 5539 3392 5608 quid
3435 5539 3488 5593 in
3523 5553 3589 5593 eo
3621 5553 3717 5607 per

2151 5641 2370 5684 cussum
2416 5635 2564 5683 esset
2607 5629 2862 5695 ostendit,
2893 5633 3108 5699 quando
3144 5631 3449 5686 verecunda
3477 5631 3739 5686 contexit.

2148 5718 2438 5774 Praecessit
2463 5719 2646 5785 elatio,
2679 5731 2861 5775 secuta
2887 5722 3132 5777 confusio
3161 5733 3262 5778 est.
3293 5723 3595 5779 Divinitatis
3625 5737 3737 5776 atn~

525 5795 783 5858 Attendat
811 5801 976 5860 etiam
1007 5802 1106 5861 hoc
1135 5803 1379 5876 Pelagius
1403 5822 1416 5860 :
1439 5804 1497 5862 Si
1538 5821 1635 5877 per
1659 5807 1906 5879 baptismi
1937 5812 2040 5868 do-
2096 5854 2103 5864 .
2151 5813 2382 5870 hitiosus
2407 5856 2422 5882 ,
2469 5811 2704 5868 libidinis
2732 5815 2899 5886 carpit
2941 5829 3061 5870 esse
3091 5817 3350 5884 captivus.
3382 5815 3486 5873 Sed
3514 5814 3738 5871 forsitan

2066 5896 2127 5951 ’7
