4068 6348
335 415 443 477 789

1412 425 1497 481 DE
1538 423 1788 481 GRATlA
1832 423 1971 491 DEI,
2016 424 2188 494 ETC.,
2232 426 2357 482 LIB.
2403 428 2440 483 Ι.

3499 430 3601 490 700

335 534 485 592 dicas
512 552 521 587 :
549 532 674 589 dum
705 534 821 592 hac
849 538 1044 593 asseris
1070 539 1284 607 nuptias
1314 536 1567 594 damnare
1610 538 1911 608 deprehen-
1938 537 1991 597 A
2014 548 2222 606 partem
2248 540 2484 593 subsidia
2514 541 2771 596 orationis
2800 540 3108 596 excludunt.
3134 541 3268 609 Quid
3298 543 3438 596 enim
3463 541 3598 598 ultra

332 627 499 683 deris.
524 626 640 682 Non
665 629 737 683 ita
757 637 859 687 est.
883 630 1161 686 Ordinatio
1182 626 1432 701 nuptialis
1454 648 1519 686 ex
1545 632 1919 687 benedictione

334 720 544 789 cmpit;
603 722 881 791 generatio
941 723 1303 795 torruptionis
1359 740 1424 778 ex
1464 724 1921 794 transgressione

333 815 520 881 cmpit.
553 810 770 868 Interim
816 815 1122 883 nuptiarum
1152 830 1347 871 munus
1382 816 1559 872 adhuc
1588 816 1641 870 in
1672 817 1919 886 paradiso

331 915 364 956 a
390 900 645 958 Creatore
687 918 1027 969 concessum,
1059 914 1113 961 et
1150 922 1336 962 earum
1369 922 1495 965 usus
1526 919 1673 963 extra
1707 908 1918 978 paradi-

331 1010 453 1049 sum
481 995 591 1065 iam
627 997 860 1065 sumpsit
883 999 1182 1054 exordium.
1216 1000 1500 1056 Peccatum
1529 1001 1582 1056 in
1613 1001 1789 1055 medio
1820 1000 1919 1054 iuit

331 1088 479 1144 inter
519 1089 918 1159 generationem
973 1102 1026 1147 et
1087 1094 1593 1162 concupiscentiam.
1652 1094 1917 1163 Quidquid

334 1182 629 1252 przcceptio
660 1181 838 1237 divina
869 1186 1166 1251 constituit,
1199 1186 1299 1240 hoc
1326 1187 1503 1251 laudo,
1531 1186 1787 1255 quidquid
1822 1188 1917 1241 hu»

335 1286 498 1328 mana
530 1274 896 1341 pra-varicatio
922 1276 1120 1345 adjecit
1145 1266 1249 1331 hoc
1292 1278 1541 1347 reprobo.
1566 1278 1845 1344 Quomodo
1873 1279 1916 1331 si

334 1363 531 1433 aliquis
573 1376 694 1418 atro
742 1364 1146 1435 inquinamento
1194 1367 1482 1423 candorem
1540 1369 1707 1422 nivea:
1755 1370 1918 1422 vestis

336 1466 622 1527 aspergat,
672 1472 779 1512 non
807 1458 1055 1528 displicet
1088 1457 1311 1521 factura.
1355 1461 1448 1515 sed
1483 1459 1706 1514 macula.
1739 1460 1917 1515 Vesti-

335 1549 511 1604 menti
542 1562 648 1605 non
675 1549 857 1604 amisit
907 1565 1059 1605 usum
1088 1589 1105 1615 ,
1154 1551 1254 1605 etsi
1308 1550 1544 1619 perdidit
1586 1550 1914 1619 dignitatem.

336 1639 537 1696 Futura
563 1649 680 1696 erat
708 1640 1075 1696 indubitanter
1101 1652 1247 1695 casta
1284 1654 1339 1695 et
1367 1642 1574 1695 sincera
1619 1644 1913 1710 generatio,

334 1731 382 1787 si
429 1746 535 1786 non
586 1730 980 1787 intercessisset
1031 1731 1243 1786 inimica
1274 1732 1643 1801 transgressio.
1676 1732 1781 1787 Sed
1822 1732 1920 1785 im—

336 1824 633 1881 maculatos
661 1823 845 1880 thoros
871 1839 993 1881 caro
1034 1823 1395 1880 maledictioni
1436 1823 1646 1878 addicta
1678 1825 1916 1878 macula—

2022 640 2223 699 speret,
2268 646 2424 700 quem
2452 631 2561 700 iam
2592 632 2757 701 gratia
2789 648 2942 687 suum
2985 632 3145 687 fecit?
3185 633 3239 689 lu
3281 648 3385 702 quo
3413 648 3598 688 cenn-

2024 721 2189 777 trario
2232 737 2338 775 non
2387 720 2674 791 desperet,
2725 738 2886 792 quem
2918 723 3199 793 pra-ﬁnitio
3233 723 3465 778 violenta
3505 727 3603 777 da-

2022 814 2250 867 mnavit.
2276 814 2334 869 ln
2364 812 2468 869 hoc
2492 815 2669 883 culpa,
2694 816 2746 867 in
2773 815 2864 869 illo
2892 816 3060 884 gratia
3086 814 3261 869 locum
3286 830 3392 870 non
3420 814 3598 870 habet.

2022 904 2415 962 Periclitabitur
2442 907 2493 961 in
2528 916 2752 975 utroque
2768 907 2995 976 iustitia.
3020 906 3467 964 Remunerabitur
3486 910 3603 963 sine

2023 997 2143 1051 ﬁdei
2193 998 2425 1064 merito,
2476 1008 2783 1067 assumptus
2828 998 3168 1055 damnabitur
3212 1001 3334 1055 sine
3388 1002 3604 1070 proprio
3656 1058 3657 1061 η

2020 1090 2245 1144 crimine
2269 1090 2582 1147 derelictus.
2610 1089 2767 1145 Salus
2796 1090 2868 1145 illi
2902 1090 3188 1160 ingerenda
3220 1102 3302 1146 est
3328 1107 3431 1147 non
3462 1108 3605 1162 qum-

2021 1182 2182 1248 renti,
2213 1181 2336 1237 huic
2355 1182 2638 1238 auferenda
2668 1182 2948 1238 laboranti.
2976 1182 3080 1238 Sed
3107 1183 3239 1239 dicis
3265 1202 3275 1236 :
3301 1185 3425 1241 ideo
3450 1201 3607 1241 orare

2022 1273 2180 1328 debet
2203 1314 2220 1337 ,
2260 1275 2383 1342 quia
2417 1290 2483 1331 ex
2519 1290 2622 1343 qua
2655 1283 2806 1345 parte
2835 1276 2906 1329 sit
2940 1274 3129 1329 nescit.
3160 1274 3289 1341 Quis
3323 1290 3428 1331 non
3462 1286 3607 1345 putet

2020 1368 2411 1423 rationabiliter
2459 1383 2522 1423 ac
2572 1369 2848 1437 sapienter
2892 1366 3058 1423 fuisse
3108 1367 3459 1437 responsum?
3500 1367 3605 1424 Sed

2019 1460 2146 1529 quid
2177 1476 2335 1516 orare
2378 1461 2579 1516 homini
2630 1462 2868 1531 proderit
2920 1461 2974 1516 in
3021 1476 3125 1516 una
3165 1461 3350 1515 harum
3378 1461 3606 1515 duarum

2020 1549 2328 1606 conditione
2352 1552 2680 1607 omnimodis
2705 1552 3031 1608 constituto?
3072 1554 3200 1607 Nam
3228 1553 3327 1607 etsi
3352 1552 3416 1607 ad
3445 1567 3605 1623 quam

2024 1648 2228 1704 partem
2276 1640 2434 1695 fuerit
2481 1642 2768 1711 deputatus
2816 1642 3055 1711 ignorat.
3102 1651 3381 1713 utramque
3428 1654 3605 1699 tamen

2026 1738 2229 1796 partem
2278 1732 2511 1786 deﬁxam
2557 1749 2675 1788 esse
2721 1742 2775 1788 et
2806 1733 3197 1790 immutabilem
3240 1751 3343 1788 non
3377 1734 3605 1805 ignorat.

2026 1818 2164 1886 Quid
2210 1821 2375 1876 refert
2400 1822 2444 1876 si
2474 1824 2710 1879 nondum
2741 1826 2950 1879 noverit
2980 1825 3156 1880 locum
3183 1842 3362 1891 suum,
3397 1828 3485 1895 qui
3515 1826 3608 1881 de-

336 1913 435 1977 vit,
466 1924 522 1970 et
558 1914 821 1983 superbiai
869 1914 1108 1982 spiritus,
1163 1916 1456 1985 simplicem
1505 1916 1740 1982 corrupit
1788 1913 1915 1969 alfe-
1948 1894 1998 1957 Β
2030 1914 2335 1969 ﬁuitissime
2373 1917 2665 1986 novitquia
2690 1919 2892 1973 nullum
2913 1920 3022 1988 iam
3047 1920 3269 1988 recipiat
3288 1921 3367 1973 vel
3392 1894 3608 1975 dextera

336 2015 504 2060 ctum.
528 2006 591 2059 Et
615 2006 752 2060 sicut
782 2004 1199 2062 immortalitatis
1229 2006 1584 2077 privilegium,
1611 2007 1685 2059 ita
1714 2005 1916 2060 donum

337 2098 567 2168 perdidit
592 2100 855 2170 puritatis.
889 2099 1005 2154 Non
1036 2100 1087 2154 iu
1117 2100 1389 2169 querelam
1416 2110 1636 2154 vocatur
1666 2100 1916 2166 nuptiaiis

332 2192 528 2263 gratia,
556 2191 651 2248 sed
688 2193 933 2249 obscena:
963 2195 1222 2264 passionis
1259 2195 1473 2264 injuria.
1502 2194 1617 2249 Non
1646 2210 1830 2249 aurum
1864 2195 1915 2247 in

333 2284 545 2354 culpam
576 2284 741 2351 venit,
770 2285 860 2340 sed
890 2286 1145 2357 quidquid
1175 2302 1307 2340 auro
1331 2286 1529 2357 obryzo
1558 2286 1914 2341 adulterinum

337 2374 482 2433 fraus
509 2376 804 2446 iniquitatis
829 2378 1136 2443 admiscuit,
1167 2380 1305 2434 sicut
1348 2378 1544 2449 Pelagii
1573 2379 1818 2447 Spiritum
1849 2379 1915 2431 ad

336 2465 559 2520 meliora
589 2467 767 2528 studia
792 2483 820 2521 a
866 2465 977 2522 Deo
1019 2470 1321 2536 conditum,
1381 2472 1722 2541 corruptione
1756 2470 1917 2539 pesti-

336 2557 447 2614 fera
478 2560 726 2629 nequitiae
754 2568 937 2615 auctor
963 2560 1167 2615 infecit.

951 2651 1175 2708 CAPUT
1213 2652 1300 2708 ΙΙΙ.

334 2742 528 2801 Contra
548 2746 643 2798 hoc
664 2745 801 2813 quod
832 2743 1025 2809 dicunt,
1048 2745 1173 2815 quia
1200 2760 1291 2815 per
1313 2744 1477 2798 solam
1505 2748 1724 2815 gratiam
1750 2748 1917 2803 omnis

688 2818 838 2868 homo
867 2815 973 2868 sine
1000 2814 1106 2867 ullo
1136 2814 1307 2868 labore
1330 2818 1572 2870 salvetur.

411 2929 560 2985 Nunc
606 2927 928 2984 veniendum
974 2936 1058 2984 est
1104 2929 1168 2982 ad
1220 2930 1338 2983 illos
1381 2930 1505 2999 qui,
1535 2930 1659 2986 dum
1690 2932 1916 3001 gratiam

338 3021 460 3077 aliis
499 3019 611 3075 dari
639 3060 653 3085 ,
702 3018 820 3073 aliis
852 3020 1029 3089 negari
1062 3028 1330 3086 asserunt,
1362 3035 1557 3075 munus
1581 3020 1765 3091 gratia:
1796 3037 1918 3076 cum

338 3115 556 3186 Pelagio
620 3115 986 3181 perdiderunt.
1037 3114 1227 3170 Dicunt
1274 3130 1404 3187 ergo
1458 3118 1524 3172 ad
1573 3118 1773 3173 cultum
1826 3119 1922 3174 Dei

340 3213 501 3275 atque
527 3203 861 3268 famulatum,
894 3206 1052 3259 etiam
1098 3213 1219 3275 post
1260 3207 1511 3274 baptismi
1560 3209 1796 3266 salutare
1825 3210 1922 3265 do-

342 3312 470 3350 num
498 3297 702 3352 devotze
728 3298 999 3359 servitutis
1032 3298 1391 3353 obedientiam
1436 3315 1543 3355 non
1570 3301 1793 3370 requiri,
1823 3302 1921 3358 sed

340 3387 511 3441 solam
542 3404 637 3455 per
662 3402 720 3442 se
745 3389 967 3459 gratiam
998 3389 1241 3444 eﬂ‘ectum
1271 3389 1517 3446 humana:
1560 3392 1745 3447 salutis
1791 3409 1920 3461 ope-

340 3478 468 3532 rari.
501 3477 713 3540 Totum.
742 3480 1005 3549 inquiunt,
1029 3482 1193 3535 solius
1222 3492 1303 3537 est
1329 3483 1530 3551 gratim.
1556 3484 1700 3540 Istud
1730 3487 1920 3543 melius

340 3583 369 3621 a
403 3568 553 3622 nobis
585 3574 777 3637 p0'crit
804 3570 928 3637 dici,
963 3570 1061 3625 hoc
1092 3572 1261 3640 magis
1289 3574 1486 3628 nostris
1514 3574 1756 3643 partibus
1784 3592 1918 3633 con-

340 3659 487 3713 venit
529 3659 782 3729 applicari
829 3679 839 3712 :
883 3662 969 3730 qui
1000 3678 1106 3717 non
1154 3663 1205 3716 in
1256 3672 1495 3733 partem,
1527 3665 1623 3723 sed
1665 3666 1716 3721 in
1748 3676 1921 3724 totum

336 3765 506 3823 genus
554 3753 843 3807 humanum
888 3754 1072 3823 gratia:
1105 3753 1362 3810 beneﬁcia
1390 3756 1617 3811 fatemur
1662 3758 1916 3813 extendi:

337 3845 417 3899 sic
470 3854 647 3900 tamen
705 3856 758 3900 ut
806 3846 852 3901 ei
914 3846 1198 3916 vigilantiae
1244 3846 1495 3903 humanae
1537 3848 1773 3903 studium
1825 3865 1921 3919 per

338 3938 519 3993 omnia
555 3938 859 4007 iudicemus
885 3937 1121 4008 adiungi.
1150 3938 1280 3994 Nam
1313 3940 1400 4009 qui
1428 3948 1588 4010 negat
1616 3940 1799 4011 gratiae
1834 3956 1921 3999 as-

336 4030 651 4085 sociandum
701 4029 940 4085 tumulati
995 4031 1191 4087 laboris
1222 4040 1494 4100 conatum,
1527 4034 1793 4089 subtrahit
1827 4034 1921 4087 ho-

337 4121 469 4175 mini
516 4122 787 4176 servitutis
830 4120 1082 4176 ol‘ﬁcium.
1117 4122 1308 4178 Nescio
1351 4123 1439 4179 ubi
1483 4132 1577 4177 aut
1607 4125 1821 4194 quando
1851 4127 1921 4181 ab

334 4228 501 4284 opere
552 4213 767 4281 feriari,
814 4213 1026 4280 quando
1069 4217 1179 4271 otio
1228 4217 1418 4273 debeat
1467 4216 1797 4287 dcrelinqui,
1829 4220 1922 4289 qui

1948 3254 1997 3323 ϐ

334 4306 501 4361 etiam
552 4306 604 4361 in
637 4307 900 4377 .paradiso
939 4307 1154 4377 iubetur
1202 4312 1432 4378 operari.
1488 4311 1540 4365 In
1591 4326 1695 4381 quo
1744 4311 1762 4381 (
1779 4312 1922 4365 sicut
1968 4328 1970 4331 ν

336 4395 588 4467 legimus)
620 4397 688 4451 ita
715 4405 799 4469 est
821 4399 1171 4466 constitutus,
1220 4410 1273 4454 ut
1302 4404 1597 4472 aperaretur
1623 4412 1667 4455 et
1696 4405 1920 4457 rested:-

240 4524 251 4531 ~
334 4496 414 4542 ret
454 4484 601 4541 illum
623 4485 777 4558 (Cen.
810 4487 891 4557 tt).

948 4578 1176 4637 CAPUT
1216 4582 1303 4637 IV.

2025 2005 2321 2075 periculum
2368 2006 2452 2064 vel
2497 2008 2716 2064 sinistra
2768 2008 3102 2078 profectum?
3148 2010 3300 2077 Quod
3339 2010 3383 2064 si
3434 2010 3611 2064 adhuc

2025 2105 2134 2149 tant
2161 2096 2382 2152 confusa
2411 2100 2688 2168 persuasio
2718 2102 3017 2155 orationem
3049 2100 3408 2155 necessariam
3440 2108 3610 2168 putat,

2023 2188 2389 2244 indubitanter
2414 2200 2668 2260 agnoscat
2694 2192 2812 2260 quia
2838 2200 3025 2246 contra
3056 2192 3421 2247 deﬁnitionem
3445 2206 3599 2246 suam

2024 2289 2080 2334 et
2106 2280 2172 2334 de
2198 2281 2371 2337 salute
2399 2282 2464 2337 ad
2495 2283 2871 2351 perditionem,
2921 2293 2973 2338 et
3000 2284 3069 2338 de
3110 2283 3409 2351 perditione
3436 2292 3610 2338 trans-

2025 2371 2105 2426 ire
2150 2373 2346 2443 poterit
2374 2373 2442 2427 ad
2482 2372 2731 2429 salutem.
2787 2374 2843 2429 Si
2874 2389 3004 2443 ergo
3045 2374 3233 2430 orandi
3275 2387 3427 2428 nsum
3476 2388 3609 2441 pra:-

2025 2464 2430 2518 termittendutn
2462 2481 2584 2520 esse
2614 2481 2719 2519 non
2748 2465 2998 2530 aestimat.
3028 2466 3265 2520 studium
3296 2481 3402 2519 non
3432 2465 3609 2518 exclu-

2033 2556 2123 2609 dat
2155 2556 2433 2625 opcrandi.
2465 2556 2603 2623 Quid
2634 2567 2717 2612 est
2759 2556 2903 2612 hoc?
2948 2557 3164 2625 pulsare
3189 2556 3387 2611 debere
3413 2569 3500 2609 me
3525 2553 3609 2623 iu-

2023 2646 2194 2710 dicas,
2217 2656 2270 2701 et
2296 2648 2647 2716 aperiendum
2679 2648 2806 2704 mihi
2835 2663 2955 2704 esse
2977 2648 3254 2718 desperas.
3285 2648 3611 2702 Alterutrum

2026 2752 2155 2804 ergo
2187 2738 2347 2792 faciat
2372 2779 2388 2803 ,
2436 2749 2528 2793 aut
2559 2738 2787 2795 fructum
2815 2742 3076 2796 orationis
3104 2747 3285 2811 neget,
3316 2749 3411 2794 aut
3436 2740 3610 2809 legem

2025 2837 2237 2883 statutae
2285 2829 2599 2899 perditionis
2646 2832 2917 2887 excludat.
2967 2833 3216 2896 Videmus
3265 2833 3445 2901 itaque
3487 2832 3611 2901 quia

2027 2919 2145 2974 haec
2175 2921 2327 2988 plena
2354 2923 2555 2976 erroris
2598 2924 2854 2991 assertio,
2888 2925 3013 2978 dum
3040 2938 3257 2978 causam
3305 2922 3613 2978 intercludit

2026 3010 2214 3066 orandi
2244 3012 2311 3067 de
2356 3012 2473 3067 luce
2516 3015 2704 3083 gratia:
2740 3016 2945 3085 incipit,
2978 3027 3032 3071 et
3078 3015 3199 3070 linis
3224 3014 3344 3084 ejus
3372 3014 3426 3068 iu
3458 3022 3613 3068 teneo

2028 3104 2154 3158 bras
2188 3105 2451 3175 sacrilegii
2494 3107 2717 3162 incurrit
2751 3122 2814 3163 ac
2840 3108 3039 3165 deﬁcit.
3068 3108 3160 3165 Sic
3182 3108 3429 3173 diabolus
3455 3106 3611 3163 calli-

2028 3194 2199 3250 ditate
2228 3198 2428 3251 veteris
2470 3197 2682 3253 artiﬁcii
2712 3213 2775 3253 ac
2805 3198 3145 3254 multiformis
3176 3198 3397 3267 ingenii,
3428 3198 3612 3253 condit

2030 3288 2393 3346 blandimenta
2424 3292 2702 3361 peccandi.
2742 3291 2832 3347 Sic
2858 3292 3022 3347 etiam
3056 3293 3283 3347 maleﬁci
3322 3291 3498 3347 facere
3525 3306 3610 3345 su-

2031 3383 2143 3436 leut
2185 3382 2275 3451 qui
2320 3380 2631 3437 mortiferus
2671 3384 2955 3438 herbarum
3001 3393 3305 3452 temperant
3333 3396 3522 3438 succos
3557 3382 3613 3436 in

2027 3475 2279 3540 condito,
2308 3484 2400 3529 aut
2446 3475 2623 3545 aliquo
2664 3475 2806 3529 dulci
2848 3477 3038 3545 poculo
3080 3474 3442 3529 nescientibus
3485 3488 3611 3541 pro-

2028 3566 2264 3636 pinaturi
2294 3576 2506 3635 gustum
2539 3567 2759 3621 mentita
2793 3566 3056 3621 suavitate
3084 3574 3432 3634 componunt,
3467 3565 3613 3618 virus

2028 3658 2406 3712 amaritudinis
2434 3658 2727 3712 obscurant
2769 3656 2957 3711 fraude
2985 3657 3306 3711 dulcedinis.
3352 3656 3613 3710 Provocat

2029 3752 2237 3817 primus
2276 3748 2411 3804 odor
2434 3750 2631 3817 poculi,
2664 3749 2758 3804 sed
2791 3750 3044 3817 praeitmat
3074 3750 3310 3804 inclusus
3335 3764 3495 3818 sapor
3524 3765 3614 3807 ve-

2028 3842 2175 3895 neni.
2206 3839 2309 3893 Mel
2339 3827 2423 3893 esi.
2451 3839 2594 3909 quod
2626 3840 2870 3894 ascendit
2910 3842 2960 3894 in
2994 3840 3132 3894 labia
3160 3880 3175 3906 ,
3222 3839 3289 3893 fel
3340 3850 3423 3893 est
3468 3844 3610 3910 quod

2027 3932 2307 3987 descendit
2331 3933 2385 3986 in
2416 3934 2646 3987 viscera.
2677 3932 2867 3987 Dicunt
2896 3934 3034 4001 quod
3068 3932 3119 3985 iu
3145 3933 3403 3988 alterutro
3433 3915 3611 3991 r'erum

2026 4032 2169 4076 statu
2212 4023 2331 4078 illos
2377 4022 2480 4077 sibi
2522 4036 2670 4077 mors
2717 4021 2955 4078 vindicet
2980 4063 2995 4085 ,
3042 4023 3175 4077 istos
3203 4024 3309 4075 vita
3336 4022 3610 4086 defendat,

2026 4131 2148 4185 qua:
2171 4130 2291 4170 cum
2323 4113 2525 4179 dicunt,
2557 4114 2650 4184 qui
2694 4130 2854 4171 unum
2884 4115 2939 4169 iu
2968 4114 3175 4184 origine
3216 4113 3503 4181 perditum,
3534 4114 3613 4166 al-

2029 4219 2201 4265 terum
2231 4210 2283 4264 in
2318 4208 2787 4279 praedestinatione
2812 4208 3048 4263 afﬁrmat
3072 4209 3323 4283 electum,
3358 4204 3475 4259 vide
3504 4221 3611 4275 quo

2028 4302 2271 4372 improha
2305 4304 2653 4375 persuasione
2679 4303 2931 4358 declinet.
2955 4300 3089 4367 Quid
3120 4301 3263 4356 enim
3293 4299 3433 4354 aliud
3461 4298 3610 4362 dicit,

2028 4393 2129 4447 nisi
2174 4394 2312 4462 quod
2359 4394 2624 4463 adiutorio
2658 4393 2917 4450 orationis
2942 4402 3131 4448 neuter
3174 4390 3450 4462 indigeat?
3476 4389 3611 4445 Nam

2023 4484 2136 4553 iam
2170 4485 2541 4556 pmrdinatis
2588 4484 2656 4540 ad
2687 4486 2850 4540 vitam
2879 4487 3181 4542 necessaria
3214 4502 3319 4540 non
3363 4484 3488 4553 erit,
3522 4485 3614 4538 de-

2033 4577 2231 4648 putatis
2259 4578 2326 4631 ad
2356 4588 2583 4632 mortem
2623 4576 2881 4647 prodesse
2912 4586 3025 4630 non
3058 4574 3273 4644 poterit.
3301 4575 3358 4630 ln
3389 4577 3495 4630 isto
3522 4589 3614 4629 su-

338 4671 534 4728 Contra
572 4690 685 4726 eum
728 4688 953 4737 sensum,
981 4675 1070 4742 qui
1103 4674 1317 4728 dicendo
1355 4694 1372 4727 ι
1411 4674 1552 4731 Unus
1583 4677 1652 4730 ad
1702 4688 1918 4736 mortem
1951 4667 2006 4686 ⁴¹’
2034 4684 2319 4739 pervacua,
2370 4671 2422 4724 in
2469 4670 2561 4723 illo
2592 4670 2799 4723 inﬁrma
2822 4668 3167 4737 iudicabitur.
3203 4667 3465 4722 Beneﬁcia
3489 4681 3614 4735 sup-

411 4744 801 4816 prtrordinatus,
833 4744 963 4816 alter
985 4745 1051 4816 ad
1075 4745 1229 4816 vitam
1255 4746 1643 4815 prtzdeslinulus
1663 4760 1756 4816 85f,
1784 4770 1799 4800 ι
1834 4768 1916 4805 re-

411 4814 504 4867 bus
526 4814 652 4883 ipsis
671 4829 809 4885 opem
835 4814 1131 4868 intercludit
1156 4814 1372 4869 orando.

412 4956 545 5007 Cum
574 4952 809 5008 dixerint
833 4971 847 5008 :
873 4961 1039 5007 totum
1070 4954 1256 5023 gratia:
1287 4954 1379 5008 Dei
1423 4963 1505 5008 est
1529 4970 1541 5007 :
1567 4957 1684 5023 quis
1713 4971 1817 5010 non
1849 4959 1918 5011 ad

335 5052 447 5096 tum
480 5044 829 5098 reverendum
860 5059 1052 5097 nomen
1098 5044 1242 5099 omni
1270 5042 1450 5098 cordis
1480 5043 1763 5099 inclinetur
1789 5046 1918 5101 affe-

334 5135 466 5188 ctu?
502 5136 605 5192 Sed
647 5151 769 5190 cum
816 5135 1253 5206 responderimus
1280 5152 1293 5187 :
1325 5142 1492 5190 totum
1535 5136 1689 5204 plane
1734 5138 1918 5206 gratiae

333 5236 452 5289 est,
494 5228 585 5280 sed
617 5228 865 5281 oumibus
914 5243 975 5282 ea
1015 5227 1169 5282 oﬁ'ert
1196 5238 1354 5297 atque
1379 5227 1568 5296 ingerit
1596 5227 1661 5281 ad
1691 5228 1917 5282 salutem

334 5320 581 5372 omnium
630 5318 877 5372 conditor
923 5334 985 5374 ac
1012 5318 1341 5386 redemptor.
1376 5317 1456 5372 Ad
1485 5317 1600 5372 haec
1643 5318 1721 5372 illi
1764 5319 1922 5389 longe

333 5422 373 5462 a
418 5410 631 5478 pietatis
679 5411 891 5463 tramite
947 5409 1299 5474 recedentes,
1346 5408 1671 5480 respondere
1720 5424 1921 5479 pracsu-

337 5499 662 5557 muntzNon
688 5516 806 5556 eam
841 5500 1086 5557 Salvator
1130 5502 1373 5556 omnibus
1421 5501 1603 5569 dedit,
1656 5503 1776 5572 quia
1822 5518 1921 5557 nec

334 5608 439 5665 pro
466 5593 713 5648 omnibus
744 5600 982 5647 mortuus
1021 5602 1121 5646 est.
1173 5592 1310 5646 Ecce
1348 5593 1526 5648 statim
1575 5594 1627 5649 in
1672 5593 1923 5650 secundis

333 5694 563 5756 apparet
591 5685 777 5755 gratia;
804 5684 1158 5755 impugnator,
1199 5686 1303 5754 qui
1330 5684 1589 5755 imprimis
1635 5687 1923 5757 putabatur

2033 4759 2336 4831 plicationis
2373 4761 2464 4830 qui
2510 4762 2562 4814 in
2604 4758 2957 4827 acquLSitione
3005 4755 3486 4825 praedestinationis
3529 4764 3615 4811 est

2035 4870 2143 4910 non
2175 4853 2434 4923 requirit;
2475 4853 2563 4921 qui
2594 4864 2722 4904 vero
2766 4850 2819 4903 in
2850 4848 3167 4917 perditionis
3193 4857 3364 4916 parte,
3397 4862 3499 4902 non
3525 4859 3613 4902 re-

2035 4947 2184 5014 cipit.
2214 4944 2367 5013 Quod
2409 4945 2453 4997 si
2484 4957 2666 4998 curant
2698 4940 3109 5011 impendendam
3139 4940 3368 4994 aestimat
3394 4938 3611 5003 rationi,

2037 5039 2400 5094 indubitanter
2430 5036 2687 5106 intelligat
2723 5050 2788 5091 ea
2832 5050 2950 5102 qua:
2998 5032 3279 5087 imminent
3312 5044 3469 5099 posse
3498 5043 3615 5083 ωυ-

2038 5130 2161 5195 tari,
2194 5128 2490 5185 secundum
2517 5126 2643 5181 illud
2676 5124 3051 5195 Exangelicum
3082 5141 3093 5175 :
3125 5120 3347 5192 Vigitute
3370 5129 3416 5173 et
3451 5130 3615 5185 orate,
3696 5164 3697 5169 η

2030 5239 2101 5278 ne
2142 5222 2340 5276 intretis
2368 5219 2420 5273 in
2461 5218 2783 5272 tentationem
2816 5214 3008 5287 (Marc.
3043 5214 3152 5281 xv).
3196 5210 3324 5265 Item
3352 5227 3363 5262 :
3400 5209 3614 5280 Vigilnte

2031 5316 2203 5383 itaque
2225 5313 2362 5366 omni
2395 5321 2639 5378 tempore,
2663 5321 2863 5362 orantes
2892 5316 2947 5360 ut
2969 5305 3111 5377 digni
3133 5302 3420 5356 habeamini
3443 5302 3613 5373 fugere
3712 5316 3719 5339 ε

2035 5410 2134 5461 ista
2158 5405 2328 5459 omnia
2348 5419 2464 5473 qua:
2487 5404 2663 5472 futura
2687 5410 2801 5456 sunt
2821 5440 2835 5463 ,
2860 5411 2907 5455 et
2931 5410 3066 5455 stare
3088 5405 3205 5450 ante
3230 5392 3278 5444 F
3283 5396 3427 5448 ilium
3453 5392 3616 5445 homi-

2034 5502 2114 5555 nis
2141 5498 2294 5570 (Luc.
2326 5498 2443 5567 xu).
2464 5499 2531 5551 Et
2550 5497 2742 5551 iterum
2768 5509 2783 5548 :
2805 5493 2919 5548 Hoc
2949 5507 3104 5562 genus
3133 5486 3373 5543 ammenti
3394 5501 3492 5537 non
3522 5482 3616 5545 eii-
3703 5479 3707 5483 ’

2031 5596 2164 5647 citur
2184 5593 2282 5646 nisi
2303 5607 2391 5661 per
2411 5590 2690 5645 orationem
2711 5596 2757 5661 et
2769 5587 3027 5657 jejunium
3053 5580 3263 5655 (Matth.
3286 5576 3442 5645 xvn).
3465 5571 3617 5642 Quod

2032 5688 2079 5743 si
2109 5686 2283 5742 oratio
2306 5660 2616 5740 necessaria
2643 5660 2749 5736 non
2781 5688 2883 5748 est,
2917 5693 3011 5732 cur
3054 5675 3169 5743 ipse
3195 5672 3285 5738 qui
3317 5666 3618 5724 exorandus

331 5785 595 5831 assertor.
624 5775 898 5845 Obiiciunt
930 5790 1123 5829 nomen
1153 5777 1360 5844 gratia},
1405 5787 1461 5831 ut
1502 5775 1920 5832 abominandum
2032 5787 2154 5845 est,
2183 5777 2408 5832 formam
2440 5771 2701 5830 orationis
2728 5768 2956 5826 instituit
2984 5774 3037 5821 et
3064 5760 3279 5819 oravit?
3319 5760 3374 5813 lu
3401 5758 3619 5828 e'i'ergo

328 5881 554 5930 sensum
598 5869 844 5936 operiant
894 5864 1258 5935 blasphemim.
1298 5863 1349 5918 In
1383 5866 1694 5924 alterutram
1742 5868 1919 5936 itaque
2037 5872 2129 5935 qui
2160 5867 2387 5927 indoctis
2422 5865 2639 5923 auribus
2668 5862 2835 5921 solius
2860 5855 3046 5928 gratia:
3074 5852 3373 5911 assertione
3414 5851 3617 5908 blandi

1971 5942 2012 5982 γ
