4068 6348
451 326 549 384 791

1683 316 1738 371 S.
1786 313 2025 372 FAUSTI
2072 311 2476 371 RHEGIENSIS

3550 360 3553 361 ,
3614 310 3721 366 792

449 452 535 496 tttr
581 435 952 509 propheticum
983 432 1112 488 illud
1143 428 1444 500 implebilur
1470 446 1480 482 :
1513 427 1794 499 Mulrguus,
1831 426 2021 495 inquit,
2056 428 2105 485 Α
2133 425 2255 479 Jesu
2287 426 2565 489 credimus,
2606 430 2660 476 ut
2679 421 3025 491 justiﬁcemur
3052 436 3113 473 ex
3143 418 3246 489 ﬁde
3275 419 3466 473 Christi
3488 461 3503 486 ,
3535 429 3585 475 et
3616 438 3721 476 non

449 540 617 599 uocet,
640 545 752 583 cum
789 544 843 582 se
869 523 1234 580 commiscuerit
1255 523 1421 591 justo.
1459 520 1589 574 Auri
1616 518 1823 589 species
1851 517 2025 587 primo

364 683 367 686 ι
413 665 427 679 .
449 625 632 679 colore
663 617 962 690 praefertur,
1014 614 1109 670 sed
1137 612 1341 684 plumbi
1371 612 1550 666 vilitas
1596 611 1918 665 intrinsecus
1942 609 2025 663 la-

362 692 367 725 ἶ
449 728 566 772 tere
593 709 1033 783 deprehenditur.
1058 706 1336 775 Quomodo
1365 706 1411 761 si
1438 705 1539 760 sub
1568 703 1791 774 praelato
1820 702 2028 758 mentiti

448 806 584 861 civis
613 803 800 858 habitu
828 800 1005 857 subito
1028 798 1199 854 hostis
1226 804 1499 867 appareat,
1531 805 1623 850 aut
1663 795 1709 850 si
1739 808 1798 850 se
1828 792 2030 848 inimici

449 899 635 953 dolosa
674 893 942 950 subtilitas
985 890 1327 959 transﬁguret
1374 888 1426 943 in
1470 888 1718 958 angelum
1763 885 1915 954 lucis,
1958 884 2029 939 ita

447 989 549 1045 sub
572 988 786 1060 pietatis
816 985 992 1041 fronte
1018 982 1330 1063 gentilitatis
1352 980 1576 1044 malum,
1600 988 1656 1033 et
1683 978 1819 1033 intra
1846 976 2031 1047 gratia:

449 1080 805 1145 vocabulum,
855 1075 1228 1133 absconditum
1272 1072 1374 1128 erit
1418 1071 1575 1127 fatale
1624 1070 1922 1125 decretum.
1974 1068 2031 1125 Si

449 1189 580 1244 ergo
609 1187 751 1229 unus
777 1171 843 1227 ad
884 1172 1071 1234 vitam,
1103 1168 1240 1223 alter
1281 1166 1351 1222 ad
1383 1165 1735 1236 perditionem
1763 1163 1857 1235 (ut
1884 1177 2034 1219 asse-

450 1265 596 1334 runt)
628 1265 915 1335 deputatus
958 1270 1042 1317 est
1082 1261 1242 1332 (sicut
1273 1258 1489 1329 quidam
1514 1266 1824 1312 sanctorum
1851 1253 2031 1324 dixit),

452 1374 557 1415 non
595 1356 869 1427 iudicandi
916 1353 1211 1420 nascimur,
1262 1351 1358 1408 sed
1400 1349 1642 1420 iudicati.
1698 1348 1881 1417 Neque
1925 1346 2033 1401 ulla

450 1452 567 1521 sibi,
582 1452 733 1519 iuxta
764 1448 879 1502 hanc
905 1444 1103 1515 poterit
1130 1443 1354 1514 aequitas
1382 1450 1634 1498 constare
1660 1441 1869 1511 iudicii.
1901 1439 2035 1494 Nam

449 1543 495 1596 si
544 1541 673 1596 nihil
702 1540 841 1596 Deus
868 1536 1068 1592 famulo
1097 1534 1266 1605 dedit,
1296 1549 1326 1590 a
1357 1532 1559 1589 famulo
1610 1532 1737 1603 quid
1766 1530 2035 1602 reposcit?

1170 1646 1306 1702 PUT
1344 1645 1413 1701 ν.

1170 1647 1212 1702 Ρ
1263 1646 1306 1702 Τ
1344 1646 1413 1701 ν.

452 1745 598 1814 Legis
629 1757 783 1811 opera
814 1648 1166 1805 destruuntgf,
1198 1646 1258 1814 ettJ
1270 1736 1449 1814 gratia:
1475 1731 1911 1814 commendantur,
1940 1732 2039 1814 “vel

2130 534 2194 573 επ
2224 518 2464 587 operibus
2495 515 2641 585 legis.
2692 512 2907 587 PrOpter
2936 513 3070 582 quod
3113 527 3177 565 ea:
3202 512 3434 582 operibus
3463 512 3592 583 legis
3617 528 3723 567 non

2122 607 2496 680 justiﬁcabitur
2537 608 2699 661 omnis
2738 620 2860 657 caro
2903 618 3077 657 coram
3117 602 3209 657 illo
3238 600 3384 673 (Gal.
3428 602 3511 671 lt).
3538 602 3615 657 Ac
3640 604 3725 659 sic

2132 700 2377 756 evacuari
2422 698 2582 769 opera
2614 710 2769 752 error
2799 694 2994 767 impius
3023 692 3192 761 dixit,
3239 694 3334 750 sed
3364 708 3485 763 qua:
3514 694 3604 749 illa
3635 708 3726 749 es-

2132 801 2253 847 sent
2279 790 2463 846 dolosa
2488 787 2776 843 calliditate
2804 786 3123 857 suppressit.
3153 782 3304 839 Nunc
3332 798 3460 853 ergo
3486 784 3715 853 patieris

2132 879 2461 949 intelligendi
2490 878 2879 944 difﬁcultatem,
2912 876 2955 931 si
2989 888 3337 946 personarum
3365 874 3448 929 vel
3484 866 3713 943 operum

2133 973 2468 1031 intellexeris
2496 971 2910 1026 distinctionem.
2944 968 3025 1023 Ad
3065 968 3281 1023 Judazos
3307 969 3451 1024 enim
3480 968 3717 1023 dicitur:

2139 1063 2260 1119 Non
2292 1063 2663 1133 justiﬁeabitur
2713 1077 2776 1116 ea:
2818 1060 3054 1132 aperibus
3084 1060 3210 1132 legis
3248 1059 3413 1115 omnis
3456 1076 3597 1114 caro.
3637 1061 3723 1118 Ad

2136 1155 2468 1211 Christianos
2497 1169 2632 1209 vero
2654 1153 2765 1223 iam
2798 1152 2852 1207 in
2897 1152 3112 1209 Christo
3141 1161 3380 1216 renatos,
3414 1151 3489 1206 ita
3521 1153 3707 1207 instru

2137 1248 2331 1303 ctionis
2358 1262 2537 1302 sermo
2566 1246 2811 1318 dirigitur
2845 1262 2857 1298 :
2886 1244 3187 1313 Operamini
3214 1243 3398 1298 bonum
3425 1244 3495 1296 ad
3523 1260 3718 1310 omnes,

2140 1339 2360 1392 maxime
2379 1347 2550 1392 autem
2568 1336 2635 1391 ad
2658 1336 2957 1391 domesticos
2983 1334 3106 1404 ﬁdei
3122 1333 3265 1406 (Gal.
3281 1333 3385 1405 Vl).
3410 1333 3479 1389 Et
3503 1334 3723 1405 iterum,

2141 1431 2338 1502 Itaque,
2367 1432 2550 1499 fratres
2575 1430 2675 1483 mei
2696 1427 2890 1496 dilecti,
2915 1426 3120 1483 stabiles
3138 1437 3294 1482 estote
3328 1436 3377 1482 et
3412 1428 3720 1495 immobiles,

2141 1520 2454 1577 abundantes
2491 1520 2544 1573 in
2576 1534 2724 1590 opere
2751 1517 2961 1572 Domini
2992 1534 3209 1590 semper,
3237 1517 3450 1573 scientes
3473 1518 3615 1589 quod
3646 1518 3723 1573 la-

2144 1617 2235 1669 bor
2268 1622 2428 1668 vester
2452 1627 2552 1667 non
2570 1621 2644 1666 est
2672 1611 2843 1665 inanis
2869 1612 2925 1665 in
2955 1608 3178 1664 Domino
3208 1607 3296 1681 (II
3318 1609 3441 1665 Cor.
3484 1610 3611 1680 xv);
3654 1610 3723 1665 ad

2143 1707 2504 1774 Christianos,
2556 1705 2805 1777 inquam,
2851 1704 3078 1760 dicitur:
3104 1704 3194 1762 Sic
3228 1704 3395 1759 luceat
3420 1706 3513 1760 tua:
3556 1713 3723 1761 vestra

522 1797 701 1867 contra
733 1814 826 1866 hoc
859 1812 993 1881 quod
1034 1797 1381 1864 indoctissime
1418 1807 1706 1861 testimonia
1743 1820 1837 1878 pro
1872 1797 2035 1860 solius
2067 1798 2118 1861 Β
2140 1816 2311 1856 coram
2340 1798 2649 1865 hominibus,
2673 1806 2728 1851 ut
2750 1797 2953 1851 videant
2980 1812 3136 1867 opera
3160 1806 3325 1852 vestra
3356 1797 3506 1864 bona,
3534 1806 3583 1851 et
3608 1797 3725 1868 glo~

522 1885 704 1953 gratia:
725 1883 1002 1938 assertione
1027 1888 1340 1952 proponunt.

523 1996 789 2065 Legimus,
821 1991 1087 2063 inquiunt,
1116 1990 1183 2046 ad
1212 1990 1511 2046 Romanos:
1533 1988 1594 2044 Si
1624 1990 1756 2043 enim
1775 1986 2035 2044 Abraham

450 2102 514 2141 ea:
538 2087 770 2156 operibus
780 2084 1095 2157 justiﬁcatus
1115 2090 1209 2146 est,
1230 2080 1377 2135 habet
1396 2081 1630 2151 gloriam,
1652 2080 1741 2134 sed
1766 2092 1865 2133 non
1888 2078 2032 2148 apud

448 2179 613 2233 Deum
643 2175 817 2248 (Rom.
850 2174 945 2245 tv).
969 2173 1098 2229 Item
1124 2189 1139 2227 :
1165 2171 1231 2225 Ei
1259 2180 1426 2225 autem
1453 2171 1538 2241 qui
1558 2177 1814 2239 aperatur,
1843 2185 2032 2225 merces

446 2284 551 2323 non
577 2270 859 2339 imputatur
882 2265 1159 2322 secundum
1187 2263 1401 2335 gratiam
1422 2304 1438 2329 ,
1466 2260 1555 2317 sed
1579 2262 1855 2317 secundum
1893 2261 2032 2316 debi-

448 2373 555 2417 tum
581 2360 795 2433 (Ibid.).
820 2360 882 2415 Ei
911 2368 1088 2415 autem
1122 2358 1212 2427 qui
1231 2371 1337 2411 non
1362 2364 1637 2426 operatur,
1665 2354 1902 2411 credenti
1932 2368 2031 2409 au-

446 2464 559 2510 tem
601 2456 653 2508 in
690 2468 813 2509 eum
856 2452 945 2521 qui
986 2449 1242 2520 iustiﬁcat
1285 2447 1506 2518 impium
1532 2485 1548 2512 ,
1596 2454 1871 2516 reputatur
1899 2444 2031 2502 ﬁdes

449 2547 567 2613 eius
595 2544 662 2598 ad
690 2542 968 2613 iustitiam.
992 2540 1214 2595 Addunt
1241 2540 1399 2594 etiam
1424 2554 1439 2593 :
1465 2538 1526 2593 Si
1545 2546 1715 2593 autem
1739 2536 1903 2607 gratia
1926 2553 2029 2590 non

450 2651 514 2691 ea:
539 2634 771 2705 operibus
793 2674 810 2700 ,
850 2630 1044 2701 alioqui
1082 2631 1248 2703 gratia
1262 2632 1377 2703 jam
1414 2645 1516 2685 nou
1558 2636 1631 2684 est
1657 2629 1825 2698 gratia
1850 2627 2028 2698 (Rom.

450 2726 566 2797 ιι).
606 2724 810 2791 Quibus
858 2720 1296 2792 respondendum
1346 2727 1461 2786 est,
1508 2718 1615 2774 duo
1662 2732 1782 2774 esse
1827 2731 2028 2788 genera

450 2831 673 2888 operum
697 2858 715 2886 ,
763 2830 992 2887 quorum
1022 2828 1185 2869 unum
1232 2819 1355 2884 post
1390 2810 1675 2867 adventum
1708 2809 1916 2865 Domini
1946 2823 2031 2864 re-

450 2920 720 2977 movetur,
762 2908 907 2963 aliud
954 2905 1305 2978 improbatur.
1342 2905 1475 2961 Nam
1514 2903 1858 2961 dicendo:ei
1901 2918 2029 2960 vero

450 3004 540 3075 qui
572 3018 678 3059 non
707 3012 980 3072 operatur,
1023 3000 1266 3057 credenti
1293 3008 1473 3057 autem
1512 3000 1567 3055 in
1597 3014 1721 3056 eum
1751 2999 1841 3071 qui
1868 2998 2025 3070 justi-

448 3095 575 3150 ﬁcat
594 3094 835 3164 impium,
859 3102 1137 3162 reputatur
1162 3091 1295 3146 ﬁdes
1322 3090 1437 3161 eius
1458 3089 1525 3146 ad
1544 3090 2028 3161 iustitiam,aperte

2134 1895 2333 1964 riﬁcent
2381 1892 2589 1947 Patrem
2635 1898 2875 1960 vestrum,
2918 1891 3008 1959 qui
3035 1899 3109 1945 est
3150 1890 3204 1944 in
3230 1890 3369 1945 cretis
3397 1888 3611 1961 (Matth.
3642 1890 3723 1960 ν),

2134 1981 2187 2044 id
2213 1995 2319 2056 est,
2351 1996 2410 2042 ut
2436 2002 2542 2042 non
2571 1994 2678 2041 tam
2708 1984 2820 2040 otio
2852 1984 3205 2051 resolvamur,
3238 1997 3396 2055 quam
3422 1982 3491 2038 de
3520 1984 3709 2053 operi-

2134 2081 2234 2137 bus
2259 2078 2435 2147 bonis,
2469 2093 2574 2133 non
2603 2079 2653 2132 in
2687 2077 2873 2142 nobis,
2908 2075 3001 2132 sed
3033 2076 3085 2131 in
3118 2074 3347 2130 Domino
3384 2073 3716 2145 gloriemur.

2134 2174 2215 2230 Ad
2243 2173 2578 2229 Christianos
2604 2170 2800 2226 dicitur
2837 2187 2851 2224 :
2900 2169 2962 2224 In
2989 2169 3195 2224 veritate
3226 2169 3448 2238 comperi
3478 2169 3721 2237 quoniam

2134 2284 2238 2322 non
2268 2276 2340 2322 est
2372 2280 2705 2337 personarum
2730 2274 2963 2335 acceptor
3001 2260 3175 2335 Deus,
3215 2261 3268 2314 in
3297 2262 3437 2315 omni
3464 2268 3609 2333 gente
3629 2260 3718 2330 qui

2134 2361 2271 2414 timet
2293 2357 2438 2412 illum
2458 2364 2504 2410 et
2522 2365 2762 2427 aperatur
2767 2354 3029 2427 justitiam
3045 2361 3280 2423 acceptus
3296 2358 3367 2407 est
3393 2351 3472 2406 illi
3486 2352 3622 2422 (Act.
3640 2350 3719 2420 χ).

2746 2445 2974 2502 CAPUT
3013 2442 3101 2499 Vl.

2256 2544 2335 2601 De
2360 2562 2419 2601 eo
2448 2546 2582 2617 quod
2611 2544 2704 2613 ait,
2732 2541 2912 2598 Gratia
2944 2541 3038 2597 Dei
3063 2556 3178 2596 sum
3202 2541 3256 2595 id
3283 2542 3420 2612 quod
3446 2556 3582 2596 sum.

2204 2638 2344 2694 Audi
2384 2638 2700 2707 Apostolum
2730 2637 2967 2692 laborem
3006 2650 3125 2690 cum
3157 2635 3328 2704 gratia
3362 2634 3551 2689 humili
3584 2648 3719 2691 con-

2132 2730 2366 2786 fessione
2392 2731 2706 2785 miscentem
2750 2747 2764 2785 :
2808 2728 2989 2783 Gratia
3017 2738 3187 2783 autem
3215 2728 3312 2784 Dei
3341 2745 3454 2783 sum
3498 2729 3552 2783 id
3582 2729 3720 2799 quod

2130 2822 2266 2888 sum,
2292 2830 2340 2875 et
2372 2821 2535 2891 gratia
2556 2819 2698 2874 illius
2723 2821 2872 2875 inme
2889 2835 3048 2873 vacua
3076 2834 3175 2873 non
3195 2818 3315 2888 fuit,
3339 2820 3427 2873 sed
3446 2818 3720 2873 abundau-

2133 2914 2231 2967 tius
2266 2914 2371 2967 illis
2401 2911 2636 2966 omnibus
2661 2912 2882 2966 laboravi
2913 2928 2931 2965 :
2966 2927 3069 2964 non
3111 2925 3204 2979 ego
3231 2917 3423 2976 autem,
3443 2910 3534 2964 sed
3552 2910 3721 2978 gratia

2130 3003 2228 3060 Dei
2250 3020 2444 3058 mecum
2483 3000 2539 3075 (1
2568 3001 2685 3056 Cor.
2714 3001 2826 3072 xv).
2862 3000 2991 3056 Vide
3021 3001 3290 3071 quomodo
3310 3002 3375 3054 ad
3403 3000 3587 3070 gratiae
3614 2990 3716 3054 do;

2132 3113 2259 3153 num
2290 3110 2505 3166 semper
2537 3094 2807 3165 subiungit
2854 3092 3053 3149 laboris
3082 3092 3397 3164 obsequium
3425 3110 3437 3144 :
3468 3090 3584 3146 Non
3619 3107 3717 3164 ego

449 3187 611 3243 ﬁdem
642 3188 778 3256 legis
805 3186 1059 3256 operibus
1088 3185 1384 3255 anteponit.
1426 3183 1609 3253 Neque
1638 3182 1782 3239 enim
1811 3191 2030 3253 aposto-
2055 3170 2105 3237 C
2132 3197 2322 3243 autem.
2354 3185 2488 3256 Quia
2523 3186 2850 3259 mentionem
2882 3184 3050 3240 solius
3081 3183 3283 3239 laboris
3314 3181 3589 3250 intulerat,
3605 3181 3717 3237 cito

448 3280 625 3334 lorum
694 3277 1002 3332 testimonia
1048 3276 1459 3345 compugnantia
1506 3284 1561 3331 et
1607 3274 1875 3331 contraria
1926 3273 2027 3331 sibi

450 3379 571 3426 esse
597 3370 837 3424 dicemus
855 3409 868 3434 ,
901 3383 1022 3423 cum
1050 3368 1187 3423 alius
1216 3367 1494 3438 apostolus
1522 3367 1666 3424 dicat
1694 3385 1709 3422 :
1739 3366 1898 3423 Fides
1923 3368 2030 3422 sine

451 3461 686 3532 operibus
706 3468 905 3513 mortua
931 3468 1005 3513 est
1031 3457 1168 3530 (Jac.
1201 3458 1285 3527 ιι).
1311 3457 1379 3515 Et
1404 3458 1598 3514 iterum
1624 3476 1636 3512 :
1664 3457 1885 3513 Ostende
1906 3456 2030 3512 mihi

450 3552 604 3620 ﬁdem
633 3561 771 3605 tuam
799 3552 907 3605 sine
934 3549 1190 3618 operibus,
1218 3557 1264 3604 et
1286 3565 1379 3622 ego
1405 3550 1666 3605 ostendam
1689 3551 1778 3604 tibi
1797 3550 2029 3622 operibus

450 3645 601 3712 ﬁdem
639 3658 824 3696 meam.
855 3640 932 3696 Tu
962 3641 1124 3696 credis
1168 3642 1415 3711 quoniam
1440 3656 1572 3695 unus
1606 3640 1742 3696 Deus
1767 3650 1870 3712 est,
1909 3640 2030 3697 bene

450 3737 610 3806 facis;
647 3743 695 3789 et
733 3732 987 3788 dwmones
1032 3734 1243 3788 credunt
1301 3741 1350 3787 et
1394 3734 1806 3788 contremiscunt.
1858 3733 2023 3789 Item:

449 3829 598 3883 Sicut
627 3827 760 3882 enim
791 3841 973 3897 corpus
993 3826 1101 3880 sine
1121 3826 1304 3897 spiritu
1326 3833 1583 3879 mortuum
1608 3834 1703 3891 est,
1728 3825 1801 3878 ita
1829 3835 1877 3880 et
1902 3825 2029 3895 ﬁdes

449 3922 557 3974 sine
590 3918 827 3989 operibus
854 3927 1056 3973 mortua
1085 3927 1177 3974 est.
1224 3918 1331 3975 Sed
1376 3932 1475 3973 nec
1521 3920 1636 3988 ipse
1682 3918 1874 3973 doctor
1898 3933 2027 3989 gen-

449 4014 580 4069 tium
608 4013 805 4068 Paulus
837 4012 1083 4067 diversus
1111 4011 1210 4067 sibi
1242 4020 1296 4067 et
1320 4012 1621 4067 contrarius
1647 4011 1927 4082 apparebit
1953 4011 2026 4067 ita

446 4111 663 4163 dicens:
690 4106 754 4160 In
777 4105 1007 4160 omnibus
1035 4103 1359 4159 exhibeamus
1388 4105 1743 4175 nosmetipsos,
1772 4105 1901 4158 sicut
1932 4103 2029 4157 Dei

448 4204 725 4267 ministros,
755 4203 809 4255 in
838 4201 998 4255 multa
1028 4198 1296 4268 patientia,
1315 4199 1367 4251 in
1400 4197 1825 4263 tribulationibus,
1863 4198 1917 4250 in
1940 4213 2029 4252 ne-

449 4294 792 4357 cessitatibus,
824 4292 878 4345 in
907 4289 1183 4360 angustiis,
1229 4290 1284 4342 in
1312 4289 1502 4359 plagis,
1542 4290 1594 4342 in
1635 4288 1948 4355 carceribus,
1973 4290 2026 4343 in

450 4383 802 4447 seditionibus,
844 4383 898 4435 in
942 4381 1199 4434 laboribus
1234 4377 1331 4450 (I-IV
1364 4379 1484 4432 Cor.
1530 4378 1648 4448 Vt).
1694 4379 1763 4433 Et
1799 4380 2024 4435 iterum:

454 4472 808 4538 Unusquisque
848 4470 1107 4541 prapriam
1152 4469 1435 4522 mercedem
1483 4468 1694 4535 accipiet
1746 4470 2025 4524 secundum

450 4537 922 4630 sumnlaboremu
942 4537 1076 4616 'Cor.
1111 4560 1214 4629 ιιι).
1248 4557 1378 4627 Qua:
1403 4557 1668 4628 imperitis
1700 4568 1754 4615 et
1777 4559 2024 4629 indoctis,
2054 4537 2108 4600 Ῑ)

449 4663 505 4708 et
544 4653 627 4706 his
653 4652 742 4722 qui
774 4651 982 4706 veritati
1015 4650 1284 4706 obstinato
1308 4648 1497 4721 spiritu
1525 4648 1877 4721 reluctantur,
1909 4651 2023 4707 dis-

450 4743 726 4799 cordantia
767 4743 1106 4798 videbuntur.
1141 4742 1337 4799 Verum
1378 4742 1529 4813 iuxta
1579 4740 1896 4797 catholicam
1935 4758 2025 4799 re-

449 4836 650 4903 gulam,
680 4849 843 4904 opera
867 4833 999 4905 legis
1030 4843 1373 4901 evacuantur,
1402 4850 1520 4905 quas
1546 4833 1842 4890 secundum
1886 4835 2027 4891 litte~

450 4944 565 4983 ram
608 4937 763 4995 sunt,
806 4936 861 4983 et
888 4941 951 4984 ea
980 4942 1099 4998 quas
1132 4936 1254 4999 post
1280 4928 1507 4998 gratiam
1535 4929 1829 4984 comitante
1853 4929 2025 4999 gratia

451 5022 683 5091 gerenda
709 5029 874 5088 sunt,
916 5031 1249 5075 asseruntur.
1282 5019 1572 5076 Videamus
1598 5019 1644 5075 si
1672 5019 1774 5077 hoc
1803 5019 1873 5075 ita
1903 5036 2027 5077 esse

374 5138 377 5145 ε
452 5118 615 5169 rebus
656 5116 783 5185 ipsis
809 5114 1107 5186 approbare
1134 5116 1424 5172 valeamus.
1451 5116 1627 5186 Opera
1661 5117 1795 5188 legis
1821 5118 2026 5175 destrui

453 5205 716 5276 legimus,
768 5221 890 5261 cum
930 5206 1236 5262 Judteorum
1284 5208 1591 5278 comprimit
1628 5209 1916 5265 elationem
1946 5209 2023 5265 die

452 5314 581 5355 cens
606 5316 618 5353 :
644 5298 741 5353 Ubi
771 5308 863 5363 est,
898 5299 1091 5369 inquit,
1126 5299 1365 5369 gloriatio
1399 5300 1525 5354 tua?
1570 5300 1775 5355 exclusa
1803 5307 1897 5355 est.
1924 5298 2029 5354 Per

449 5410 603 5463 quam
630 5394 821 5463 legem?
859 5391 1149 5462 factorum?
1184 5408 1304 5459 non,
1343 5394 1431 5447 sed
1458 5410 1548 5465 per
1576 5394 1738 5466 legem
1765 5394 1905 5464 ﬁdei.
1932 5395 2029 5448 Ar-

452 5487 697 5539 bitrantur
726 5486 857 5540 enim
892 5484 1169 5554 jttstiﬁcari
1191 5483 1461 5549 hominem,
1471 5501 1562 5554 per
1590 5486 1742 5554 [idem
1769 5486 1877 5541 sine
1904 5502 2027 5558 ape-

450 5580 589 5632 ribus
621 5580 744 5650 legis
777 5578 952 5649 (Rom.
996 5576 1095 5646 ιιι).
1140 5575 1399 5633 Similiter
1427 5584 1483 5632 et
1511 5577 1576 5631 ad
1608 5576 1823 5632 Galatas
1856 5577 2022 5633 dicit:

453 5670 707 5735 Scicntes,
734 5671 933 5740 inquit,
965 5667 1102 5740 quod
1131 5685 1233 5723 non
1251 5668 1571 5740 justiﬁcatur
1592 5669 1742 5724 homo
1770 5686 1833 5724 ex
1857 5671 2026 5739 operi-

455 5759 547 5841 bus
577 5762 697 5831 legis
722 5803 737 5832 ,
782 5763 881 5818 nisi
920 5778 1007 5836 per
1036 5762 1188 5833 ﬁdem
1211 5760 1401 5817 Christi
1424 5760 1547 5817 Iesu
1566 5802 1580 5829 ,
1624 5778 1717 5817 nos
1745 5762 1796 5817 in
1826 5761 2024 5817 Christo

2130 3281 2282 3353 quasi
2331 3280 2397 3335 ad
2428 3279 2734 3348 ampleium
2777 3277 2964 3333 matris
3004 3278 3191 3347 gratia:
3230 3276 3463 3332 recurrit
3489 3274 3715 3330 dicens:

2129 3372 2219 3426 sed
2243 3371 2413 3443 gratia
2428 3370 2525 3425 Dei
2546 3386 2761 3424 mecum.
2781 3368 2987 3435 Gratia,
3012 3367 3206 3438 inquit,
3235 3367 3329 3422 Dei
3350 3384 3485 3424 sum.
3510 3367 3714 3422 Primas

2132 3469 2315 3533 partes
2358 3462 2459 3517 soli
2510 3462 2692 3530 gratiae
2742 3460 2829 3530 pie
2875 3459 3149 3529 subjectus
3190 3458 3486 3527 ascripsit,
3538 3456 3713 3512 media

2129 3570 2356 3628 quaeque
2380 3554 2550 3610 labori
2580 3554 2833 3624 magister
2853 3551 3170 3609 obedientite
3187 3546 3478 3620 deputavit.
3504 3548 3715 3604 L'lrum-

2130 3663 2235 3720 que
2265 3648 2318 3704 in
2345 3646 2810 3703 consummatione
2841 3646 3171 3711 moderatus,
3201 3645 3424 3715 gratiam
3448 3642 3715 3699 laborem-

2129 3754 2235 3811 que
2264 3739 2560 3809 coniuuxit.
2593 3738 2709 3794 Non
2739 3738 2875 3793 dixit
2915 3753 3016 3809 ego
3060 3738 3176 3793 sine
3203 3738 3377 3809 gratia
3408 3735 3493 3791 vel
3543 3736 3710 3805 gratia

2129 3832 2247 3889 sine
2276 3848 2380 3898 me,
2408 3836 2498 3887 sed
2520 3833 2687 3903 gratia
2712 3830 2809 3907 Dei
2832 3848 3051 3887 mecum.

2201 3926 2329 3995 Qum
2358 3926 2503 3996 prius
2543 3925 2848 3996 singillatim
2878 3924 3127 3979 distincta
3175 3924 3498 3994 protulerat,
3531 3936 3690 3993 quam

2129 4021 2265 4077 bene
2292 4020 2345 4076 in
2371 4020 2636 4076 sermonis
2682 4018 2787 4074 ﬁne
2827 4018 3137 4074 connexuit.
3170 4018 3250 4075 Ac
3282 4018 3362 4074 sic
3387 4015 3526 4088 apud
3558 4031 3711 4087 rege-

2128 4123 2368 4181 neratos,
2412 4113 2626 4184 quando
2669 4113 2838 4184 gratia
2882 4112 2997 4169 sine
3041 4111 3248 4179 labore,
3280 4111 3369 4167 vel
3412 4110 3564 4167 labor
3589 4110 3708 4165 sine

2133 4207 2303 4275 gratia
2331 4205 2384 4261 in
2402 4205 2691 4275 Scripturis
2716 4204 2950 4275 ponitur,
2982 4203 3333 4276 supprimitur
3362 4218 3468 4258 non
3494 4215 3709 4271 separa»

2130 4304 2236 4351 tur.
2278 4296 2409 4352 Cum
2450 4311 2611 4352 unum
2652 4296 2767 4352 sine
2804 4295 2911 4351 alio
2950 4295 3166 4361 dicitur,
3208 4288 3707 4358 tacetur'alterum,

2130 4402 2237 4441 non
2270 4395 2522 4458 negatur;
2554 4379 2845 4442 secimdum
2874 4386 3019 4442 illam
3049 4386 3316 4456 regulam,
3342 4385 3565 4440 antistes
3593 4384 3704 4438 Au-

2130 4480 2370 4552 gustinus
2407 4479 2641 4534 insinuat
2672 4495 2686 4535 :
2716 4477 2831 4533 Non
2866 4478 3047 4533 omnia
3087 4491 3207 4548 qua:
3236 4483 3482 4531 tacentur
3509 4488 3709 4543 negan—

2133 4578 2237 4626 tttr.
2273 4570 2379 4626 Sed
2407 4579 2460 4626 et
2488 4570 2592 4625 alio
2625 4569 2743 4624 loco
2772 4568 2901 4624 dicit
2928 4567 3216 4638 Apostolus
3247 4585 3259 4620 :
3292 4564 3498 4636 Castigo
3525 4579 3708 4632 corpus

2131 4678 2298 4717 meum
2322 4670 2370 4715 et
2397 4662 2449 4715 in
2478 4659 2764 4714 servitutem
2790 4659 2998 4729 redigo,
3030 4675 3093 4714 ne
3121 4660 3252 4731 forte
3280 4672 3395 4710 cum
3426 4656 3542 4710 aliis
3574 4670 3706 4724 pra:-

2130 4755 2434 4819 dt'eaverim,
2459 4753 2568 4823 ipse
2596 4752 2841 4821 reprobus
2864 4752 3050 4821 eﬁiciar
3075 4747 3127 4819 (Ι
3157 4739 3276 4804 Cor.
3310 4746 3446 4817 six).
3476 4746 3609 4801 Ecce
3645 4742 3706 4797 Β.

2129 4844 2419 4916 Apostblus
2451 4843 2560 4912 iam
2582 4842 2799 4903 Christo
2825 4840 3147 4911 acquisitus;
3175 4840 3284 4916 iam
3311 4851 3406 4892 vas
3430 4836 3708 4893 electionis

2130 4914 2378 5000 eliectus,
2407 4947 2741 5005 nequaquam
2776 4932 2876 4988 sub
2905 4932 3120 4987 nomine
3147 4914 3632 4999 prredestinationis
3655 4934 3709 4998 et

2127 5030 2310 5102 gratia:
2342 5044 2355 5082 :
2387 5028 2498 5083 etio
2532 5041 2723 5083 manus
2759 5026 2995 5090 relaxat,
3035 5022 3129 5080 sed
3161 5037 3281 5078 cum
3313 5021 3405 5077 Dei
3434 5018 3709 5076 beneﬁciis

2127 5131 2351 5179 conatus
2378 5135 2504 5177 suos
2528 5120 2725 5191 iungit,
2750 5129 2803 5176 et
2825 5118 2955 5175 dicit
2984 5134 2997 5172 :
3029 5117 3234 5188 Castigo
3259 5131 3443 5187 corpus
3471 5129 3638 5168 meum
3664 5121 3711 5165 et

2088 5218 2091 5219 ⁷
2127 5216 2183 5269 in
2211 5214 2496 5269 servitutem
2523 5212 2719 5283 redigo.
2764 5211 2901 5266 Ecce
2937 5210 3047 5279 iam
3093 5207 3260 5279 partis
3305 5205 3510 5261 dextras
3553 5203 3710 5258 miles

2130 5312 2232 5369 est,
2261 5313 2316 5360 et
2339 5303 2459 5359 vide
2484 5302 2755 5373 quomodo
2776 5298 3067 5371 periclitari
3089 5298 3283 5354 meruit
3300 5297 3410 5367 iam
3430 5295 3709 5366 probatus,

2133 5398 2401 5467 quomodo
2438 5398 2716 5468 reprobari
2764 5396 3090 5467 pertimescit
3130 5397 3355 5452 electus.
3395 5394 3512 5449 .lam
3542 5389 3712 5447 victo-

2133 5492 2267 5545 riam
2295 5490 2346 5543 in
2372 5489 2615 5544 manibus
2641 5487 2822 5555 habet,
2844 5498 2895 5543 et
2918 5487 3143 5544 necdum
3166 5501 3311 5543 arma
3335 5485 3573 5555 deponit.
3594 5483 3713 5539 Jam

2132 5584 2418 5655 perductus
2444 5590 2529 5637 est
2554 5581 2619 5637 ad
2652 5582 2973 5653 triumphum
2992 5624 3005 5648 ,
3038 5592 3092 5638 et
3117 5580 3289 5637 adhuc
3314 5581 3518 5636 militia:
3543 5576 3713 5648 perti-

2132 5674 2323 5730 mescit
2346 5682 2615 5729 eventum.
2656 5674 2786 5741 Quae
2815 5689 2935 5730 cum
2968 5676 3037 5729 ita
3081 5676 3220 5739 sint,
3254 5670 3496 5742 perSpice
3525 5678 3578 5725 te
3604 5683 3713 5722 non

2130 5772 2316 5837 contra
2345 5764 2607 5821 inﬁrmam
2636 5779 3010 5832 quamcunque
3038 5776 3325 5834 personam
3348 5802 3363 5824 .
3398 5759 3498 5827 sed
3526 5767 3714 5815 contra
