4068 6348
285 428 391 482 795

1292 449 1296 454 .
1340 409 1420 465 DE
1461 406 1710 461 CRATIA
1755 403 1890 469 DEI,
1944 402 2118 465 ETC..
2161 403 2287 458 LIB.
2328 405 2364 458 Ι.

3437 406 3538 462 794

288 537 484 594 summi
530 530 765 603 Apostoli
818 527 986 600 (Eph.
1033 524 1104 594 tt)
1159 522 1450 576 doctrinam
1499 518 1662 573 armis
1713 515 2207 585 impiiAnovatts,
2260 519 2595 576 seduntatetit
2658 530 2866 586 operta,
2923 527 2976 589 et
3033 531 3212 572 curam
3259 473 3541 574 laboriosa:

288 629 492 684 erroris
522 626 794 693 insurgere
814 661 830 689 ,
873 628 927 674 et
953 616 1164 671 Christo
1194 613 1280 684 qui
1313 614 1447 666 intra
1480 627 1600 665 cum
1635 609 1866 678 loquitur

289 716 682 777 contradicere.
730 713 969 780 Dumque
1014 707 1210 764 laboris
1259 704 1538 760 servitium
1587 710 1641 756 et
1680 699 1866 755 orandi

288 825 486 869 causas
526 806 745 871 adimis,
791 805 1007 874 januam
1050 797 1234 855 salutis
1282 796 1513 850 humano
1553 790 1738 862 generi
1787 790 1868 844 in-

292 900 594 960 tercludere
643 906 695 952 te
735 907 984 965 agnosce.
1035 889 1101 943 Et
1140 888 1266 942 dum
1305 885 1499 954 Pelagii
1544 883 1870 950 impietatem

293 981 474 1051 nescis
503 991 764 1060 refugere,
788 987 854 1041 ad
877 983 1281 1040 Manichaeorum
1314 979 1503 1046 dogma
1532 972 1867 1045 pestiferum,

295 1090 388 1159 qui
419 1086 646 1147 liberum
687 1079 966 1135 arbitrium
1007 1082 1175 1129 totum
1217 1071 1511 1138 denegant,
1555 1075 1606 1120 te
1636 1063 1873 1132 intellige

295 1180 592 1235 declinare.

897 1234 1119 1292 CAPUT
1158 1233 1268 1288 VII.

305 1337 574 1408 Quomodo
603 1329 987 1408 intelligendum
1010 1327 1109 1379 sit:
1128 1343 1145 1375 t
1177 1317 1724 1408 Gratia.,.inqu.it,.salui
1753 1317 1876 1408 [εστὶ

373 1388 490 1462 estis
515 1388 607 1476 per
636 1388 819 1471 ﬁdem,
852 1408 895 1453 et
933 1397 1027 1476 hoc
1063 1411 1163 1448 non
1197 1410 1258 1447 ea:
1286 1388 1588 1476 nobis,'.Dei
1619 1388 1877 1476 enimldoo‘

373 1459 499 1532 nam
519 1459 741 1539 Iest,'non
769 1459 831 1524 ei:
856 1468 1111 1538 aperibus,
1131 1481 1192 1517 ne
1215 1465 1325 1534 quis
1354 1463 1628 1539 gloriet_ur_;
1660 1477 1677 1510 ι
1718 1459 1802 1539 ubi
1831 1465 1879 1510 et

376 1530 506 1616 ﬁdes
546 1530 680 1616 intra
722 1530 1236 1616 opera'numeratur,
1261 1543 1308 1587 et
1337 1530 1475 1587 cibus
1514 1531 1643 1601 legis
1679 1530 1878 1597 perire,

377 1606 517 1671 cibus
538 1613 715 1683 gratia?
743 1606 943 1663 manere
970 1606 1291 1660 describitur.

384 1728 535 1786 Sicut
559 1728 697 1781 inter
716 1737 874 1794 opera
903 1721 1033 1790 lcgis
1054 1761 1068 1783 ,
1107 1727 1162 1774 et
1189 1715 1308 1772 ﬁdei
1328 1714 1544 1770 desidiae
1568 1712 1798 1775 amicus,
1829 1719 1884 1766 et

313 1819 651 1879 discretionis
673 1819 908 1887 ignarus,
930 1813 997 1869 ab
1019 1808 1380 1881 intelligentia:
1402 1808 1615 1863 tramite
1635 1804 1882 1870 deviasti,

1974 608 2244 663 servitutis
2288 608 2506 677 indicit,
2555 619 2611 664 ut
2645 610 2785 680 quod
2827 611 2942 665 sine
2981 610 3162 667 labore
3203 612 3540 681 accepimus,

1973 699 2268 770 opitulante
2296 699 2561 769 adjutorio
2595 715 2718 757 cum
2744 701 2928 756 labore
2953 715 3255 767 servemus,
3287 703 3544 772 Apostolo

1973 798 2378 856 commonente,
2416 791 2628 858 Videte,
2666 791 2862 862 inquit,
2902 809 2964 848 ne
2990 795 3044 846 in
3077 808 3290 847 vacuum
3326 794 3543 862 gratiam

1976 881 2071 935 Dei
2102 882 2355 951 recipiatis
2386 880 2487 952 (11
2527 881 2645 936 Cor.
2678 881 2784 952 vr).
2831 884 3075 952 Agnosce
3114 883 3391 938 distinctos
3426 898 3548 939 esse

1975 973 2170 1042 gradus
2193 974 2508 1040 vocationis,
2535 982 2590 1029 et
2617 975 3110 1030 consummationis.
3140 974 3324 1030 Fidem
3352 984 3548 1044 exspe-

1977 1074 2086 1121 ctat
2116 1065 2439 1136 aparvulis,
2471 1080 2630 1135 opera
2661 1066 2820 1120 etiam
2858 1081 2980 1121 cum
3021 1067 3126 1120 ﬁde
3165 1083 3194 1120 a
3223 1067 3549 1122 conﬁrmatis

1979 1159 2223 1228 requirit,
2254 1159 2326 1214 ita
2356 1166 2533 1214 tamen
2563 1167 2621 1213 ut
2648 1159 2973 1215 credulitatis
2994 1158 3244 1214 aﬁ'ectutn
3269 1160 3549 1229 proﬁcien-

1981 1251 2122 1305 tibus
2149 1259 2360 1321 augeat,
2391 1259 2447 1306 et
2467 1251 2829 1307 laborantibus
2858 1250 3071 1320 adjutor
3099 1251 3440 1322 quotidianus
3463 1265 3549 1307 as-

1980 1343 2152 1398 sistat.

2567 1433 2792 1490 CAPUT
2829 1434 2962 1490 VIII.

2055 1526 2242 1582 Contra
2269 1527 2364 1580 hoc
2389 1526 2523 1593 quod
2552 1526 2748 1591 dicunt,
2772 1526 2986 1581 liberum
3010 1527 3275 1582 arbitrium
3298 1544 3360 1583 ex
3380 1536 3486 1583 toto

2544 1598 2701 1666 fuisse
2719 1596 2992 1651 sublatum.
3234 1594 3245 1603 ’

2058 1710 2224 1779 Hujus
2273 1709 2528 1778 improbae
2578 1710 2937 1779 persuasionis
2983 1720 3239 1775 assertor,
3287 1712 3554 1767 hominem

1990 1804 2260 1860 intellectu
2312 1804 2721 1873 locupletatum,
2769 1805 2974 1860 ratione
3015 1805 3324 1874 praeditum,
3363 1803 3557 1860 divinat

316 1916 391 1969 ita
420 1913 558 1967 inter
583 1909 689 1964 duo
710 1905 892 1978 gratiae
915 1913 1152 1972 tempora
1178 1879 1575 1970 persuasionem
1597 1905 1740 1952 tuam
1769 1907 1888 1964 pes~
1915 1879 1963 1940 Β
1992 1897 2239 1968 imaginis
2290 1897 2492 1952 honore
2530 1898 2834 1954 decoratum
2858 1941 2872 1963 ,
2915 1899 3082 1954 brutis
3109 1900 3464 1955 animantibus
3505 1909 3559 1954 et

315 2007 512 2061 simum
541 2002 732 2057 ducem
760 2007 1006 2062 secutus,
1040 1995 1302 2050 lucentem
1340 1990 1614 2046 catholica:
1649 1987 1768 2042 ﬁdei
1799 2001 1886 2042 re-

318 2095 494 2165 gulam
533 2089 827 2161 perdidisti.
861 2087 1093 2156 Tempus
1123 2083 1338 2154 gratim,
1371 2097 1475 2150 quo
1505 2078 1764 2146 redempti
1793 2092 1888 2130 su-

318 2198 457 2247 mus,
487 2182 677 2236 merita
702 2177 971 2233 hominum
999 2189 1104 2229 non
1121 2170 1468 2243 eXSpectavit,
1493 2181 1652 2238 opera
1680 2166 1890 2236 penitus

321 2290 428 2331 non
457 2272 730 2345 quaesivit,
761 2269 873 2325 sola
906 2267 1044 2323 Deus
1076 2265 1195 2321 ﬁdei
1226 2273 1423 2318 nostra:
1449 2260 1730 2315 devotione
1757 2272 1888 2313 con-

319 2376 498 2422 tentus
524 2365 650 2428 fuit,
679 2361 966 2418 secundum
998 2359 1125 2413 illud
1163 2355 1401 2426 Apostoli
1432 2373 1444 2406 :
1476 2352 1703 2406 Credidit
1730 2350 1892 2402 Abra-

320 2459 440 2512 Itam
467 2454 606 2519 Deo,
641 2462 687 2506 et
723 2459 1007 2522 reputatunt
1036 2456 1106 2500 est
1137 2445 1214 2499 illi
1243 2445 1310 2497 ad
1323 2443 1578 2515 justitiam
1605 2439 1744 2510 (Gal.
1776 2436 1889 2506 tu),

321 2549 458 2606 sicut
486 2554 542 2602 et
570 2544 675 2599 alio
703 2543 822 2598 Ioco
850 2540 977 2595 dicit
1004 2556 1016 2592 :
1048 2537 1225 2594 Justus
1259 2544 1426 2589 autent
1459 2549 1523 2587 ea:
1549 2532 1648 2601 ﬁde
1677 2546 1786 2583 mea
1812 2529 1890 2582 vi-

323 2654 434 2712 vet,
464 2643 600 2714 quod
637 2641 680 2695 si
722 2637 1025 2694 subtraxerit
1052 2651 1138 2700 se,
1176 2650 1276 2689 non
1311 2630 1526 2702 placebit
1555 2629 1739 2684 anima:
1772 2640 1893 2681 mete

327 2734 518 2805 (Hebr.
541 2733 598 2803 ι)
617 2748 632 2797 ;
654 2732 852 2801 justum
877 2743 996 2782 eum
1017 2735 1070 2782 et
1095 2742 1159 2781 cx
1191 2725 1294 2779 ﬁde
1308 2723 1486 2778 vivere
1502 2720 1747 2784 asseruit,
1771 2719 1893 2788 quia

325 2828 376 2882 ei
407 2827 564 2882 ﬁdem
591 2833 644 2880 et
663 2823 921 2894 justitiam
949 2817 1206 2889 quaerenti
1233 2816 1526 2871 contulisse
1551 2827 1611 2867 se
1631 2808 1890 2866 meminit.

328 2919 436 2974 Sed
463 2915 687 2973 dicendo
717 2934 728 2968 :
765 2912 915 2981 Quod
954 2913 997 2966 si
1025 2909 1330 2965 subtraxerit
1361 2923 1446 2972 se,
1483 2920 1602 2960 cum
1632 2902 1698 2956 ad
1741 2899 1894 2955 devia

327 3008 659 3064 voluntarius
696 3003 1011 3065 declinavit,
1052 3015 1155 3054 non
1199 2997 1355 3069 periit
1383 2994 1533 3066 quasi
1574 2991 1890 3058 derelictus,

326 3103 416 3174 qui
472 3116 530 3157 se
578 3097 839 3170 ingerenti
889 3091 1268 3149 misericordia:
1325 3087 1586 3143 subtraxit
1637 3086 1894 3154 ingratus.

329 3197 460 3251 Item
489 3192 555 3248 ad
586 3192 837 3246 Hebraeos
864 3207 876 3242 :
911 3186 1124 3242 Credere
1150 3193 1316 3236 autent
1348 3188 1541 3249 Oportet
1575 3178 1895 3231 accedentem

326 3288 397 3340 ad
426 3284 590 3340 Deum
611 3285 731 3352 quia
758 3293 860 3348 est,
889 3289 937 3333 et
961 3277 1326 3349 inquirentibus
1358 3291 1412 3329 se
1445 3281 1788 3327 remunerator
1813 3270 1892 3339 ﬁt.
1921 3249 1970 3314 α

328 3379 504 3446 Quam
533 3375 669 3430 bene
703 3381 757 3428 et
785 3371 992 3428 Domini
1030 3369 1262 3423 ofﬁcium
1295 3366 1570 3435 conjunxit
1603 3372 1656 3418 et
1683 3360 1895 3426 famuli,

329 3465 592 3526 dicét'tdo.
638 3471 684 3517 et
732 3459 1096 3532 inquirentibus
1137 3475 1191 3512 se
1234 3464 1580 3511 remuneratur
1617 3453 1695 3520 lit.
1751 3451 1902 3507 Sicut

331 3557 475 3614 enim
504 3556 570 3610 ad
598 3555 763 3609 Deum
785 3553 992 3621 largitio
1017 3547 1414 3612 remunerandi,
1444 3546 1515 3601 ita
1539 3548 1602 3598 al
1632 3543 1901 3599 hominem

333 3648 548 3705 deiotio
590 3646 804 3715 respicit
848 3642 1167 3714 inquirendi.
1215 3641 1319 3696 Sed
1359 3640 1491 3694 dicis
1533 3639 1688 3694 ﬁdem
1735 3638 1900 3706 ipsam

333 3740 582 3797 omnibt'ts
612 3750 770 3808 posse
800 3743 1126 3804 competere.
1158 3733 1272 3787 Non
1297 3732 1485 3786 tnirum
1515 3731 1560 3784 si
1590 3729 1812 3794 homini,
1836 3727 1903 3782 ad

336 3839 498 3907 quem
536 3834 769 3902 denegas
795 3845 956 3899 opera
988 3829 1256 3899 pertinere
1275 3869 1289 3892 ,
1318 3828 1474 3882 etiam
1507 3826 1662 3880 ﬁdem
1693 3810 1906 3880 studeas

338 3934 620 3998 derogare,
647 3941 803 3996 quam
834 3925 1170 3980 manifestum
1195 3931 1278 3978 est
1300 3924 1436 3977 inter
1461 3936 1619 3987 onera
1641 3918 1907 3989 deputari,

337 4021 480 4076 sicut
520 4019 776 4073 habemus
817 4018 868 4071 in
909 4015 1198 4084 Evangelio
1231 4031 1245 4069 :
1277 4013 1572 4082 Operamini
1605 4028 1704 4065 non
1743 4011 1909 4066 cibum

337 4113 427 4180 qui
464 4111 620 4181 perit,
656 4109 744 4162 sed
769 4108 856 4176 qui
895 4115 1153 4176 permanet
1192 4107 1243 4159 in
1269 4106 1423 4159 vitam
1450 4113 1688 4159 cateruam
1715 4101 1910 4173 (Joan:

341 4203 455 4271 v1);
487 4198 575 4255 ubi
604 4201 773 4264 cibus,
800 4199 851 4253 id
878 4206 979 4262 est,
1005 4198 1305 4252 intellectus
1325 4197 1515 4251 litterae
1543 4195 1737 4271 perire,
1762 4193 1912 4248 cibus

344 4268 476 4345 vero
503 4291 717 4359 gratiae,
750 4289 803 4343 id
832 4299 914 4344 εει
945 4288 1074 4343 ﬁdes
1111 4301 1459 4357 permanere,
1491 4268 1828 4353 describitur,
1861 4293 1915 4339 et

347 4385 418 4436 ita
445 4384 783 4437 continuatus
814 4396 991 4436 sermo
1023 4381 1364 4450 consequitur
1388 4397 1402 4438 :
1427 4379 1675 4433 Dixerunt
1703 4378 1771 4432 ad
1801 4393 1914 4430 eum

345 4470 519 4526 ,1αᾶωὲ
557 4489 572 4525 ;
615 4473 751 4537 Quid
797 4473 1040 4542 faciemus
1077 4481 1132 4524 ut
1173 4486 1435 4541 aperemur
1472 4486 1624 4540 Opera
1657 4468 1789 4522 Dei?
1816 4466 1918 4522 Rc-

345 4554 550 4634 spondit
578 4563 729 4616 Jestts
759 4570 804 4616 et
833 4563 960 4615 dixit
986 4564 1056 4614 eis
1080 4577 1097 4615 :
1128 4559 1176 4613 11
1183 4577 1241 4613 oc
1274 4571 1346 4616 est
1389 4577 1515 4629 opus
1543 4559 1634 4612 Dei
1662 4568 1717 4612 ut
1741 4560 1919 4612 creda-

1986 1991 2243 2062 jumentis
2272 1991 2643 2061 insipientibus
2674 1993 2902 2047 aestimat
2929 1992 3366 2061 comparandum,
3396 2000 3455 2046 ut
3490 1992 3559 2047 ad

1992 2083 2130 2138 viam
2180 2091 2325 2138 recte
2367 2082 2512 2137 nullo
2557 2097 2655 2137 suo
2701 2082 2896 2147 ductu,
2945 2083 3042 2136 sed
3090 2084 3322 2137 violento
3360 2091 3560 2136 tantum

1991 2174 2224 2230 auctoris
2249 2174 2474 2243 imperio
2501 2173 2856 2242 pertrahatur.
2888 2173 3004 2240 Quo
3033 2187 3228 2240 genere
3258 2187 3378 2228 eum
3402 2173 3559 2228 etiam

1993 2265 2388 2321 insensibilibus
2409 2264 2704 2319 assimilare
2723 2262 2996 2318 contendit
3014 2262 3293 2318 elementis
3312 2281 3325 2316 :
3351 2272 3406 2317 ιιι
3425 2263 3560 2318 sicut

1993 2356 2060 2411 de
2090 2356 2298 2411 ratione
2321 2363 2604 2422 terrarum,
2640 2369 2758 2425 qua:
2787 2354 2916 2408 nihil
2940 2354 3193 2409 ubertatis
3219 2354 3440 2408 arbitrio
3463 2369 3561 2410 suo

1996 2449 2303 2520 proferunt,
2353 2461 2474 2518 qum
2521 2447 2750 2516 proprim
2796 2445 3131 2501 fecunditatis
3172 2446 3366 2515 ignara:
3405 2455 3561 2512 sunt,

1993 2541 2186 2612 quibus
2215 2553 2406 2595 sensus
2431 2538 2653 2608 alicujus
2684 2551 2782 2593 nec
2812 2537 3033 2593 libertas
3052 2537 3316 2607 suppetit,
3346 2551 3441 2591 nec
3469 2551 3563 2590 vo-

1994 2632 2201 2698 luntas,
2233 2631 2438 2702 frugum
2465 2640 2642 2687 tamen
2681 2638 2974 2700 proventus
2999 2644 3062 2684 es
3094 2629 3177 2683 Itis
3206 2628 3412 2684 cultore
3439 2643 3566 2698 ope-

1997 2733 2148 2780 rante
2187 2725 2508 2794 capiuntur:
2539 2723 2610 2778 ita
2646 2738 2709 2776 es
2758 2721 2972 2777 homine
3018 2721 3086 2776 ab
3130 2721 3274 2775 omni
3313 2721 3568 2776 exercitio

1996 2814 2208 2870 virtutis
2247 2815 2454 2880 otioso,
2495 2814 2714 2883 jusﬁtiae
2758 2813 2961 2868 fructus
3005 2827 3066 2867 ac
3105 2812 3361 2867 bonarum
3390 2828 3568 2869 rerum

1996 2906 2262 2976 appetitus
2305 2913 2464 2974 atque
2509 2905 2810 2974 profectus,
2859 2904 2978 2958 solo
3016 2904 3124 2958 Deo
3167 2904 3443 2960 insistente
3481 2919 3569 2960 su-

1997 3008 2229 3065 mantur,
2261 3007 2315 3053 et
2341 2997 2493 3068 quasi
2533 2998 2586 3052 in
2618 2996 2766 3052 nullo
2794 2995 2876 3068 vel
2901 2996 3096 3050 sentiat
3123 2996 3205 3050 vel
3236 2995 3565 3062 consentiat,

1998 3093 2070 3148 ita
2105 3107 2224 3147 cum
2255 3067 2542 3161 appetierit
2577 3067 2902 3158 gesseritve',
2940 3088 2992 3142 in
3030 3088 3177 3143 nullo
3211 3088 3276 3142 ad
3319 3096 3568 3144 conatum

1999 3187 2116 3256 ejus
2140 3201 2204 3242 ac
2238 3184 2472 3240 studium
2512 3182 2783 3252 pertinere
2807 3180 3133 3251 iudicentur.
3164 3181 3232 3235 Et
3259 3181 3395 3234 sicut
3425 3194 3574 3235 mare

2000 3292 2272 3348 magnum,
2301 3276 2440 3345 quod
2471 3274 2574 3329 huc
2598 3281 2756 3342 atque
2782 3272 2908 3327 illuc
2931 3273 3105 3328 ventis
3132 3271 3450 3340 agitantibus
3476 3285 3572 3325 vo-

2001 3370 2217 3433 lutatur,
2250 3368 2321 3422 ita
2350 3366 2416 3422 ad
2451 3365 2801 3436 quodcunque
2844 3364 3041 3418 bonum
3069 3362 3152 3418 vel
3191 3362 3392 3416 facinus
3413 3402 3428 3426 ,
3457 3360 3574 3418 sine

2002 3460 2113 3516 ullo
2135 3459 2326 3528 atieetu
2349 3473 2468 3527 suo,
2497 3456 2611 3513 solo
2631 3455 2822 3510 divina:
2844 3453 3397 3525 potestatis'impulsu,
3423 3467 3576 3507 tuens

2005 3553 2234 3607 humana
2261 3558 2521 3606 versetur.
2554 3548 2683 3616 Quae
2717 3561 2838 3603 cum
2877 3546 2947 3601 ita
2986 3546 3120 3609 sint,
3154 3545 3197 3600 si
3239 3545 3505 3598 hominem
3544 3558 3574 3598 a

2005 3647 2217 3701 sinistra
2246 3644 2370 3698 mali
2397 3657 2502 3697 non
2531 3649 2748 3697 revocat
2775 3639 3104 3703 intellectus,
3136 3638 3180 3692 si
3210 3637 3273 3690 ad
3303 3636 3576 3691 dexteram

2007 3736 2130 3792 boni
2164 3749 2268 3790 non
2291 3733 2486 3790 excitat
2511 3731 2764 3796 ambitus,
2788 3729 2896 3798 jam
2930 3743 3034 3782 non
3063 3727 3293 3782 hominis
3316 3727 3580 3780 tenebitur

2008 3827 2349 3886 conditione,
2391 3823 2484 3878 sed
2525 3822 2762 3891 pecudis.
2804 3820 2943 3875 Ecce
2984 3819 3264 3873 haereticus
3307 3817 3405 3872 sub
3444 3830 3580 3885 pra-

2009 3928 2156 3975 textu
2196 3919 2413 3987 gratiae,
2454 3914 2664 3984 qualem
2692 3913 2803 3967 vult
2841 3911 3104 3966 hominem
3146 3924 3266 3964 esse
3307 3917 3423 3976 post
3459 3921 3580 3976 gra-

2011 4013 2159 4066 tiam.
2189 4010 2369 4077 ltaque
2398 4006 2443 4060 si
2469 4005 2691 4060 liberum
2710 4002 2985 4058 arbitrium
3009 4016 3074 4056 ex
3097 4008 3210 4054 toto
3236 3999 3412 4068 periit,
3437 3997 3580 4067 quod

2011 4102 2193 4170 utique
2223 4100 2275 4154 in
2305 4111 2488 4153 amore
2517 4095 2836 4150 innocentiae
2857 4134 2874 4160 ,
2905 4093 2986 4147 vel
3013 4093 3322 4161 operatione
3344 4087 3582 4158 justitite,

2014 4194 2096 4249 vel
2125 4195 2176 4247 in
2199 4190 2441 4260 corporis
2467 4185 2886 4244 sanctiﬁcatione
2907 4183 3170 4244 consistit,
3195 4182 3238 4235 si
3261 4180 3362 4235 hoc
3385 4194 3450 4235 ex
3473 4187 3586 4233 toto

2017 4285 2068 4339 in
2098 4282 2252 4352 primi
2282 4278 2512 4336 hominis
2541 4275 2978 4347 praevaricatione
3017 4271 3279 4327 sublatum
3309 4277 3426 4335 est,
3455 4281 3585 4338 quo-

2017 4375 2178 4432 modo
2206 4374 2432 4443 legimus
2461 4389 2473 4424 :
2505 4368 2767 4423 Justitiam
2803 4365 3002 4429 discite,
3020 4364 3103 4434 qui
3134 4361 3372 4415 habitatis
3401 4369 3588 4413 terram

2021 4467 2166 4540 (Esa.
2204 4465 2384 4533 XXVI);
2411 4471 2466 4518 et
2494 4461 2682 4516 iterum
2702 4456 2908 4511 :Justus
2931 4466 3095 4508 autent
3123 4471 3183 4507 ex
3207 4453 3309 4520 [ide
3338 4468 3445 4504 mea
3473 4449 3590 4504 vivit

2021 4559 2208 4630 (Hebr.
2233 4561 2322 4621 x);
2351 4552 2583 4610 etzlttsti
2603 4551 2896 4606 haereditate
2927 4545 3247 4614 possidebunt
3273 4541 3590 4612 terratn(Ps.

352 4623 419 4708 tis
446 4657 496 4707 in
529 4670 636 4708 eum
667 4670 813 4724 quem
845 4654 978 4706 misit
1018 4653 1122 4706 ille.
1157 4652 1402 4707 Advertis
1420 4623 1550 4721 quia
1587 4650 1716 4704 nihil
1757 4650 1807 4704 in
1840 4649 1921 4704 fa-
1946 4623 2001 4683 D
2027 4623 2416 4716 asst',ll);et:
2437 4643 2584 4698 Oculi
2600 4640 2806 4695 Domini
2825 4639 3235 4708 superjustos,et
3253 4637 3522 4705 auresejus
3543 4634 3594 4686 in

352 4747 554 4810 mulatu
584 4746 671 4799 Dei
699 4746 816 4799 sine
845 4759 1006 4814 opere
1040 4742 1260 4812 geritur,
1295 4742 1506 4812 quando
1532 4751 1586 4795 ct
1618 4742 1662 4795 is
1689 4741 1776 4810 qui
1807 4754 1925 4795 cre-

348 4838 481 4892 dere
509 4836 714 4890 videtur
741 4834 1022 4905 operatur?
1061 4834 1189 4887 Item
1220 4834 1272 4887 in
1303 4833 1580 4902 Apostolo.
1615 4831 1794 4900 Neque
1825 4831 1925 4884 cir-

349 4929 591 4981 cumcisio
620 4928 813 4998 aliquid
834 4926 984 4991 valet,
1015 4943 1170 4987 neque
1193 4927 1522 4994 prwputium,
1553 4928 1639 4978 sed
1665 4925 1790 4992 ﬁdes
1814 4939 1927 4993 quis

353 5037 445 5090 per
471 5021 728 5074 caritatem
754 5030 994 5090 aperatur
1023 5019 1164 5090 (Gal.
1191 5023 1267 5086 ν).
1297 5017 1554 5073 Similiter
1583 5026 1636 5070 ct
1663 5016 1728 5070 ad
1761 5015 1929 5070 Thes-

351 5113 719 5167 salonicenses
740 5112 994 5182 secunda,
1023 5111 1270 5184 Dignatur
1291 5126 1378 5164 vos
1401 5109 1656 5162 vocatione
1676 5125 1769 5161 sua
1794 5106 1928 5160 Deus

355 5213 403 5257 et
431 5206 638 5273 impleat
671 5220 866 5256 omnem
894 5207 1197 5257 voluntatem
1229 5200 1483 5263 bonitatis,
1515 5208 1560 5252 et
1585 5214 1712 5267 opus
1737 5198 1857 5266 ﬁdei
1877 5197 1930 5250 in

355 5295 492 5348 vobis
515 5293 600 5365 (II
622 5294 802 5350 Thess.
827 5293 886 5364 t).
909 5294 975 5349 Et
1004 5294 1071 5349 de
1091 5294 1355 5350 Abraham
1378 5291 1432 5346 in
1456 5290 1680 5360 epistola
1705 5287 1930 5359 apostoli

357 5389 540 5444 Jacobi
562 5406 574 5441 :
599 5389 750 5442 Vides
777 5390 898 5459 quia
918 5387 1044 5456 ﬁdes
1059 5387 1423 5457 caaperabatur
1444 5385 1676 5454 operibus
1702 5384 1864 5450 illius,
1885 5391 1934 5436 et

357 5496 420 5533 ex
437 5481 668 5550 operibus
680 5480 807 5549 ﬁdes
820 5489 1170 5533 consummata
1191 5487 1262 5534 est
1284 5477 1423 5549 (Jac.
1440 5491 1476 5530 tt
1493 5476 1533 5546 ).
1552 5475 1831 5531 Geminum
1847 5472 1933 5527 hic

360 5568 595 5624 ofﬁcium
623 5583 980 5640 recognosce,
1009 5576 1064 5623 et
1090 5565 1410 5637 operationis
1431 5606 1446 5631 ,
1474 5575 1526 5620 et
1554 5564 1698 5618 ﬁdei.
1730 5561 1932 5629 Gratia,

361 5660 552 5729 inquit,
578 5661 712 5716 salvi
740 5662 863 5730 facti
892 5659 1010 5713 estis
1032 5673 1120 5728 per
1145 5658 1299 5727 ﬁdem
1328 5655 1487 5730 (Eph.
1518 5658 1598 5724 ιι).
1633 5654 1808 5708 Prima
1839 5655 1936 5706 ita-

359 5765 468 5822 que
498 5752 706 5807 vocatio
740 5748 1114 5820 compendium
1156 5747 1277 5802 ﬁdei
1318 5747 1538 5816 requirit
1578 5761 1605 5799 a
1637 5745 1818 5810 nobis,
1850 5757 1936 5797 se-

362 5845 577 5916 quentis
607 5859 734 5899 vero
769 5843 1026 5913 temporis
1051 5841 1218 5914 gratia
1249 5839 1571 5910 redemptis,
1603 5837 1825 5904 ablatis,
1858 5837 1936 5892 in-

2026 4759 2193 4811 preces
2207 4754 2379 4794 eorum
2396 4736 2510 4806 (Ps.
2526 4732 2738 4802 sunt)?
2753 4729 2993 4800 Nunquid
3013 4728 3220 4798 penitus
3237 4727 3439 4781 interiit
3457 4726 3595 4780 inno-

2025 4832 2221 4895 centia,
2252 4830 2370 4898 quia
2406 4828 2458 4882 in
2491 4825 2661 4894 primo
2687 4823 2801 4892 ejus
2826 4820 2990 4890 gradu
3019 4833 3295 4888 possessor
3322 4816 3436 4886 ejus
3457 4825 3599 4869 stare

2027 4922 2297 4992 neglexit?
2321 4919 2434 4974 Non
2455 4919 2663 4986 opinor,
2687 4915 2806 4985 quia
2826 4914 3081 4982 scriptum
3102 4919 3210 4964 est:
3233 4908 3532 4962 Innacentes
3553 4915 3599 4960 et

2028 5016 2150 5070 recti
2174 5014 2494 5066 adhreserunt
2515 5007 2773 5076 mihi(Ps.
2795 5004 2964 5075 sxw).
2991 5004 3056 5057 Et
3072 5002 3259 5056 iterum
3278 5018 3290 5054 :
3312 4999 3436 5062 Quis
3448 4997 3600 5050 stabit

2030 5111 2084 5164 in
2121 5109 2228 5162 loco
2257 5115 2429 5160 sancta
2458 5105 2607 5173 ejus?
2637 5102 2870 5154 innocens
2895 5096 3143 5157 manibus,
3175 5103 3218 5145 et
3241 5089 3430 5143 mundo
3451 5087 3602 5141 corde

2031 5199 2150 5268 (Ps.
2169 5197 2344 5263 xxut).
2373 5195 2435 5248 Et
2460 5198 2679 5247 iterum:
2702 5190 2948 5244 Dominus
2974 5203 3073 5240 non
3091 5181 3304 5254 privabit
3326 5180 3470 5234 bonis
3494 5194 3603 5232 am-

2034 5291 2263 5344 bulantes
2303 5289 2353 5341 in
2384 5285 2669 5340 innocentia
2701 5282 2816 5353 (Ps.
2846 5277 3092 5346 Lxxxttt).
3133 5272 3380 5343 Nunquid
3412 5272 3604 5326 sancti-

2037 5383 2218 5436 ﬁcatio
2239 5379 2478 5449 corporis
2501 5393 2563 5433 ex
2590 5383 2700 5430 toto
2719 5374 2913 5428 amissa
2933 5385 3053 5425 esse
3074 5365 3339 5422 credenda
3356 5372 3457 5426 est,
3481 5361 3603 5430 quia

2039 5473 2291 5528 membris
2323 5472 2373 5525 itt
2415 5483 2571 5524 servo
2617 5465 2803 5521 rebelli
2824 5477 2972 5518 suam
2999 5474 3104 5514 non
3125 5453 3458 5512 servantibus
3485 5463 3604 5505 ser-

2039 5563 2282 5628 vitutem,
2310 5562 2547 5616 discussa
2587 5566 2668 5612 est
2711 5555 2893 5625 prima;
2922 5552 3150 5621 dignitas
3183 5542 3463 5617 puritatis?
3491 5538 3607 5594 Non

2040 5654 2239 5723 utique,
2271 5653 2390 5722 quia
2421 5651 2642 5719 legimus
2674 5666 2684 5699 :
2718 5646 2786 5702 Ut
2828 5641 3122 5700 exbibeatis
3166 5647 3389 5704 corpora
3434 5639 3608 5688 vestra

2041 5745 2267 5801 hostiam
2288 5744 2484 5806 vivam,
2512 5750 2770 5806 sanctam,
2796 5739 3090 5813 placentem
3122 5730 3252 5783 Deo.
3287 5726 3350 5781 Et
3381 5725 3609 5782 iterum:

2043 5836 2225 5891 Sancti
2251 5842 2423 5901 estote,
2453 5835 2570 5900 quia
2605 5848 2694 5897 ego
2720 5837 2919 5884 sanctus
2942 5840 3051 5884 sunt
3079 5819 3220 5887 (Leu.
3253 5817 3390 5883 ιιι).
3414 5815 3488 5873 Ita
3514 5813 3613 5879 hoc
