4068 6348
480 415 581 477 τοῦ

1671 409 1739 466 8.‘
1772 408 1857 466 PA
1867 407 2015 468 USTI
2056 406 2461 468 RIIEGIENSIS

3647 412 3765 470 796

481 545 675 601 genere
709 531 984 590 bonorum,
1016 527 1230 581 illorum
1254 540 1371 594 quas
1403 528 1541 579 male
1573 532 1792 580 secutus
1820 522 2056 593 paradisi
2087 520 2142 585 Α
2166 530 2267 589 est,
2303 525 2471 577 bonus
2501 536 2620 579 esse
2650 522 2955 589 contendat,
2985 531 3038 579 et
3065 523 3371 593 supplicans
3396 525 3539 579 dicat
3566 540 3580 577 :
3608 534 3661 581 et
3680 541 3763 580 ex

483 625 653 679 incola
678 637 706 677 a
735 621 960 690 benigno
981 628 1200 673 auctore
1221 626 1547 688 susceperat,
1580 632 1686 671 non
1711 617 1870 686 periit
1895 617 2058 682 actio,

480 716 580 771 etsi
595 721 679 770 est
697 713 891 767 amissa
914 710 1187 781 perfectio.
1203 710 1318 766 Non
1336 711 1573 781 inquam,
1593 710 1780 765 harum
1799 711 2056 764 virtutum

482 806 637 877 periit
662 805 901 869 castitas,
931 804 1028 859 etsi
1055 812 1138 859 est
1171 812 1425 859 temerata
1453 802 1727 873 virginalis
1756 803 2057 871 integritas.

1090 892 1319 951 CAPUT
1361 893 1450 948 IX.

568 988 807 1056 Qualiter
829 986 1101 1057 inﬁrmitas
1123 986 1269 1039 liberi
1298 985 1498 1039 arbitrii
1524 983 1858 1054 intelligenda
1888 984 1978 1039 sit.

547 1079 655 1135 Sed
690 1079 989 1147 interrogas
1009 1086 1066 1132 et
1088 1078 1167 1131 ais
1194 1093 1209 1131 :
1236 1075 1516 1144 Quomodo
1547 1076 1950 1144 intelligendum
1979 1083 2063 1129 est

474 1170 807 1227 inﬁrmatam
838 1168 1084 1223 humanae
1113 1166 1305 1221 montis
1331 1166 1647 1221 arbitrium?
1674 1166 1961 1220 Attenuata
1993 1166 2059 1219 Il-

481 1262 659 1316 bcrtas
686 1261 803 1331 ejus
830 1262 901 1315 ita
927 1260 1114 1329 gratiae
1144 1258 1465 1314 adminicula
1498 1258 1618 1327 plus
1638 1257 1896 1327 requirit,
1927 1257 2063 1312 sicut

420 1334 437 1345 κ
482 1350 644 1405 homo
675 1353 825 1421 longa
853 1349 1158 1405 infirmitate
1182 1348 1482 1414 confectus,
1513 1347 1805 1417 adjutoriis
1827 1363 1889 1402 ac
1917 1349 2061 1402 sola-

483 1444 569 1497 tiis
594 1458 778 1513 gressu
820 1442 1078 1496 titubante
1117 1439 1284 1509 magis
1319 1438 1540 1510 indiget.
1584 1439 1746 1508 igitur
1772 1440 1917 1493 sicut
1944 1448 2063 1507 post

483 1538 833 1592 inveteratam
866 1535 1086 1589 luxuriat
1106 1533 1568 1597 consuetudinem.
1598 1536 1867 1603 reparatio
1890 1533 2062 1589 conli-

484 1627 680 1683 nentia:
711 1628 875 1682 multo
906 1625 1089 1680 labore.
1115 1626 1376 1680 constabit
1403 1643 1414 1677 :
1449 1635 1502 1680 et
1529 1626 1668 1681 sicut
1696 1627 1853 1695 longo
1888 1634 2061 1679 temu-

484 1720 661 1775 lentize
690 1734 789 1775 usu
834 1720 1094 1788 captivata
1113 1761 1128 1787 ,
1157 1718 1423 1774 sobrietas
1448 1734 1570 1774 cum
1597 1712 1846 1774 violentia
1878 1720 2063 1789 rigida:

482 1814 658 1868 crucis
690 1814 777 1867 vix
807 1814 1080 1882 recipitur,
1112 1828 1229 1882 quae
1256 1814 1400 1882 prius
1422 1829 1542 1869 cum
1574 1815 1733 1869 illaesa
1767 1825 2060 1883 teneretur,

2169 614 2443 669 voluntate
2482 629 2597 669 mea
2640 614 2938 671 confitebor
2979 614 3078 670 illi.
3123 614 3349 671 Jubetur
3389 618 3766 685 unusquisque

2165 721 2232 761 ex
2263 706 2535 762 voluntate
2563 707 2838 771 converti,
2872 714 2942 761 ne
2970 714 3216 776 peccator
3245 708 3471 763 fortasse
3502 708 3767 776 desperet

2162 798 2219 853 in
2247 797 2436 853 melius
2472 814 2531 854 se
2559 812 2715 869 posse
2755 799 2969 853 mutari.
3005 798 3066 853 Si
3094 799 3233 867 quis,
3272 799 3463 868 inquit,
3495 802 3602 853 vult
3635 809 3764 871 post

2163 902 2244 945 me
2264 891 2454 954 venire,
2479 892 2687 962 abneget
2712 891 2933 961 seipsmn
2962 892 3079 957 sibi,
3111 891 3164 946 id
3195 902 3297 957 est,
3330 893 3463 946 alter
3487 890 3761 948 efﬁciatur

2163 996 2231 1036 ex
2266 981 2456 1036 altero.
2490 982 2749 1036 Patientia
2785 980 2964 1037 vincat
2997 982 3358 1049 iracundiam,
3393 982 3757 1051 temperantia

2165 1076 2399 1130 refrenet
2426 1076 2913 1144 concupiscentiam
2936 1116 2952 1143 ,
2989 1076 3259 1131 humilitas
3285 1076 3531 1130 esturbet
3560 1089 3759 1145 super-

2165 1168 2337 1232 biam,
2372 1184 2501 1222 crux
2540 1177 2784 1223 conterat
2817 1169 3165 1236 voluptatem.
3198 1169 3329 1234 Quis
3366 1171 3480 1232 haec
3518 1168 3635 1224 sine
3663 1170 3753 1224 la-

2166 1261 2295 1315 bore
2327 1259 2533 1324 cordis,
2567 1261 2683 1314 sine
2709 1258 2998 1313 afﬂictione
3034 1260 3243 1322 carnis,
3274 1260 3391 1314 sine
3423 1275 3615 1329 magno
3651 1261 3754 1315 bo-

2167 1352 2325 1407 minis
2357 1352 2635 1420 utriusque
2666 1350 2959 1406 luctamine
2984 1349 3275 1406 dormienti
3307 1350 3409 1406 sibi
3452 1366 3548 1420 per
3572 1351 3749 1406 solam

2160 1445 2389 1514 gratiam
2428 1443 2657 1498 :cstimet
2697 1441 3060 1498 conferenda?
3101 1442 3318 1512 Abneget
3359 1443 3582 1511 seipsum
3614 1442 3749 1511 sibi,
3840 1447 3857 1515 ',_

2164 1537 2270 1590 hoc
2295 1547 2376 1592 est
2401 1535 2676 1592 dicere:0
2701 1535 2880 1600 homo,
2915 1552 3020 1592 non
3056 1546 3210 1605 putes
3241 1544 3293 1591 te
3325 1536 3394 1590 ita
3426 1536 3493 1590 ab
3522 1544 3752 1590 auctore
3853 1527 3859 1535 ’

2169 1637 2258 1680 tuo
2294 1627 2595 1689 conditum,
2628 1636 2683 1682 ut
2716 1627 2783 1682 de
2812 1626 2995 1697 iniquo
3016 1626 3224 1697 justus,
3256 1625 3324 1681 de
3355 1625 3629 1680 luxurioso
3659 1642 3752 1680 ca-

2166 1730 2302 1787 stus,
2332 1723 2399 1777 de
2422 1721 2687 1777 malevolo
2714 1722 2975 1792 benignus
2995 1736 3116 1777 esse
3149 1734 3253 1774 non
3278 1721 3472 1789 possis.
3505 1718 3661 1786 Quod
3693 1728 3751 1772 ut

2162 1815 2421 1883 consequi
2454 1814 2631 1869 valeas
2668 1829 2773 1869 non
2815 1813 3013 1868 factura
3046 1813 3097 1867 in
3134 1821 3187 1867 te
3216 1820 3299 1867 est
3326 1810 3610 1876 mutanda,
3651 1811 3748 1865 sed

484 1918 649 1974 parvo
688 1905 901 1974 negotio
938 1905 1251 1960 servabatur
1293 1904 1592 1975 (siquidem
1633 1921 1754 1960 cum
1795 1907 2064 1975 voluptate
2092 1891 2141 1954 Β
2167 1905 2294 1960 vita.
2326 1904 2479 1961 Nunc
2513 1906 2612 1959 ista
2653 1904 2927 1970 dicentes,
2972 1918 3079 1960 non
3120 1903 3354 1959 laborem
3389 1904 3572 1973 gratia:
3606 1917 3752 1957 core-

484 1996 710 2065 quadam
749 1995 1000 2052 inviolata
1030 1996 1354 2050 conscientia
1401 1995 1747 2065 possidetur),
1786 2006 1840 2051 et
1875 2012 2059 2067 quem-

483 2087 770 2143 admodum
802 2096 918 2157 post
945 2086 1155 2142 diversa
1180 2087 1471 2141 carnalium
1501 2087 1856 2143 blandimenti
1903 2089 2061 2143 vitio-

484 2195 633 2241 rum,
666 2194 785 2250 qum
828 2180 981 2234 facile
1018 2179 1183 2247 prima
1229 2188 1360 2233 atas
1395 2187 1591 2234 stutum
1632 2195 1786 2233 suum
1827 2181 2063 2235 retinens

486 2272 693 2327 calcare
724 2272 1005 2340 potuisset,
1034 2284 1155 2324 cum
1186 2284 1382 2339 magno
1414 2270 1733 2335 luctamine,
1765 2271 1909 2325 velut
1938 2285 2065 2325 con-

485 2373 569 2419 tra
598 2362 750 2418 ardui
779 2363 975 2417 montis
1006 2375 1285 2415 ascensum
1328 2361 1394 2414 ad
1429 2361 1639 2414 virtutis
1669 2362 1808 2415 viam
1839 2361 2063 2428 reditur,

488 2455 561 2511 ita
601 2455 818 2510 humani
863 2454 1067 2510 arbitrii
1109 2468 1139 2506 a
1181 2453 1289 2507 Deo
1318 2466 1571 2507 concessa
1615 2453 1831 2507 libertas
1878 2454 2065 2509 ﬂorem

488 2544 833 2615 vigoremque
878 2544 1062 2613 gratim
1102 2556 1215 2598 sua:
1263 2543 1520 2611 perdidit,
1570 2551 1746 2598 tamen
1800 2546 1913 2612 ipsa
1960 2558 2065 2600 non

485 2636 669 2707 periit,
700 2644 752 2690 ut
783 2635 961 2691 divina
989 2649 1208 2689 munera
1236 2649 1340 2689 non
1374 2643 1479 2688 tam
1510 2634 1783 2691 interdicta
1817 2636 1915 2692 sibi
1947 2651 2070 2692 sen-

486 2730 615 2795 tiat,
643 2744 803 2798 quam
841 2742 961 2782 eum
992 2742 1205 2793 summo
1252 2728 1433 2782 labore
1465 2742 1529 2782 ac
1565 2727 1761 2784 sudore
1792 2744 1887 2799 per
1912 2730 2068 2800 adju-

489 2823 611 2877 torii
635 2822 988 2893 patrocinium
1012 2821 1114 2875 sibi
1144 2822 1435 2890 repetenda
1460 2836 1578 2877 esse
1598 2832 1905 2893 cognoscat.
1931 2824 2067 2879 Audi

482 2914 844 2986 iegislatorem
871 2915 938 2969 de
966 2915 1253 2969 voluntatis
1282 2914 1506 2970 arbitrio
1530 2915 1917 2985 disputantem,
1948 2932 2068 2972 cum

487 3008 621 3063 dicit
650 3024 665 3061 ;
719 3005 877 3061 Posui
912 3016 1030 3060 ante
1061 3009 1240 3079 faciem
1275 3015 1415 3060 tuam
1442 3009 1593 3061 vitam
1622 3017 1670 3062 et
1704 3018 1946 3075 mortem,
1982 3010 2071 3063 bo-

485 3114 611 3152 uum
647 3107 694 3150 et
734 3100 959 3163 malum;
991 3100 1118 3169 elige
1152 3099 1305 3152 vitam
1342 3108 1400 3152 stt
1426 3101 1563 3155 vivas
1594 3099 1775 3169 (Deut.
1810 3114 1912 3155 xxx
1935 3102 1972 3171 ).
2006 3103 2070 3157 Et
2118 3128 2121 3131 λ

402 3224 405 3225 ν
484 3191 680 3245 iterum
708 3209 720 3243 :
751 3190 898 3243 Viam
923 3192 1147 3245 veritatis
1170 3192 1299 3263 elegi
1319 3193 1544 3261 :jstdicia
1570 3203 1654 3247 tua
1677 3210 1777 3247 non
1806 3211 1916 3248 sum
1942 3196 2071 3249 obli-

487 3294 571 3337 tus
610 3282 783 3349 (Psat.
818 3282 1033 3353 csvttt).
1058 3283 1219 3338 Vides
1246 3285 1388 3353 quod
1434 3287 1700 3342 neminem
1745 3276 1831 3343 hic
1873 3292 2069 3358 premit

487 3373 610 3439 tati,
641 3376 724 3428 vel
755 3376 1016 3443 imposita:
1044 3378 1362 3444 perditionis
1391 3381 1705 3446 necessitas,
1735 3382 1823 3436 ubi
1855 3398 2068 3450 compe-

490 3468 557 3520 tit
592 3466 821 3535 eligendi
853 3468 1130 3536 potestas?
1171 3467 1353 3536 Neque
1381 3470 1525 3525 enim
1566 3474 1618 3526 in
1659 3480 1820 3527 unam
1867 3486 2068 3542 partem

492 3558 656 3612 trahit
703 3557 1135 3626 praedesunatio,
1187 3558 1273 3613 ubi
1314 3560 1590 3631 utriusque
1638 3562 1804 3632 partis
1833 3562 2071 3619 defertur

488 3648 707 3703 electio.
743 3649 870 3704 Item
906 3664 921 3703 :
956 3646 1080 3703 Fiat
1114 3665 1295 3705 manus
1330 3660 1419 3705 tua
1456 3662 1512 3707 ut
1546 3655 1741 3708 soluunt
1771 3670 1850 3709 me
1881 3658 2066 3725 faciat,

483 3747 613 3811 'q'uia
641 3744 883 3797 mandata
912 3753 999 3797 tua
1029 3742 1158 3817 elegi
1184 3743 1356 3812 (Psal.
1382 3746 1591 3815 cxvu‘t),
1621 3748 1722 3802 hoc
1745 3759 1827 3804 est
1851 3748 2029 3803 dicere
2057 3767 2069 3803 ε

486 3835 823 3891 Sullicitahat
845 3851 929 3890 me
947 3833 1159 3907 quidem
1178 3835 1517 3915 insinistram
1543 3846 1749 3907 partem
1771 3839 2069 3906 perniciosa

486 3928 675 3983 mundi
700 3929 973 3997 voluptas,
1010 3929 1105 3985 sed
1151 3929 1204 3983 iu
1242 3928 1516 3985 dexteram
1554 3931 1924 3986 mandatorum
1955 3940 2074 3987 tuo-

491 4028 608 4073 rum
642 4019 799 4072 traxit
829 4018 1047 4074 utilitas.
1082 4019 1263 4090 Itaque
1289 4034 1407 4074 cum
1442 4030 1629 4089 gentes
1659 4022 1788 4090 ipsa:
1830 4024 1896 4077 ad
1943 4022 2071 4095 mali

494 4108 690 4163 bonive
708 4107 965 4178 judicium
983 4109 1146 4164 insito
1167 4110 1265 4163 sibi
1288 4109 1585 4179 dirigantur
1606 4112 1847 4173 arbitrio,
1872 4121 2072 4182 quanto

495 4201 662 4269 magis
714 4201 979 4255 moderari
1026 4202 1091 4253 ad
1139 4201 1333 4257 bonam
1386 4212 1591 4271 partem
1632 4206 1920 4259 voluntatis
1962 4220 2072 4260 sua:

496 4288 743 4343 libertate
769 4298 943 4359 potest
971 4290 1186 4344 humilis
1217 4290 1553 4348 Christianus
1572 4334 1586 4359 ,
1628 4296 1716 4362 qui
1746 4295 2073 4363 possibilita-

498 4385 605 4431 tem
626 4393 775 4432 suam
798 4379 851 4433 in
885 4380 978 4433 Dei
1002 4380 1263 4448 adjutoris
1285 4383 1477 4437 virtute
1498 4386 1795 4439 constituit.
1811 4386 1890 4440 Ad
1911 4401 2069 4455 quem

498 4468 731 4525 dicitur:
766 4470 827 4524 Si
852 4472 926 4525 vis
953 4472 1203 4542 perfectus
1236 4487 1374 4540 esse,
1404 4476 1560 4540 vade,
1598 4476 1756 4530 vende
1780 4493 1892 4544 qua:
1919 4479 2072 4534 habes

500 4556 710 4628 (Matth.
738 4562 872 4629 XIX).
893 4560 961 4615 Et
982 4562 1172 4617 iterum
1197 4579 1212 4618 :
1242 4560 1332 4617 Vis
1375 4579 1530 4619 sanus
1555 4566 1668 4633 ﬁeri
1693 4564 1869 4636 (Joau.
1894 4584 1945 4632 v,
1977 4568 2073 4639 6)?

498 4655 744 4709 conscius
769 4664 1021 4726 quantum
1039 4658 1186 4714 cordi
1203 4657 1438 4714 humano
1455 4670 1646 4729 potens
1667 4660 1834 4715 factor
1859 4661 2068 4718 indide-

478 4762 487 4803 ί
501 4745 590 4810 rit,
623 4746 949 4803 voluntatem
973 4748 1138 4819 ipsius
1158 4766 1314 4821 quem
1340 4759 1419 4807 cst
1449 4761 1732 4806 sanaturus
1756 4738 2065 4823 interrogat.

502 4837 633 4895 Nam
662 4848 715 4895 et
742 4840 849 4895 alio
875 4842 992 4896 loco
1017 4843 1270 4913 populum
1310 4845 1667 4900 ambulantem
1697 4860 1954 4901 concessa
1982 4861 2070 4901 ar-

495 4931 635 4988 bitrii
660 4931 901 4988 libertate
923 4934 1001 4989 sic
1028 4935 1200 5004 arguit
1223 4950 1238 4988 :
1264 4935 1411 4989 Educ
1431 4940 1571 5004 foras
1594 4937 1838 5005 populum
1861 4952 2068 5005 meum,

495 5033 543 5078 et
586 5024 761 5079 oculus
796 5023 1097 5091 habentem,
1143 5025 1358 5080 surdum
1386 5036 1433 5081 et
1475 5043 1622 5083 aures
1665 5029 1711 5082 ei
1748 5038 1862 5082 sunt
1911 5027 2071 5100 (Isai.

496 5117 672 5189 mn).
711 5117 809 5174 Hic
845 5119 989 5189 quod
1031 5117 1225 5174 surdus
1259 5127 1314 5173 et
1351 5134 1527 5174 caecus
1564 5131 1677 5186 est,
1724 5121 2070 5175 contumaciae

497 5207 977 5279 esse‘intelligitur,
1009 5221 1115 5263 non
1142 5218 1366 5263 naturas.
1400 5210 1467 5263 Et
1492 5208 1544 5263 in
1573 5208 1863 5279 Evangeiio
1887 5218 2072 5279 aperte

474 5296 731 5353 ostendit
766 5296 995 5354 inditum
1024 5313 1146 5355 esse
1188 5299 1393 5354 homini
1437 5300 1589 5354 bona:
1619 5299 1901 5355 voluntatis
1941 5299 2071 5355 affe-

478 5395 666 5446 "ctum.
699 5388 761 5445 Si
798 5390 945 5459 quis,
984 5389 1186 5461 inquit,
1226 5388 1333 5444 vult
1372 5399 1483 5459 post
1510 5406 1588 5444 me
1625 5392 1825 5456 venire,
1867 5390 2074 5459 abneget

496 5483 721 5556 seipsum
756 5480 878 5548 sibi,
921 5489 967 5536 et
1018 5482 1164 5535 tollat
1203 5496 1403 5536 crucem
1441 5495 1586 5535 suam
1630 5491 1677 5533 et
1717 5486 1955 5550 sequatur
1996 5495 2073 5533 me

499 5574 652 5648 (Luc.
685 5571 791 5647 ιι).
824 5572 935 5630 Hoc
959 5583 1040 5630 est
1068 5573 1248 5628 dicere
1280 5591 1291 5624 :
1335 5573 1465 5627 Mea:
1495 5571 1855 5627 miserationis
1894 5579 1975 5626 est
2016 5580 2076 5625 ut

498 5674 731 5740 voceris,
779 5673 873 5728 sed
914 5682 1017 5727 tute
1056 5669 1343 5727 voluntatis
1387 5669 1732 5725 commissum
1772 5680 1853 5725 est
1896 5678 1952 5723 ut
1989 5683 2076 5723 se-

498 5768 701 5835 quaris.
728 5766 1010 5821 Videamus
1040 5769 1081 5821 si
1112 5780 1205 5834 per
1228 5746 1393 5819 otium
1416 5763 1480 5816 ad
1505 5776 1562 5817 se
1590 5763 1773 5816 invitet
1802 5763 2072 5816 hominem

500 5857 662 5919 Deus.
697 5858 935 5928 Abneget,
965 5860 1157 5930 inquit,
1189 5859 1407 5927 seipsum
1428 5856 1544 5924 sibi,
1574 5855 1625 5913 id
1656 5864 1757 5926 est,
1785 5855 1873 5918 qui
1903 5856 2074 5914 malus

2162 2010 2410 2068 quamus,
2437 1996 2532 2053 sed
2555 1997 2776 2053 omnino
2796 1996 3023 2067 gratiam
3052 1996 3166 2052 sine
3189 1994 3589 2066 comparatione
3609 2006 3750 2064 prte-

2161 2088 2435 2157 ponimus.

2791 2139 3020 2237 CAPUT
3058 2180 3126 2235 χ.

2162 2272 2441 2337 Quomodo
2467 2274 2849 2345 intelligendum
2877 2274 2988 2345 sit;
3020 2290 3039 2325 t
3073 2272 3192 2327 Non
3211 2272 3421 2345 volentis
3448 2286 3607 2345 neque
3627 2286 3747 2345 σαν-ς

2239 2346 2517 2408 rentia,sed
2540 2342 2819 2401 miserentis
2839 2355 2910 2399 est
2939 2343 3066 2409 Dei;
3099 2362 3118 2395 ι
3150 2345 3226 2398 vel
3256 2342 3418 2397 illud:
3438 2361 3461 2394 v
3492 2342 3607 2395 Non
3634 2342 3746 2395 ueni

2240 2419 2625 2486 uocarejttstos,
2652 2417 2741 2470 sed
2768 2424 3055 2486 peccatores
3085 2415 3137 2469 iu
3158 2415 3521 2485 penitentiam.
3554 2431 3571 2464 s

2242 2549 2347 2605 Sed
2383 2548 2514 2604 dicis
2545 2568 2555 2603 :
2587 2549 2642 2604 ln
2674 2559 2878 2605 tantum
2909 2548 3039 2605 nihil
3075 2558 3157 2605 est
3198 2547 3463 2615 hominis,
3496 2548 3589 2603 sed
3634 2556 3723 2603 tau

2170 2654 2283 2695 tum
2324 2641 2504 2710 gratiae
2547 2640 2675 2711 Dei,
2714 2651 2773 2696 ut
2812 2642 3101 2711 Apostolus
3128 2642 3270 2696 dicat
3303 2658 3314 2694 :
3352 2640 3473 2695 Non
3506 2642 3745 2709 volentis,

2172 2749 2332 2803 neque
2371 2734 2653 2798 currentis,
2686 2734 2823 2788 sicut
2860 2734 2960 2789 sibi
2997 2743 3208 2803 arrogat
3239 2731 3455 2789 .ludaaus
3490 2749 3552 2787 ex
3598 2732 3745 2801 lege,

2164 2823 2259 2878 vel
2284 2823 2528 2895 Pelagius
2549 2839 2614 2878 ex
2639 2824 2792 2879 liberi
2820 2825 3024 2879 arbitrii
3050 2823 3485 2895 prtesumptiotie,
3509 2823 3602 2877 sed
3626 2820 3750 2876 licet

2172 2928 2291 2967 cum
2332 2913 2561 2969 hominis
2608 2917 2898 2982 servitute,
2945 2924 3111 2971 totum
3154 2926 3331 2972 tamen
3370 2915 3653 2969 miserantis
3681 2926 3749 2967 est

2164 3004 2288 3075 ’Dt‘i,
2324 3024 2422 3062 non
2451 3010 2665 3063 volentis
2691 3025 2849 3080 neque
2878 3011 3124 3063 currentis
3152 3009 3323 3075 (liam.
3354 3010 3450 3077 ιχ).
3482 3008 3577 3062 Hic
3601 3007 3748 3063 illum

2164 3099 2449 3154 “evidenter
2477 3108 2627 3155 notat
2649 3109 2703 3156 et
2731 3101 2925 3171 arguit,
2957 3101 3045 3171 qui
3072 3102 3242 3156 solum
3272 3115 3331 3155 se
3353 3100 3451 3155 sibi
3477 3099 3750 3163 sufficere,

2173 3191 2289 3245 sine
2326 3207 2485 3246 manu
2526 3191 2827 3262 adjuvantis
2868 3193 3162 3248 existimat.
3210 3191 3476 3247 Caeterum
3517 3192 3581 3245 ad
3624 3205 3748 3245 eum

2175 3282 2264 3352 qui
2296 3296 2416 3337 cum
2448 3281 2755 3337 miserantis
2780 3282 2980 3337 auxilio
3001 3290 3222 3337 conatus
3260 3295 3385 3337 suos
3411 3282 3613 3354 jungit,
3644 3296 3747 3337 non

2175 3373 2322 3440 diril,
2355 3392 2456 3429 non
2486 3377 2696 3430 volentis
2725 3392 2881 3446 neque
2902 3377 3167 3440 currentis,
3198 3375 3291 3430 sed
3322 3375 3487 3429 multo
3514 3374 3666 3429 aliter
3682 3373 3748 3430 ad

2175 3480 2296 3518 eum
2327 3467 2581 3534 loquitur.
2617 3467 2729 3533 Sic,
2763 3466 2952 3537 inquit,
2978 3466 3185 3533 currite,
3216 3476 3271 3521 ut
3290 3465 3747 3537 comprehendatis.

2179 3556 2245 3611 Et
2273 3558 2489 3612 iterum.
2516 3558 2641 3612 Tam
2671 3559 2790 3613 bene
2814 3561 3110 3625 currebutis,
3134 3559 3247 3631 quis
3274 3574 3358 3612 vos
3388 3558 3647 3626 impedivit
3670 3573 3748 3611 re-

2174 3648 2316 3701 ritati
2343 3664 2443 3702 non
2470 3650 2709 3704 obedire!
2735 3648 2790 3705 Si
2824 3666 2930 3705 non
2968 3659 3051 3705 est
3090 3651 3249 3705 etiam
3279 3648 3529 3705 voluntas
3565 3660 3749 3717 exspe-

2175 3743 2365 3797 ctanda
2392 3743 2675 3809 currentis,
2707 3758 2873 3813 quare
2898 3742 3091 3798 dicitur
3115 3760 3129 3797 :
3160 3742 3269 3813 Ego
3293 3742 3449 3813 igitur
3477 3743 3554 3795 sic
3580 3754 3749 3805 curro,

2176 3849 2275 3886 non
2307 3834 2451 3901 quasi
2490 3834 2543 3886 in
2582 3833 2863 3899 incertum;
2895 3843 2949 3888 et
2989 3833 3179 3888 iterum
3218 3850 3232 3887 τ
3266 3831 3481 3886 Cursum
3512 3844 3751 3885 censum-

2160 3924 2336 3987 silari,
2385 3924 2538 3992 ﬁdem
2582 3925 2813 3978 servavi?
2857 3923 2978 3977 Non
3025 3924 3236 3978 volentis
3278 3938 3437 3991 neque
3481 3921 3751 3976 currentis.

2177 4018 2294 4085 lpse
2320 4018 2420 4071 sibi
2447 4018 2651 4077 obtexit
2678 4031 2919 4072 errorum
2952 4017 3232 4079 tenebras,
3260 4018 3348 4087 qui
3378 4015 3433 4069 in
3461 4015 3752 4084 Scripturis

2162 4110 2376 4163 sanctis
2407 4109 2489 4162 vel
2528 4122 2787 4179 personas
2823 4110 2991 4164 nescit
3034 4107 3394 4177 interrogare,
3428 4107 3509 4163 vel
3542 4106 3751 4167 causas.

2178 4202 2290 4256 lloc
2317 4202 2436 4256 loco
2466 4200 2754 4270 Apostolus
2778 4199 3013 4270 gentium
3045 4213 3291 4254 asserens
3321 4188 3474 4253 fidem
3497 4241 3512 4264 ,
3543 4198 3753 4253 Judaeu-

2176 4306 2294 4347 rum
2326 4292 2630 4360 superbiam
2660 4301 2871 4346 coercet
2900 4299 2950 4347 et
2982 4291 3319 4360 comprimit,
3350 4290 3440 4361 qui
3469 4290 3569 4345 sibi
3596 4289 3753 4359 justi-

2177 4387 2303 4441 tiam
2343 4385 2411 4439 de
2455 4385 2588 4454 legis
2621 4382 2875 4450 operibus
2914 4383 3266 4453 arrogabant,
3309 4398 3371 4437 ac
3404 4381 3495 4436 Del
3545 4382 3753 4436 miseri-

2176 4477 2413 4532 cordiam
2448 4484 2502 4530 et
2542 4476 2765 4546 gratiam
2800 4478 3152 4548 respuebant,
3191 4479 3277 4547 qui
3322 4494 3497 4539 suam,
3533 4489 3589 4530 ut
3627 4476 3753 4531 dicit

2113 4580 2155 4639 ._‘
2180 4569 2492 4637 Apostolus,
2530 4576 2804 4637 querentes
2834 4579 3050 4624 statuere
3084 4569 3366 4639 justitiam,
3402 4568 3624 4637 justitiw
3662 4568 3754 4621 Dei

2096 4634 2151 4698 D
2176 4634 2279 4715 non
2300 4668 2417 4712 sunt
2441 4634 2652 4732 subjecti
2675 4659 2848 4728 (Rom.
2881 4661 2963 4729 χ).
2991 4634 3135 4726 Quos
3159 4668 3213 4713 et
3241 4634 3483 4713 alioloco
3504 4658 3751 4712 simulata

2171 4750 2572 4823 justiticatione,
2601 4760 2652 4806 et
2674 4751 2887 4821 obliqua
2915 4766 3011 4821 per
3034 4751 3255 4805 ironiam
3280 4763 3409 4804 voce
3437 4749 3755 4802 condemnat

2176 4841 2407 4897 dicens:
2456 4843 2575 4896 Non
2623 4843 2737 4896 veni
2776 4857 2957 4895 vocare
3002 4842 3193 4907 iustos,
3239 4840 3327 4895 sed
3367 4849 3650 4910 peccatores
3690 4842 3758 4890 ml

2177 4936 2520 5005 paenitentiam
2548 4933 2762 5006 (Matth.
2793 4934 2897 5003 Ix),
2949 4931 3158 5000 Justus,
3198 4933 3248 4986 id
3279 4941 3391 4999 est,
3426 4933 3511 5000 qui
3557 4932 3659 4984 sibi
3694 4938 3759 4979 to.

2152 5028 2597 5098 praesumptione
2618 5028 2841 5097 justitite
2864 5026 3227 5081 blandiuntur.
3256 5025 3403 5079 Sicut
3430 5035 3481 5078 et
3511 5023 3614 5075 alio
3639 5024 3758 5075 Ιυι-ι.

2172 5120 2549 5188 justiticantem
2594 5119 2799 5187 reapuit
2842 5116 3205 5180 Pharisteum,
3237 5122 3291 5170 et
3324 5128 3659 5169 accusau'etn
3699 5130 3757 5165 sc

2175 5213 2411 5283 suscepit
2438 5212 2798 5282 publicanum.
2828 5209 2948 5263 Non
2975 5210 3105 5275 ueni,
3138 5208 3327 5278 inquit,
3361 5223 3537 5261 vocare
3558 5211 3754 5277 jttslos,

2172 5306 2262 5359 sed
2286 5314 2571 5373 peccatores
2591 5304 2658 5357 ad
2682 5302 3044 5375 paenitentiam,
3081 5302 3130 5356 id
3155 5312 3257 5366 est,
3286 5316 3391 5355 non
3417 5298 3533 5354 veni
3563 5314 3758 5353 vocare

2176 5396 2390 5451 Judmos
2420 5411 2490 5451 ex
2530 5395 2647 5465 lege
2682 5394 2782 5450 sibi
2818 5393 3038 5463 justitim
3083 5392 3354 5463 privilegia
3391 5389 3757 5453 vindicantes,

2178 5488 2270 5542 scd
2302 5488 2476 5557 potius
2504 5497 2691 5556 gentes
2725 5487 2940 5556 requiro
2977 5502 3041 5540 ex
3076 5486 3179 5540 fide
3218 5492 3555 5554 peccatorum
3590 5483 3755 5553 posui-

2152 5579 2395 5633 tentiam
2442 5576 2775 5647 profitentes.
2825 5575 2955 5631 Nam
2993 5577 3062 5631 ob
3092 5577 3329 5645 ipsorum
3374 5575 3658 5629 elationem
3704 5581 3759 5628 ct

2176 5671 2280 5725 alio
2309 5670 2424 5724 loco
2455 5671 2525 5724 ita
2552 5668 2682 5723 dicit
2708 5685 2719 5721 :
2753 5667 2874 5723 Non
2897 5681 2968 5723 est
2992 5684 3117 5740 Opus
3144 5669 3281 5723 sanis
3309 5668 3525 5730 medico,
3556 5666 3645 5719 sed
3668 5669 3758 5734 qni

2177 5763 2306 5815 male
2338 5761 2544 5815 habent.
2578 5760 2747 5815 Juda-i
2784 5772 2960 5815 autem
2995 5760 3167 5829 justos
3203 5765 3258 5814 et
3296 5771 3457 5813 sanos
3495 5770 3553 5811 sc
3592 5756 3759 5825 jacta.

2177 5852 2301 5908 bant
2333 5867 2475 5917 esse,
2503 5851 2595 5909 sed
2627 5867 2731 5909 non
2759 5861 2930 5909 erant.
2962 5852 3090 5919 Quis
3113 5860 3287 5907 autem
3316 5864 3502 5907 sanum
3533 5847 3600 5906 de
3626 5862 3759 5905 sane
