4068 6348
315 418 419 478 797

1390 410 1478 467 DE
1518 409 1775 468 GRA'I’IA
1816 408 1958 475 DEI,
2000 408 2174 476 ETC.,
2218 412 2344 469 ΜΒ.
2384 417 2422 472 1.

3482 424 3590 484 798

314 535 482 593 corde
508 532 689 590 dicere
718 530 939 608 auderet
970 540 1181 599 quando
1210 527 1529 582 universitas
1561 527 1774 597 generis
1803 526 1899 579 hu—
1927 521 1984 585 Δ
2009 526 2220 583 homine
2259 528 2373 599 ipse
2404 529 2684 596 formavit,
2732 534 2829 590 sed
2875 546 2928 589 et
2967 534 3017 589 in
3048 546 3306 603 potestate
3356 540 3599 597 nominis.

312 627 459 683 mani
486 638 595 680 uno
625 623 893 695 serpentis
929 635 1114 677 morsu
1144 633 1396 689 percussa
1436 619 1757 691 languebat?
1787 618 1900 674 Una

314 728 399 776 est
425 732 554 789 ergo
590 730 716 787 spes
743 712 990 769 sanitatis
1030 713 1276 775 inﬁrmo.
1312 710 1360 766 si
1391 726 1451 767 se
1477 725 1661 766 coram
1691 710 1901 766 medico

284 814 569 884 ‘agnoscat
595 807 888 864 inlirmum.
922 803 1152 874 Dignum
1183 817 1313 860 vero
1340 814 1425 858 est
1453 810 1515 857 ut
1542 801 1785 858 remedio
1813 817 1904 857 ca-

284 910 451 970 'rcat,
478 900 568 973 qui
594 896 965 970 aegritudinem
994 909 1145 950 suam
1168 895 1311 952 seire
1338 895 1664 951 dissimulat.
1692 895 1756 950 Et
1786 908 1903 964 pro-

312 1002 500 1063 pterea
543 989 707 1061 magis
740 987 917 1059 gaudii
957 987 1052 1042 erit
1094 984 1291 1057 angelis
1342 987 1393 1039 in
1433 984 1559 1039 creto
1605 1000 1755 1054 super
1799 1000 1902 1037 uno

314 1091 580 1153 peccatore
618 1080 958 1155 pcenitentiam
994 1086 1206 1149 agente,
1249 1094 1403 1149 quam
1434 1093 1587 1147 super
1626 1078 1903 1144 nonaginta

313 1187 495 1228 novem
527 1154 709 1243 iustis,
751 1171 838 1243 qui
869 1186 969 1223 non
1010 1169 1236 1241 indigent
1272 1168 1566 1240 paenitentia
1593 1166 1755 1238 (Luc.
1786 1170 1901 1235 xv).

313 1264 448 1333 Quis
480 1279 586 1319 non
624 1262 728 1321 hoc
763 1261 884 1319 loco
923 1276 1047 1317 vere
1083 1260 1255 1332 iustos
1294 1276 1415 1317 esse
1454 1260 1642 1315 credat
1686 1260 1783 1315 hos
1812 1259 1904 1331 qui

315 1373 427 1413 non
456 1355 694 1426 indigent
716 1352 1069 1427 paenitentia?
1089 1351 1191 1409 Sed
1215 1368 1374 1409 nemo
1397 1352 1566 1427 magis
1587 1361 1706 1423 eget
1731 1352 1904 1407 salute

288 1460 479 1521 ‘quam
512 1447 600 1518 qui
644 1461 703 1503 se
744 1461 851 1501 non
890 1444 1137 1517 intelligit
1181 1440 1445 1515 indigere.
1493 1444 1552 1499 Et
1584 1442 1705 1499 ideo
1736 1444 1904 1514 magis

316 1558 484 1599 verus
521 1540 609 1596 ille
640 1549 822 1611 pastor
850 1538 1083 1594 exsultat
1120 1552 1281 1608 super
1307 1552 1410 1592 una
1439 1551 1538 1591 ove
1573 1552 1691 1607 qua:
1720 1536 1787 1590 ah
1812 1551 1903 1591 er-

294 1648 445 1691 rore
466 1642 715 1689 revocata
745 1642 848 1696 est,
877 1646 1038 1701 quam
1067 1619 1231 1699 super
1251 1627 1536 1699 nonaginta
1568 1642 1757 1681 novem
1783 1627 1905 1682 ovi-

320 1728 422 1783 bus
448 1743 567 1799 qute
592 1741 699 1782 non
722 1730 1054 1780 erraverunt.
1089 1721 1151 1778 Et
1174 1723 1293 1793 quis
1321 1738 1384 1778 eo
1413 1721 1672 1777 mortiferi
1701 1718 1903 1776 erroris

301 1820 466 1885 .malo
495 1833 616 1875 esse
645 1816 817 1888 possit
860 1815 1112 1871 immunis
1158 1829 1278 1871 cum
1329 1812 1588 1885 propheta
1632 1822 1901 1869 testetur:

298 1906 301 1909 ’
325 1911 511 1966 Omnes
544 1926 634 1965 nos
657 1908 805 1981 quasi
834 1923 946 1963 oves
973 1906 1283 1973 erravimus;
1316 1907 1655 1978 unusquisque
1682 1906 1735 1959 in
1770 1904 1903 1959 viam
1932 1884 1981 1947 Β

302 2008 486 2078 suam:
516 2004 785 2061 declinavit
826 2001 995 2077 (Isai.
1036 1999 1195 2073 un)?
1217 2001 1386 2070 Quam
1420 1999 1647 2057 dolenda
1689 2000 1903 2055 Caecitas

322 2099 628 2154 Judreorum
681 2096 817 2151 viam
872 2103 1066 2166 negato
1114 2093 1400 2150 Salvatore
1450 2091 1793 2164 perdiderat,
1850 2102 1907 2146 et

323 2199 567 2246 errorem
606 2203 760 2243 suum
800 2186 939 2243 scire
987 2183 1225 2241 nolebat.
1279 2183 1375 2240 Hie
1426 2197 1554 2253 ergo
1596 2198 1776 2236 sermo
1820 2181 1903 2235 di-

322 2284 479 2338 vinus
531 2280 630 2337 sub
676 2278 1032 2349 appellatione
1084 2276 1385 2346 justorum,
1432 2276 1548 2330 sine
1596 2273 1904 2346 praejudicio

323 2387 517 2430 sensus
545 2370 765 2428 alterius
789 2370 956 2441 magis
982 2367 1288 2424 Judzeorum
1312 2374 1461 2439 notat
1485 2374 1641 2435 atque
1667 2364 1907 2435 increpat

322 2466 707 2537 arrogantiam.
753 2463 882 2519 Nam
923 2477 1044 2519 cum
1074 2459 1329 2517 denarius
1360 2466 1417 2515 et
1453 2458 1778 2513 centesimus
1808 2453 1907 2512 nu-

324 2572 507 2613 merus
535 2557 709 2628 jusms
740 2555 1108 2627 periectosque
1142 2549 1418 2623 designet,
1449 2562 1621 2605 nonus
1657 2555 1711 2603 et
1741 2563 1907 2602 nona-

322 2649 558 2721 gesimus
602 2647 829 2719 iniustos
871 2652 927 2701 et
970 2652 1275 2715 peccatores
1315 2642 1425 2711 ipsa
1470 2637 1766 2709 imperfecti
1809 2654 1909 2694 nu-

325 2744 460 2800 meri
492 2741 709 2798 ratione
739 2738 1003 2811 designat.
1052 2736 1245 2805 itaque
1275 2735 1378 2791 hoc
1424 2733 1543 2789 loco
1583 2730 1751 2786 Judaei
1796 2726 1906 2786 ela~

314 2837 557 2901 tionem,
611 2833 701 2906 qui
760 2848 819 2891 se
857 2847 923 2887 ex
980 2831 1096 2902 lege
1141 2826 1479 2902 justiticans,
1528 2824 1907 2897 Redemptoris
1970 2836 1973 2839 '

314 2926 747 2985 misericordiam
781 2924 1173 2995 repudiaverat,
1207 2914 1447 2993 Apostoli
1478 2917 1724 2976 doctrina
1748 2917 1907 2971 casti-

320 3028 413 3093 gat
436 3018 663 3075 dicendo
693 3035 707 3073 :
744 3016 865 3074 Non
889 3016 1126 3071 volentis.
1157 3013 1289 3083 Quia
1318 3014 1369 3068 in
1395 3012 1582 3069 humili
1602 3010 1907 3067 Christiano

320 3115 438 3187 ipsa
478 3110 782 3168 obedientia
825 3117 879 3167 et
907 3106 1167 3178 subiectio
1207 3121 1398 3160 cursus
1437 3112 1518 3159 est
1544 3113 1598 3159 et
1626 3116 1902 3164 ascensus,

318 3207 377 3262 in
400 3206 571 3263 Judxi
609 3202 839 3259 elatione
880 3202 1061 3273 lapsus
1099 3206 1183 3255 est
1222 3208 1276 3254 et
1316 3197 1593 3252 decursus.
1634 3195 1786 3263 Non,
1826 3197 1905 3250 in-

322 3299 460 3368 quit,
489 3296 701 3351 volentis
728 3311 882 3365 neque
905 3293 1176 3349 currentis.
1213 3288 1495 3358 Quomodo
1525 3303 1625 3341 vox
1656 3287 1757 3341 ista
1788 3304 1909 3357 per-

326 3389 499 3443 tinere
550 3394 727 3457 potest
766 3384 829 3441 ad
876 3382 1089 3442 fidelem
1136 3391 1189 3438 et
1228 3380 1423 3436 Christi
1463 3370 1681 3449 legibus
1725 3377 1906 3432 suhdi-

324 3488 465 3547 tum,
499 3477 566 3534 ad
592 3493 745 3548 quem
778 3476 1010 3533 dicitur:
1045 3473 1107 3529 Et
1147 3468 1201 3529 in
1232 3474 1338 3547 lege
1367 3472 1576 3526 Domini
1602 3471 1699 3539 fuit
1730 3471 1909 3525 volun-

324 3581 401 3626 tas
429 3574 578 3643 ejus;
606 3580 658 3626 et
685 3570 826 3640 quod
860 3567 1063 3640 przefati
1089 3584 1275 3623 sumus
1303 3586 1313 3619 :
1344 3566 1405 3623 Si
1429 3565 1542 3630 quis
1570 3566 1675 3619 vult
1698 3575 1808 3634 post
1833 3579 1910 3618 me

324 3664 528 3729 venire;
550 3672 624 3732 et,
659 3663 952 3718 Voluntarie
972 3660 1275 3731 sacrificabo
1296 3660 1409 3729 tibi,
1438 3660 1681 3723 Domine;
1707 3668 1782 3725 et,
1811 3657 1909 3723 Qui

323 3755 534 3812 voluerit
562 3755 785 3809 animant
815 3771 963 3809 suam
992 3754 1185 3809 salvam
1217 3757 1406 3822 facere,
1439 3752 1615 3823 perdet
1641 3750 1821 3811 illam;
1861 3756 1911 3801 et

323 3847 409 3918 qui
428 3844 706 3917 perdiderit
727 3844 950 3901 animam
972 3861 1121 3899 suam
1145 3853 1349 3916 propter
1379 3860 1475 3907 me,
1500 3842 1712 3896 inveniet
1735 3840 1912 3894 illam?

324 3936 461 3993 Vide
483 3952 640 4009 quam
663 3951 910 4007 magnum
936 3949 1069 4007 opus
1098 3943 1149 3990 et
1179 3942 1337 4006 quam
1369 3932 1600 3987 arduum
1625 3929 1911 4001 perdendae

324 4036 382 4085 et
402 4028 739 4085 invenienda:
761 4029 951 4083 animus
974 4028 1131 4083 etiam
1162 4027 1215 4081 in
1241 4025 1469 4081 hominis
1491 4024 1763 4078 voluntate
1784 4036 1913 4076 con-

326 4118 517 4174 stituit.
553 4118 620 4173 Et
653 4127 928 4188 propterea
959 4118 1027 4173 ita
1055 4116 1315 4172 conclusit
1345 4133 1357 4169 :
1389 4115 1558 4171 Filius
1585 4115 1721 4169 enim
1752 4112 1912 4167 homi-

326 4211 408 4264 nis
443 4219 678 4264 venturus
723 4219 793 4263 est
840 4210 894 4263 in
942 4207 1106 4281 gloria
1142 4206 1317 4262 Patris
1357 4206 1460 4274 sui,
1503 4215 1551 4261 et
1593 4215 1712 4259 tunc
1739 4204 1914 4259 reddet

326 4300 599 4371 unicuique
643 4301 921 4355 secundum
965 4315 1120 4371 opera
1171 4314 1287 4353 sua.
1340 4297 1574 4353 Adverte
1618 4297 1741 4367 quia
1788 4297 1914 4351 dum

326 4393 460 4449 dicit
481 4404 642 4465 opera
671 4408 764 4449 sua
784 4439 799 4463 ,
832 4394 1057 4449 salutem
1088 4392 1321 4448 hominis
1351 4390 1537 4448 nonin
1570 4388 1916 4462 prmdestiua-

330 4489 476 4544 tione
501 4487 737 4554 factoris,
762 4487 853 4545 sed
881 4488 1195 4559 operatione
1229 4486 1533 4543 famulantis
1558 4487 1778 4557 largitor
1798 4501 1919 4558 gra-

329 4580 423 4635 tias
450 4578 749 4635 collocavit.
808 4580 946 4651 Ergo
993 4580 1079 4636 hic
1105 4596 1210 4636 non
1241 4578 1475 4636 conditio
1518 4578 1751 4634 hominis
1772 4620 1787 4645 ,
1822 4574 1915 4633 sed

326 4653 666 4727 conversatio
686 4670 1022 4743 designatur;
1051 4681 1107 4727 et
1128 4673 1249 4727 ideo
1269 4672 1374 4727 alio
1395 4671 1516 4730 loco
1536 4668 1700 4727 dicit:
1729 4670 1919 4724 Omnes

328 4762 580 4818 stabimus
604 4773 722 4818 ante
750 4763 972 4818 tribunal
1007 4763 1232 4827 Christi,
1266 4773 1320 4817 ut
1359 4760 1548 4833 referat
1578 4763 1920 4834 unusquisque

328 4856 540 4924 propria
576 4856 831 4925 corporis,
863 4866 1015 4927 prout
1041 4856 1215 4927 gessit,
1243 4856 1343 4910 sive
1376 4856 1559 4910 bonum
1589 4856 1692 4910 sive
1726 4855 1921 4909 malum

332 4945 509 5014 (Rom.
535 4949 670 5017 xiv).
708 4945 954 5017 Agnosce
978 4946 1080 5001 hoc
1109 4947 1229 5002 loco
1259 4961 1363 5001 non
1394 4946 1564 5002 aliena
1593 4948 1807 5011 generis
1836 4947 1920 5003 vel

326 5037 554 5108 originis
584 5038 724 5095 mala
750 5082 766 5108 ,
810 5038 904 5096 sed
942 5042 1153 5111 propria
1185 5041 1425 5111 corporis
1453 5049 1599 5111 gesta
1630 5040 1920 5097 novissimo

326 5129 663 5188 discutienda
696 5134 919 5203 judicio.
970 5134 1311 5204 Quapropter
1355 5148 1420 5188 ex
1466 5132 1683 5187 homine
1731 5131 1820 5203 qui
1868 5132 1919 5187 in

327 5220 545 5279 Christo
590 5234 808 5282 renatus
836 5235 957 5293 est,
1004 5242 1109 5283 non
1141 5224 1283 5297 quod
1312 5234 1465 5281 natus
1499 5232 1584 5281 est
1608 5267 1621 5290 ,
1657 5223 1748 5280 sed
1778 5220 1921 5293 quod

328 5325 582 5388 Operatus
610 5329 713 5377 est.
762 5321 817 5377 Si
858 5336 986 5393 ergo
1011 5331 1163 5379 actus
1206 5320 1439 5376 hominis
1481 5334 1586 5375 non
1635 5327 1718 5373 est
1763 5316 1924 5374 etiam

328 5412 648 5480 voluntatis,
680 5412 951 5485 quomodo
980 5412 1145 5469 dicit:
1171 5414 1230 5469 Si
1258 5408 1517 5468 volueritis
1558 5418 1603 5465 et
1638 5427 1717 5463 me
1746 5408 1926 5463 audie-

327 5503 464 5572 ritis,
492 5504 623 5559 bona
649 5514 797 5560 terrae
817 5506 1088 5560 comedetis
1113 5498 1212 5578 (Is.
1249 5521 1287 5573 ι,
1316 5502 1444 5575 19)?
1470 5503 1649 5572 Itaque
1681 5500 1927 5556 conditor

329 5598 627 5681 utriusque,
642 5599 694 5655 id
714 5608 816 5669 est,
830 5600 1115 5657 exterioris
1131 5598 1365 5657 hominis
1388 5596 1550 5664 Deus,
1568 5594 1706 5654 sicut
1731 5606 1922 5667 poten-

328 5691 401 5749 tia
422 5708 517 5749 sua
534 5694 779 5767 corporis
805 5695 1021 5753 humani
1048 5694 1286 5751 membra
1309 5692 1593 5765 disposuit,
1613 5694 1681 5746 ita
1710 5691 1926 5747 ordina-

326 5784 475 5841 tione
496 5801 591 5843 sua
616 5786 972 5846 ministerium
1008 5803 1269 5860 usumque
1311 5788 1697 5851 membrorum,
1720 5784 1927 5840 homini

326 5886 491 5947 acere
508 5894 569 5937 ac
590 5878 901 5951 dispensare
923 5880 1182 5952 permisit.
1198 5876 1266 5937 Et
1283 5880 1419 5936 sicut
1438 5877 1679 5935 dextram
1703 5878 1755 5932 in
1779 5874 1926 5933 omni

1930 3245 1982 3319 α

1943 4624 2000 4695 ι)

2006 622 2187 691 posuit
2212 663 2227 687 ,
2266 630 2323 674 ut
2345 636 2463 676 eam
2499 639 2604 690 quo
2635 624 2793 679 vellet
2820 624 3132 681 extenderet
3157 666 3174 692 ,
3204 636 3257 681 et
3282 629 3345 682 ad
3374 629 3588 686 diversa

2002 716 2273 770 conferret
2297 758 2312 782 ,
2348 714 2460 785 pari
2492 718 2651 771 modo
2687 732 2904 774 seruum
2933 720 3155 776 rationis
3178 760 3194 785 ,
3228 731 3281 775 et
3310 723 3588 780 arbitrium

2004 808 2291 865 voluntatis
2316 809 2368 863 in
2401 810 2830 878 “amantque
2854 813 3089 869 atumem
3130 814 3355 870 ἱιιεοηᾶι
3377 854 3392 878 ,
3420 816 3590 885 inspi—

2003 901 2158 965 ravit,
2192 900 2417 967 inludit,
2448 901 2545 959 sed
2568 917 2690 957 om
2721 903 2773 959 in
2802 919 2962 960 manu
2991 906 3208 961 {suasuri
3237 907 3442 962 consilii
3475 922 3591 962 mo-

2002 992 2296 1049 derandam
2320 1003 2377 1048 et
2400 994 2754 1051 noscendum
2786 995 3021 1064 reliquit,
3047 996 3269 1066 ejusque
3289 997 3463 1053 cilicia
3481 999 3589 1068 juri

2006 1083 2240 1140 hominis
2263 1084 2611 1154 dominioque
2638 1084 2937 1149 commisit,
2981 1096 3037 1140 ut
3079 1087 3126 1141 si
3166 1088 3362 1143 nmium
3396 1090 3588 1155 depra-

2005 1186 2157 1233 vatus
2186 1186 2493 1246 appeteret,
2535 1177 2585 1231 in
2617 1176 2821 1233 arbitrii
2856 1178 3103 1234 libertate
3138 1181 3456 1249 permissum
3486 1182 3587 1236 sibi

2005 1273 2205 1334 sciret,
2253 1271 2414 1326 licere
2458 1270 2710 1325 nesciret.
2765 1269 2821 1327 Si
2870 1279 3050 1327 autem
3100 1271 3297 1328 bonrum
3346 1283 3588 1342 cuperet,

2005 1361 2271 1419 actionem
2289 1370 2341 1418 et
2356 1361 2739 1430 perfectionem
2757 1362 2874 1431 eius
2892 1378 2921 1415 a
2942 1362 3233 1421 Conditore
3252 1364 3587 1435 deposceret,

2006 1454 2071 1508 ad
2103 1454 2403 1516 mermdcm
2431 1468 2557 1511 vero
2598 1453 2741 1511 illius
2767 1454 3007 1510 officiosa
3030 1455 3248 1511 devotio
3276 1459 3591 1525 pertineret.

2009 1545 2072 1601 Et
2114 1546 2233 1601 ideo
2261 1545 2492 1601 hominis
2519 1546 2775 1602 formator
2803 1554 2860 1602 et
2887 1554 3087 1612 rector,
3116 1546 3270 1603 bona:
3301 1548 3592 1605 voluntatis

2009 1639 2212 1692 timuisti
2231 1638 2506 1708 deputavit
2530 1653 2704 1701 usum.
2730 1637 2833 1693 sibi
2862 1640 3155 1695 reservavit
3176 1638 3443 1695 obiectum.
3474 1640 3592 1695 Non

2006 1745 2137 1801 ergo
2163 1746 2373 1801 acquum
2401 1731 2733 1801 iustumque,
2762 1732 2851 1788 uni
2879 1732 3017 1787 velle
3044 1733 3331 1800 concessit,
3360 1741 3415 1788 et
3441 1733 3594 1789 alteri

2006 1829 2309 1895 denegavit.
2357 1828 2463 1884 Sed
2491 1829 2625 1885 sicut
2667 1829 2811 1885 omni
2844 1829 3046 1887 honuni
3078 1843 3326 1893 manum,
3356 1828 3595 1893 oeuhun,

2012 1937 2361 1993 gressumque
2406 1922 2625 1979 desistit
2649 1961 2664 1987 ,
2698 1922 2767 1977 ita
2814 1922 3065 1979 similiter
3088 1923 3231 1977 sumi
3266 1922 3467 1978 homini
3498 1937 3595 1976 νο·
3642 1986 3658 1993 ν

2009 2015 2297 2079 luntatem,
2330 2022 2388 2069 ut
2415 2028 2536 2069 eam
2567 2014 2618 2069 in
2646 2014 2937 2081 quamlibet
2968 2021 3175 2082 partem
3210 2020 3479 2076 versaret,
3514 2014 3594 2068 in-

2008 2109 2189 2165 dulsit.
2231 2106 2447 2163 Iustitia
2487 2122 2617 2175 ergo
2654 2107 2710 2162 in
2751 2105 2966 2161 homine
3004 2122 3110 2161 non
3144 2106 3455 2175 personale.
3499 2106 3593 2162 sed

2006 2198 2253 2268 generale
2290 2206 2346 2253 et
2384 2196 2651 2268 publicum
2690 2195 2785 2251 Dei
2817 2211 3038 2259 munus,
3086 2206 3169 2252 est
3197 2195 3371 2251 aditus
3399 2211 3592 2263 capes-

2009 2292 2189 2350 sendae
2212 2292 2427 2348 salutis.
2457 2290 2619 2359 Quasi
2654 2290 2773 2345 l'ons
2794 2289 3010 2360 quidam
3053 2290 3105 2345 in
3136 2290 3371 2347 medium
3409 2293 3592 2349 mundi

2009 2384 2165 2454 hujus
2192 2383 2503 2455 expositus,
2539 2392 2593 2438 et
2620 2382 2672 2438 in
2702 2396 2990 2438 commune
3017 2396 3333 2448 amoenus,
3364 2384 3430 2438 ad
3463 2384 3592 2440 han-

2008 2473 2255 2530 riendum
2283 2472 2548 2529 universis
2575 2479 2747 2540 patet,
2781 2479 2834 2525 ut
2862 2471 3099 2540 largitori
3132 2472 3325 2528 merito
3351 2488 3474 2528 reus
3500 2477 3593 2540 sit,

2009 2562 2099 2635 qui
2129 2564 2341 2619 haurire
2369 2564 2683 2632 neglexerit.
2714 2562 2975 2618 Omnibus
3012 2562 3191 2634 itaque
3216 2563 3450 2620 oblatum
3488 2576 3593 2632 est,

2009 2656 2149 2725 quod
2179 2655 2247 2710 ab
2274 2655 2519 2709 omnibus
2549 2654 2937 2721 reposcendum
2963 2665 3065 2709 est.
3098 2654 3228 2710 Nam
3258 2657 3302 2711 si
3328 2655 3471 2711 circa
3500 2658 3594 2711 ho~

2009 2749 2171 2807 minis
2218 2750 2295 2819 (ut
2322 2749 2527 2817 dicunt)
2569 2750 2795 2805 salutem
2834 2750 3086 2819 specialis
3115 2759 3199 2807 est
3241 2752 3591 2821 dispensatio,

2011 2842 2193 2899 nescio
2214 2841 2483 2910 quomodo
2508 2842 2778 2912 generalis
2801 2844 2994 2911 poterit
3024 2858 3145 2898 esse
3174 2842 3453 2899 diseussio.
3486 2846 3594 2900 Sed

2008 2949 2131 2987 cum
2153 2933 2295 2989 dicat
2319 2951 2330 2983 :
2362 2932 2549 2986 Omnes
2572 2949 2662 2987 nos
2684 2922 3003 2999 munife‘stari
3019 2943 3214 3001 oportet
3235 2944 3351 2987 ante
3369 2934 3594 2987 tribunal

2012 3024 2127 3080 Dei.
2151 3023 2266 3081 Non
2290 3002 2407 3082 eam
2438 3022 2504 3079 ab
2532 3021 2780 3079 omnibus
2819 3022 3129 3081 terribiliter
3156 3023 3398 3095 exigeret
3421 3062 3438 3090 .
3487 3024 3592 3080 nisi

2010 3118 2260 3171 onmibus
2283 3114 2700 3171 misericorditer
2720 3114 3022 3170 obtulisset.
3051 3113 3212 3183 Igitur
3240 3115 3292 3169 in
3316 3114 3592 3185 procinctu

2010 3209 2215 3264 militia:
2234 3208 2578 3264 constitutum
2608 3207 2677 3261 ita
2702 3208 2989 3275 Apostolus
3017 3205 3329 3262 adhortatur
3353 3227 3365 3261 :
3391 3207 3594 3261 Laboro

2011 3284 2158 3368 quasi
2185 3300 2345 3360 bonus
2366 3298 2510 3352 miles
2537 3296 2746 3352 Christi.
2779 3296 2946 3352 Nemo
2974 3296 3195 3352 militans
3221 3296 3347 3363 Dm,
3368 3300 3595 3369 implicat

2010 3408 2064 3445 se
2090 3391 2301 3460 negotiis
2330 3390 2659 3446 saecularibus
2682 3429 2699 3456 ,
2745 3398 2801 3445 ut
2830 3390 2875 3444 ei
2904 3389 3103 3459 placeat
3133 3390 3216 3444 cui
3250 3406 3304 3444 ss
3343 3390 3592 3460 probavit.

2012 3483 2153 3537 Nunt
2192 3491 2237 3536 et
2273 3482 2357 3549 qui
2392 3482 2445 3535 in
2490 3496 2653 3553 agone
2679 3480 2936 3535 contendit
2960 3520 2977 3544 ,
3025 3496 3129 3535 nou
3154 3491 3466 3547 coronatur,
3497 3482 3594 3535 nisi

2002 3576 2230 3645 ,lcgitime
2259 3578 2521 3628 certaverit
2548 3572 2598 3642 (Ι
2627 3572 2748 3627 Cor.
2780 3571 2879 3642 lx).
2907 3573 2973 3628 Et
2994 3573 3185 3628 iterum
3216 3589 3230 3626 :
3255 3572 3596 3629 Laborautem

2012 3668 2312 3738 agricolam.
2331 3676 2525 3737 oportet
2557 3668 2779 3738 primum
2820 3666 3077 3736 fructibus
3094 3667 3324 3735 accipere
3347 3666 3434 3736 (ΙΙ
3458 3666 3590 3721 Tim.

2014 3759 2094 3829 ιι).
2131 3758 2263 3813 Audi
2292 3769 2345 3813 et
2371 3759 2474 3811 alio
2519 3758 2636 3812 loco
2684 3758 2996 3827 Apostolus:
3045 3768 3150 3813 non
3192 3767 3281 3812 tua
3320 3759 3426 3814 otia
3462 3775 3597 3828 pra:-

2015 3853 2304 3907 dicantem.
2337 3849 2412 3904 De
2438 3861 2615 3904 cratera
2634 3890 2648 3913 ,
2678 3850 2877 3919 inquit,
2909 3852 3118 3920 fratres,
3154 3851 3518 3920 confortamisst
3544 3852 3596 3904 in

2018 3942 2238 3996 Domino
2255 3983 2269 4007 ,
2300 3951 2347 3996 et
2371 3943 2421 3995 in
2444 3941 2669 4012 potentia
2688 3941 2887 3994 virtutis
2915 3944 3049 4011 ejus.
3082 3938 3291 3994 Induite
3316 3956 3402 3995 vos
3427 3957 3598 3995 arma-

2018 4041 2188 4087 turam
2227 4030 2357 4097 Dei,
2383 4040 2437 4085 ut
2468 4031 2671 4099 possitis
2704 4040 2838 4085 stare
2873 4030 3113 4085 adversus
3139 4030 3350 4083 insidias
3383 4029 3596 4095 diaboli,

2016 4126 2139 4196 quia
2176 4142 2276 4178 non
2305 4133 2378 4179 est
2412 4123 2555 4178 nobis
2585 4123 2878 4178 colluctatio
2910 4122 3149 4177 adversus
3176 4138 3377 4175 carnem
3399 4130 3445 4175 et
3479 4139 3600 4176 san-

2018 4217 2256 4288 guinem,
2293 4216 2382 4270 sed
2412 4215 2653 4270 adversus
2684 4215 2934 4285 principes
2965 4224 3014 4269 et
3044 4222 3333 4285 potestates,
3362 4215 3601 4269 adversus

2020 4309 2199 4361 mundi
2220 4318 2437 4362 rectores
2461 4309 2777 4362 latebrarum
2808 4306 3013 4372 Irarum,
3036 4315 3215 4361 contra
3235 4306 3491 4376 spiritalia
3516 4322 3613 4385 nes

2020 4402 2195 4470 quitite
2216 4400 2266 4453 in
2288 4399 2585 4454 cwlestibus.
2622 4398 2899 4469 PrOpterca
2920 4399 3132 4467 accipite
3150 4407 3462 4452 armaturam
3490 4397 3603 4461 Dei,

2023 4502 2078 4547 ut
2106 4494 2309 4562 possitis
2338 4493 2568 4545 resistere
2600 4492 2652 4545 in
2686 4492 2769 4546 die
2804 4490 2960 4557 malo,
2998 4500 3043 4545 et
3076 4492 3126 4544 in
3149 4490 3378 4544 omnibus
3398 4492 3606 4562 perfecti

2024 4594 2179 4637 stare.
2228 4581 2373 4638 State
2403 4598 2521 4652 ergo
2552 4582 2793 4636 succincti
2826 4581 3022 4635 lumbos
3061 4590 3247 4635 vestros
3296 4582 3347 4634 in
3381 4581 3607 4647 veritate,

2023 4673 2192 4730 induti
2230 4676 2389 4729 lorica
2416 4677 2656 4747 justitiw,
2678 4685 2727 4730 et
2755 4674 2957 4728 θαλείαιὶ
2980 4674 3131 4742 pedes
3166 4674 3218 4727 in
3240 4674 3608 4745 preparations

2027 4767 2291 4838 Evangelii
2318 4768 2487 4837 pacis;
2526 4767 2575 4818 in
2615 4764 2845 4818 omnibus
2871 4773 3119 4818 sumentes
3138 4774 3336 4817 scutum
3370 4763 3524 4832 fidei,
3556 4764 3609 4817 in

2024 4879 2124 4930 quo
2170 4861 2379 4929 possitis
2413 4858 2583 4912 omnia
2627 4857 2725 4911 tela
2776 4855 3077 4926 nequissimi
3103 4857 3250 4927 ignea
3293 4856 3612 4925 exstinguere

2026 4952 2193 5023 (Eph.
2225 4950 2315 5021 vr).
2363 4951 2493 5004 Cum
2526 4949 2691 5016 dicat,
2722 4960 2774 5003 ut
2813 4949 3016 5019 possitis
3042 4959 3179 5003 stare
3215 4949 3456 5002 adversus
3489 4947 3613 4999 insi-

2027 5042 2140 5099 dias
2157 5045 2381 5111 diaboli;
2405 5054 2455 5099 ct
2479 5043 2669 5098 iterum
2682 5088 2697 5110 ,
2723 5054 2775 5097 ut
2796 5044 3003 5115 possitis
3022 5043 3251 5097 resistere
3268 5042 3320 5093 in
3344 5040 3425 5095 die
3445 5038 3610 5103 malo;

2032 5150 2087 5194 et
2121 5140 2171 5193 in
2203 5136 2574 5205 consequenti,
2606 5147 2858 5191 sumentes
2886 5145 3084 5191 scutum
3104 5135 3247 5203 ﬁdei,
3279 5134 3333 5187 in
3364 5148 3463 5201 quo
3491 5147 3614 5203 pos-

2027 5229 2138 5281 sitis
2172 5226 2343 5281 omnia
2378 5227 2480 5279 tela
2514 5226 2804 5296 nequissimi
2842 5226 2987 5296 ignea
3024 5224 3363 5295 exstinguas,
3392 5222 3616 5291 apertis-

2030 5320 2165 5372 sime
2196 5316 2431 5372 ostendit
2455 5333 2484 5372 a
2519 5316 2626 5371 Deo
2658 5316 3062 5387 possibilitatem
3101 5314 3309 5371 arbitrii
3347 5314 3495 5372 omni
3523 5314 3616 5367 Ito-

2034 5410 2163 5464 mini
2198 5408 2362 5463 fuisse
2388 5423 2700 5464 concessam
2723 5449 2737 5472 ,
2778 5422 2879 5478 qua
2910 5407 2958 5462 ei
2994 5414 3300 5477 promptum
3339 5411 3483 5462 esset
3512 5416 3618 5460 non

2034 5505 2204 5561 Solum
2233 5503 2379 5559 carni
2410 5518 2523 5557 sua:
2567 5503 2817 5559 resistere
2843 5543 2858 5568 ,
2900 5501 2995 5559 sed
3038 5502 3198 5559 etiam
3226 5500 3437 5556 diabolo
3465 5511 3619 5565 repu-

2033 5612 2219 5670 gnare.
2272 5590 2345 5650 De
2374 5610 2479 5664 quo
2507 5604 2560 5649 et
2606 5593 2711 5650 alio
2751 5595 2879 5672 loco.
2896 5592 3019 5650 dicit
3054 5608 3068 5647 :
3112 5591 3332 5661 Vigilate
3359 5630 3375 5657 ,
3426 5586 3620 5655 inquit,

2033 5688 2153 5757 quia
2182 5687 2505 5741 adversarius
2548 5696 2706 5741 vester
2736 5685 2969 5740 diabolus
3015 5694 3256 5753 tanquam
3284 5680 3362 5740 (eo
3391 5678 3623 5750 rugiens,

2035 5780 2211 5835 crrcuit
2233 5795 2462 5851 qurrrens
2483 5795 2631 5849 quem
2658 5778 2854 5832 devoret
2874 5774 2925 5846 (I
2941 5775 3083 5831 Petr.
3104 5771 3256 5843 ν).βί
3284 5769 3422 5827 huic.
3433 5770 3621 5827 adver-

2037 5875 2180 5932 Sariu
2208 5874 2317 5946 jam
2349 5880 2527 5930 certos
2570 5886 2809 5943 quosque
2839 5864 3149 5938 impositos,
3181 5861 3451 5940 (ιιιῦωοάο
3480 5874 3622 5922 88884
