4068 6348
474 310 571 370 799
1168 328 1171 333 '
1702 311 1758 365 S.
1801 305 2044 366 FAUS’I‘I
2085 305 2491 367 RHEGIENSIS

3652 317 3776 373 800

451 410 543 485 tris
573 473 584 495 ,
640 427 861 499 originis
910 426 1202 482 necessitas
1247 426 1556 496 deputasset
1581 472 1593 495 ,
1651 439 1756 480 non
1798 431 2063 495 quaereret
2091 425 2145 486 Α
2169 423 2298 480 dere
2319 424 2618 480 beneﬁcia?
2644 423 2922 492 Quomodo
2946 424 3074 479 mihi
3099 422 3318 482 dicitur:
3339 425 3480 481 Decii
3503 444 3553 481 ta
3572 446 3604 483 a
3626 434 3778 487 man

471 536 607 591 quos
634 521 926 591 deciperet,
955 534 1051 574 nec
1080 518 1346 589 deputatis
1374 518 1593 589 vigilare
1619 518 1919 597 prodesset.
1954 515 2059 573 Sed

473 631 577 669 non
609 615 677 669 ita
707 625 808 670 est.
859 613 990 668 Nam
1040 614 1175 667 sicut
1224 614 1391 669 hostis
1427 614 1677 671 omnibus
1722 614 2057 679 admovetur,

473 705 544 760 ita
565 704 811 760 omnibus
835 704 1063 773 praesidii
1084 714 1140 759 et
1158 703 1409 773 adjutorii
1435 706 1654 762 dextera
1678 723 1784 763 non
1814 714 2059 777 negatur,

470 805 525 853 et
548 796 821 852 orantibus
847 808 911 850 ac
939 794 1279 866 vigilantibus
1322 780 1706 854 misericordiae
1736 797 2061 868 benignitate

468 889 816 946 succurritur.
848 889 979 957 Quae
1005 893 1187 961 utique
1214 891 1573 961 pulsantibus,
1608 892 1777 964 magis
1804 907 1871 948 ex
1892 890 2060 959 devo-

470 982 614 1037 tione
638 996 798 1053 quam
828 997 893 1038 ex
924 981 1396 1053 prtedestinatione
1420 983 1681 1040 defertur.
1710 984 1893 1055 Itaque
1921 984 2062 1039 inter

468 1073 590 1139 ista,
622 1073 712 1145 qui
740 1073 871 1130 dicit
897 1074 1066 1130 solam
1101 1074 1328 1146 gratiam
1355 1076 1473 1132 sine
1501 1078 1766 1134 exercitio
1796 1081 1980 1149 operis
2007 1088 2063 1135 et

469 1163 672 1222 laboris
718 1180 879 1237 posse
921 1167 1172 1224 sufﬁcere
1198 1210 1212 1234 ,
1261 1184 1440 1226 nonne
1470 1170 1563 1227 tibi
1593 1170 1800 1229 videtur
1830 1173 1883 1228 in
1923 1174 2063 1230 hanc

466 1259 817 1330 blasphemia:
838 1274 1023 1316 vocem
1044 1260 1274 1317 alienata
1292 1270 1472 1318 mente
1490 1265 1875 1334 prorumpere?
1893 1264 2060 1322 Nemo

469 1352 683 1424 vigilet;
719 1366 878 1410 nemo
898 1352 1131 1424 jejnnet;
1164 1368 1324 1410 nemo
1350 1354 1575 1412 luxuria;
1605 1356 2060 1428 impugnationem

466 1445 808 1501 abstinentite
832 1446 1160 1503 contritione
1186 1448 1450 1520 castiget,
1499 1464 1658 1507 nemo
1683 1450 1883 1508 bellum
1916 1452 2062 1511 vitiis

467 1541 880 1597 mortiﬁcatione
909 1541 1109 1598 exteris
1138 1541 1339 1598 indicat
1361 1584 1379 1611 ,
1422 1558 1584 1600 nemo
1613 1543 1890 1602 interioris
1917 1560 2063 1602 cura:

466 1633 650 1703 plagas
678 1633 952 1690 solutilem
985 1632 1278 1691 afﬂictione
1316 1636 1623 1705 contendat,
1668 1652 1828 1694 nemo
1856 1638 2060 1697 libidini

2163 525 2211 570 et
2238 517 2322 585 fac
2361 502 2548 569 bonum
2587 514 2757 583 (Psal.
2787 515 2968 587 xsxvr)
2989 558 3005 583 ,
3047 517 3093 572 si
3116 516 3227 587 jam
3260 519 3457 575 malum
3489 520 3778 591 declinare

2164 622 2270 664 non
2316 608 2566 678 possum?
2613 609 2719 663 Cur
2766 609 3055 679 Apostolus
3100 608 3381 680 loquitur:
3423 611 3777 687 Mortiﬁcate,

2165 701 2357 771 inquit,
2378 702 2605 758 membra
2632 712 2794 758 uestra
2828 702 3049 775 (Coloss.
3072 703 3187 775 Ill);
3216 712 3272 760 et
3298 705 3493 764 iterum
3520 724 3533 761 :
3560 707 3779 780 Eratis,

2164 795 2355 867 inquit,
2385 797 2665 869 aliquando
2689 798 2937 865 tenebrae;
2969 814 3105 854 nunc
3125 809 3300 856 autem
3324 801 3415 857 lita:
3432 803 3489 857 in
3514 803 3776 875 Domino,

2163 896 2219 942 ut
2242 888 2339 957 ﬁlii
2369 888 2496 943 lucis
2524 888 2781 944 ambulate
2804 889 2970 960 (Eph.
3002 892 3081 963 v).
3112 892 3396 961 Quomodo
3423 895 3557 951 mihi
3588 907 3780 955 muta-

2164 982 2363 1037 tionem
2420 982 2525 1037 mei
2570 980 2703 1053 legis
2734 982 3054 1054 praedicator
3084 985 3359 1054 insinuat,
3387 986 3434 1043 si
3465 988 3777 1045 inimitabi-

2164 1073 2270 1130 lem
2297 1075 2468 1145 legem
2498 1074 2670 1131 factor
2699 1074 2953 1147 imposuit
2984 1093 2998 1132 :
3024 1076 3417 1150 Eupoliantes.
3452 1080 3648 1151 inquit,
3679 1099 3779 1137 ros

2162 1175 2374 1221 ueterem
2403 1167 2659 1222 hominem
2684 1184 2800 1222 cum
2837 1168 3036 1224 actibus
3064 1173 3179 1242 ejus
3201 1210 3216 1235 ,
3254 1172 3522 1227 indicentes
3554 1190 3774 1229 nouunt.

2163 1258 2443 1326 Quomodo
2488 1273 2796 1318 concretam
2854 1262 3059 1333 peccati
3114 1264 3287 1320 labem
3334 1263 3777 1337 inseparabiliter

2163 1350 2232 1406 ad
2279 1351 2539 1421 originem
2592 1362 2648 1409 et
2689 1353 3049 1410 conditionem
3097 1356 3368 1425 pertinere
3432 1359 3772 1428 contendis,

2164 1458 2321 1511 quam
2353 1444 2547 1514 deponi
2576 1453 2633 1501 et
2651 1446 2775 1502 exui
2824 1461 2981 1515 posse
3008 1448 3288 1517 cognoscis
3310 1489 3328 1515 ,
3370 1448 3609 1520 intellige
3632 1464 3771 1508 com

2166 1537 2330 1593 trario
2376 1546 2429 1593 te
2473 1537 2662 1608 spiritu
2714 1537 2977 1594 adversus
3005 1547 3251 1594 sanctum
3298 1538 3559 1609 Spiritum
3594 1541 3770 1612 loqui,

2163 1632 2254 1703 qui
2287 1631 2418 1702 legis
2448 1640 2504 1687 et
2536 1631 2918 1703 prophetarum
2942 1640 3298 1699 sacramenta,
3323 1632 3411 1704 qui
3437 1635 3773 1705 evangelica

466 1724 801 1781 contradicat
828 1767 842 1792 ,
889 1741 1049 1783 nemo
1085 1727 1398 1784 criminibus
1434 1730 1669 1786 remedia
1696 1745 1793 1802 per
1819 1731 2060 1789 laborem
2085 1775 2092 1783 .
2166 1726 2411 1781 veritatis
2436 1726 2652 1782 oracula
2679 1724 2879 1781 mundo
2909 1726 2961 1781 in
2991 1726 3312 1795 adiutorium
3341 1726 3513 1794 dedit,
3543 1737 3600 1783 et
3630 1744 3772 1797 pra:-

466 1826 757 1873 maceratm
783 1818 961 1874 carnis
984 1802 1237 1890 inquirat,
1262 1834 1421 1877 nemo
1446 1820 1655 1879 hostem
1682 1821 1949 1879 illecebris
1967 1824 2064 1880 ob-
2092 1808 2140 1869 Β
2165 1825 2319 1887 cepta
2350 1817 2526 1873 divina
2560 1832 2655 1888 per
2689 1816 2975 1872 laboriosae
3004 1816 3278 1872 servimus
3324 1815 3497 1872 omcia
3523 1858 3541 1884 .
3592 1820 3771 1889 gratia

467 1923 645 1966 scenae
673 1910 961 1982 voluptatis
990 1920 1255 1969 armatum
1282 1915 1456 1969 crucis
1484 1915 1688 1972 viribus
1715 1918 2061 1988 repercutiet,

466 2002 561 2056 sed
590 2011 777 2059 contra
817 2004 970 2075 ignea
1011 2004 1211 2062 inimici
1235 2007 1413 2076 jacula
1456 2007 1657 2065 nudum
1686 2017 1875 2080 pectus
1900 2026 2064 2081 expo-

468 2102 579 2159 nat,
612 2109 771 2149 nemo
801 2095 980 2151 debita
1005 2106 1221 2153 aeterna:
1251 2099 1409 2153 morti
1449 2099 1686 2156 obnoxia
1714 2140 1731 2166 ,
1762 2101 2062 2173 eleemosy-

467 2201 656 2242 narum
679 2187 958 2244 sacriﬁciis
987 2189 1241 2257 redimat,
1272 2204 1431 2247 nemo
1456 2206 1552 2262 per
1574 2206 1736 2261 Opera
1764 2192 2064 2248 misericor-

467 2280 569 2336 dize
595 2288 756 2353 atque
777 2281 1000 2353 iustitia:
1025 2298 1208 2339 curam
1236 2284 1549 2342 vulneribus
1579 2286 1713 2343 ferat
1738 2332 1752 2357 ,
1795 2287 1888 2344 sed
1919 2288 2061 2344 inte-

374 2420 377 2425 .
466 2389 559 2444 gra
587 2390 650 2431 ea
679 2374 747 2430 ad
774 2375 917 2431 diem
941 2375 1130 2446 iudicii
1176 2376 1431 2448 perferat.
1480 2378 1621 2435 Ecce
1669 2380 1754 2435 hic
1784 2381 1873 2451 qui
1906 2382 2063 2453 paulo

468 2474 593 2521 ante
615 2475 853 2523 assertor
879 2455 1065 2537 gratiae
1094 2468 1379 2537 putabatur
1402 2508 1420 2536 ,
1469 2468 1874 2526 intercludendo
1922 2472 2061 2528 viam

467 2557 657 2613 salutis
681 2556 930 2613 humanae
954 2600 971 2626 ,
1004 2559 1343 2630 impugnator
1370 2561 1575 2630 gratim,
1608 2577 1704 2632 per
1730 2579 1888 2633 quam
1916 2564 2062 2620 salus

469 2648 581 2717 ipsa
605 2648 800 2703 collata
828 2656 913 2705 est
939 2649 1229 2715 invenitur,
1257 2659 1312 2705 et
1338 2652 1389 2705 in
1420 2651 1617 2708 diaboli
1646 2656 1904 2712 transisse
1930 2671 2062 2713 con-

468 2741 586 2796 silia
617 2740 831 2812 adiutor
860 2740 1177 2813 perditionis
1203 2731 1520 2799 ostenditur.
1896 2734 1907 2739 ’

1085 2855 1314 2925 CAPUT
1353 2857 1446 2913 XI.

466 2950 655 3005 Contra
682 2948 776 3004 hoc
798 2949 937 3020 quod
969 2949 1255 3017 dicunt,ad
1282 2952 1474 3005 malum
1506 2962 1703 3006 tantum
1734 2951 1946 3008 liberum
1975 2970 2062 3007 ar-

2166 1918 2494 1980 cooperante
2535 1909 2912 1976 servantibus,
2955 1924 3177 1980 regnum
3224 1909 3445 1965 etnleste
3494 1909 3771 1979 promisit.

2165 2003 2503 2074 Quapropter
2526 2003 2785 2059 honorem
2813 2003 2984 2058 sancti
3012 2001 3195 2070 aperis
3215 2017 3279 2058 ac
3300 2002 3504 2058 laboris
3528 2002 3600 2058 de
3630 2019 3769 2074 pne.

2167 2095 2262 2153 mii
2294 2095 2665 2167 magnitudine
2693 2111 2754 2149 ac
2794 2094 3056 2165 dignitate
3085 2094 3277 2150 metire
3298 2136 3313 2161 ,
3346 2096 3499 2165 cujus
3530 2096 3767 2166 palmam

2168 2202 2222 2247 tu
2254 2191 2455 2260 pariter
2481 2196 2536 2245 ct
2559 2203 2812 2245 coronam
2839 2189 2999 2243 vilem
3028 2188 3228 2258 absque
3252 2188 3417 2243 dubio
3450 2189 3684 2258 iudicas,
3715 2191 3766 2249 si

2166 2300 2284 2339 eam
2312 2285 2429 2339 sine
2452 2282 2717 2338 laboriosa
2747 2280 3073 2336 contritione
3093 2280 3422 2351 apprehendi
3449 2296 3609 2353 posse
3630 2296 3763 2339 con-

2167 2376 2369 2430 ﬁrmas.
2400 2372 2646 2443 Nunquid
2676 2380 2853 2441 potest
2880 2371 2997 2426 sine
3035 2386 3226 2443 magna
3255 2372 3433 2442 operis
3464 2374 3765 2432 intentione

2166 2466 2473 2521 mandatum
2503 2465 2631 2520 illud
2662 2464 2859 2520 divina:
2887 2464 3266 2535 praeceptionis
3311 2466 3562 2536 impleri?
3608 2467 3762 2534 Noli,

2166 2559 2365 2629 inquit,
2396 2558 2529 2611 uinci
2554 2574 2584 2609 a
2625 2557 2786 2623 malo,
2818 2557 2906 2611 sed
2938 2556 3079 2611 vince
3110 2557 3164 2611 in
3193 2556 3325 2611 bona
3356 2557 3549 2612 malum
3580 2558 3762 2627 (Rom.

2165 2650 2284 2721 xu).
2321 2650 2417 2705 Vri
2449 2648 2577 2704 illud
2614 2666 2627 2703 :
2661 2647 2840 2703 Nolite
2869 2649 3045 2703 seduci
3067 2690 3081 2715 ,
3107 2659 3445 2720 corrumpunt
3473 2669 3638 2708 mores
3666 2655 3763 2708 bo-

2164 2762 2256 2800 nos
2282 2745 2535 2816 colloquia
2557 2746 2694 2799 mala
2725 2743 2774 2816 (1
2803 2743 2924 2800 Cor.
2948 2744 3063 2816 xv).
3096 2745 3164 2800 Et
3184 2747 3455 2817 quomodo
3479 2750 3616 2805 inter
3643 2751 3763 2805 hu

2167 2836 2365 2894 asseris
2395 2844 2671 2905 acceptum
2700 2835 2871 2905 gratia
2909 2836 3109 2891 donum
3158 2836 3309 2893 nullo
3355 2838 3515 2895 modo
3543 2841 3758 2910 pericli-

2165 2926 2286 2993 tari,
2315 2941 2437 2983 cum
2458 2926 2625 2997 legas,
2650 2926 2865 2981 insitum
2893 2926 3133 2982 moribus
3156 2927 3353 2985 bonum
3380 2945 3408 2983 a
3438 2930 3576 2986 malo
3600 2947 3761 3001 posse

2163 3019 2483 3088 corr‘utnpi?
2551 3018 2688 3074 Num
2741 3019 2831 3089 qui
2880 3017 3124 3075 docuerit
3172 3031 3230 3075 ut
3273 3021 3578 3078 obtineatur
3613 3026 3757 3096 quod

2165 3110 2454 3181 Apostolus
2487 3111 2616 3167 dicit
2650 3128 2663 3165 :
2701 3110 2765 3164 In
2807 3112 3042 3166 omnibus
3081 3113 3465 3168 tribulationem
3512 3118 3754 3186 patimur,

543 3207 640 3264 Ubi
670 3216 752 3264 est
774 3208 905 3264 illud
938 3207 1214 3279 prophetae
1247 3228 1260 3264 :
1294 3210 1483 3287 Audite
1517 3226 1597 3266 nte
1619 3250 1635 3275 ,
1665 3213 1751 3278 qui
1791 3214 2058 3282 sequimini

2164 3205 2249 3258 sed
2276 3220 2375 3258 non
2406 3213 2771 3275 angustamur;
2810 3204 3127 3276 aperiantur,
3159 3204 3251 3260 sed
3275 3222 3378 3260 non
3405 3205 3756 3274 destituimur;

465 3299 605 3369 quod
621 3302 825 3371 justum
846 3309 937 3367 est,
978 3308 1026 3355 et
1058 3301 1287 3370 quttritis
1326 3300 1606 3355 Dominum
1655 3300 1786 3372 (Im.
1819 3302 1915 3373 LI).
1966 3303 2059 3359 Vel

2164 3295 2561 3366 persecutionem
2593 3296 2837 3364 patimur,
2865 3295 2955 3350 sed
2984 3311 3088 3349 non
3117 3294 3550 3366 derelinquimur;
3576 3299 3753 3371 dejici-

467 3389 598 3444 illud
623 3390 865 3460 Apostoli
900 3407 915 3444 :
947 3389 1173 3444 Nescitis
1200 3392 1440 3460 quoniam
1463 3392 1546 3445 cui
1570 3392 1866 3471 ex.’tt'bttislis
1887 3395 2061 3448 νοεαά
2163 3404 2297 3451 mur.
2328 3387 2418 3441 sed
2444 3387 2797 3469 nonperimus
2837 3384 2923 3456 (11
2956 3385 3077 3442 Cor.
3101 3386 3201 3457 tv).
3235 3387 3301 3443 Et
3324 3389 3468 3459 quod
3499 3389 3606 3445 alio
3632 3390 3754 3471 loco

466 3480 802 3535 obediendum
826 3521 840 3545 ,
873 3481 1001 3535 serui
1030 3482 1150 3536 estis
1170 3484 1283 3552 ejus
1318 3483 1403 3536 cui
1431 3482 1668 3537 obedtstis
1693 3525 1709 3551 ,
1738 3467 1841 3539 sive
1872 3488 2062 3553 percuti
2162 3480 2324 3535 dicit:
2350 3480 2485 3535 Mihi
2512 3468 2679 3534 autem
2710 3479 2929 3534 mundus
2953 3481 3233 3548 cruciﬁxus
3257 3492 3352 3552 est,
3378 3491 3425 3536 et
3452 3498 3542 3551 ego
3562 3467 3753 3541 mundo

537 3021 745 3075 bitrium
792 3030 1084 3093 promptum
1110 3037 1217 3078 esse
1242 3021 1476 3093 homini,
1523 3023 1593 3076 ad
1633 3024 1819 3078 bonum
1848 3041 2055 3096 prorsus

538 3108 642 3146 ηοη
672 3107 801 3146 8888.

466 3573 536 3627 ad
580 3581 793 3628 mortem
817 3613 834 3639 ,
880 3574 984 3628 sive
1030 3574 1334 3629 obeditionis
1361 3577 1430 3629 ad
1451 3578 1709 3649 justitiam
1749 3578 1921 3648 (Rom.
1961 3582 2057 3651 vr).

468 3664 604 3720 Dum
631 3679 761 3735 ergo
790 3666 1078 3736 Apostolus
1107 3666 1177 3721 ab
1204 3665 1422 3722 homine
1447 3667 1618 3723 studia
1649 3670 1868 3725 meliora
1895 3671 2063 3741 depoo

465 3757 607 3825 scit,
660 3758 839 3814 inesse
882 3758 930 3813 ei
963 3756 1266 3814 facultatem
1306 3759 1460 3816 bona:
1491 3761 1776 3819 voluntatis
1805 3766 2059 3832 ostendit,

466 3863 623 3918 quam
657 3862 779 3904 cum
810 3850 1147 3920 praeferimus
1171 3891 1187 3918 ,
1234 3862 1419 3922 aperte
1465 3853 1858 3912 ordinationem
1903 3868 2064 3929 atque

466 3938 766 3998 mirabilem
812 3941 1220 4012 dispositionem
1270 3945 1353 4000 sui
1408 3945 1759 4014 praedicamus
1806 3952 2060 4017 auctoris,

467 4046 627 4102 quam
654 4034 721 4089 ad
749 4033 891 4103 iusta
912 4034 1089 4090 ofﬁcia
1120 4046 1478 4107 praeparatam
1505 4039 1643 4093 idem
1669 4041 1945 4110 apostolus
1969 4042 2064 4098 de-

467 4134 731 4182 monstrat
754 4126 941 4183 dicens
973 4143 988 4182 :
1023 4126 1145 4181 Non
1174 4145 1293 4200 ergo
1326 4139 1500 4201 regnet
1529 4141 1790 4201 peccatum
1816 4135 1869 4187 in
1899 4143 2063 4189 vestro

468 4218 676 4271 mortali
705 4234 951 4287 corpore,
984 4230 1042 4273 ut
1070 4219 1318 4274 abediatis
1352 4223 1771 4291 :ottcupiscenliis
1798 4228 1941 4297 ejus,
1975 4226 2064 4280 sed

467 4324 628 4378 neque
648 4307 929 4363 exhibeatis
944 4309 1168 4363 membra
1187 4318 1349 4364 vestra
1363 4328 1509 4365 arma
1523 4314 1803 4384 iniquitatis
1822 4327 2061 4388 peccato;

467 4399 555 4452 sed
579 4396 804 4452 exhibete
839 4414 924 4452 vos
967 4396 1077 4452 Deo
1097 4408 1336 4469 tanquam
1382 4418 1445 4456 ea:
1483 4406 1693 4459 mortuis
1730 4406 1948 4461 viventes
1971 4450 1986 4473 ,
2016 4413 2063 4461 et

468 4490 690 4544 membra
716 4500 882 4545 vestra
926 4507 1069 4545 arma
1101 4493 1320 4562 justitia:
1359 4492 1468 4549 Deo
1518 4495 1692 4567 (Rom.
1735 4500 1829 4570 vt).
1880 4501 2010 4558 Item
2045 4521 2058 4557 :

2167 3571 2311 3642 (Gal.
2337 3572 2432 3642 vi).
2464 3571 2519 3628 Si
2549 3572 2665 3627 haec
2689 3581 2851 3644 atque
2878 3572 3203 3643 hujusmodi,
3239 3574 3434 3645 quibus
3464 3574 3752 3647 Scripturze

2164 3675 2363 3720 sanetae
2392 3665 2559 3734 plenae
2586 3674 2729 3729 sunt,
2765 3681 2860 3736 per
2888 3667 3056 3722 otium
3085 3678 3490 3737 comparantur,
3521 3684 3620 3726 cur
3647 3687 3751 3726 non

2164 3759 2231 3812 a'i
2277 3758 2528 3814 omnibus
2574 3758 2930 3814 obtinentur?
2994 3760 3216 3815 Multum
3262 3770 3318 3817 et
3360 3765 3751 3819 remunerantis

2166 3850 2388 3921 gloriae,
2439 3860 2494 3906 et
2538 3852 2957 3907 remuneratoris
3005 3852 3230 3923 iustitiae
3276 3853 3665 3926 derogabitur,
3707 3858 3755 3914 si

2165 3943 2360 3997 summi
2388 3949 2442 3997 et
2470 3941 2704 3997 illustres
2734 3942 2833 3997 viri
2864 3950 2959 4013 per
3002 3945 3235 4014 quietem
3284 3955 3339 4001 et
3374 3946 3637 4002 desidiam
3664 3962 3748 4003 co-

2168 4043 2446 4088 ronantur.
2511 4034 2577 4088 Et
2624 4032 2713 4089 ubi
2750 4043 2835 4090 est
2878 4034 3008 4091 illud
3065 4036 3488 4107 propheticum:
3536 4036 3749 4110 Propter

2165 4125 2314 4182 verba
2344 4126 2593 4180 labiornm
2620 4136 2821 4181 tuorum
2845 4143 2937 4199 ego
2972 4129 3222 4184 custodivi
3246 4131 3352 4183 vias
3376 4131 3535 4185 duras
3575 4130 3746 4203 (l’sal.

2167 4227 2281 4290 xvi)
2303 4221 2326 4273 ?
2349 4220 2403 4276 Si
2430 4221 2740 4289 procuratio
2769 4220 3100 4292 inquirendae
3125 4224 3314 4280 salutis
3339 4226 3570 4281 otiosum
3586 4240 3746 4296 nego-

2170 4314 2300 4369 tium
2328 4323 2429 4378 est,
2457 4315 2758 4369 communis
2783 4355 2801 4381 ,
2833 4324 2888 4371 et
2914 4315 3200 4385 generalis,
3230 4325 3283 4372 et
3307 4316 3411 4372 lata
3437 4326 3523 4373 est
3547 4318 3748 4374 virtutis

2170 4411 2253 4463 via
2280 4451 2294 4474 ,
2323 4424 2451 4479 ergo
2481 4410 2809 4465 mentiuntur
2838 4410 3123 4481 Evangelia
3177 4429 3297 4483 qum
3325 4412 3510 4469 dicunt
3538 4429 3555 4469 :
3590 4414 3747 4482 Quam

2168 4512 2388 4574 angusta
2416 4502 2565 4571 porta
2587 4512 2633 4557 et
2663 4511 2805 4557 arcta
2842 4504 2923 4557 via
2956 4514 3034 4571 est
3074 4520 3188 4575 qua
3217 4505 3357 4559 ducit
3397 4506 3467 4560 ad
3506 4507 3676 4574 vitam,
3705 4520 3749 4562 et

471 4581 775 4636 Humanum
831 4583 946 4638 dico
990 4596 1201 4655 propter
1243 4586 1592 4655 inﬁrmitatem
1639 4568 1809 4645 carnis
1856 4602 2057 4652 vestrm.
2085 4568 2142 4633 Β
2164 4568 2318 4665 pauci
2340 4568 2456 4649 sunt
2475 4595 2563 4665 qui
2582 4595 2842 4650 inveniunt
2868 4568 2997 4652 eam.
3045 4598 3099 4651 Si
3129 4611 3290 4669 opera
3318 4598 3626 4663 cessabunt,
3654 4600 3746 4653 ho-

470 4672 615 4727 Sicut
643 4673 777 4727 enim
797 4673 1095 4729 exhibuistis
1122 4675 1349 4731 ntembra
1395 4686 1559 4732 vestra
1616 4682 1798 4736 servire
1838 4683 2062 4740 immun-

469 4766 610 4819 ditite
632 4807 647 4832 ,
689 4775 737 4819 et
787 4762 1043 4837 iniquitati
1069 4771 1136 4823 ad
1167 4771 1483 4841 iniquitatem
1510 4814 1527 4840 ,
1568 4773 1642 4827 ita
1671 4791 1804 4829 nunc
1831 4777 2061 4834 exhibete

471 4856 694 4911 membra
714 4866 878 4913 vestra
906 4861 1090 4915 servire
1102 4863 1318 4931 justitiae
1337 4864 1388 4918 in
1412 4866 1869 4935 sanctiﬁcationem
1898 4871 2056 4944 (1b.).

470 4948 657 5005 Nonne
684 4949 769 5005 hic
795 4950 966 5021 ipsum
997 4948 1356 5025 eumdemque
1396 4954 1665 5013 hominem
1702 4960 1766 5015 ad
1795 4960 2055 5019 bonorum

471 5057 689 5113 operum
721 5045 894 5100 studia
925 5056 1215 5116 provocat,
1261 5063 1423 5119 quem
1456 5052 1604 5122 prius
1634 5054 1789 5110 malis
1816 5056 2056 5115 deditum

472 5136 639 5192 fuisse
675 5138 1016 5194 manifestat?
1056 5138 1218 5209 Igitur
1244 5140 1370 5195 dum
1403 5142 1554 5199 liberi
1589 5145 1941 5218 interemptor
1968 5164 2058 5205 ar-

472 5228 612 5283 bitrii
636 5229 691 5283 in
717 5233 1025 5287 alterutram
1054 5241 1261 5302 partem
1288 5234 1468 5290 omnia
1490 5245 1555 5290 ex
1587 5237 2059 5307 prmdestinatione

470 5327 665 5375 Statuta
694 5327 750 5375 et
790 5321 1007 5376 deﬁnita
1049 5337 1170 5379 esse
1210 5327 1553 5394 pronuntiat,
1598 5330 1761 5384 etiam
1809 5345 2057 5401 suprema

469 5412 701 5471 remedia
719 5417 1050 5485 paenitentia:
1068 5433 1231 5475 sensu
1253 5420 1493 5491 abruptae
1507 5425 1798 5494 impietatis
1814 5439 2054 5484 evacuat.

469 5508 541 5563 Et
567 5509 833 5578 quomodo
863 5507 1118 5577 praedicat
1141 5512 1366 5581 gratiam
1395 5515 1485 5583 qui
1513 5515 1935 5571 misericordiam
1963 5533 2055 5572 nc-

468 5604 597 5674 gat?
658 5604 936 5672 Quomodo
966 5606 1175 5664 videtur
1211 5622 1454 5664 asserere
1496 5608 1590 5664 Dei
1635 5609 1833 5666 donum
1860 5651 1874 5675 ,
1905 5612 2057 5681 cujus

470 5699 607 5756 tollit
631 5704 923 5760 auxilium?
947 5704 1228 5774 Quomodo
1256 5705 1417 5761 audet
1442 5705 1509 5761 de
1524 5705 1818 5784 Scripturis
1845 5721 2053 5776 pr:esu-

464 5799 619 5867 ntere
647 5796 948 5854 testimonia
974 5839 991 5867 ,
1030 5799 1120 5870 qui
1150 5798 1553 5866 Scripturarum
1598 5809 1822 5855 conatur
1861 5801 2051 5857 exclu-

2166 4701 2353 4743 norem
2383 4686 2574 4743 merita
2603 4702 2708 4743 non
2743 4686 3031 4744 habebunt.
3060 4686 3117 4743 Si
3148 4687 3279 4743 nihil
3305 4687 3463 4744 fuerit
3489 4690 3542 4743 in
3574 4688 3749 4745 labore

2163 4780 2390 4834 arduum
2420 4819 2435 4843 ,
2485 4777 2617 4834 nihil
2664 4778 2766 4834 erit
2811 4779 2863 4834 in
2910 4779 3109 4835 virtute
3159 4780 3476 4847 pretiosum.
3505 4780 3613 4837 Sed
3644 4782 3748 4837 lucc

2163 4872 2329 4927 ardua
2360 4858 2443 4926 via
2470 4870 2707 4926 ostendit
2734 4870 2975 4941 ignavos,
3001 4882 3055 4927 et
3086 4870 3237 4927 labor
3261 4871 3501 4927 deterret
3527 4873 3745 4928 otioso=.

2164 4962 2278 5018 Non
2306 4978 2435 5033 ergo
2455 4962 2706 5018 violentia
2740 4962 3094 5032 praescientis,
3116 4962 3209 5018 sed
3241 4962 3602 5019 inobedientia
3631 4980 3749 5034 pec-

2163 5056 2338 5111 cantis
2360 5056 2413 5112 in
2442 5070 2602 5111 causa
2632 5064 2737 5121 est,
2769 5055 2908 5110 sicut
2936 5054 3163 5124 legimus
3195 5072 3208 5108 :
3243 5053 3514 5111 Perierunt
3549 5066 3748 5126 propter

2164 5150 2457 5217 iniquitates
2481 5164 2604 5202 suas
2624 5148 2758 5202 velut
2782 5147 3034 5201 somnium
3059 5147 3380 5217 exsurgentis
3412 5144 3529 5217 (Ps.
3563 5147 3745 5216 uxn).

2165 5242 2224 5296 Et
2246 5241 2437 5295 iterum
2462 5258 2473 5293 :
2496 5237 2799 5294 Disceditea
2814 5254 2914 5306 me,
2931 5252 3104 5294 omnes
3115 5239 3202 5309 qui
3215 5239 3500 5307 aperantini
3512 5239 3749 5308 iniquita-

2164 5344 2261 5387 tem
2277 5331 2394 5406 (Ps.
2411 5332 2505 5404 vi).
2526 5333 2590 5387 Et
2604 5331 2709 5387 alio
2728 5330 2844 5385 loco
2865 5348 2879 5384 :
2900 5329 3021 5386 Non
3036 5331 3383 5389 custodierunt
3400 5340 3751 5386 testamentum

2169 5424 2280 5491 Dei,
2294 5436 2341 5479 et
2364 5426 2415 5479 in
2439 5424 2547 5494 lege
2562 5427 2672 5494 ejus
2690 5422 3368 5495 nolueruntambularc(Ps.
3398 5425 3623 5493 Lxxvn).
3637 5422 3748 5478 Non

2162 5534 2290 5589 ergo
2309 5519 2377 5573 im
2386 5516 2708 5587 possibilitas
2729 5515 2797 5569 ab
2812 5516 3210 5585 operejustitize
3227 5516 3495 5571 hominem
3513 5524 3745 5581 revocat,

2162 5612 2256 5667 sed
2281 5611 2534 5679 iniquitas
2558 5618 2611 5664 et
2631 5607 2895 5663 voluntas.
2912 5606 3048 5664 Cum
3072 5617 3250 5664 autem
3275 5608 3564 5689 Apostolus
3577 5606 3743 5662 dicat:

2164 5705 2466 5760 Peccantem
2485 5719 2656 5758 coram
2673 5702 2901 5758 omnibus
2921 5718 3081 5773 argue
3098 5698 3149 5771 (Ι
3175 5700 3313 5757 Tim.
3343 5702 3424 5772 v),
3445 5702 3585 5757 nulla
3614 5702 3748 5756 ratio

2160 5808 2244 5859 est
2258 5812 2362 5865 qua
2385 5797 2468 5853 vel
2492 5794 2791 5866 arguendus
2809 5795 2975 5856 sitve!
2994 5792 3434 5855 condemnandus
3453 5791 3544 5867 qui
3578 5789 3759 5867 delin-q
