4068 6348
270 357 376 416 801

1359 337 1446 393 DE
1486 331 1741 391 GRATIA
1780 328 1926 396 DEI,
1968 325 2142 395 ETC.,
2184 326 2311 381 LIB.
2356 324 2394 381 1.

3456 324 3563 383 802

272 467 395 540 quis
414 464 633 521 invitus.
651 460 761 519 Sed
783 473 889 516 non
912 459 985 514 ita
996 455 1244 514 est.Nam
1267 468 1364 524 per
1377 450 1695 523 prophetam
1716 459 1871 500 suum
1899 444 1953 507 Α
1979 440 2168 497 melius
2198 456 2302 495 non
2334 454 2491 509 posse
2511 440 2704 495 mutari
2731 436 3052 494 deteriorem
3084 436 3314 493 hominis
3338 416 3559 507 statum,

274 559 539 619 Dominus
578 556 767 612 dicat:
813 553 1231 623 Unumquemque
1271 544 1553 601 secundum
1596 541 1702 595 uias
1746 554 1873 592 suas

272 650 520 728 iudicabo
540 649 723 703 domus
746 643 950 710 Israel;
979 642 1280 713 quicunque
1305 635 1586 692 succubuit
1614 629 1873 703 passioni,

273 725 387 805 non
418 737 753 816 prtesciemia
782 747 1006 810 urgente
1054 739 1340 804 superatus
1380 738 1501 793 est,
1533 725 1628 782 sed
1654 730 1877 796 peccato

273 835 589 896 blandiente
632 830 887 888 seductus
928 836 1032 905 est.
1082 824 1272 881 Adhuc
1317 831 1575 892 negantes
1622 827 1874 873 conatum

275 930 481 988 laboris
513 925 767 992 humani,
800 920 1162 979 testimonium
1202 915 1341 972 istud
1380 918 1662 984 opponunt
1693 928 1708 965 :
1749 906 1872 964 Nisi

274 1025 533 1081 Dominus
576 1017 905 1089 aediﬁcaverit
953 1015 1182 1081 domum,
1220 1013 1273 1064 in
1304 1024 1485 1064 vanum
1521 1005 1757 1061 laborant
1786 1001 1875 1073 qui

273 1119 540 1189 mdiﬁcant
567 1130 678 1170 eam
716 1110 892 1186 (Psal.
922 1106 1128 1177 cxxvr).
1178 1104 1281 1174 Qui
1321 1103 1423 1158 hoc
1449 1099 1697 1170 imperite
1737 1093 1877 1166 obji-

273 1188 449 1278 ciunt,
472 1214 529 1265 et
554 1214 724 1262 totum
746 1194 948 1258 homini
977 1195 1348 1267 denegandum
1370 1192 1615 1256 credunt,
1640 1188 1874 1260 primum

273 1298 579 1356 secundum
606 1309 800 1352 sonum
831 1292 1045 1356 littera,
1079 1288 1404 1344 intellectum
1430 1297 1585 1339 suum
1614 1279 1874 1352 expedire

275 1410 387 1451 non
418 1399 666 1465 possunt.
721 1385 971 1459 Nunquid
996 1383 1142 1440 enim
1171 1381 1427 1438 Dominus
1460 1392 1555 1448 per
1579 1380 1638 1431 se
1667 1384 1871 1430 tantum

274 1485 429 1542 velut
456 1484 695 1541 solitaria
723 1477 1106 1552 procuratione
1140 1475 1366 1531 salutem
1407 1469 1625 1526 humani
1658 1466 1873 1539 generis

273 1577 639 1634 administrat.
677 1572 794 1629 Non
823 1571 1027 1641 utique.
1072 1567 1177 1625 Sed
1208 1581 1328 1621 cum
1357 1578 1553 1634 corpus
1583 1574 1678 1630 per
1704 1573 1875 1613 mem-

275 1671 378 1728 bra
405 1667 721 1740 dispositum
750 1664 939 1735 capitis
966 1670 1288 1731 exsequatur
1313 1656 1618 1726 imperium,
1643 1651 1874 1706 :cdiﬁcat

275 1765 499 1821 domum
514 1775 665 1818 suam
683 1772 778 1830 per
793 1754 1045 1814 Ecclesiae
1056 1753 1315 1825 praesules
1327 1773 1346 1800 ν
1357 1758 1484 1820 tque
1501 1755 1762 1817 pastores,
1778 1757 1873 1813 per

1977 533 2079 589 hoc
2108 532 2215 588 illic
2236 532 2468 587 futurum
2498 530 2735 587 creditur
2763 537 2887 600 post
2912 529 3036 586 vitae
3064 530 3222 600 hujus
3247 546 3560 601 excessum,

1975 624 2062 679 ubi
2087 624 2197 695 jam
2224 638 2324 679 nec
2352 621 2658 679 emendatio
2682 662 2697 688 ,
2731 637 2829 678 nec
2873 622 3096 678 mutatio
3127 623 3229 678 erit
3257 624 3396 693 apud
3429 625 3562 681 infe-

1975 732 2085 773 ros.
2106 715 2375 773 Caeterum
2403 730 2569 786 usque
2593 718 2646 771 in
2674 716 2853 780 ﬁnem,
2875 724 2930 770 et
2950 716 3014 769 ad
3041 715 3303 786 justitiam
3332 718 3561 777 transire

1975 813 2219 884 pessimi,
2244 820 2301 868 et
2329 811 2628 882 periculum
2657 820 2878 881 possunt
2909 811 3097 866 timere
3124 811 3365 881 perfecti.
3408 814 3561 871 Sicut

1977 905 2203 973 legimus
2232 921 2246 957 :
2281 903 2384 972 Qui
2412 902 2702 974 gloriﬁcant
2740 919 2817 957 me
2853 902 3151 974 gloriﬁcabo
3192 920 3313 973 eos;
3347 906 3434 976 qui
3467 922 3561 960 au-

1976 1008 2075 1054 tem
2100 1007 2429 1053 contemnunt
2466 1012 2546 1051 me
2573 1006 2721 1051 erunt
2755 996 2996 1067 ignobiles
3025 996 3078 1067 (I
3113 997 3239 1068 lleg.
3271 997 3351 1068 ιι).
3385 999 3561 1066 Quare

1974 1091 2076 1149 iste
2096 1091 2410 1157 honoratur,
2433 1097 2490 1146 et
2510 1088 2600 1145 ille
2620 1086 2946 1159 despicitur?
2984 1087 3205 1158 PrOpter
3228 1090 3332 1145 hoc
3356 1092 3559 1162 utique,

1975 1183 2098 1254 quia
2128 1191 2183 1239 et
2206 1183 2296 1238 ille
2325 1182 2491 1238 Deum
2519 1181 2822 1254 gloriﬁcare
2852 1181 3021 1250 potuit
3049 1182 3138 1253 qui
3171 1182 3346 1239 intulit
3373 1195 3560 1241 contu-

1974 1276 2217 1369 meliam,
2243 1284 2297 1331 et
2325 1275 2425 1331 iste
2447 1283 2793 1331 contemnere
2816 1274 2905 1345 qui
2936 1273 3129 1329 detulit
3152 1275 3395 1345 gloriam.
3424 1277 3562 1346 Quia

1976 1366 2189 1443 placere
2216 1367 2441 1423 Domino
2468 1365 2579 1423 Deo
2606 1381 2707 1424 suo
2728 1375 2781 1422 ct
2814 1366 2989 1436 potuit
3011 1368 3152 1424 nolle
3176 1368 3265 1439 qui
3294 1368 3477 1435 voluit,
3509 1383 3564 1427 et

1975 1464 2153 1532 potuit
2182 1463 2323 1519 velle
2362 1463 2451 1533 qui
2498 1461 2689 1518 noluit.
2746 1462 2855 1517 Nec
2884 1470 3039 1532 putes
3082 1461 3169 1520 hic
3197 1473 3403 1521 naturae
3441 1481 3563 1524 esse

1974 1557 2278 1615 distantiam
2299 1600 2314 1627 ,
2344 1556 2457 1628 ipse
2494 1557 2690 1627 estqui
2718 1555 2831 1611 vult
2857 1598 2871 1623 ,
2923 1556 3038 1625 ipse
3064 1564 3147 1611 est
3170 1558 3261 1627 qui
3290 1574 3395 1613 non
3429 1561 3559 1615 vult.

1974 1650 2211 1721 Quisque
2232 1662 2360 1719 ergo
2383 1659 2599 1705 renatus
2628 1647 2682 1703 in
2710 1646 2944 1714 Christo,
2978 1646 3080 1703 nisi
3111 1649 3259 1718 prius
3287 1649 3447 1705 luerit
3472 1668 3563 1707 vas

1976 1744 2192 1799 malitia:
2213 1758 2309 1815 per
2329 1743 2540 1813 culpam
2568 1743 2859 1812 propriam,
2882 1756 2977 1798 vas
3005 1741 3228 1798 offensae
3250 1751 3307 1798 et
3331 1743 3425 1814 ira:
3446 1760 3564 1801 esse

276 1871 376 1913 eos
391 1854 680 1927 quidicunt
703 1848 833 1906 :Dei
857 1847 994 1903 enim
1009 1821 1268 1916 adjutores
1285 1837 1526 1911 sumus(l
1549 1837 1671 1892 Cor.
1693 1833 1868 1903 nt,9).
1902 1821 1952 1884 Β
1978 1852 2101 1899 non,
2132 1837 2347 1907 poterit.
2382 1835 2449 1890 Et
2494 1850 2525 1891 ο
2569 1836 2860 1901 contrario,
2914 1842 2973 1888 ιιι
3023 1835 3115 1888 nar
3157 1832 3563 1902 misericordim,

276 1948 385 2016 Qui
411 1946 552 2003 enim
569 1958 751 2001 curam
775 1934 1265 2008 suscipit‘salvandi
1288 1932 1540 1997 hominis,
1556 1929 1768 1999 adjutor
1787 1934 1872 1981 est

277 2038 661 2110 redemptoris.
678 2034 934 2092 Ediﬁeat
949 2045 1079 2103 ergo
1104 2029 1321 2085 domum
1344 2025 1481 2081 hanc
1495 2023 1751 2079 Dominus
1778 2035 1871 2090 per

258 2143 501 2197 sanctos
519 2146 665 2195 suos,
683 2139 735 2185 et
754 2126 924 2183 sancti
946 2140 1041 2196 per
1056 2121 1339 2178 Dominum
1357 2133 1536 2173 suum.
1557 2115 1871 2171 [Edilicatur
1920 2161 1926 2168 .

169 2256 176 2262 -
277 2224 520 2284 Ecclesia
544 2238 643 2295 per
662 2237 783 2278 eum
806 2219 895 2291 qui
916 2216 1082 2272 dixit:
1106 2215 1172 2271 Ut
1193 2214 1397 2283 sapiens
1421 2209 1723 2265 architectus
1746 2208 1869 2277 fun-

278 2318 579 2373 damentum
606 2314 754 2385 posui
776 2310 939 2383 (lbid.
969 2308 1078 2377 10).
1110 2303 1356 2375 Nunquid
1378 2303 1535 2359 aliter
1563 2300 1791 2357 aediﬁcat
1817 2306 1873 2353 et

278 2409 557 2482 cognoscit
585 2404 902 2468 Ecclesiam,
934 2415 1092 2473 quam
1124 2415 1219 2470 per
1246 2397 1459 2454 labores
1491 2406 1544 2453 et
1575 2393 1749 2451 ofﬁcia
1785 2409 1873 2447 sa-

278 2505 583 2569 cerdotum,
620 2514 716 2571 per
740 2496 1032 2553 ministeria
1064 2503 1118 2550 et
1147 2491 1388 2563 exempla
1416 2497 1747 2553 sanctorum,
1775 2500 1871 2557 per

278 2595 644 2669 apostolorum
674 2591 899 2645 virtutes
925 2595 981 2642 et
1004 2594 1297 2657 martyrum
1323 2582 1557 2637 mortes?
1590 2579 1696 2635 Sed
1731 2577 1873 2633 inter

281 2689 398 2745 hinc
423 2700 547 2742 cum
575 2696 746 2753 usque
772 2680 838 2735 ad
869 2677 1108 2733 omnium
1138 2676 1400 2730 malorum
1428 2671 1763 2728 tolerantiam
1795 2669 1872 2723 vi-

280 2794 459 2851 tzeque
479 2781 741 2849 jacturam
774 2771 1020 2826 laborare
1044 2767 1238 2823 debeat
1282 2764 1513 2820 famulus
1533 2804 1548 2829 ,
1595 2762 1661 2817 ad
1693 2758 1871 2816 Domi-

282 2891 410 2933 num
444 2881 624 2928 tamen
674 2881 887 2939 semper
911 2872 996 2920 est
1042 2860 1355 2918 referendus
1401 2856 1599 2912 laboris
1628 2854 1870 2911 effectus.

282 2967 384 3035 Qui
414 2978 542 3021 vero
571 2963 654 3019 vel
704 2959 913 3015 initium
942 2956 1122 3027 operis
1166 2953 1267 3009 sibi
1298 2950 1572 3023 praesumit
1599 2962 1869 3017 arrogare,

283 3061 369 3116 vel
400 3061 559 3115 ﬁnem
585 3097 599 3123 ,
644 3055 712 3111 ad
742 3054 891 3109 illum
922 3050 1115 3107 merito
1153 3047 1350 3103 dicitur
1397 3062 1410 3098 :
1460 3042 1582 3097 Nisi
1622 3041 1872 3096 Dominus

283 3150 614 3221 wdiﬁcaverit
653 3147 888 3210 domum,
932 3145 985 3197 in
1011 3156 1197 3195 vanum
1229 3137 1461 3191 laborant
1498 3134 1586 3205 qui
1613 3133 1870 3201 aedificant

1951 1932 2123 2001 ,prius
2168 1931 2379 1985 futurus
2407 1936 2490 1983 est
2518 1942 2613 1984 vas
2642 1926 2962 1983 obedientiae
2990 1970 3004 1992 ,
3036 1934 3095 1981 ut
3139 1926 3564 1996 praecedentibus

1975 2024 2152 2080 causis
2176 2023 2305 2094 justi
2334 2022 2530 2091 judicis
2566 2023 2828 2077 sententia
2872 2019 3252 2089 subsequatur.
3300 2021 3564 2077 Ostenda-

1974 2134 2093 2176 mus
2122 2132 2217 2173 vas
2244 2114 2584 2173 contumelia:
2613 2114 2666 2169 in
2693 2127 2789 2169 vas
2820 2113 3038 2168 honoris
3076 2112 3362 2182 adjutorio,
3384 2113 3475 2167 Dei
3510 2121 3565 2171 et

1972 2209 2151 2266 studio
2191 2222 2289 2262 suo
2320 2219 2478 2277 posse
2507 2206 2756 2261 transire.
2803 2204 2896 2269 Si,
2924 2202 3123 2273 inquit,
3159 2204 3336 2258 dixero
3363 2205 3519 2275 impio
3544 2221 3563 2258 :

1975 2303 2143 2357 Morte
2183 2298 2440 2361 morieris,
2472 2306 2517 2352 et
2554 2296 2712 2369 egerit
2742 2294 3087 2366 penitentiam
3126 2310 3158 2347 a
3198 2286 3403 2362 peccato
3445 2312 3561 2363 suo,

1975 2399 2246 2467 feceritque
2270 2394 2530 2465 judicium
2557 2402 2604 2447 et
2632 2392 2912 2464 justitiam,
2953 2392 3054 2445 vita
3081 2391 3208 2445 vivet
3236 2400 3284 2446 et
3317 2408 3419 2447 non
3452 2409 3558 2446 mo-

1973 2485 2153 2540 rietur.
2201 2482 2338 2551 Quid
2368 2492 2451 2539 est
2480 2482 2673 2553 impius
2695 2520 2711 2546 ,
2746 2480 2847 2537 nisi
2871 2495 2966 2535 vas
2994 2480 3371 2537 contumeliae?
3424 2482 3566 2539 Ecce

1975 2592 2069 2647 per
2097 2574 2392 2631 remedium
2423 2572 2753 2644 pmaitentia:
2779 2571 2959 2627 subito
3003 2570 3299 2627 honoratur
3327 2571 3564 2628 candore

1972 2671 2155 2742 gratiae
2180 2711 2195 2736 ,
2243 2676 2298 2725 et
2330 2668 2572 2724 induitur
2597 2667 2793 2723 decore
2816 2665 3040 2734 justitiae
3064 2706 3080 2731 ,
3120 2675 3177 2719 ut
3218 2674 3562 2736 peccatorum

1974 2762 2105 2819 faece
2126 2762 2364 2827 detersa,
2382 2760 2713 2815 conﬁdenter
2732 2758 2901 2829 possit
2919 2758 3100 2814 dicere
3121 2772 3242 2815 cum
3265 2758 3524 2830 Propheta
3547 2776 3563 2815 :
3660 2742 3663 2745 Δ

1972 2856 2221 2927 Asperges
2249 2870 2349 2919 me,
2382 2851 2619 2920 Domine,
2653 2850 2894 2922 hyswpo,
2926 2863 2976 2905 et
3003 2850 3335 2913 mundabor;
3372 2851 3566 2905 lambis

1974 2965 2070 3015 me,
2104 2958 2152 3001 et
2193 2962 2346 3017 super
2382 2948 2545 3000 nivem
2572 2944 2865 2999 dealbabor.
2915 2943 3056 3000 Audi
3086 2942 3399 3013 Apostolum
3426 2959 3564 3014 quo-

1974 3039 2135 3095 modo
2158 3039 2396 3094 dcalbari
2426 3052 2583 3108 posse
2605 3036 2913 3107 pronuntiat
2940 3036 3180 3091 maculas
3198 3037 3563 3107 conscientias,

1975 3138 2035 3185 ut
2061 3130 2128 3186 de
2156 3143 2279 3184 vase
2310 3128 2605 3198 iniquitatis
2630 3168 2645 3191 ,
2676 3142 2771 3182 vas
2818 3127 3260 3184 sanctiﬁcationis
3290 3138 3565 3198 appareat.

286 3258 422 3296 eain.
464 3241 729 3295 Craterum
770 3234 906 3290 sicut
944 3232 1013 3287 ab
1043 3228 1259 3285 homine
1288 3225 1571 3283 indefessa:
1598 3222 1872 3279 servitutis
1894 3199 1945 3264 ο
1976 3225 2044 3280 In
2075 3224 2247 3292 domo,
2276 3221 2468 3293 inquit,
2494 3237 2704 3291 magna,
2738 3236 2838 3275 non
2860 3219 3025 3274 solum
3048 3228 3162 3274 sunt
3190 3235 3311 3275 vasa
3334 3235 3493 3274 aurea
3521 3228 3568 3274 et

288 3331 649 3404 exspectanda
678 3327 889 3385 devotio
916 3334 1002 3381 est
1021 3365 1036 3390 ,
1067 3324 1137 3378 ita
1166 3320 1345 3391 operis
1374 3317 1730 3374 consummati
1765 3315 1869 3369 Do-

288 3429 437 3483 mino
452 3432 535 3480 est
549 3419 847 3493 deputanda
870 3416 1147 3489 perfectio,
1164 3412 1318 3481 cujus
1335 3411 1475 3466 dona
1494 3410 1583 3465 ille
1605 3409 1749 3463 solus
1766 3423 1871 3463 non

290 3519 495 3584 habuit,
512 3516 602 3588 qui
622 3529 841 3572 servare
861 3510 1115 3581 neglexit.
1137 3506 1271 3563 Nam
1292 3514 1348 3561 et
1375 3504 1465 3560 ille
1487 3517 1680 3559 servus
1701 3517 1762 3558 se
1780 3516 1875 3556 ac-

295 3613 506 3682 cepisse
526 3607 794 3679 cognovit,
808 3605 896 3677 qui
909 3601 1255 3659 commissum
1272 3597 1372 3653 sibi
1386 3598 1642 3652 talentum
1661 3594 1875 3664 negotio

294 3701 483 3757 salutis
499 3700 773 3769 duplicare
789 3691 1234 3764 contempsit,sed
1257 3698 1414 3745 terrm
1433 3688 1611 3756 potius
1632 3686 1744 3740 otio
1762 3685 1875 3739 lan-

286 3803 488 3865 gncnte
510 3788 780 3846 mandavit
804 3785 1022 3859 (Matth.
1053 3782 1205 3851 xxv).
1231 3781 1336 3836 Sed
1357 3791 1410 3835 et
1424 3779 1553 3836 Saul
1581 3776 1636 3849 (I
1654 3779 1778 3847 Reg.
1798 3778 1892 3848 Ix)'

284 3888 515 3959 gratiam
545 3885 639 3941 Dei
667 3899 698 3938 a
724 3879 975 3938 Samuele
1001 3884 1195 3933 unctus
1221 3873 1458 3944 accepit,
1484 3881 1541 3928 et
1564 3869 1879 3926 muniﬁcen-

289 3984 419 4039 tiam
448 3978 734 4050 spccialem
762 4019 776 4044 ,
825 3972 1172 4046 regalemque
1200 3965 1491 4040 potentiam
1512 4006 1529 4031 ,
1564 3963 1665 4020 sub
1694 3960 1881 4017 condi-

289 4078 436 4134 tione
464 4075 583 4136 hac,
613 4086 681 4127 ne
704 4080 743 4124 a‘
765 4068 1043 4140 praeceptis
1067 4066 1160 4121 Dei
1188 4062 1500 4127 declinaret,
1529 4055 1784 4113 obtinuit.
1814 4054 1881 4110 Et

288 4172 381 4241 qui
408 4170 556 4224 lucos
584 4175 638 4223 et
668 4164 788 4219 lana
814 4177 935 4219 cum
982 4157 1306 4233 pythouihus
1352 4153 1463 4208 suis
1509 4149 1765 4220 magistro
1791 4160 1882 4201 sa-

288 4240 511 4320 cerdote
537 4260 870 4316 subverterat
894 4297 909 4323 ,
938 4255 1190 4311 defuncto
1212 4249 1400 4329 eodem
1425 4288 1440 4314 ,
1472 4260 1592 4302 cum
1631 4240 1885 4313 magistro

290 4356 455 4414 ﬁdem
476 4351 728 4423 perdidit,
751 4358 806 4407 et
823 4350 888 4405 ad
911 4345 1236 4420 pythonissa:
1260 4337 1599 4412 postmodum
1622 4347 1880 4405 reSponsa

290 4449 531 4508 fallentia
575 4443 923 4511 convolavit,
969 4443 1057 4513 qui
1089 4455 1147 4496 se
1193 4437 1260 4492 ad
1289 4436 1456 4491 Deum
1487 4432 1758 4504 pertinere
1783 4443 1884 4499 po-

292 4545 466 4604 tuisse
495 4541 757 4599 idolorum
787 4536 1138 4594 subversione
1169 4537 1575 4589 monstraverat.

894 4650 1122 4707 CAPUT
1171 4649 1285 4704 Xll.

292 4753 488 4808 Contra
516 4766 630 4805 eum
658 4762 860 4803 sensum
890 4744 977 4814 qui
1018 4742 1140 4796 dicit
1167 4742 1307 4811 quod
1330 4756 1416 4794 vos
1447 4739 1498 4814 in
1525 4718 1885 4790 contumeliam

439 4838 543 4877 non
569 4820 725 4891 possit
750 4810 1039 4887 assurgere,
1071 4822 1125 4867 ut
1163 4810 1229 4866 sit
1262 4827 1348 4864 vas
1384 4814 1435 4863 in
1473 4810 1736 4862 honorem.

367 4916 531 4972 Aiunt
557 4928 649 4969 vas
676 4909 1016 4968 contumeliae
1047 4909 1101 4962 in
1133 4920 1225 4961 vas
1269 4903 1489 4958 honoris
1517 4899 1746 4955 transire
1779 4912 1884 4953 non

293 5023 487 5081 posse,
518 5021 585 5063 eo
614 5004 757 5078 quod
789 5002 983 5059 dixerit
1011 4998 1300 5069 Apostolus
1338 5014 1350 5048 :
1388 4996 1464 5048 An
1491 5010 1589 5047 non
1620 4991 1765 5045 habet
1794 5007 1887 5059 po-

292 5111 526 5158 testatem
553 5099 741 5170 ﬁgulus
771 5097 865 5151 luti
904 5111 967 5149 ea:
996 5094 1170 5149 eadem
1215 5106 1382 5145 massa
1426 5090 1591 5156 facere
1630 5084 1773 5138 aliud
1800 5099 1887 5137 vas

293 5197 353 5249 in
386 5196 647 5257 honorem,
668 5188 813 5245 aliud
834 5204 950 5242 vero
974 5187 1025 5241 in
1050 5180 1403 5239 contumeliam
1420 5180 1445 5232 ?
1472 5177 1585 5232 Hoc
1604 5175 1723 5231 loco
1751 5188 1889 5243 pra:-

293 5287 557 5344 cedentes
585 5298 796 5350 causas,
828 5280 1021 5353 quibus
1050 5277 1133 5334 vel
1165 5275 1216 5330 iu
1246 5273 1528 5339 honorem,
1563 5267 1645 5324 vel
1677 5267 1729 5321 in
1760 5281 1889 5322 con-

294 5379 574 5435 tumeliam
599 5377 761 5432 homo
787 5382 1045 5438 transeat,
1067 5368 1315 5427 conclusa
1345 5364 1609 5421 locatione
1636 5372 1888 5431 suppres-

295 5475 390 5529 sit.
440 5472 572 5542 Nam
616 5485 740 5527 cum
789 5469 949 5522 homo
995 5478 1090 5536 per
1124 5460 1348 5534 gratiam
1378 5472 1499 5515 esse
1545 5453 1767 5525 coeperit
1796 5466 1889 5508 vas

299 5564 556 5631 honoris,
590 5558 973 5634 invigilandum
1008 5566 1090 5612 est
1119 5564 1177 5611 ut
1215 5560 1468 5624 acceptus
1514 5550 1685 5604 honor
1712 5545 1893 5602 divina

300 5660 685 5732 cooperatione
715 5665 989 5721 servetur,
1020 5666 1087 5707 ne
1113 5648 1402 5721 acquisitus
1432 5646 1620 5710 homo,
1655 5650 1891 5714 postmo-

301 5742 439 5813 dum
478 5753 530 5807 in
578 5765 673 5807 vas
720 5745 1063 5805 contumelia:
1110 5742 1267 5813 culpa
1310 5740 1574 5797 existente
1628 5742 1888 5791 vertatur.

305 5844 461 5914 Quod
491 5852 668 5903 autem
693 5841 876 5903 dicunt
918 5840 984 5899 ab
1009 5839 1229 5896 ineunte
1258 5841 1413 5893 aetate
1440 5830 1764 5893 nrmﬁnitum
1794 5867 1806 5889 .
1842 5826 1895 5885 in

1974 3326 2238 3387 argentea,
2262 3315 2351 3370 sed
2377 3322 2424 3367 et
2456 3313 2626 3383 lignea
2651 3320 2698 3365 et
2722 3311 2904 3380 ﬁctilia
2927 3310 3102 3382 (Rom.
3135 3312 3234 3381 tx).
3260 3310 3397 3379 Quid
3423 3310 3570 3369 enim

1976 3410 2083 3463 alia
2112 3417 2237 3464 sunt
2263 3423 2382 3461 vasa
2411 3406 2462 3459 in
2504 3405 2768 3465 honorent,
2797 3402 2903 3456 alia
2926 3417 3041 3456 vero
3091 3402 3145 3455 in
3174 3403 3572 3457 contumeliam?

1978 3501 2177 3557 Attolle
2220 3514 2315 3556 cor
2352 3498 2583 3554 liberum
2622 3496 2692 3553 ab
2730 3482 3049 3552 immutabili
3081 3495 3423 3561 necessitate,
3474 3495 3574 3550 hu-

1978 3607 2138 3648 mana
2168 3589 2409 3647 conditio
2438 3629 2452 3651 ,
2503 3596 2558 3643 et
2600 3600 2832 3658 agnosce
2875 3585 3017 3640 circa
3065 3583 3292 3639 salutem
3342 3583 3574 3641 hominis

1982 3683 2193 3740 Domini
2222 3684 2293 3738 tui
2324 3681 2644 3737 ineffabilem
2678 3678 2990 3733 bonitatem.
3032 3676 3166 3732 Cum
3194 3676 3439 3743 dixisset,
3471 3678 3576 3732 alia

1980 3776 2185 3845 quilcm
2208 3773 2261 3825 in
2291 3772 2554 3833 horrerent,
2579 3768 2688 3823 alia
2710 3784 2827 3822 vero
2851 3767 2905 3821 in
2933 3760 3325 3833 contumeliam,
3358 3746 3574 3823 manuni

1982 3843 2095 3942 spei
2126 3867 2373 3923 fidelibus
2402 3864 2610 3933 aperuit
2649 3876 2713 3916 ac
2752 3843 3119 3915 dilatavit’ita
3164 3860 3392 3915 dicens:
3426 3860 3577 3926 Quod

1983 3962 2028 4016 si
2054 3961 2187 4032 quis-
2212 3974 2265 4012 se
2310 3974 2372 4012 ea:
2409 3957 2486 4010 his
2534 3953 2895 4025 expurgaverit
2920 3992 2935 4017 ,
2977 3951 3073 4005 erit
3118 3966 3202 4004 vas
3244 3952 3295 4004 in
3337 3950 3577 4004 honorem

1984 4054 2357 4121 sanctiﬁcatum
2398 4048 2483 4121 (Il
2511 4048 2646 4119 Tim.
2690 4036 2771 4117 ιι).
2810 4045 2903 4102 Vis
2926 4059 3057 4116 ergo
3093 4044 3270 4100 cordis
3300 4045 3579 4115 utriusque

1984 4146 2065 4204 rei
2093 4159 2260 4216 capax
2289 4150 2407 4207 est,
2453 4150 2507 4197 et
2547 4139 2690 4212 quod
2734 4139 2790 4194 in
2831 4153 2891 4195 se
2921 4146 3045 4193 ante
3075 4136 3318 4207 permisit
3346 4136 3579 4205 infundi,

1988 4237 2146 4295 facile
2175 4244 2350 4306 potest
2379 4231 2572 4305 prioris
2601 4230 2859 4302 propositi
2914 4229 3210 4286 mutatione
3251 4229 3486 4295 vacuari,
3520 4239 3581 4287 ut

1988 4333 2163 4403 ipsum
2194 4338 2355 4400 atque
2382 4328 2525 4384 idem
2556 4340 2650 4383 vas
2677 4326 2821 4381 inse
2849 4332 2906 4380 et
2932 4322 3076 4393 apud
3104 4336 3165 4378 se
3192 4321 3359 4378 eflusa
3390 4321 3581 4395 iniqui-

1989 4437 2099 4485 tate
2130 4431 2460 4494 permaneat.
2506 4422 2692 4492 itaque
2729 4432 2825 4474 vas
2853 4417 2918 4473 ad
2947 4415 3297 4474 substantiam
3326 4415 3584 4483 hominis,

1990 4518 2133 4589 quod
2167 4531 2295 4573 vero
2323 4515 2380 4571 in
2410 4528 2538 4569 vase
2564 4509 2816 4568 conditur
2841 4550 2857 4577 ,
2908 4509 2975 4563 ad
3014 4522 3182 4577 genus
3211 4521 3276 4562 ac
3307 4506 3585 4563 diversita-

1908 4581 1964 4644 υ
1992 4581 2101 4668 tem
2128 4609 2361 4681 pertinet
2387 4604 2704 4664 voluntatis.
2757 4601 2828 4655 Et
2861 4599 2969 4655 alio
2995 4599 3115 4654 loco
3143 4597 3382 4654 ostendit
3407 4597 3586 4654 Domi-

1994 4720 2094 4763 nus
2126 4704 2396 4775 perditum
2437 4696 2645 4755 restitui
2686 4708 2880 4765 posse,
2922 4707 3045 4748 cum
3085 4690 3217 4745 dicit
3264 4708 3277 4745 :
3313 4688 3435 4745 Non
3474 4707 3586 4745 sum

1993 4800 2179 4853 missus
2217 4795 2317 4851 nisi
2354 4793 2420 4846 ad
2459 4807 2573 4845 oves
2607 4802 2721 4858 quae
2756 4784 3016 4857 perierunt
3064 4784 3247 4837 domus
3283 4781 3471 4838 Israel.
3525 4783 3589 4839 Et

1994 4892 2192 4947 iterum
2244 4905 2255 4939 :
2299 4883 2521 4955 Epulari
2556 4891 2605 4935 et
2647 4879 2874 4951 gaudere
2914 4885 3137 4944 oportet,
3170 4877 3293 4945 quia
3328 4874 3412 4929 hic
3448 4875 3589 4943 ﬁlius

1997 4998 2135 5039 meus
2178 4987 2407 5035 mortuus
2441 4977 2625 5045 fuerat,
2655 4981 2703 5027 et
2741 4970 2956 5035 revixit;
2991 4971 3240 5040 perierat,
3270 4972 3317 5021 et
3355 4968 3588 5021 inventus

1994 5087 2087 5134 est.
2130 5075 2246 5132 Non
2271 5086 2399 5143 ergo
2418 5071 2475 5127 in
2502 5078 2690 5124 natura
2713 5066 2832 5135 ejus
2853 5063 3027 5119 luerat
3053 5061 3191 5116 facta
3220 5059 3468 5131 perditio,
3494 5057 3589 5113 sed

1993 5172 2084 5244 qui
2110 5164 2412 5225 recedendo
2435 5168 2746 5230 contemptu
2775 5165 3021 5214 mortuus
3047 5150 3243 5217 luerat,
3276 5149 3468 5206 revixit
3495 5149 3589 5206 dc-

1995 5254 2196 5322 siderio
2228 5256 2550 5317 revertendi.
2600 5254 2731 5310 Nam
2760 5252 2901 5307 sicut
2939 5249 3019 5304 sui
3046 5246 3288 5303 criminis
3317 5256 3399 5303 est
3447 5245 3589 5317 quod

1996 5358 2155 5427 longe
2178 5353 2250 5424 pii
2282 5350 2517 5422 parentis
2550 5344 2743 5416 refugit
2767 5342 2974 5405 oculos.
3001 5339 3070 5395 ita
3100 5353 3212 5394 sua:
3239 5348 3323 5395 est
3350 5338 3590 5393 devotio-
3680 5360 3687 5369 -

1997 5449 2102 5514 nis,
2132 5443 2273 5517 quod
2316 5457 2407 5513 per
2444 5439 2661 5495 insitum
2693 5435 2797 5492 sibi
2823 5434 3025 5490 bouum
3054 5431 3391 5493 deliberans,
3421 5437 3475 5484 et
3503 5439 3589 5483 as-

1995 5552 2247 5609 surgens,
2277 5533 2341 5588 ad
2369 5540 2622 5604 paternos
2652 5525 2889 5584 recurrit
2935 5524 3231 5592 amplexus.
3276 5518 3380 5575 Sed
3421 5517 3586 5587 gratia

1996 5644 2114 5705 qua:
2139 5628 2440 5700 pulsaverat
2464 5621 2911 5694 peregrinantem,
2930 5616 3041 5684 ipsa
3060 5610 3295 5681 suscepit
3316 5618 3587 5665 reverten-

2001 5702 2126 5785 tem.
2152 5721 2387 5780 Recedat
2409 5719 2532 5775 hinc
2553 5714 2829 5787 originalis
2848 5706 3091 5766 deﬁnitio
3113 5705 3194 5760 vel
3219 5702 3414 5759 fatalis.
3444 5702 3589 5759 Ecce

2002 5828 2243 5882 mortuus
2282 5814 2577 5873 viviticatur
2613 5852 2625 5879 ,
2660 5819 2713 5865 et
2741 5804 2985 5874 perditus
3013 5796 3285 5858 invenitur
3318 5800 3493 5867 :lsicut
3532 5805 3587 5855 et
