4068 6348
450 253 562 315 805

1693 245 1751 301 S.
1792 233 2040 302 FAUSTI
2080 244 2484 307 RUEGIENSIS

3128 164 3239 176 ’Νι

3639 244 3739 309 SOI

453 368 651 429 mulier
677 364 979 436 evangelica
1023 361 1174 439 (Luc.
1211 361 1304 432 xv)
1358 375 1477 430 quae
1506 360 1761 416 amissam
1792 361 1844 417 in
1876 362 2038 421 domo
2064 367 2115 435 Α
2213 381 2332 419 nam
2380 370 2578 435 partem
2618 362 2840 420 hominis
2873 363 3088 431 arbitrio
3126 371 3265 436 patet
3289 363 3453 435 fuisse
3504 362 3735 417 commis-

453 461 789 523 drachmam,
824 457 876 512 id
904 463 1018 521 est,
1051 468 1162 515 rem
1190 453 1272 507 vel
1297 451 1660 522 cujuscunque
1691 454 1930 509 muneris
1952 456 2037 515 vel

451 557 660 622 salutis,
686 554 903 608 lucerna
926 540 1149 619 inquirit
1186 556 1435 614 accensa,
1465 554 1520 602 et
1546 545 1612 599 ad
1646 547 1832 615 gratiae
1858 548 2038 605 oleum

451 647 672 719 apponit
710 643 944 699 studium
972 654 1129 695 suum
1152 683 1166 707 ,
1198 649 1252 694 et
1294 652 1415 693 cum
1453 637 1544 693 Dei
1573 637 1840 709 adjutorio
1862 636 2041 709 jungit

450 752 511 795 se
538 731 865 806 requirentis
886 731 1135 786 intentio.
1160 728 1240 785 Ac
1260 727 1341 785 sic
1364 728 1507 800 quod
1542 729 1685 784 intus
1709 727 2035 798 perdiderat,

426 815 591 882 Vintus
619 822 842 880 invenit.
884 821 943 878 Si
985 820 1199 894 quando
1222 834 1351 891 ergo
1383 820 1549 875 homo
1569 835 1634 875 ex
1663 819 1802 875 bono
1830 818 2000 873 malus
2021 857 2038 887 ,

449 916 535 973 vel
577 932 647 972 ex
681 915 823 970 malo
865 912 1040 970 bonus
1084 910 1227 968 effici
1268 911 1487 967 arbitrio
1518 911 1717 968 mentis
1760 909 2036 976 adnititur,

449 1010 695 1066 voluntas
724 1022 844 1079 quae
875 1006 1045 1061 libera
1072 1014 1187 1071 est,
1224 1019 1254 1059 a
1285 1005 1392 1060 Deo
1424 1004 1542 1060 data
1572 1004 1859 1076 corrigitur
1883 1045 1897 1069 ,
1932 1020 2038 1061 non

448 1100 530 1157 vis
558 1098 1043 1170 praedestinationis
1091 1104 1369 1166 operatur.
1419 1094 1483 1148 Et
1528 1093 1953 1169 quotiescunque
1987 1094 2037 1157 in

449 1192 618 1248 sacris
647 1189 850 1260 paginis
877 1186 1108 1257 legeris:
1130 1184 1195 1239 In
1219 1202 1521 1257 quacunque
1550 1186 1632 1238 die
1662 1201 1930 1239 conversus
1961 1185 2040 1236 in-

450 1281 724 1354 gemueris,
756 1288 875 1333 tunc
901 1279 1070 1331 salvus
1102 1276 1428 1348 eris(Ezech.
1464 1275 1674 1348 χχχιιι).
1708 1274 1774 1329 Et
1801 1276 1990 1329 iterum
2023 1291 2055 1327 ε.

451 1374 592 1443 Noto
618 1384 829 1427 mortem
856 1370 1026 1443 impii,
1057 1369 1144 1422 sed
1164 1378 1219 1422 ut
1249 1376 1530 1423 revertatur
1568 1367 1755 1437 impius
1788 1383 1820 1419 a
1847 1365 1926 1419 via
1947 1381 2041 1419 sua

452 1477 498 1521 et
527 1467 680 1520 vivat.
706 1452 1068 1519 convertimini
1094 1477 1127 1514 a
1155 1461 1246 1515 viis
1282 1458 1537 1529 pessimis.
1574 1458 1640 1511 Et
1671 1458 1859 1511 iterum
1888 1474 1899 1507 :
1935 1454 2043 1508 lm-

452 1561 614 1631 pietas
642 1557 787 1627 impii
818 1570 919 1610 non
938 1553 1135 1608 nocebit
1160 1569 1294 1617 eum,
1324 1553 1376 1605 in
1394 1554 1695 1621 quacunque
1722 1550 1803 1604 die
1832 1564 2041 1603 corruer-

453 1626 539 1707 stts
570 1651 721 1722 fuerit
770 1652 831 1702 ab
871 1647 1129 1720 injustitia
1169 1658 1287 1699 sua.
1327 1644 1396 1699 Et
1442 1643 1570 1697 illud
1602 1660 1613 1695 :
1646 1642 1857 1715 Auferte
1902 1626 2047 1697 vetus.

2216 452 2348 489 sum.

2221 546 2363 605 Inter
2389 547 2507 602 haec
2535 544 2763 603 sollicite
2791 543 2947 601 nobis
2973 543 3113 614 apud
3148 543 3434 603 hereticos
3456 542 3733 613 requiren-

2145 642 2269 703 dum
2293 648 2399 707 est,
2431 648 2610 696 utrum
2634 638 2796 701 homo
2818 639 3018 699 bonum
3042 651 3149 698 non
3182 638 3354 709 possit
3374 653 3445 699 an
3476 638 3637 706 nolit,
3660 639 3735 694 in.

2145 733 2249 789 sita
2273 732 2476 799 homini
2507 734 2662 791 bona:
2690 731 2897 788 semina
2928 731 3238 789 voluntatis.
3272 730 3429 799 Quod
3459 730 3732 787 evidenter

2143 826 2381 895 assignat
2423 825 2494 882 ita
2541 826 2727 883 dicens
2757 842 2770 879 :
2804 823 2865 879 Si
2897 824 3115 878 volueris
3136 862 3151 887 ,
3188 824 3433 885 mandata
3471 840 3736 878 coriserna-

2152 918 2276 972 bunt
2304 927 2378 983 te;
2400 927 2475 985 et,
2496 914 2618 971 Noli
2641 915 2855 985 deﬁcere
2878 914 3199 985 adisciplina
3223 913 3464 975 Domini;
3490 915 3600 971 noli
3619 915 3733 969 abs-

2144 1012 2299 1067 tinere
2320 1010 2445 1064 bene
2469 1010 2635 1080 facere
2668 1008 2863 1080 egenti;
2893 1017 2969 1073 et,
3000 1006 3126 1062 Noli
3148 1008 3401 1078 fabricare
3433 1008 3489 1061 in
3518 1010 3735 1061 anticum

2144 1113 2285 1158 tuum
2325 1102 2493 1168 mala;
2540 1112 2617 1169 et,
2656 1099 2838 1156 Nolite
2866 1100 2979 1172 fieri
3004 1100 3329 1173 sicut‘equus
3362 1112 3414 1156 et
3458 1102 3653 1160 mulus.
3687 1100 3736 1155 in

2142 1196 2325 1268 quibus
2353 1212 2453 1253 non
2482 1206 2554 1257 est
2599 1195 2928 1261 intellectus;
2951 1202 3035 1261 et,
3069 1194 3193 1249 Noli
3216 1194 3499 1264 repudiare
3523 1192 3737 1251 consitis

2143 1290 2317 1345 matris
2331 1297 2461 1350 tum;
2480 1295 2554 1353 ct,
2578 1285 2627 1339 N
2633 1287 2701 1341 oti
2712 1286 2973 1347 intendere
2987 1284 3170 1356 fallaci
3192 1286 3395 1341 mulieri
3410 1301 3430 1352 ;
3445 1292 3524 1349 et.
3551 1283 3732 1339 Noluit

2144 1378 2428 1451 intelligere
2458 1388 2513 1435 ut
2539 1377 2661 1439 bene
2681 1385 2853 1450 ageret
2863 1385 2973 1445 ;et,
3000 1376 3297 1433 Noluerunt
3319 1379 3553 1447 accipere
3579 1377 3734 1430 disci-

2144 1471 2359 1540 plinam.
2380 1470 2473 1525 Cui
2490 1468 2636 1525 nolle
2650 1468 2923 1539 obiicitur,
2943 1467 3084 1531 velle
3106 1468 3159 1523 in
3178 1476 3430 1543 promptu
3444 1467 3613 1529 fuisse
3624 1467 3732 1523 evi-

2144 1562 2335 1619 denter
2351 1560 2674 1618 ostenditur.
2693 1561 2759 1615 Et
2779 1559 2931 1630 plura
2948 1559 3150 1621 similia
3170 1567 3297 1629 sunt
3324 1558 3380 1615 in
3400 1557 3737 1629 eloquiisVe-

2146 1652 2758 1721 tcrls'l‘estantenti,qua:
2768 1652 2947 1707 omnia
2960 1650 3131 1720 ipsam
3144 1648 3451 1721 specialiter
3462 1649 3734 1704 constrin-

454 1750 779 1820 fermentum,
821 1753 875 1798 ut
913 1744 1022 1798 sitis
1062 1757 1191 1795 nova
1243 1742 1535 1810 conspersio
1587 1738 1637 1811 (ι
1692 1738 1811 1793 Cor.
1857 1738 1931 1811 v).
1970 1739 2034 1794 Et
2068 1744 2123 1817 Β
2148 1754 2300 1816 gunt,
2324 1753 2380 1800 et
2399 1743 3095 1800 convincuutvoluntatem.
3124 1740 3181 1797 In
3209 1740 3363 1795 libris
3393 1739 3559 1794 etiam
3588 1743 3737 1804 novis

454 1841 666 1915 quoties
707 1841 866 1894 homo
913 1838 980 1893 ad
1033 1836 1276 1903 meliora,
1321 1833 1677 1889 deterioribus
1721 1831 2034 1900 repudia‘tis,

455 1936 623 2004 gratia
657 1932 879 2003 juvante
908 1927 1248 1983 convertitur
1267 1966 1282 1990 ,
1322 1923 1485 1979 toties
1513 1922 1583 1977 de
1602 1935 1729 1977 vase
1757 1929 2037 1976 contume-

455 2027 540 2082 liae
587 2038 682 2079 vas
726 2018 957 2076 honoris
1002 2015 1255 2073 efficitur.
1328 2016 1396 2069 Ut
1433 2020 1560 2069 vero
1598 2011 1665 2067 de
1711 2010 1866 2066 bonis
1915 2011 2038 2066 mali

456 2116 783 2179 efficiantur,
816 2112 916 2166 hoc
941 2108 1150 2164 facilius
1176 2107 1231 2162 in
1259 2120 1318 2161 se
1346 2103 1553 2175 recepit
1581 2104 1811 2158 humana
1841 2101 2066 2173 fragilis.

456 2219 563 2277 tas,
596 2218 654 2263 ut
675 2206 743 2261 de
771 2217 896 2260 vase
921 2201 1173 2277 honoris,
1205 2200 1257 2255 in
1284 2212 1380 2254 Vas
1407 2197 1747 2253 contumelia:
1780 2204 2036 2251 transeat.

456 2274 605 2358 Sicut
633 2297 859 2370 legimus
887 2296 941 2351 in
973 2274 1232 2352 Abaéuc:
1285 2291 1354 2346 Et
1392 2306 1521 2347 escae
1568 2294 1680 2364 ejus
1727 2291 1917 2345 etectte.
1970 2289 2043 2344 De

457 2394 651 2466 quibus
700 2392 864 2448 etiam
902 2389 1099 2443 dicitur
1143 2404 1156 2439 :
1209 2386 1407 2439 Aurum
1456 2391 1509 2437 ut
1552 2387 1726 2454 pateas
1766 2380 2041 2453 reputabit.

414 2472 419 2477 ’
459 2487 719 2543 leremias
759 2496 971 2554 quoque
1008 2494 1023 2535 :
1068 2478 1338 2545 Quomodo
1379 2477 1700 2531 obscuratum
1727 2484 1800 2530 est
1838 2490 2044 2541 aurum,

462 2586 685 2633 mutatus
704 2585 778 2630 est
794 2577 935 2629 color
956 2574 1179 2642 Optimus
1202 2566 1420 2641 (Thren.
1445 2569 1516 2640 Iv)
1530 2569 1553 2620 ’ἶ
1568 2568 1716 2623 Sicut
1738 2574 1793 2621 et
1818 2568 2046 2636 Aposto.

463 2670 547 2725 ius
585 2667 716 2723 dicit
754 2683 765 2719 :
813 2664 856 2719 Τ
858 2663 1014 2720 ollam
1067 2676 1186 2734 ergo
1228 2659 1455 2714 membra
1499 2658 1709 2726 Christi,
1767 2666 1813 2711 ct
1860 2658 2049 2727 faciam

465 2759 690 2815 membra
705 2756 979 2811 meretricis
997 2752 1051 2826 (1
1062 2751 1183 2809 Cor.
1207 2751 1511 2823 v1)?ltaque
1534 2749 1812 2813 manifesta
1835 2757 2052 2803 senten-

466 2853 536 2907 tia
566 2862 668 2917 est,
700 2850 767 2905 de
795 2846 995 2903 Christi
1020 2858 1248 2915 corpore
1271 2857 1427 2913 posse
1462 2841 1733 2896 hominem
1759 2841 1811 2895 in
1838 2847 2049 2910 partem

469 2942 665 2998 diaboli
718 2952 815 3010 per
854 2938 1062 3007 cuipam
1096 2936 1365 3006 propriam
1408 2930 1751 2988 commutari.
1802 2930 1955 2987 Sicut
1999 2938 2056 2985 et

433 3059 436 3062 θ
471 3037 575 3092 alio
624 3036 744 3089 loco
783 3028 1178 3087 absolutissima
1218 3028 1375 3083 docet
1414 3027 1484 3082 de
1524 3025 1731 3095 optimo
1762 3025 2054 3094 pessimum

2141 1835 2467 1906 evangelicis
2489 1843 2543 1890 et
2573 1834 2903 1906 apostolicis,
2931 1832 3059 1904 quid
3088 1831 3232 1888 aliud
3260 1830 3364 1887 nisi
3394 1830 3620 1886 libertas
3650 1843 3737 1884 vo-

2142 1927 2361 1984 luntatis
2382 1925 2707 1992 ostenditur,
2740 1924 2827 1981 ubi
2850 1924 3044 1980 dicitur
3090 1940 3104 1977 :
3155 1922 3332 1979 Nolite
3378 1922 3729 1977 thesaurisere

2145 2019 2409 2075 thesauros
2452 2019 2504 2072 in
2548 2028 2717 2083 terra;
2745 2026 2801 2072 et
2823 2056 2840 2085 ,
2865 2015 3043 2071 Nolite
3071 2031 3154 2071 eos
3180 2016 3355 2075 timere
3382 2014 3471 2085 qui
3499 2013 3739 2068 occidunt

2142 2127 2347 2181 corpus.
2400 2108 2573 2164 Sobrii
2599 2117 2783 2174 estote,
2806 2108 2943 2178 justi
2965 2148 2981 2175 ,
3013 2116 3059 2162 et
3087 2108 3244 2161 nolite
3282 2120 3513 2178 peccare.
3560 2104 3628 2159 Et
3673 2101 3738 2158 ad

2144 2201 2486 2257 Timotheum
2522 2219 2532 2252 :
2580 2198 2707 2254 Noli
2734 2198 2993 2273 negligere
3017 2199 3238 2272 gratiam
3265 2214 3378 2269 qua:
3420 2199 3472 2251 in
3529 2205 3579 2252 te
3626 2205 3736 2265 est,

2148 2310 2238 2348 nec
2264 2293 2450 2347 bonum
2482 2302 2626 2346 tuum
2652 2292 2784 2346 velut
2827 2307 2893 2346 ea:
2920 2293 3210 2347 necessitate
3238 2292 3323 2359 sit,
3351 2290 3441 2344 sed
3465 2306 3533 2345 ea:
3562 2289 3738 2345 voluti-

2149 2391 2269 2439 tate.
2319 2383 2387 2438 Et
2434 2384 2542 2437 alio
2582 2383 2700 2436 loco
2735 2399 2750 2438 :
2783 2380 2963 2435 Nolite
2991 2382 3044 2434 in
3073 2396 3408 2451 personarum
3451 2381 3739 2448 acceptione

2149 2475 2333 2529 habere
2358 2473 2513 2544 ﬁdem
2537 2470 2748 2527 Domini
2788 2472 2947 2526 nostri
2976 2470 3101 2526 Jesu
3124 2470 3335 2525 Christi.
3372 2466 3547 2525 Nolite
3572 2471 3739 2523 detra-

2152 2565 2268 2620 here
2298 2568 2351 2620 t'n
2370 2567 2710 2635 alterutrum;
2739 2574 2815 2632 et,
2844 2562 3018 2619 Nolite
3040 2580 3228 2619 errare.
3256 2561 3393 2618 Deus
3421 2580 3523 2617 non
3552 2563 3737 2617 inid:-

2154 2668 2256 2713 tur.
2295 2659 2422 2725 Qua:
2460 2660 2595 2713 enim
2643 2658 2962 2712 seminaverit
2999 2658 3174 2727 homo,
3217 2658 3326 2713 lucc
3363 2668 3410 2712 et
3452 2668 3621 2712 metet.
3656 2659 3736 2723 Et,

2158 2753 2333 2807 Nolite
2360 2755 2572 2827 diligere
2598 2754 2869 2817 mundum,
2891 2767 3051 2821 neque
3073 2767 3131 2806 ea
3154 2766 3270 2822 quae
3298 2751 3353 2805 in
3376 2751 3566 2805 mundo
3595 2760 3733 2806 sunt.

2156 2844 2412 2899 Videmus
2440 2860 2569 2914 ergo
2598 2853 2652 2899 et
2674 2844 2725 2898 in
2754 2843 2951 2898 bonam
2971 2884 2986 2911 ,
3017 2854 3070 2897 ct
3095 2843 3146 2897 in
3172 2845 3499 2897 contrariam
3529 2853 3739 2911 partem

2158 2954 2317 3009 posse
2362 2939 2608 2999 humanae
2645 2938 2841 2993 mentis
2878 2937 3110 2992 transire
3134 2951 3483 2991 consensum.
3516 2935 3583 2991 Et
3625 2935 3743 2990 ideo

2159 3034 2264 3087 alio
2293 3033 2411 3087 loco
2440 3029 2572 3085 dicit
2601 3047 2614 3082 :
2644 3028 2867 3096 Bonum,
2901 3028 3093 3101 inquit,
3119 3028 3381 3100 facientes,
3412 3043 3511 3082 non
3536 3026 3744 3093 deliriu-

473 3130 611 3195 tieri,
659 3136 715 3181 et
752 3124 1012 3193 templum
1057 3121 1153 3176 Dei
1192 3133 1352 3190 posse
1400 3118 1611 3186 violari,
1660 3117 1732 3171 ita
1780 3114 2049 3171 dicendo:

2162 3142 2315 3189 mus;
2384 3135 2608 3194 tempore
2658 3123 2792 3178 enim
2845 3139 2938 3177 suo
2996 3133 3238 3177 metemus
3289 3136 3393 3175 non
3433 3121 3741 3190 deﬁcientes.

476 3224 583 3279 Vos
603 3222 720 3276 estis
751 3218 996 3286 templum
1024 3215 1117 3269 Dei
1136 3255 1152 3281 ,
1187 3212 1416 3283 Spiritus
1460 3211 1555 3265 Dei
1585 3210 1778 3265 habitat
1816 3210 1869 3262 in
1896 3208 2054 3263 vobis.

474 3316 533 3371 Si
559 3313 672 3385 quis
693 3321 864 3365 autem
890 3312 1132 3377 templum
1158 3305 1269 3372 Dei,
1300 3304 1584 3371 violaverit,
1617 3303 1874 3373 disperdet
1904 3303 2054 3356 illum

477 3404 611 3459 Deus
658 3399 743 3471 (tl
771 3400 888 3455 (.‘or.
935 3398 1072 3468 vtn).
1123 3396 1263 3450 Ecce
1279 3396 1390 3465 jam
1419 3394 1674 3463 templum
1698 3392 1790 3447 Dei
1822 3406 1942 3448 esse
1974 3392 2059 3445 di-

475 3495 716 3551 noscitur
742 3534 755 3559 ,
777 3491 887 3560 jam
919 3504 946 3541 a
988 3495 1174 3542 sancto
1200 3484 1405 3555 Spiritu
1434 3481 1755 3553 possidetur,
1789 3490 1845 3537 et
1873 3489 2051 3537 tamen

475 3600 568 3658 per
596 3584 854 3640 incuriam
886 3578 1077 3636 violari
1108 3588 1267 3648 atque
1311 3576 1582 3646 corrumpi
1608 3621 1621 3646 ,
1664 3576 1813 3632 etab
1842 3574 2060 3645 indigno

475 3680 688 3747 hospite
709 3673 956 3753 occupari
982 3686 1141 3743 posse
1169 3678 1519 3727 memoratur.
1551 3668 1698 3725 Sicut
1726 3680 1781 3725 et
1801 3667 2060 3740 propheta

475 3774 714 3840 increpat
741 3769 970 3823 animam
996 3806 1010 3830 ,
1042 3764 1134 3820 Dei
1162 3763 1331 3835 gratia
1367 3773 1559 3833 sponte
1585 3771 1863 3817 vacuatam
1898 3781 1909 3815 :
1950 3761 2061 3833 Ego

474 3861 699 3938 plantavi
729 3870 775 3916 te
795 3860 991 3915 vineam
1017 3856 1249 3921 electam,
1268 3871 1416 3909 omne
1434 3871 1602 3909 semen
1624 3870 1828 3931 verum;
1851 3870 2063 3926 quomo-

475 3956 542 4009 do
572 3968 812 4009 conversa
848 3968 900 4007 cs
937 3951 989 4004 in
1034 3946 1429 4002 amaritudinem
1460 3947 1574 4001 vitis
1622 3947 1802 4001 aliena:
1845 3946 2057 4019 (Jerem.

475 4047 577 4115 tt)?
602 4046 740 4101 Ecce
768 4044 979 4098 vineam
1008 4041 1116 4096 Deo
1146 4055 1175 4093 a
1206 4039 1369 4094 nobili
1399 4039 1579 4094 radice
1601 4039 1915 4108 plantatam,
1944 4046 2058 4093 stu-

475 4143 565 4197 dio
590 4137 810 4193 cultoris
833 4138 1082 4198 electam,
1101 4134 1320 4202 preprio
1343 4133 1580 4187 Ostendit
1606 4131 1831 4186 crimine
1860 4130 2059 4202 depra-

473 4240 669 4287 vatam.
704 4229 769 4282 Et
796 4226 917 4281 ideo
943 4225 1010 4279 de
1040 4239 1101 4278 ea
1127 4224 1182 4277 in
1214 4223 1363 4277 Isaia:
1400 4224 1611 4277 cantico
1640 4221 1877 4292 loquitur
1908 4222 2064 4297 :_E.’B-

476 4320 693 4390 spectavi
713 4326 767 4372 ut
788 4318 971 4385 faceret
992 4315 1212 4380 vineam,
1235 4314 1349 4382 fecit
1364 4322 1531 4366 autent
1553 4312 1748 4383 spinas.
1777 4314 2063 4383 ExspeCIa-

477 4410 551 4464 tio
582 4406 904 4476 increpantis
943 4402 1191 4474 agricolae
1232 4401 1473 4457 ostendit
1510 4402 1649 4456 hanc
1676 4404 1885 4457 vineam
1932 4403 2061 4458 dare

2167 3216 2449 3286 Operemur
2493 3230 2611 3287 ergo
2653 3213 2836 3267 bonum
2864 3212 2931 3264 ad
2970 3228 3173 3279 omnes,
3220 3212 3442 3266 maxime
3468 3219 3637 3263 autem
3680 3209 3744 3264 ad

2162 3309 2463 3362 domesticos
2506 3306 2649 3378 ﬁdei.
2698 3304 2871 3360 Nolite
2897 3345 2911 3371 ,
2958 3303 3164 3374 inquit,
3207 3302 3421 3375 diligere
3457 3302 3743 3359 mundum:

2164 3399 2266 3454 nisi
2290 3400 2337 3453 ei
2367 3400 2563 3453 bonum
2607 3398 2672 3451 ad
2704 3397 2926 3453 meliora
2955 3395 3273 3451 contulisset
3296 3395 3580 3461 affectum,
3612 3395 3735 3450 mali

2164 3495 2212 3548 ei
2264 3507 2367 3545 non
2416 3490 2763 3549 interdiceret
2790 3488 3085 3567 appetitum
3119 3529 3135 3556 ,
3163 3495 3220 3542 et
3245 3486 3366 3542 ideo
3389 3486 3442 3541 in
3473 3486 3744 3540 sinistram

2163 3584 2387 3639 crimine
2429 3598 2527 3637 suo
2570 3581 2802 3636 trahitur
2828 3624 2842 3647 ,
2869 3580 2959 3652 qui
2990 3595 3019 3634 a
3051 3579 3276 3635 Domino
3308 3594 3405 3633 suo
3434 3588 3653 3633 vocatur
3678 3576 3742 3630 ad

2165 3675 2426 3731 dextram.
2480 3673 2545 3731 Et
2597 3681 2878 3742 propterea
2923 3671 3115 3726 iterum
3165 3670 3339 3725 dicit:
3386 3668 3511 3723 Noti
3560 3668 3745 3722 vincia

2164 3769 2323 3836 malo,
2377 3766 2466 3822 sed
2493 3766 2631 3821 vince
2671 3767 2721 3819 in
2752 3765 2881 3819 bono
2921 3765 3136 3819 malum.
3171 3762 3371 3833 Aperte
3403 3762 3528 3817 mali
3551 3775 3741 3816 neces-

2163 3864 2323 3917 sitate
2362 3876 2468 3914 non
2520 3859 2780 3929 premitur
2827 3857 2912 3912 cui
2956 3856 3174 3912 victoria
3217 3856 3282 3910 de
3317 3855 3443 3910 boni
3474 3853 3739 3909 electione

2164 3956 2513 4028 promittitur.
2549 3952 2663 4007 Non
2713 3951 2855 4006 enim
2883 3950 2936 4004 in
2980 3949 3137 4005 devia
3174 3949 3257 4003 lex
3300 3946 3525 4016 originis
3555 3944 3743 4011 trahit,

2163 4063 2323 4119 quem
2365 4055 2553 4102 auctor
2582 4044 2633 4099 in
2668 4043 2808 4098 bivio
2836 4041 3153 4119 collocavit,
3186 4056 3249 4096 ac
3274 4039 3353 4095 sic
3378 4041 3462 4094 cui
3498 4039 3747 4093 voluntas

2164 4118 2330 4195 indita
2362 4146 2466 4207 est,
2500 4146 2554 4191 ut
2580 4136 2796 4189 vincere
2822 4133 3019 4187 malum
3050 4118 3240 4200 possit,
3265 4130 3309 4184 si
3335 4131 3471 4184 forte
3490 4130 3745 4184 adversa-

2166 4232 2275 4285 rios
2302 4238 2475 4294 vocet,
2504 4228 2547 4282 si
2577 4227 2786 4281 animus
2808 4224 2855 4279 ei
2888 4223 3155 4295 pugnandi
3181 4221 3610 4292 defuit,evcntus
3639 4236 3745 4275 non

2166 4322 2334 4378 defuit
2378 4319 2675 4376 obtinendi.
2707 4318 2956 4389 Legimus
2998 4320 3064 4372 ad
3107 4317 3403 4390 Hebrmos:
3443 4314 3748 4370 Voluntaria

2166 4414 2297 4467 enim
2330 4410 2649 4482 peccantibus
2681 4409 2823 4463 nobis
2870 4419 2980 4479 post
3008 4417 3267 4478 acceptam
3303 4408 3541 4461 notitiam
3561 4406 3748 4460 verita-

477 4502 677 4556 fructus
723 4497 962 4568 potuisse
1001 4493 1246 4564 iustitiae.
1294 4492 1362 4548 Et
1417 4506 1539 4555 ειη
1590 4501 1819 4549 stantem
1861 4495 2049 4551 cadere

2159 4508 2245 4572 tis,
2277 4506 2382 4569 iam
2432 4519 2534 4557 non
2581 4502 2886 4571 relinquitur
2927 4519 3021 4572 pro
3051 4501 3269 4575 peccatis
3314 4501 3499 4555 hostia.
3544 4499 3749 4555 Secun-

477 4598 701 4646 testetur
724 4596 916 4658 passa;
949 4602 1071 4642 cum
1099 4584 1231 4640 dicit
1262 4603 1273 4638 :
1308 4583 1375 4639 Et
1408 4586 1494 4656 qui
1529 4600 1583 4639 se
1614 4586 1867 4639 existimat
1898 4596 2052 4655 stare,

476 4683 642 4739 videat
677 4696 741 4735 ne
764 4680 936 4734 cadat.
961 4676 1023 4734 Et
1040 4692 1071 4734 e
1091 4678 1384 4746 contrario,
1402 4678 1466 4733 ad
1491 4678 1757 4749 jacenlem
1787 4680 2052 4749 loquitur:

477 4773 730 4845 Nunquid
754 4772 840 4839 qui
869 4772 1005 4825 cadit
1034 4788 1136 4826 non
1161 4772 1423 4844 resurgit?
1447 4770 1636 4827 Potens
1665 4781 1737 4826 est
1760 4774 1893 4827 enim
1923 4772 2058 4829 Deus

478 4876 694 4924 statuere
721 4864 869 4920 illum
912 4862 969 4936 (Ι
992 4862 1110 4918 Cor.
1140 4862 1216 4933 χ).
1242 4862 1444 4934 Aperte
1473 4864 1710 4919 ostendit
1738 4874 1935 4921 statum
1962 4850 2059 4923 ho-

476 4963 633 5018 minis
663 4960 715 5014 in
742 4957 952 5013 diversa
984 4970 1090 5011 non
1133 4970 1230 5025 pro
1259 4958 1643 5013 constitutione
1673 4958 1767 5013 Dei
1795 5000 1809 5023 .
1838 4960 1930 5016 sed
1961 4977 2055 5031 pro

474 5052 679 5107 arbitrii
708 5051 955 5109 libertate
981 5062 1142 5120 posse
1172 5050 1396 5105 versari.
1421 5049 1526 5105 Sed
1552 5060 1603 5104 et
1644 5046 1807 5107 Isaias
1832 5052 2055 5107 eviden-

476 5160 556 5198 lor
587 5143 819 5197 afﬁrmat
845 5142 1135 5213 depravata
1162 5140 1396 5211 corrigi,
1431 5151 1484 5196 et
1509 5141 1637 5197 dilui
1670 5157 1830 5214 posse
1862 5146 2051 5199 imma-

474 5237 681 5299 culata,
719 5247 841 5288 eum
887 5233 954 5287 ad
995 5240 1306 5302 peccatores
1349 5233 1580 5300 loquitur
1608 5234 1832 5289 dicens:
1888 5235 2054 5289 Lava-

476 5328 602 5380 mini
631 5366 648 5394 ,
681 5325 861 5380 mundi
894 5334 1051 5380 estote
1074 5367 1089 5392 ,
1115 5327 1310 5395 auferte
1346 5322 1538 5377 malum
1578 5326 1941 5395 cogitationum
1972 5342 2052 5380 ve-

476 5430 697 5475 strarum
726 5417 787 5472 ab
818 5417 980 5473 oculis
1007 5416 1151 5470 meis.

1073 5549 1297 5607 CAPUT
1338 5549 1470 5607 XIII.

485 5684 636 5750 Item.
667 5689 791 5744 velle
814 5698 857 5745 et
890 5690 1043 5750 nolle.
1074 5688 1204 5743 sicut
1234 5686 1300 5741 ad
1331 5685 1518 5741 malum
1542 5726 1555 5751 ,
1586 5688 1654 5741 ita
1683 5690 1831 5744 etiam
1864 5692 1929 5745 ad
1961 5692 2053 5746 bo-

2160 4598 2285 4653 dum
2325 4596 2460 4664 haec,
2495 4596 2536 4650 si
2588 4595 2889 4649 libertatem
2928 4594 3133 4649 arbitrii
3164 4608 3270 4649 non
3301 4592 3578 4658 trahemus,
3608 4605 3745 4661 quo-

2160 4688 2321 4744 modo
2358 4702 2481 4743 cum
2522 4688 2795 4741 voluntate
2840 4686 3157 4755 peccamus?
3179 4684 3291 4751 Qua
3320 4697 3481 4740 causa
3501 4724 3517 4751 ,
3545 4683 3591 4737 si
3618 4696 3747 4737 reus

2162 4782 2233 4837 sit
2279 4782 2517 4849 requiras
2540 4822 2555 4848 ,
2584 4778 2705 4849 quia
2742 4785 2863 4847 post
2900 4787 3173 4846 acceptam
3223 4768 3465 4830 notitiam
3507 4774 3749 4829 veritatis

2162 4875 2227 4927 ad
2260 4872 2506 4942 spiritum
2534 4871 3053 4927 declinaviterroris.
3086 4868 3208 4924 Post
3231 4876 3511 4938 acceptam,
3544 4868 3736 4935 inquit,

2162 4965 2440 5025 notitiam;
2480 4963 2717 5033 intellige
2774 4976 2897 5016 eum
2941 4961 3214 5029 accepisse
3258 4958 3509 5029 gratiam,
3556 4966 3611 5010 et
3655 4972 3752 5023 per

2160 5057 2533 5128 negligentiam
2569 5053 2898 5124 perdidisse;
2930 5061 2985 5107 et
3014 5052 3206 5106 iterum
3240 5069 3252 5103 :
3315 5049 3531 5103 Irritam
3554 5049 3747 5118 faciens

2161 5148 2319 5215 legem
2353 5146 2518 5216 Jloysi
2566 5145 2673 5199 sine
2703 5145 2808 5198 ulla
2839 5143 3195 5208 miseratione,
3240 5141 3436 5196 duobus
3478 5140 3556 5193 vel
3585 5141 3747 5193 tribus

2165 5240 2371 5294 testibus
2398 5239 2631 5302 moritur,
2656 5247 2845 5302 quanto
2876 5235 3036 5308 magis
3076 5234 3264 5306 putatis
3294 5233 3549 5287 deteriora
3570 5235 3750 5285 mcrcri

2164 5329 2417 5401 supplicia
2467 5330 2554 5399 qui
2582 5325 2782 5382 Filium
2814 5328 2907 5381 Dei
2943 5327 3342 5392 conculcarerit,
3371 5334 3417 5379 et
3452 5325 3752 5397 sanguinem

2168 5426 2451 5475 testamenti
2484 5422 2734 5490 pollutum
2782 5420 2983 5473 duxerit
3010 5462 3023 5486 ,
3046 5420 3097 5473 in
3129 5436 3228 5489 quo
3259 5410 3609 5489 sanctiﬁcatus
3656 5427 3752 5478 cst,

2165 5523 2209 5566 et
2238 5514 2440 5581 spiritui
2485 5513 2661 5581 gratim
2706 5511 3059 5567 contumeliam
3104 5511 3326 5581 fecerit?
3352 5508 3457 5564 Cur
3493 5508 3592 5562 sub
3622 5505 3754 5560 duo~

2166 5603 2263 5657 bus
2294 5610 2383 5655 aut
2431 5602 2596 5655 tribus
2646 5602 2873 5657 teStibus
2916 5589 3317 5669 accusaturfet
3355 5599 3505 5671 quasi
3551 5597 3755 5667 prOprii

2166 5693 2403 5751 criminis
2436 5708 2559 5750 reus
2591 5695 2815 5748 moritur
2876 5693 2919 5747 si
2951 5693 3060 5757 iam
3094 5693 3387 5749 inevitabili
3426 5690 3492 5747 ad
3522 5688 3752 5763 peccan-
