4068 6348
299 306 419 364 805

1409 297 1511 355 DE
1546 294 1801 355 GBATIA
1840 292 1990 363 DEI,
2035 295 2212 365 £70.,
2254 298 2383 356 LIB.
2426 300 2468 356 Ι.

3484 310 3592 370 806

297 420 440 475 dum
464 424 666 473 naturae
691 415 807 486 lege
833 413 1187 483 deprimitur?
1217 410 1322 470 Sed
1348 411 1467 467 ideo
1497 412 1701 483 absque
1731 411 1895 468 dubio
1925 412 2290 477 A-manil'este
2329 415 2417 470 hic
2461 416 2562 471 sub
2603 416 2984 487 interrogantis
3010 419 3098 475 vel
3128 420 3430 492 olvjicientis
3464 443 3586 497 per.

302 522 554 567 meretur
600 523 812 579 ptenam
839 552 856 578 ,
901 508 1023 577 quia
1061 507 1251 575 potuit,
1303 514 1358 560 et
1401 506 1569 560 noluit
1619 504 1893 561 custodire

300 606 595 676 justitiam.
640 603 755 669 Qua
787 617 912 656 vero
944 615 1100 655 causa
1144 601 1194 654 in
1221 601 1383 666 ;tanto
1422 597 1565 655 bono
1594 608 1789 654 exutus
1825 598 1897 654 sit

302 698 359 752 si
384 695 653 765 requiras,
689 693 810 762 quia
827 732 842 756 ,
873 691 1073 761 inquit,
1098 690 1300 758 spiritui
1328 690 1507 760 gratia:
1527 688 1892 744 contumeliam

303 788 455 857 fecit.
489 788 733 855 Agnosco
761 786 861 838 hoc
890 783 1010 837 loco
1047 780 1170 850 quia
1210 781 1376 850 gratia
1421 798 1529 836 non
1559 792 1664 836 tam
1699 792 1896 851 negata

306 878 522 934 homini
555 876 723 932 defuit
747 916 762 940 ,
790 875 882 929 sed
913 872 1181 928 hominem
1211 873 1357 941 prius
1385 873 1453 928 ab
1471 873 1661 928 eodem
1690 874 1897 928 dereli-

306 979 400 1024 cta
436 981 491 1023 et
520 975 825 1035 contempta
848 1005 867 1031 ,
912 965 1148 1019 deseruit
1178 963 1477 1033 benignitas
1519 963 1717 1020 dantis.
1757 966 1890 1019 Cum

305 1062 548 1134 quodam
577 1060 762 1116 dolore
790 1058 1031 1126 increpat
1049 1058 1426 1113 contumeliam
1459 1062 1763 1128 respuentis
1787 1099 1800 1123 ,
1833 1074 1897 1114 ac

304 1157 395 1213 sic
419 1152 541 1210 cum
571 1154 636 1208 ad
665 1153 819 1208 devia
865 1151 1197 1206 voluntarius
1236 1151 1526 1207 declinavit
1549 1195 1563 1219 ,
1595 1168 1700 1207 non
1734 1154 1895 1223 periit

308 1248 606 1303 derelictus
630 1285 645 1311 ,
676 1246 765 1315 qui
800 1261 861 1301 se
900 1243 1164 1314 ingerenti
1196 1243 1580 1301 misericordim
1632 1248 1900 1304 subtraxit

306 1340 577 1408 ingratus.
621 1338 827 1395 Similis
874 1338 1095 1395 allectus
1135 1339 1243 1396 illis
1281 1342 1349 1397 de
1376 1341 1569 1411 quibus
1613 1342 1895 1396 Psalmista

309 1430 622 1501 pronuntiat
661 1446 674 1483 :
707 1427 774 1481 Et
802 1430 1060 1484 benedixit
1086 1447 1200 1499 eos,
1225 1443 1273 1485 et
1313 1432 1643 1502 multiplicati
1661 1444 1781 1488 sunt
1810 1434 1891 1486 ni-

310 1522 411 1577 mis
441 1520 561 1588 (Ps.
586 1520 714 1591 avt).
748 1520 814 1574 Et
839 1520 893 1574 in
934 1523 1202 1591 sequenti,
1228 1538 1417 1579 causas
1437 1528 1649 1579 amissa:
1675 1526 1900 1580 benedi-

312 1612 514 1667 ctionis
541 1612 802 1667 obtendit.
837 1611 901 1666 Et
919 1614 1250 1680 seduxerunt,
1270 1615 1460 1685 inquit,
1481 1633 1566 1671 eos
1592 1634 1719 1672 rana
1748 1623 1897 1685 ipso-

313 1721 455 1774 rum,
471 1713 518 1759 a
538 1707 946 1759 seduxerunteas
965 1708 1017 1760 in
1032 1707 1167 1761 invio
1188 1718 1235 1760 et
1251 1722 1351 1763 non
1372 1709 1425 1762 in
1446 1710 1549 1763 uia.
1574 1710 1669 1765 llic
1692 1725 1899 1779 praeva-

1990 517 2135 562 ‘sona
2151 504 2481 560 contrarium
2506 520 2723 562 sensum
2744 507 3039 577 Apostolus
3066 510 3395 580 intromittit,
3420 532 3581 587 quem

2002 614 2067 654 es
2099 598 2328 654 adverso
2371 599 2704 668 propositum
2750 602 2999 673 sequenti
3031 602 3397 675 increpatione
3422 612 3587 666 casti-

2000 698 2110 761 gat,
2141 690 2327 747 dicens
2359 708 2375 746 :
2409 691 2454 746 0
2482 691 2656 759 homo,
2687 702 2744 748 tu
2770 695 2882 765 quis
2911 711 2965 750 es
2994 697 3084 766 qui
3113 698 3421 765 respondeas
3442 700 3592 758 Deo!

2001 787 2082 839 An
2125 802 2227 839 non
2270 785 2420 840 habet
2460 794 2760 856 potestatem
2798 788 2987 858 ﬁgulus
3014 789 3113 843 luti
3135 807 3201 845 ea:
3221 792 3397 845 eadem
3422 809 3591 850 massa

2003 879 2169 949 facere
2197 877 2343 933 aliud
2368 894 2457 932 vas
2499 879 2553 932 in
2592 879 2877 948 honorem,
2926 882 3072 936 aliud
3099 898 3215 938 vero
3247 886 3300 939 in
3332 897 3592 945 contume-

2002 970 2127 1023 liam
2146 970 2171 1022 .9
2200 968 2297 1024 llic
2322 969 2554 1025 inﬁdelis
2580 970 2966 1040 curiositatem,
3000 976 3331 1044 argumentis
3359 983 3591 1036 auctori-

2002 1066 2111 1114 tate
2128 1060 2454 1128 compescit;
2478 1068 2668 1115 etcum
2690 1060 2820 1117 dicit
2838 1080 2850 1114 :
2866 1062 2945 1115 An
2965 1078 3064 1118 non
3087 1065 3233 1120 habet
3254 1076 3591 1137 potestatem?

2004 1152 2090 1207 hic
2114 1152 2461 1208 calumnianti
2506 1153 2677 1209 solam
2722 1154 2818 1210 Dei
2846 1156 3031 1225 objicit
3064 1166 3383 1227 potestatem
3409 1206 3424 1231 ,
3458 1179 3590 1219 con-

2004 1244 2224 1299 vincens
2253 1258 2377 1300 eum
2404 1245 2646 1312 ratione,
2676 1246 2770 1317 qui
2800 1246 3080 1305 universos
3126 1250 3391 1309 humanos
3435 1268 3588 1311 actus

2003 1336 2197 1391 divina:
2226 1337 2552 1392 ordinationi
2592 1337 2811 1394 indocte
2836 1348 2892 1394 et
2920 1338 3210 1397 inﬁdeliter
3255 1345 3582 1401 ascribebat.

2005 1430 2083 1482 An
2115 1445 2216 1483 non
2244 1429 2395 1485 habet
2422 1438 2723 1501 potestatem
2763 1431 2953 1501 ﬁgulus
2982 1429 3081 1487 luti
3115 1450 3178 1488 ea:
3210 1437 3387 1491 eadem
3418 1453 3588 1493 massa

2005 1524 2174 1589 facere
2198 1522 2344 1575 aliud
2364 1522 2520 1576 vasin
2538 1522 2960 1588 honorem,aliud
2984 1540 3102 1579 vero
3114 1527 3168 1579 in
3196 1530 3589 1584 contumeliam!

2006 1610 2150 1667 Inter
2180 1612 2296 1666 hmc
2323 1612 2451 1666 dum
2491 1612 2655 1678 dicit,
2695 1629 2759 1666 ea:
2802 1614 2979 1669 eadem
3032 1620 3230 1683 manu,
3282 1618 3587 1689 quicunque

2006 1705 2143 1761 duas
2166 1706 2386 1762 humani
2416 1707 2633 1777 generis
2651 1722 2858 1763 massas
2882 1723 3005 1765 esse
3028 1710 3397 1777 arbitrabaris,
3426 1714 3585 1771 unam

313 1798 1458 1871 ricatormandatiideoapparuitreus,qnia
1472 1803 1535 1856 ad
1559 1805 1756 1859 malum
1782 1821 1895 1860 ma-
1925 1787 1976 1853 ³
2006 1811 2158 1853 sacra
2203 1813 2269 1852 ex
2302 1798 2532 1854 lectione
2569 1813 2855 1869 cognosce.
2887 1802 3029 1858 Duas
3053 1813 3232 1860 autem
3252 1804 3385 1860 (facit
3416 1810 3586 1877 pravi-

314 1890 400 1959 gis
421 1890 674 1946 seductus
694 1899 777 1945 est
802 1906 961 1957 quam
977 1900 1212 1947 coactus.
1239 1893 1499 1949 Similiter
1523 1905 1579 1948 et
1598 1895 1663 1950 ad
1681 1896 1897 1953 Galatas

318 1982 766 2051 transgressionis
815 1996 1007 2036 noram
1040 1982 1105 2037 ad
1139 1983 1373 2038 hominis
1418 1995 1697 2056 retorquet
1724 1988 1896 2042 olleno

315 2088 455 2137 sam,
490 2077 560 2127 ita
586 2073 772 2129 dicens
804 2058 953 2129 {Sed
983 2084 1102 2129 tunc
1141 2078 1347 2146 quidem
1380 2079 1672 2147 ignorantes
1699 2080 1895 2148 Deum,

315 2166 398 2221 his
418 2166 508 2236 qui
525 2175 709 2221 natura
732 2182 831 2219 non
843 2176 960 2220 sunt
981 2167 1055 2221 dii
1079 2168 1367 2223 sentiebatis
1394 2169 1534 2240 (Gal.
1566 2171 1664 2243 tv).
1695 2175 1896 2227 Secun-

314 2260 444 2316 dum
496 2260 633 2314 hanc
678 2269 921 2314 naturam
964 2260 1103 2315 Deus
1157 2272 1241 2315 est
1266 2261 1545 2330 Christus,
1572 2266 1657 2319 cui
1695 2268 1900 2323 servire

310 2352 676 2422 praecipimur.
711 2352 965 2421 Sequitur
999 2372 1010 2405 :
1045 2352 1200 2406 Nunc
1228 2362 1399 2408 autem
1429 2371 1543 2408 cum
1568 2359 1898 2428 cognoverim

316 2443 509 2512 Deum,
549 2446 651 2498 into
692 2446 880 2515 segniti
905 2446 1012 2500 sitis
1042 2462 1076 2498 a
1099 2443 1227 2512 Deo,
1257 2449 1510 2515 quomodo
1548 2452 1900 2507 convertimini

315 2535 385 2591 ad
429 2536 636 2605 inﬁrma
679 2546 725 2590 tt
761 2553 921 2607 egena
961 2540 1207 2593 elementa
1231 2581 1246 2603 ,
1274 2541 1457 2609 quibus
1500 2543 1670 2597 denuo
1712 2548 1900 2599 seruire

317 2626 508 2681 vultis?
550 2627 665 2681 Non
707 2629 862 2692 dixit,
894 2629 1017 2683 boni
1062 2644 1184 2686 esse
1215 2646 1319 2686 non
1352 2635 1577 2701 potestis
1603 2676 1617 2701 ,
1647 2636 1742 2691 sed
1772 2638 1896 2690 mali

318 2732 442 2773 esse
483 2717 680 2775 vultis:
715 2719 816 2774 nisi
855 2719 909 2772 in
950 2721 1090 2775 bono
1119 2723 1417 2791 potuissent
1456 2736 1601 2780 stare
1643 2730 1895 2795 correcti,

318 2825 427 2864 non
458 2820 811 2881 arguerentur
838 2811 905 2865 ad
936 2810 1202 2868 deteriora
1239 2814 1494 2885 prolapsi.
1524 2816 1605 2871 Ad
1635 2833 1771 2887 quos
1800 2820 1899 2875 ite.

318 2918 442 2957 rum
478 2903 648 2958 dicit:
681 2901 862 2958 Ftlioli
910 2907 1027 2971 mei,
1066 2922 1191 2973 quos
1219 2908 1405 2962 iterum
1444 2912 1694 2977 parturio,
1739 2911 1898 2967 donec

316 2998 565 3070 formetur
585 2997 811 3051 Christus
849 2998 901 3053 in
941 2998 1096 3054 nobis.
1122 3000 1261 3057 Ecce
1289 3002 1422 3057 istos
1448 3004 1538 3073 qui
1568 3005 1636 3059 de
1674 3005 1779 3062 ﬁdc
1806 3022 1897 3076 ge-

318 3088 417 3143 niti
454 3088 580 3144 t’acti
636 3091 845 3149 inerant
882 3089 1109 3145 abortivi
1136 3134 1149 3159 ,
1193 3095 1388 3149 asserit
1434 3095 1609 3151 adhuc
1640 3112 1797 3166 posse
1826 3100 1891 3153 ad

319 3182 519 3238 Christi
552 3184 835 3253 imaginem
864 3184 1146 3240 reformari
1173 3227 1186 3250 ,
1214 3194 1269 3242 et
1295 3188 1423 3243 dum
1452 3189 1691 3257 perditos
1719 3190 1895 3246 adhuc

322 3273 466 3328 ﬁlios
492 3282 674 3340 vocat,
706 3276 1195 3344 praevaricationem
1225 3279 1343 3333 sine
1367 3280 1740 3348 desperatione
1766 3296 1898 3337 con-

319 3365 561 3432 demnat,
591 3365 792 3425 docens
814 3378 866 3423 et
892 3371 1130 3437 reparari
1160 3371 1389 3440 perdita,
1421 3380 1478 3427 et
1506 3372 1706 3428 auferri
1737 3388 1898 3445 posse

318 3457 533 3515 collata.
578 3458 707 3515 Nam
743 3474 863 3515 cum
896 3461 1004 3517 alio
1034 3462 1150 3517 loco
1183 3463 1467 3527 haereticus
1506 3467 1749 3535 Apostoli
1771 3482 1898 3522 seno

321 3548 539 3604 tentiam
586 3549 1105 3618 pradestinalionetn
1142 3554 1230 3608 Dei
1261 3555 1344 3609 vel
1377 3556 1785 3625 prmiinitionetn
1818 3560 1899 3614 in-

322 3647 644 3710 terpretetur
671 3656 822 3708 esse,
847 3658 968 3697 cum
987 3644 1179 3712 legitur
1213 3663 1223 3697 :
1252 3644 1528 3701 Aliserebor
1554 3649 1638 3702 cui
1665 3650 1896 3717 uoluero,

320 3740 369 3797 et
398 3731 803 3788 misericordiam
840 3735 1257 3806 prxstabocujus
1286 3738 1559 3792 miserebor
1589 3739 1761 3799 (Rom.
1796 3739 1897 3811 ta),

322 3823 734 3895 interrogandus
754 3836 855 3893 est,
875 3837 1049 3882 utrum
1070 3829 1212 3897 quod
1242 3830 1355 3884 vult
1376 3831 1535 3896 Dens,
1568 3832 1896 3899 ordinatum,

322 3928 390 3968 an
420 3915 776 3971 inordinatum
802 3960 816 3983 ,
863 3918 1107 3987 justum,
1137 3934 1205 3973 an
1252 3921 1503 3989 injustum
1535 3922 1638 3976 sit?
1662 3923 1791 3977 Cum
1822 3924 1898 3991 id,

323 4006 464 4076 quod
496 4022 716 4063 necesse
736 4019 838 4076 est,
861 4009 1063 4078 justum
1092 4013 1584 4082 esseresponder‘t,
1607 4012 1899 4069 dcendnm

324 4114 355 4150 υ
388 4108 406 4151 t
438 4115 450 4152 :
498 4098 632 4153 Puto
662 4098 749 4154 hic
775 4100 937 4155 verba
966 4114 1086 4154 esse
1111 4100 1361 4170 justitize,
1390 4102 1514 4172 quia
1545 4104 1793 4158 voluntas
1817 4105 1899 4158 di-

324 4191 446 4243 vina
471 4190 677 4259 justitia
707 4201 807 4245 est.
842 4190 994 4247 Etita
1021 4192 1136 4247 hac
1163 4192 1395 4247 elocutio
1424 4192 1771 4263 intelligenda
1793 4203 1895 4258 est,

324 4280 596 4335 miserebor
632 4282 715 4335 cui
744 4279 969 4347 voluero,
1002 4283 1055 4337 id
1092 4291 1196 4349 est,
1225 4298 1383 4353 quem
1411 4285 1613 4353 justum
1644 4299 1765 4340 esse
1810 4300 1901 4339 co-

322 4389 557 4443 gnovero
583 4376 734 4444 cujus
757 4382 1053 4445 promptam
1085 4376 1242 4432 ﬁdem
1276 4377 1479 4445 videro,
1508 4393 1669 4447 quem
1692 4394 1903 4449 praece-

323 4466 427 4536 ptis
449 4466 581 4521 meis
605 4466 826 4522 obedire
843 4482 1185 4538 perspexero,
1203 4484 1362 4539 quem
1387 4486 1559 4526 meam
1583 4473 1759 4529 facere
1777 4489 1900 4543 pro-

323 4556 520 4613 bavero
553 4559 897 4615 voluntatem.
942 4559 1005 4614 Et
1037 4561 1434 4617 misericordiam
1461 4606 1475 4629 ,
1506 4564 1670 4636 inquit
1702 4607 1718 4633 ,
1768 4584 1901 4637 pm:-

321 4649 467 4703 stabo
495 4652 641 4720 cujus
685 4651 1008 4707 miserebor:
1052 4654 1194 4722 quod
1242 4655 1311 4708 ita
1343 4656 1746 4726 intelligendum
1793 4674 1900 4729 est,

320 4741 420 4807 Qui
452 4741 703 4796 collatam
725 4758 752 4795 a
772 4742 883 4797 Deo
903 4744 1323 4799 misericordiam
1352 4747 1560 4802 subdita
1588 4759 1644 4804 ct
1670 4752 1900 4808 sollicita

318 4841 503 4886 mente
547 4834 871 4900 servaverit,
915 4833 1231 4902 ampliorem
1263 4836 1683 4894 misericordium
1712 4857 1903 4899 conse-

304 4936 539 4996 quetur,
572 4930 711 4984 sicut
737 4930 844 4985 alio
876 4930 994 4985 loco
1021 4930 1149 4985 dicit
1174 4947 1186 4983 :
1221 4930 1323 4997 Qui
1342 4933 1476 4984 enim
1503 4933 1669 5001 habet,
1698 4936 1904 4991 dabitur

318 5027 424 5093 illi,
451 5035 500 5079 et
524 5028 971 5096 superabundabit,
1004 5028 1055 5082 id
1087 5037 1188 5094 est,
1217 5029 1340 5098 quia
1370 5042 1646 5099 acceptum
1679 5034 1770 5088 Dei
1804 5034 1903 5088 do—

320 5133 453 5174 num
475 5135 596 5174 eum
631 5119 900 5188 vigilantia
927 5130 985 5175 et
1013 5121 1192 5176 cordis
1218 5122 1412 5177 timore
1444 5123 1700 5190 custodit,
1732 5126 1904 5195 magis

319 5226 388 5266 ac
416 5211 584 5280 magis
609 5210 792 5280 gratiae
820 5212 985 5279 ipsius
1011 5214 1186 5282 capiet
1214 5223 1580 5283 augmentum,
1615 5225 1672 5269 ut
1699 5218 1746 5271 ei
1783 5232 1905 5285 pro-

321 5304 494 5358 lectus
521 5303 633 5372 ipse
688 5306 858 5372 pariat
882 5306 1206 5362 incrementa
1237 5308 1598 5376 prolectuum;
1632 5309 1770 5364 sicut
1798 5310 1906 5364 alio

322 5395 447 5449 loco
474 5394 639 5449 dicit:
674 5394 743 5449 Et
781 5408 989 5451 sanctus
1027 5397 1193 5452 adhuc
1237 5399 1599 5464 sanctiﬁcetur.
1631 5400 1783 5467 Quod
1811 5416 1907 5455 au-

325 5499 435 5546 tem
480 5497 534 5545 et
561 5489 690 5545 illud
722 5490 786 5544 ad
821 5490 1225 5559 praeﬁnitionem
1272 5492 1361 5547 Dei
1395 5499 1583 5561 putant
1618 5506 1742 5548 esse
1769 5494 1908 5548 rele-

323 5580 575 5647 rendum,
599 5582 741 5651 quod
765 5581 1050 5650 Apostolus
1078 5582 1207 5637 dicit
1235 5598 1249 5635 :
1279 5580 1419 5653 Ergo
1450 5585 1600 5653 cujus
1622 5584 1728 5637 uult
1750 5585 1903 5637 mise-

324 5682 487 5739 retur,
537 5683 583 5726 et
621 5690 767 5742 quem
797 5676 897 5727 ruit
934 5673 1141 5727 indurat
1178 5691 1194 5728 :
1226 5674 1365 5729 Dicis
1396 5677 1563 5742 itaque
1591 5678 1734 5743 mihi,
1780 5678 1902 5748 quid

324 5764 496 5821 adhuc
556 5765 823 5832 queritur?
874 5764 1117 5817 voluntati
1172 5768 1301 5819 enim
1354 5769 1463 5831 ejus
1522 5769 1635 5831 quis
1683 5770 1903 5825 resistit?

2005 1899 2084 1944 tas
2106 1890 2404 1945 studiorum
2421 1890 2774 1947 etdiversitas
2792 1894 3143 1951 voluntatum.
3174 1897 3248 1952 Ita
3277 1913 3373 1968 pro
3397 1914 3586 1956 eorum

2002 1983 2374 2054 qualitatibus,
2405 2000 2512 2039 non
2541 1998 2639 2055 pro
2671 1987 2902 2056 impulsu
2924 1988 3057 2056 Dei,
3086 1992 3453 2063 unusquisque
3497 2003 3586 2051 aut

2001 2076 2342 2131 contumelia:
2368 2090 2460 2131 ras
2480 2117 2497 2144 ,
2525 2085 2618 2132 aut
2646 2077 2867 2133 honoris
2886 2079 3141 2136 eltlcitur.

2594 2189 2819 2245 CAPUT
2858 2191 2996 2246 XIV.
3047 2193 3056 2201 ’

2007 2278 2106 2333 Ubi
2130 2278 2223 2332 sibi
2252 2279 2418 2346 gratia
2446 2278 2544 2331 Dei
2578 2289 2623 2332 et
2648 2279 2884 2334 voluntas
2920 2281 3146 2335 humana
3184 2285 3585 2341 testimoniorum

2073 2350 2350 2405 assertione
2377 2350 2667 2414 sociantur,
2694 2360 2744 2403 et
2771 2354 2835 2403 de
2874 2354 3102 2419 parvulis
3131 2354 3298 2409 inanis
3325 2357 3585 2411 calumnia

2073 2425 2381 2475 transeundo
2410 2420 2792 2490 perstringitur.

2073 2534 2132 2590 Si
2164 2534 2300 2591 bene
2330 2535 2579 2591 intendas
2603 2537 2839 2591 animum
2861 2580 2877 2608 ,
2905 2546 3091 2609 aperte
3119 2541 3442 2611 copioseque
3487 2557 3579 2599 co-

2002 2628 2216 2695 gnoscis
2249 2629 2520 2697 quomodo
2562 2644 2659 2698 per
2689 2641 2995 2685 sanctarum
3026 2634 3249 2703 paginas
3283 2620 3587 2706 Scriptura-

2002 2735 2119 2775 rum
2151 2736 2292 2775 nunc
2316 2731 2588 2776 asseratur
2612 2723 2799 2791 gratia:
2814 2723 3007 2789 virtus,
3036 2739 3177 2780 nunc
3220 2725 3467 2781 humanae
3493 2744 3586 2781 vo-

2004 2811 2224 2867 luntatis
2276 2827 2550 2867 ascensus.
2605 2812 2970 2883 Fragilitatem
3010 2815 3217 2870 arbitrii
3246 2816 3586 2872 demonstrm

2003 2917 2144 2969 mus,
2162 2917 2283 2957 cum
2304 2901 2370 2956 ad
2395 2902 2559 2956 Deum
2575 2902 2830 2957 dicimus:
2862 2903 3020 2970 Pone,
3046 2904 3282 2973 Domine,
3297 2908 3583 2961 custodiam

2004 2988 2081 3047 ari
2100 3009 2230 3060 meo,
2250 3003 2296 3047 et
2316 2994 2499 3047 ostium
2516 2994 2911 3050 circumstantias
2931 2995 3077 3049 labiis
3099 2997 3220 3050 meis
3235 2996 3255 3067 (
3268 2996 3405 3050 Psal.
3433 2999 3578 3063 cst).

2002 3084 2132 3140 Item
2158 3085 2310 3153 jubet
2346 3100 2529 3140 sermo
2554 3085 2768 3140 divinus
2794 3097 2854 3141 ut
2895 3088 3097 3157 aliquid
3131 3089 3283 3158 vigor
3310 3090 3478 3158 possit
3497 3106 3584 3145 ar-

2001 3176 2145 3233 bitrii
2165 3215 2181 3240 ,
2210 3176 2335 3230 dum
2368 3175 2435 3231 ad
2466 3175 2738 3233 hominem
2766 3177 2898 3232 dicit
2928 3196 2941 3231 :
2971 3178 3160 3233 Celtibe
3186 3182 3417 3249 linguam
3440 3191 3581 3235 tuam

2000 3287 2031 3321 a
2055 3270 2211 3335 malo,
2228 3277 2275 3323 et
2296 3268 2433 3322 labia
2464 3278 2556 3323 tua
2582 3286 2645 3324 ne
2670 3268 2947 3339 loquantur
2969 3271 3146 3325 dolum
3176 3270 3347 3343 (Psal.
3364 3277 3581 3345 nam).

2000 3362 2301 3418 Arbitrium
2331 3354 2673 3417 commendat
2701 3362 2991 3433 Sapientia
3019 3378 3224 3431 sermo,
3252 3378 3374 3418 cum
3400 3364 3533 3419 dicit
3567 3382 3582 3420 :

2005 3455 2157 3511 Omni
2174 3452 2410 3510 custodia
2436 3471 2578 3511 serva
2600 3472 2690 3511 cor
2719 3464 2860 3511 tuum
2882 3456 3063 3527 (Prov.
3089 3456 3185 3519 Iv).
3215 3457 3322 3513 Sed
3351 3456 3583 3527 Aposto-

2001 3545 2085 3600 lus
2123 3547 2241 3601 sine
2266 3545 2453 3602 divino
2478 3545 2748 3615 adjutorio
2779 3545 2882 3601 hoc
2911 3548 3026 3603 lieri
3075 3562 3184 3603 non
3219 3561 3377 3616 posse
3404 3548 3583 3603 mani-

2003 3640 2159 3696 festat
2202 3654 2325 3695 cum
2366 3639 2499 3695 dicit
2530 3657 2542 3692 :
2576 3640 2826 3694 Dominus
2853 3640 3112 3694 custodiat
3148 3641 3306 3694 corda
3345 3650 3507 3695 vestra
3530 3648 3581 3694 et

2001 3731 2358 3801 intelligentia
2386 3739 2579 3784 uestras
2624 3731 2679 3783 in
2716 3728 2917 3784 Cltristo
2943 3730 3072 3783 Iesu
3103 3728 3325 3800 (Philip.
3354 3728 3451 3799 ιν).
3481 3730 3587 3785 As-

2003 3824 2136 3877 serit
2171 3822 2223 3875 in
2265 3819 2523 3890 propheta
2563 3820 2854 3875 voluntatis
2895 3821 3128 3889 propria
3166 3820 3469 3875 facultatem
3511 3821 3583 3877 de

2003 3913 2294 3981 semetipso
2338 3912 2525 3967 dicens
2557 3928 2571 3965 :
2609 3910 2863 3965 Inclinavi
2912 3927 2999 3964 cor
3032 3926 3198 3965 meum
3233 3913 3300 3964 ad
3323 3912 3583 3979 faciendas

1995 4004 2389 4078 justiﬁcationes
2439 4014 2555 4057 tuas
2585 4002 2756 4073 (Psal.
2785 4002 2991 4073 cum).
3040 4001 3147 4059 Sed
3170 4001 3305 4056 nihil
3342 4000 3410 4055 de
3451 4000 3583 4057 solis

2003 4096 2120 4167 ejus
2149 4094 2350 4151 viribus
2378 4092 2629 4163 intelligit
2660 4091 3094 4163 praesumendutn
3135 4106 3257 4147 cum
3289 4090 3584 4160 proclamat

2003 4192 2070 4247 ad
2091 4191 2290 4246 Deum:
2321 4188 2548 4256 lnclina,
2576 4187 2769 4259 inquit,
2783 4204 2872 4242 cor
2892 4203 3058 4243 meum
3077 4188 3131 4243 in
3158 4187 3443 4242 testimonia
3472 4194 3579 4252 tua,

2002 4292 2051 4338 et
2075 4299 2175 4337 non
2204 4284 2259 4337 in
2302 4282 2590 4337 avaritiam.
2620 4280 2851 4350 Propter
2891 4280 3118 4336 liberum
3138 4280 3417 4335 arbitrium
3448 4278 3585 4333 indi-

2004 4377 2143 4433 citur
2165 4375 2340 4445 nobis,
2360 4384 2521 4430 rectos
2547 4390 2734 4429 cursus
2760 4374 2845 4444 fac
2864 4372 3073 4443 pedibus
3096 4373 3194 4427 tuis
3211 4413 3226 4437 ,
3258 4383 3303 4426 et
3332 4373 3437 4426 vias
3467 4381 3585 4426 tuas

2006 4472 2190 4541 dirige.
2216 4467 2323 4525 Sed
2354 4481 2453 4523 nos
2477 4466 2546 4521 ad
2567 4465 2791 4536 gratiam
2812 4463 3207 4533 confugientes,
3235 4478 3331 4532 pro
3360 4464 3587 4517 inﬁrmi-

2005 4565 2130 4620 tatis
2160 4559 2488 4619 conscientia
2518 4559 2902 4629 supplicamus.
2927 4556 3105 4628 Dirige
3124 4559 3177 4610 in
3202 4564 3472 4625 conspectu
3500 4565 3587 4609 tuo

2005 4658 2139 4712 siam
2184 4670 2371 4722 meam,
2400 4661 2451 4709 et
2496 4652 2684 4723 perﬁce
2731 4666 2936 4721 gressus
2989 4666 3128 4704 meos
3168 4650 3222 4703 in
3259 4648 3450 4702 semitis
3488 4648 3587 4701 tuis

2013 4749 2187 4821 (Psal.
2221 4748 2295 4815 v).
2331 4748 2566 4815 Imperat
2592 4744 2781 4808 nobis,
2812 4742 2903 4812 qui
2928 4742 3159 4811 propria:
3186 4740 3472 4795 voluntatis
3496 4755 3589 4809 ge-

2010 4841 2175 4897 nerali
2228 4837 2635 4907 dispensatione
2673 4838 2765 4906 jus
2818 4835 3039 4903 tribuit,
3088 4835 3389 4890 illuminare
3436 4833 3588 4887 vobis

1964 4998 1971 5007 ι
2009 4936 2192 4990 iumen
2211 4933 2288 4989 sci
2324 4933 2469 4987 otiae.
2492 4931 2597 4986 Pro
2617 4944 2683 4987 eo
2705 4945 2831 4986 vero
2852 4928 2995 5000 quod
3024 4936 3192 4983 totum
3222 4926 3288 4981 ad
3313 4936 3585 4980 auctorem

2007 5030 2193 5099 gratia:
2222 5025 2563 5084 referendum
2593 5032 2697 5088 est,
2727 5022 2992 5093 legimus:
3029 5020 3131 5086 Qui
3161 5020 3309 5073 docet
3334 5018 3587 5071 hominem

2009 5124 2272 5178 scientiam
2291 5119 2410 5189 (Ps.
2431 5119 2603 5185 wn),
2627 5117 2710 5173 vel
2729 5116 2980 5170 Dominus
3006 5114 3263 5168 illuminat
3290 5126 3446 5165 etzcos
3464 5108 3583 5179 (Ps.

2011 5215 2191 5283 eva).
2211 5223 2264 5269 et
2285 5215 2505 5267 iterum:
2528 5210 2550 5263 ι
2562 5209 2777 5263 llumina
2798 5208 2970 5262 oculos
2991 5220 3126 5260 meos
3142 5219 3207 5258 ne
3224 5217 3449 5271 unquam
3470 5200 3589 5254 dor-

2014 5308 2169 5362 miam
2200 5306 2252 5359 in
2276 5313 2437 5358 morte
2456 5302 2576 5373 (Ps.
2602 5300 2734 5365 xu);
2762 5309 2837 5367 et,
2858 5300 3028 5354 beatus
3051 5296 3200 5351 homo
3220 5309 3367 5363 quem
3390 5305 3445 5350 tu
3473 5308 3588 5347 eru-

2012 5400 2189 5464 dieris,
2212 5396 2451 5461 Domine,
2476 5404 2525 5450 et
2547 5396 2610 5447 de
2631 5392 2740 5466 lege
2766 5401 2855 5446 tua
2878 5390 3115 5445 docueris
3137 5404 3273 5444 eum.
3299 5385 3588 5457 Apostolus

2012 5492 2218 5547 arbitrii
2250 5489 2531 5561 praedictor
2549 5530 2563 5554 ,
2593 5487 2897 5542 libertatem
2920 5483 3038 5552 ejus
3060 5483 3129 5537 ita
3156 5481 3343 5537 incitat
3362 5477 3546 5533 dicens
3570 5489 3584 5528 :

2014 5582 2277 5638 Custodite
2294 5582 2490 5635 animas
2510 5589 2722 5633 vestras.
2737 5574 2843 5631 Sed
2860 5566 3282 5630 miscricordiam
3298 5567 3388 5621 Dei
3414 5571 3588 5637 prote-

2009 5683 2200 5739 statur,
2218 5674 2287 5726 ita
2315 5682 2740 5725 commemorans
2760 5682 2775 5719 :
2795 5664 3041 5719 Dominus
3064 5658 3315 5716 custodiat
3330 5656 3587 5710 introitum

2009 5781 2151 5827 tuum
2171 5778 2215 5823 et
2240 5766 2427 5821 exitum
2448 5772 2587 5819 tuum
2604 5760 2774 5819 (Psal.
2795 5763 2905 5818 xci.
2937 5756 3037 5810 Per
3057 5754 3172 5809 haec
3197 5752 3374 5820 itaque
3401 5748 3589 5807 quibus
