4068 6348
477 271 577 328 807

1713 263 1770 318 s.
1814 248 2057 320 FAUST‘t
2098 259 2503 319 RHEGIENSIS

3651 262 3758 326 808

477 385 637 443 modo
665 385 868 440 arbitrii
895 383 1115 438 libertas
1141 385 1402 435 asserttur
1425 417 1438 440 ,
1479 389 1638 430 tnoao
1667 375 1905 430 ctelestis
1947 374 2052 429 Iar-
2075 377 2135 437 Ἀ
2163 382 2270 430 tur.
2335 373 2489 428 Hunc
2531 384 2657 426 vero
2686 370 3048 440 persuasionis
3078 377 3181 424 tua:
3211 371 3502 440 reprobum
3541 385 3750 429 sensum

482 480 619 550 gitas
649 477 1079 539 demonstratur,
1111 486 1254 526 nunc
1285 469 1447 523 homo
1473 468 1541 521 de
1567 468 1839 522 concessis
1863 466 2066 522 viribus

483 570 818 631 admonetur,
844 580 911 619 ne
931 564 998 618 de
1024 563 1138 617 sola
1160 563 1330 632 gratia
1360 559 1794 630 speretotiosus;
1829 571 1969 612 nunc
1998 557 2066 613 de

483 662 647 732 gratia
690 672 909 728 sperare
961 656 1292 725 prmeipitur,
1326 668 1393 708 ne
1420 652 1488 707 de
1518 651 1634 707 solo
1675 651 1858 706 labore
1886 650 1958 706 sit
1984 665 2067 706 se-

484 765 663 806 curus.
696 747 801 802 Sed
848 745 985 800 dicis
1021 763 1032 796 :
1066 745 1121 800 Si
1155 742 1553 814 praedestinatio
1583 757 1689 796 non
1739 750 1850 806 est,
1881 755 1976 796 cur
2013 741 2066 795 in

485 839 723 912 pzzrvulis
767 837 856 891 alii
887 834 1221 905 baptizantur
1243 876 1258 901 ,
1292 833 1383 888 alii
1410 833 1528 888 sine
1554 831 1802 902 baptismi
1832 830 2068 886 sanctiﬁ-

485 933 698 986 catione
728 928 1041 998 rapiuntur?
1068 925 1405 996 Serpentium
1434 924 1639 980 fraudis
1679 934 1782 991 est,
1822 924 1887 978 ad
1921 932 2070 980 tene-

485 1024 672 1078 brosas
699 1035 958 1076 cavernas
1001 1017 1189 1073 relicta
1231 1017 1351 1072 luce
1397 1015 1760 1085 transfugere,
1804 1029 1924 1070 cum
1974 1029 2070 1085 per

484 1115 662 1172 omnia
705 1113 979 1169 volumina
1012 1126 1181 1165 sacrae
1211 1109 1404 1164 litterae
1432 1107 1709 1164 evidenter
1736 1107 1960 1161 liberum
1992 1107 2066 1161 lo-

483 1216 716 1277 quantur
757 1205 1060 1260 arbitrium.
1094 1202 1232 1270 Quid
1263 1201 1488 1256 rationis
1517 1211 1602 1274 est
1631 1210 1687 1255 ut
1733 1200 2070 1271 interrogare

485 1302 618 1357 velis
648 1299 878 1366 occulta,
903 1314 1022 1352 cum
1051 1294 1402 1352 sollicitudini
1424 1302 1529 1348 tute
1553 1292 1866 1364 plenissime
1886 1292 2071 1347 videas

485 1392 823 1464 respondere
849 1388 1169 1446 manifesta?
1195 1387 1336 1455 Quid
1364 1385 1610 1441 utilitatis
1628 1393 1712 1440 est
1736 1393 1882 1440 certa
1914 1384 2073 1438 omit-

487 1497 602 1544 tere
633 1527 648 1553 ,
687 1495 741 1541 et
769 1485 974 1540 incerta
1021 1482 1302 1537 consulere
1328 1519 1344 1547 ,
1372 1480 1439 1534 de
1468 1478 1662 1548 quibus
1693 1477 1825 1531 nihil
1865 1477 2072 1531 invenis

485 1577 749 1634 catholica
800 1574 1032 1630 leemne
1059 1571 1460 1641 conscriptum?
1483 1569 1600 1625 Non
1646 1569 1895 1640 intelligis
1929 1568 2073 1639 quod

487 1673 542 1728 in
573 1670 826 1727 'veritatis
858 1667 1108 1737 iniuriam
1141 1663 1534 1735 perscrutaris,
1575 1661 1833 1732 quidquid
1877 1661 2074 1715 veritas

2168 466 2436 522 catholica
2468 464 2765 520 detestatur
2808 462 3071 518 Ecclesia.
3104 461 3231 517 ldco
3251 503 3263 527 ,
3296 463 3472 533 inquis
3499 503 3514 528 ,
3542 465 3754 534 genitali

2169 557 2461 628 quamlibet
2499 556 2641 611 unda
2683 556 2885 625 perfusi
2933 570 3125 609 munus
3176 554 3422 624 baptismi
3465 571 3574 610 non
3619 559 3755 614 neci.

2169 650 2340 719 piunt,
2388 648 2512 718 quia
2558 646 2622 701 ad
2655 647 2975 716 baptismum
3023 644 3311 700 inﬁdeliter
3353 648 3602 702 veniunt.
3646 649 3755 706 Non

2169 741 2240 796 ita
2269 750 2370 797 est.
2413 740 2646 796 Adverte
2687 739 2811 810 quia
2857 741 2961 793 hoc
3002 738 3178 807 ipsum
3221 740 3288 795 ad
3317 739 3645 810 baptismum
3675 757 3758 800 ve-

2170 833 2285 887 nire
2309 873 2324 899 ,
2352 840 2407 887 et
2431 831 2654 886 salutem
2688 829 2999 885 desiderare
3021 872 3035 896 ,
3059 829 3167 898 jam
3212 829 3472 887 ﬁdei-est.
3531 831 3758 899 Quicun-

2170 940 2301 995 que,
2337 924 2510 994 inquis
2535 965 2551 991 ,
2586 932 2705 992 post
2745 922 3067 992 baptismum
3097 933 3360 992 pereunt,
3391 923 3444 977 in
3469 923 3644 980 Adam
3675 942 3754 994 pc-

2171 1027 2349 1084 reunt,
2398 1018 2520 1088 quia
2565 1008 2620 1070 in
2658 1015 2924 1085 baptismo
2975 1031 3080 1070 non
3132 1015 3498 1071 crediderunt.
3539 1016 3756 1074 Rectius

2171 1110 2381 1166 diceres
2427 1109 2550 1165 ideo
2591 1123 2684 1165 eos
2728 1109 2953 1179 periisse
2991 1116 3113 1178 post
3141 1109 3500 1180 baptismum,
3543 1112 3664 1182 quia
3696 1113 3756 1169 ad

2171 1204 2358 1274 gratiae
2395 1203 2594 1258 donum
2637 1204 2863 1272 jungere
2908 1202 3196 1258 noluerunt
3244 1202 3445 1258 laboris
3495 1203 3754 1272 ofﬁcium,

2173 1299 2295 1367 quia
2328 1312 2422 1353 eos
2447 1295 2851 1354 consuetudinis
2879 1295 3225 1366 negligentia,
3247 1295 3547 1366 cordisque‘
3561 1295 3757 1353 desidia

2173 1405 2204 1443 a
2235 1387 2507 1458 vigilantia
2539 1387 2749 1456 operis,
2783 1394 2837 1442 et
2862 1399 2891 1440 a
2914 1385 3159 1440 sollicita:
3181 1385 3460 1442 servitutis
3491 1388 3758 1442 revocavit

2174 1482 2454 1537 industrio.
2483 1480 2636 1547 Quod
2667 1481 2712 1535 si
2742 1480 2895 1550 culpa
2920 1479 3315 1536 incredulitatis
3341 1495 3504 1537 causa
3527 1490 3616 1536 est
3645 1497 3759 1552 per-

2175 1572 2422 1638 ditionis,
2470 1573 2597 1642 quid
2640 1572 2709 1627 de
2736 1571 2973 1641 parvulis
3002 1571 3302 1627 sentiemus
3325 1613 3338 1637 ,
3370 1572 3570 1642 quibus
3601 1573 3654 1628 in
3679 1589 3760 1643 pa-

2177 1674 2389 1721 rentum
2412 1664 2718 1732 devotione,
2733 1665 2865 1720 etin
2889 1665 3137 1720 lactentis
3158 1663 3399 1721 infantiae
3421 1665 3760 1737 simplicitate

489 1764 630 1820 scire
661 1771 712 1817 te
760 1760 972 1816 noluit?
1022 1755 1293 1812 Materiam
1346 1756 1414 1810 de
1455 1754 1605 1809 liberi
1633 1752 1835 1808 arbitrii
1866 1753 2074 1806 ratione
2103 1744 2153 1807 B
2179 1757 2401 1827 integra:
2450 1757 2571 1812 ﬁdei
2617 1756 2894 1827 pervigilia
2923 1757 3267 1826 deputantur,
3313 1757 3402 1827 qui
3425 1757 3634 1827 absque
3661 1758 3758 1814 ullo

489 1853 776 1928 proponis,
811 1861 866 1908 et
899 1850 964 1906 ad
987 1848 1382 1906 discutiendum
1406 1846 1642 1903 infantia:
1664 1853 1862 1900 statum
1891 1844 2072 1914 perni-

491 1949 636 2002 cioso
667 1960 852 2001 errore
881 1942 1134 1998 dilaberis
1154 1984 1168 2009 ,
1199 1941 1253 1996 in
1290 1955 1397 2010 quo
1424 1939 1624 1993 nullum
1670 1937 1882 2007 penitus
1913 1935 2075 1989 vesti-

498 2042 644 2111 gium
669 2038 818 2094 liberi
850 2036 1076 2100 arbitrii,
1109 2034 1315 2091 nullum
1340 2046 1600 2103 apparere
1627 2038 1804 2102 potest
1843 2027 2075 2098 pr0priac

492 2132 787 2190 voluntatis
824 2131 1098 2188 indicium.

1087 2221 1312 2279 CAPUT
1352 2219 1469 2275 XV.

492 2316 682 2373 Contra
740 2313 836 2368 hoc
873 2313 1008 2382 quod
1071 2312 1286 2377 dicunt,
1327 2326 1409 2364 eos
1465 2310 1549 2378 qui
1604 2319 1713 2379 post
1744 2309 2077 2382 __b_qptismum

633 2393 864 2455 pereunt,
886 2379 939 2436 in
961 2383 1265 2452 baptismum
1287 2381 1482 2450 penitus
1511 2396 1613 2432 non
1633 2379 1930 2433 credidisse.

568 2500 679 2554 Hoc
722 2498 839 2552 loco
871 2494 1302 2566 respondendum
1343 2503 1456 2560 est,
1487 2494 1538 2547 in
1569 2510 1675 2564 quo
1717 2503 1935 2548 auctore
1977 2494 2077 2550 hoc

493 2566 660 2660 legis,‘
669 2589 735 2645 de
749 2603 853 2659 quo
872 2588 1090 2644 doctore
1104 2587 1204 2642 hoc
1215 2601 1460 2642 asserere
1477 2585 1789 2656 praesumis?
1803 2587 1871 2641 Et
1886 2601 2006 2641 cum
2024 2587 2076 2642 in

498 2680 772 2752 baptismo
801 2680 1003 2735 aboleri
1029 2688 1301 2748 peccatum
1334 2678 1591 2748 originale
1613 2693 1718 2733 non
1742 2678 1995 2747 deneges.
2024 2687 2080 2733 et

496 2773 708 2830 ﬁrmum
762 2785 885 2827 esse
929 2770 1195 2840 baptisma
1246 2769 1654 2839 comprobetur,
1709 2769 1797 2825 ubi
1853 2768 2078 2824 indivisa

495 2864 732 2920 Trinitas
773 2864 1075 2926 invocatur,
1107 2859 1174 2914 da
1219 2873 1408 2915 causas
1439 2858 1630 2929 quibus
1658 2858 1955 2928 baptizatus
1985 2859 2080 2913 ad-

496 2957 602 3012 huc
630 2956 767 3012 intra
818 2953 1054 3009 debitum
1098 2952 1360 3024 originale
1404 2952 1701 3009 consistat?
1732 2952 1798 3007 Et
1827 2952 1962 3022 ipsi,
1995 2939 2078 3007 in;

498 3053 642 3124 quis,
667 3052 720 3106 in
745 3049 915 3106 Adam
948 3058 1204 3121 pereunt,
1234 3050 1355 3119 quia
1397 3050 1450 3105 in
1479 3050 1800 3119 baptismum
1823 3065 1929 3105 non
1958 3066 2080 3107 cre-

506 3111 779 3201 dide'runt.
812 3111 1000 3197 Nonne
1019 3150 1072 3196 tu
1086 3111 1385 3211 paulo-ante
1407 3111 1725 3206 dicebas,ad
1753 3143 2081 3211 capescenda
2109 3111 2156 3176 Ο

499 3238 595 3294 Dei
624 3237 763 3293 dona
796 3234 1030 3290 studium
1056 3234 1287 3289 hominis
1307 3248 1415 3303 non
1442 3234 1677 3303 requiri?
1719 3233 1859 3288 Ecce
1886 3244 1939 3287 tu
1970 3234 2085 3304 ipse

499 3316 939 3385 manifestissime
979 3327 1249 3398 proﬁteris
1289 3328 1406 3383 sine
1443 3308 1758 3396 accipientis
1797 3327 2083 3382 devotione

499 3401 708 3476 irritam
756 3433 879 3475 esse
907 3416 1330 3474 muniﬁcentiam
1369 3418 1663 3489 largientis.
1685 3417 1766 3473 Tu
1784 3461 1797 3485 ,
1827 3417 2043 3487 inquam
2067 3457 2082 3483 ,

498 3511 617 3582 ipse
644 3513 932 3567 confirmas
961 3511 1079 3567 sine
1107 3511 1301 3566 merito
1332 3509 1478 3576 ﬁdei,
1509 3509 1559 3564 id
1591 3519 1675 3565 est
1699 3551 1714 3576 ,
1739 3509 1861 3565 sine
1891 3524 2084 3579 coope-

508 3605 720 3660 ratione
743 3602 1030 3670 voluntatis
1079 3601 1326 3657 humana:
1346 3643 1360 3667 ,
1387 3601 1611 3672 gratiam
1647 3601 1776 3655 nihil
1804 3601 2080 3671 prodesse,

497 3703 552 3750 et
580 3692 848 3764 quomodo
875 3691 1039 3758 dicis,
1074 3700 1241 3748 totum
1275 3693 1416 3748 Deus
1449 3690 1547 3746 sibi
1578 3691 1644 3747 de
1673 3700 1813 3746 Statu
1854 3691 2082 3747 hominis

507 3786 843 3852 reservavit,
873 3795 925 3841 et
948 3784 1079 3841 nihil
1109 3785 1312 3840 homini
1334 3785 1514 3840 dedit?
1539 3786 1676 3841 Ecce
1705 3787 1863 3841 etiam
1889 3799 2082 3840 secun-

499 3879 627 3935 dum
654 3878 983 3936 sententiam
1021 3887 1165 3933 tuam
1199 3891 1299 3933 nec
1326 3878 1498 3948 ipsum
1531 3879 1630 3933 sibi
1662 3877 2082 3949 regenerationis

496 3979 675 4041 potest
693 3981 942 4028 constare
971 3969 1286 4041 mysterium
1308 4011 1323 4037 ,
1355 3969 1458 4024 nisi
1489 3968 1650 4024 homo
1674 3969 1821 4038 juxta
1861 3968 2079 4026 benedi-

495 4064 689 4121 ctionis
728 4065 927 4121 donum
966 4062 1270 4120 adhibuerit
1309 4062 1640 4119 credulitatis
1679 4063 1949 4118 affectum.
1983 4064 2078 4119 Cui

497 4171 664 4227 negas
688 4167 960 4222 conatum,
984 4155 1110 4225 quid
1133 4154 1201 4209 ab
1229 4155 1323 4210 illo
1351 4155 1577 4225 requiris
1605 4157 1919 4209 assensum?
1942 4155 2075 4210 Cum

497 4261 674 4305 autem
713 4249 968 4318 propheta
999 4246 1142 4301 dicat
1171 4263 1185 4300 :
1221 4245 1449 4300 Exibunt
1490 4262 1634 4316 aqua:
1679 4248 1801 4301 vivae
1838 4248 1903 4302 de
1929 4246 2081 4302 Jeru-

499 4339 663 4392 salem
694 4336 877 4407 (Zach.
907 4337 1041 4404 11v),
1067 4334 1331 4403 inquibus
1359 4335 1537 4389 vitalis
1559 4335 1716 4390 undae
1745 4347 2079 4392 sacramenta

497 4430 780 4498 designat,
828 4427 1098 4497 quomodo
1127 4427 1242 4482 ﬁeri
1273 4435 1451 4496 potest
1497 4437 1553 4481 ut
1586 4427 1866 4481 innovatus
1916 4428 2078 4483 homo

2179 1848 2509 1904 inﬁdelitatis
2540 1847 2780 1917 periculo
2822 1847 3158 1903 immaculata
3188 1847 3622 1919 regenerationis
3649 1864 3756 1903 mu-

2181 1955 2306 1996 nera
2351 1947 2755 2008 consequuntur
2779 1980 2794 2006 ,
2825 1949 2878 1994 et
2909 1939 3059 1994 multi
3089 1954 3277 1996 eorum
3307 1955 3565 2010 processu
3598 1944 3760 1998 :etatis

2179 2033 2234 2088 in
2264 2032 2452 2088 mortis
2479 2031 2770 2102 praecipitia
2792 2031 3210 2102 demerguntur?
3234 2032 3365 2101 Quae
3391 2031 3442 2088 id
3471 2034 3612 2090 ratio
3641 2037 3761 2107 agit,

2179 2127 2282 2181 nisi
2310 2126 2433 2196 quia
2462 2126 2750 2197 expugnari
2781 2141 2840 2181 se
2863 2127 3133 2197 patiuntur
3164 2126 3369 2197 ignavia
3407 2130 3761 2185 resolvente?

2180 2218 2247 2274 Et
2290 2233 2505 2273 causam
2535 2232 2631 2273 cur
2679 2217 2828 2274 fracti
2876 2218 3185 2274 viderentur
3228 2221 3498 2289 exposuit.
3535 2220 3755 2292 Propter

2185 2310 2618 2378 incredulitatem,
2646 2312 2836 2382 inquit,
2868 2311 3018 2377 fracti
3037 2320 3179 2379 sinit,
3203 2326 3306 2367 non
3338 2313 3522 2383 utique
3553 2325 3761 2383 propter

2183 2402 2592 2471 prmscientiam.
2650 2403 2768 2458 Non
2810 2403 3096 2474 specialem
3141 2417 3262 2459 esse
3297 2405 3440 2459 circa
3482 2406 3759 2463 credentes

2181 2493 2281 2551 Dei
2309 2495 2727 2550 muniﬁcentiam
2755 2494 2912 2550 docet
2939 2535 2954 2562 ,
2984 2494 3198 2564 quando
3224 2503 3279 2549 et
3307 2508 3402 2550 eos
3431 2511 3566 2566 quos
3591 2497 3762 2555 incre-

2181 2588 2423 2644 dulitatis
2461 2588 2668 2659 arguit,
2701 2588 2923 2645 credere
2965 2587 3202 2658 potuisse
3247 2587 3607 2649 demonstrat.
3653 2591 3764 2660 Quo

2180 2694 2379 2748 genere
2411 2679 2570 2733 etiam
2603 2678 2848 2734 inﬁdeles
2889 2679 3097 2747 copiam
3145 2677 3269 2734 ﬁdei
3299 2681 3573 2749 accepisse
3601 2683 3764 2737 mani-

2181 2772 2342 2828 festat
2363 2813 2379 2838 ,
2408 2784 2464 2830 et
2500 2773 2625 2829 dum
2654 2773 2722 2828 de
2753 2773 3084 2828 naturalibus
3132 2773 3330 2830 fractos
3352 2765 3496 2830 dicit
3521 2816 3536 2842 ,
3569 2791 3766 2846 praesu-

2182 2875 2390 2922 ntentes
2440 2865 2716 2921 salutifera
2764 2864 3116 2936 castigatione
3161 2866 3525 2937 compressit:
3563 2867 3657 2936 Si,
3689 2869 3767 2926 in-

2181 2960 2330 3028 quit,
2354 2957 2675 3012 naturalibus
2701 2958 2857 3012 ramis
2891 2973 2992 3012 non
3022 2959 3268 3030 pepercit,
3297 2974 3360 3012 ne
3399 2963 3530 3028 forte
3558 2975 3650 3014 nec
3678 2959 3767 3015 tibi

2186 3061 2385 3120 parcat.
2419 3052 2482 3106 Et
2510 3050 2766 3106 subdidit.
2796 3050 2864 3105 Et
2891 3052 2990 3115 illi,
3021 3052 3223 3122 inquit,
3274 3051 3319 3105 si
3345 3068 3448 3106 non
3470 3068 3767 3123 permanse-

2186 3144 2287 3197 rint
2317 3144 2369 3197 in
2413 3143 2800 3208 incredulitate,
2836 3145 3160 3204 inserantur;
3189 3151 3366 3212 potens
3398 3152 3471 3198 est
3503 3143 3643 3199 Deus
3676 3146 3768 3199 ite-

2185 3252 2298 3289 rum
2319 3237 2541 3290 inserere
2565 3236 2704 3291 illos.
2755 3236 3240 3308 Magnanimitatem
3273 3237 3453 3307 itaque
3483 3237 3569 3293 hic
3596 3247 3654 3294 et
3675 3238 3768 3294 hu-

2185 3327 2463 3382 militatem
2512 3328 2692 3384 cordis
2730 3328 3039 3399 alloquitur.
3087 3329 3484 3396 Humilitatem,
3517 3341 3574 3386 ut
3604 3342 3658 3387 et
3681 3335 3764 3403 qui

2187 3419 2422 3474 incertus
2447 3429 2531 3474 est
2551 3419 2722 3490 frangi
2746 3422 2961 3486 timeat;
2995 3419 3507 3492 magnanimitatem,
3532 3433 3591 3479 ut
3619 3439 3768 3495 spem

2185 3512 2652 3580 remunerationis,
2684 3523 2739 3569 et
2767 3515 2854 3584 qui
2884 3514 3082 3570 fractus
3109 3525 3213 3582 est,
3248 3530 3355 3572 non
3377 3517 3635 3586 depenat.
3673 3519 3760 3574 Sic

2184 3619 2337 3660 ovem
2360 3605 2624 3674 perditam
2644 3616 2824 3676 pastor
2845 3606 3065 3662 sedulus
3087 3608 3381 3678 inquisivit,
3418 3618 3473 3666 et
3500 3611 3770 3667 inveniant

2185 3697 2440 3767 subjectis
2470 3696 2535 3751 ad
2567 3697 2709 3752 ovile
2754 3698 2991 3753 humeris
3023 3701 3332 3768 reportavit.
3368 3701 3655 3768 Quomodo
3678 3718 3762 3756 se-

2185 3798 2432 3858 quentem
2464 3791 2817 3861 relinqueret,
2864 3790 2954 3861 qui
2994 3792 3236 3861 sequitur
3265 3795 3427 3850 etiam
3460 3794 3768 3866 relinquen-

2185 3889 2291 3937 tem
2325 3881 2346 3935 ?
2422 3939 2428 3944 ,

2775 3953 3001 4010 CAPUT
3041 3955 3178 4012 XVI.

2183 4067 2311 4125 Cant
2342 4069 2518 4123 a'hoc
2563 4070 2697 4141 quod
2745 4069 2940 4135 dicunt,
2985 4071 3240 4125 Christum
3269 4087 3366 4125 non
3404 4087 3498 4142 pro
3540 4073 3774 4127 omnibus

2258 4205 2271 4212 ς
2856 4149 3130 4196 mortuum.

2258 4251 2538 4305 Dominum
2562 4261 2800 4306 nostrum
2822 4252 3003 4308 Jesum
3020 4253 3293 4308 Christum
3308 4254 3458 4309 aiunt
3481 4254 3772 4310 humanam

2185 4357 2400 4395 carnem
2434 4358 2538 4395 non
2571 4356 2667 4410 pro
2697 4343 2934 4398 omnium
2966 4344 3140 4399 salute
3166 4345 3460 4414 sumpsisse
3484 4387 3499 4411 ,
3543 4360 3642 4402 nec
3670 4360 3773 4416 pro

2185 4431 2433 4488 omnibus
2459 4444 2724 4488 mortuum
2748 4450 2886 4490 esse.
2911 4423 3024 4491 Hoc
3041 4437 3365 4492 omnimodis
3391 4438 3656 4493 catholica
3683 4439 3772 4492 de-

497 4520 728 4575 deletam
775 4519 972 4574 veteris
1001 4516 1231 4572 hominis
1260 4517 1563 4573 cautionem
1602 4531 1784 4573 secum
1814 4519 2079 4574 retineat?
2109 4481 2160 4540 Β
2189 4531 2412 4577 testatur
2435 4524 2693 4579 Ecclesia.
2723 4523 2854 4579 Nam
2886 4527 2929 4580 si
2962 4527 3032 4581 ita
3060 4536 3226 4593 esset,
3250 4528 3516 4597 quomodo
3539 4531 3772 4600 Aposto-

496 4614 764 4686 quomodo
795 4615 911 4669 ﬁeri
959 4623 1138 4684 potest
1164 4623 1221 4670 ut
1249 4629 1370 4668 cum
1401 4612 1581 4668 debito
1618 4611 1748 4667 Adae
1779 4612 1831 4666 in
1861 4612 2076 4669 Christo

497 4707 773 4763 absolutus
803 4706 1086 4776 resurgat?
1106 4705 1388 4773 Quomodo
1413 4704 1528 4760 ﬁeri
1559 4713 1736 4775 potest
1763 4715 1819 4759 ut
1843 4705 1910 4762 de
1936 4707 2074 4762 sacri

497 4799 657 4855 fontis
689 4797 887 4868 irriguo
915 4813 1036 4851 cum
1082 4796 1335 4868 adoptivo
1365 4798 1456 4851 Dei
1497 4796 1672 4851 adhuc
1709 4805 1935 4852 mortem
1967 4797 2072 4852 vita

495 4892 777 4964 parturiat,
812 4906 933 4947 eum
960 4890 1102 4945 dicat
1124 4890 1410 4959 Apostolus
1442 4890 1777 4961 :Quicunque
1795 4891 1847 4943 in
1871 4888 2074 4945 Christo

496 4988 741 5057 baptizati
781 4987 900 5041 estis
926 5027 940 5050 ,
989 4985 1249 5040 Christum
1290 4985 1528 5038 induistis
1573 4984 1716 5053 (Cal.
1758 4984 1874 5054 tu)?
1919 4999 2076 5055 quem

489 5068 676 5146 utique
699 5077 879 5131 nullus
907 5074 1132 5131 induere
1164 5082 1375 5144 potest,
1405 5075 1505 5128 nisi
1544 5074 1854 5130 indumenta
1888 5077 2075 5145 prima:

497 5170 786 5224 nativitatis
832 5168 1060 5224 exuerit.
1089 5169 1184 5222 Cui
1213 5177 1390 5222 autem
1428 5166 1493 5221 ad
1523 5167 1844 5237 baptismum
1886 5176 2075 5237 sponte

497 5261 751 5325 venienti,
784 5260 1106 5326 baptismum
1137 5274 1241 5314 non
1281 5257 1550 5328 profuisse
1581 5259 1782 5326 poteris
1825 5259 2070 5328 edocere,

495 5369 615 5408 cum
639 5352 798 5408 etiam
830 5353 1103 5418 haeretica,
1133 5352 1187 5406 in
1216 5352 1493 5407 Trinitatis
1515 5353 1732 5407 nomine
1754 5361 2069 5423 regenerato

495 5456 697 5502 tantum
750 5461 844 5516 per
885 5459 943 5501 se
992 5445 1160 5501 virtus
1201 5446 1315 5516 ipsa
1345 5445 1586 5516 mysterii
1617 5447 1887 5510 conferat,
1917 5453 1975 5499 ut
2024 5444 2071 5500 si

498 5537 838 5609 postmodum
891 5538 954 5593 ad
983 5537 1184 5593 Christi
1233 5537 1390 5593 ﬁdem
1431 5546 1703 5604 transeat,
1739 5537 2073 5608 baptismatis

497 5629 778 5686 iteratione
809 5645 913 5686 non
947 5630 1140 5700 egeat?
1163 5628 1268 5684 Sed
1295 5630 1362 5682 ita
1385 5637 1641 5699 operante
1666 5628 1835 5697 gratia
1858 5627 2070 5684 ablutus

2185 4614 2269 4668 lus
2299 4613 2501 4669 diceret
2531 4632 2543 4668 :
2577 4615 2720 4670 Sicut
2751 4617 2804 4670 in
2854 4617 3018 4670 Adam
3063 4636 3235 4674 omnes
3262 4621 3547 4675 moriuntur
3568 4662 3583 4686 ,
3610 4621 3683 4674 ita
3716 4624 3770 4676 in

2181 4706 2383 4762 Christo
2406 4723 2575 4761 omnes
2596 4710 2985 4779 viviﬁcabuntur
3027 4710 3081 4782 (I
3119 4712 3236 4767 Cor.
3269 4712 3393 4784 xv)?
3410 4714 3509 4769 Hic
3525 4713 3628 4769 dici
3658 4729 3768 4771 non

2182 4808 2358 4868 potest
2404 4815 2500 4868 pro
2530 4810 2681 4870 parte
2711 4809 2902 4855 totum.
2945 4802 3074 4856 Nam
3108 4805 3247 4859 sicut
3273 4819 3396 4874 pars
3427 4805 3598 4873 prima
3633 4820 3761 4859 sen-

2186 4891 2361 4945 lentim
2384 4933 2399 4956 ,
2441 4907 2611 4946 onmes
2641 4894 2693 4945 in
2727 4894 2888 4946 Adam
2919 4896 3241 4963 moriuntur,
3274 4896 3550 4951 evidenter
3580 4905 3767 4952 osten-

2183 4981 2263 5035 dit
2310 4983 2428 5037 sine
2466 4983 2627 5039 dubio
2660 4984 2760 5039 hoc
2782 4985 2922 5054 quod
2953 4987 3228 5056 sequitur,
3272 4988 3323 5040 in
3359 4985 3564 5041 Christo
3595 5005 3658 5041 ori
3680 5004 3768 5043 nes

2184 5074 2588 5142 viviﬁcabuntur,
2625 5076 2968 5132 nihilominus
3009 5077 3073 5132 ad
3104 5092 3293 5133 omnes
3326 5079 3377 5132 in
3404 5077 3620 5133 Christo
3635 5078 3764 5131 vivi-

2184 5166 2444 5231 ﬁcandos,
2494 5182 2597 5221 non
2647 5183 2712 5222 ex
2753 5179 2926 5236 parte,
2979 5168 3073 5223 sed
3120 5169 3440 5239 generaliter
3494 5171 3765 5240 pertinere

2185 5258 2471 5326 Apostolus
2503 5259 2778 5315 indicavit.
2812 5260 2974 5316 Iidem
3017 5261 3177 5316 etiam
3202 5262 3348 5332 impii
3391 5277 3487 5331 per
3513 5264 3766 5318 virtutem

2182 5349 2596 5405 resurrectionis
2640 5350 2838 5405 Christi
2886 5353 3238 5408 resuscitandi
3285 5368 3407 5408 esse
3454 5352 3764 5418 creduntur,

2139 5494 2145 5501 ,
2181 5439 2308 5498 licet
2345 5441 2505 5496 etiam
2559 5455 2662 5495 non
2687 5441 2960 5510 iudicandi
2987 5484 3000 5508 ,
3033 5443 3124 5499 sed
3159 5443 3413 5513 puniendi
3464 5453 3764 5514 resurgant.

2179 5532 2314 5586 Cum
2338 5543 2515 5588 autem
2547 5532 2834 5603 Apostolus
2856 5533 3000 5589 dicat
3024 5553 3034 5589 :
3065 5536 3166 5600 Qui
3196 5545 3267 5588 est
3295 5535 3518 5589 salvator
3541 5535 3766 5589 omnium

2182 5625 2466 5694 hominum,
2499 5626 2719 5679 maxime
2755 5628 2983 5694 ﬁdelium
3017 5628 3070 5697 (1
3103 5629 3237 5684 Tim.
3292 5630 3364 5695 tv)
3399 5628 3578 5698 :qnod
3610 5628 3761 5691 dixit,

495 5721 788 5791 iudicetur,
813 5735 868 5779 ut
903 5721 1508 5798 tantum_benedictione
1538 5721 1842 5781 chrismatis
1881 5715 2137 5797 indual,
2183 5719 2406 5774 omnium
2446 5717 2742 5786 hominum,
2785 5720 2849 5777 ad
2891 5721 3223 5789 propositum
3274 5719 3468 5776 divina:
3511 5719 3763 5775 bonitatis

1093 5817 1128 5842 ο
