4068 6348
230 248 269 272 ὦ

286 318 392 374 809

1403 312 1480 369 DE
1520 311 1776 368 GRATIA
1818 310 1969 377 DEI,
2012 308 2187 376 ETC.,
2229 311 2355 366 LIB.
2403 312 2439 367 I.

2008 187 2033 197 φ
2049 188 2055 192 .

3457 315 3557 372 81υ

277 428 520 501 aspexit.
553 427 704 495 Quod
758 434 936 480 autem
977 425 1150 491 dixit,
1180 417 1402 494 maxime
1432 426 1668 493 ﬁdelium
1693 466 1709 491 ,
1751 424 1873 479 illos
1904 430 1957 486 Α
1986 422 2229 477 meminit
2256 424 2687 491 cerruisse.Qua:
2714 440 2832 481 cum
2868 425 2935 480 ita
2961 426 3086 489 sint,
3116 426 3201 482 dic
3239 427 3366 481 mihi
3401 426 3561 499 quem

273 522 390 578 hoc
418 521 537 575 loco
564 518 925 589 pronuntiavit
944 526 1103 588 atque
1124 515 1424 583 distrinxit,
1452 519 1542 587 qui
1567 533 1661 587 per
1685 517 1873 582 ﬁdem,

277 629 385 682 per
422 609 812 677 obedientiam,
842 625 937 679 per
972 608 1238 664 subditam
1269 608 1597 663 voluntatem
1638 608 1869 663 Redemo

280 704 461 774 ptoris
486 719 711 758 munera
743 709 1115 770 susceperunt.
1149 700 1253 755 Pro
1284 700 1542 756 universis
1571 709 1747 755 autem
1779 715 1873 756 ve-

276 799 432 853 stisse
463 793 739 851 Christum
789 795 928 849 idem
961 792 1248 861 Aposmlus
1295 792 1536 848 declarat
1578 809 1593 847 :
1637 791 1869 855 Caritas,

279 887 482 958 inquit,
535 885 726 941 Christi
756 894 901 957 urget
935 900 1027 937 nos
1053 883 1345 953 judicantes
1390 883 1520 951 hoc,
1558 887 1799 955 quoniam
1830 886 1877 939 si

196 966 207 977 ’
280 996 421 1032 unus
441 993 537 1047 pro
560 976 792 1030 omnibus
814 985 1046 1030 mortuus
1066 984 1163 1043 est,
1187 992 1307 1047 ergo
1320 992 1490 1030 omnes
1516 979 1702 1031 mortui
1718 987 1872 1031 sunt:

222 1134 225 1141 ν
277 1083 333 1127 et
371 1088 467 1141 pro
497 1072 733 1126 omnibus
759 1079 991 1124 mortuus
1023 1080 1096 1124 est
1124 1070 1379 1133 Christus,
1413 1080 1467 1123 ut
1505 1078 1551 1123 et
1581 1070 1667 1138 qui
1706 1072 1876 1123 rivunt

278 1165 395 1229 iam
424 1181 527 1219 non
560 1164 656 1218 sibi
681 1164 868 1227 vivant,
894 1163 982 1217 sed
1010 1164 1057 1217 ei
1085 1164 1173 1232 qui
1203 1179 1295 1232 pro
1317 1163 1442 1233 ipsis
1462 1171 1692 1217 mortuus
1728 1173 1797 1218 est
1826 1172 1874 1218 et

279 1255 565 1309 rt‘surrexit
593 1253 683 1325 (II
711 1254 833 1311 Cor.
866 1253 945 1323 v).
977 1253 1112 1321 Quia
1142 1268 1272 1322 ergo
1298 1254 1624 1309 resurrectio
1650 1268 1874 1323 genera-

279 1345 356 1398 lis
401 1347 468 1400 ad
514 1347 765 1401 virtutem
805 1346 1036 1415 pertinet
1064 1343 1482 1413 redemptionis,
1504 1343 1549 1398 si
1578 1345 1873 1413 redemptio

282 1452 396 1491 non
444 1438 508 1490 ad
555 1450 742 1491 omnes
782 1435 1009 1504 pertinet
1040 1476 1055 1500 ,
1090 1449 1187 1490 nec
1225 1436 1291 1489 ad
1333 1450 1521 1491 omnes
1551 1437 1874 1492 resurrectio

288 1526 597 1594 pertinebit.
632 1527 697 1581 Et
715 1525 836 1580 ideo
867 1518 988 1594 quia
1015 1526 1151 1580 sicut
1171 1542 1343 1579 omnes
1373 1542 1716 1598 resurgemus,
1750 1528 1873 1583 licet

290 1634 399 1670 non
421 1634 595 1671 omnes
617 1617 1029 1683 immutabimur,‘
1057 1617 1125 1670 ita
1156 1616 1437 1670 Dominum
1463 1616 1874 1688 Redemptorem

297 1723 420 1762 cum
470 1708 734 1778 generalis
760 1708 1144 1763 misericordiae
1175 1708 1436 1763 beneﬁcio
1464 1708 1675 1765 venisse
1708 1718 1874 1766 testa-

1979 529 2007 567 a
2030 516 2196 583 gratia
2224 513 2614 583 redemptionis
2630 517 2925 585 exceperit,
2949 518 3039 587 qui
3071 518 3429 574 damnationis
3458 535 3557 575 an-

1982 607 2141 675 tiquae
2176 607 2593 677 chirographum
2619 610 2871 679 generale
2901 610 3120 666 delevit.

2558 719 2786 776 CAPUT
2824 721 2985 776 XVII.

1983 808 2176 862 Contra
2211 810 2306 863 hoc
2334 813 2468 890 quod
2513 814 2853 890 evangelicum
2898 817 3195 870 sententiam
3245 819 3481 888 imperito
3516 830 3565 875 et

2334 883 2567 952 improbo
2602 900 2753 936 sensu
2783 886 3204 952 interpretantur.

2055 971 2251 1041 Nemo,
2303 972 2511 1042 inquit,
2544 977 2677 1028 venit
2718 977 2784 1027 ad
2814 993 2919 1040 me,
2966 979 3065 1031 nisi
3094 977 3284 1045 Pater,
3316 982 3401 1050 qui
3429 982 3565 1037 misit

1982 1078 2081 1127 me,
2108 1064 2381 1117 attraxerit
2404 1080 2515 1118 eum
2540 1065 2720 1135 (.Ioan.
2752 1066 2845 1129 vt).
2878 1067 3006 1132 Quis
3039 1078 3144 1122 tam
3175 1070 3456 1127 immemor
3479 1087 3567 1127 sa-

1981 1156 2108 1212 lutis
2153 1172 2265 1211 suae
2294 1158 2393 1223 sit,
2425 1158 2513 1228 qui
2541 1158 2862 1214 attrahentis
2902 1163 3326 1220 misericordiam
3369 1183 3590 1237 negare,

1982 1257 2291 1317 prmsumat.
2322 1248 2425 1303 Sed
2458 1250 2545 1304 ille
2569 1264 2694 1305 vere
2718 1251 2912 1321 impius
2938 1263 3019 1307 est
3041 1256 3130 1324 qui
3162 1270 3280 1310 eam
3312 1274 3419 1313 non
3448 1275 3565 1314 om-

1984 1339 2141 1393 nibus
2191 1339 2379 1409 ingeri,
2429 1355 2533 1395 non
2585 1342 2832 1396 omnibus
2865 1351 3088 1398 testatur
3142 1346 3395 1416 impendi.
3456 1350 3566 1405 Hoc
3626 1392 3629 1395 -

1983 1429 2102 1483 loco
2149 1433 2363 1486 attracti
2414 1432 2638 1487 Salutem
2685 1432 3003 1488 attrahentis
3035 1446 3183 1505 putat
3207 1454 3329 1494 esse
3355 1442 3565 1498 violen—

1985 1520 2137 1575 tiam.
2170 1526 2404 1591 Apparct
2438 1522 2586 1577 illum
2619 1539 2725 1577 non
2754 1538 2913 1578 nosse
2942 1525 3043 1579 nisi
3073 1537 3292 1583 catenas
3322 1530 3568 1586 obnoxia:

1986 1614 2296 1680 servitutis,
2335 1615 2426 1684 qui
2465 1617 2673 1671 devota:
2722 1618 2895 1672 nescit
2922 1619 3132 1673 vincula
3181 1621 3438 1677 caritatis.
3472 1625 3568 1679 Hie

1984 1714 2167 1759 autem
2220 1719 2399 1760 sermo
2436 1706 2650 1761 divinus
2694 1709 2998 1777 specialiter
3027 1710 3269 1780 increpat
3295 1713 3568 1771 hominem

290 1816 435 1865 mur,
464 1810 519 1856 et
548 1801 590 1854 si
621 1800 749 1854 illud
792 1800 1077 1877 inﬁdelitas
1096 1839 1111 1864 ,
1145 1800 1265 1868 quia
1292 1800 1486 1866 noluit,
1518 1816 1623 1857 non
1649 1804 1869 1872 recepit.
1904 1809 1955 1869 Β
1982 1796 2053 1851 de
2083 1798 2314 1868 propriis
2334 1798 2435 1854 sibi
2469 1800 2670 1855 viribus
2698 1812 3069 1871 arrogantem,
3103 1813 3156 1858 et
3178 1804 3246 1859 de
3268 1806 3450 1862 labore
3471 1824 3570 1865 suo

290 1892 425 1947 Nam
457 1892 620 1947 Deum
651 1891 889 1961 quolibet
921 1901 1162 1960 tempore
1192 1892 1280 1962 qui
1321 1894 1571 1961 quasivit
1594 1936 1609 1959 ,
1635 1893 1873 1962 invenit,
1922 1936 1927 1943 .

295 1994 353 2039 et
379 1985 469 2054 qui
496 1982 762 2038 invenisse
782 1997 887 2037 non
913 1983 1056 2037 visus
1078 1991 1160 2037 est
1184 1996 1288 2037 non
1316 1984 1581 2053 quaesivit.
1612 1984 1762 2053 Quod
1790 1986 1834 2041 si
1859 2030 1871 2051 ,

290 2075 742 2146 quemadmodum
775 2075 997 2147 abrupta
1029 2073 1367 2143 blasphemat
1395 2074 1672 2145 impietas,
1700 2076 1789 2131 alii
1809 2081 1875 2132 ad

292 2178 519 2225 mortem
560 2166 946 2237 praeordinati,
991 2166 1081 2220 alii
1124 2166 1486 2235 praedestinati
1519 2168 1767 2224 videntur
1808 2172 1875 2226 ad

294 2261 478 2323 vitam,
504 2259 701 2313 nullam
729 2257 972 2313 Christus
992 2256 1241 2313 veniendi
1264 2272 1500 2324 causam,
1535 2260 1732 2314 nullam
1766 2276 1877 2315 mo-

294 2352 469 2409 riendi
493 2367 651 2422 quam
679 2350 852 2420 pietas
876 2351 994 2419 ejus
1016 2350 1237 2415 invenit,
1269 2349 1454 2405 habuit
1475 2353 1873 2407 necessitatem.

293 2453 500 2507 Novum
531 2467 658 2522 ergo
682 2449 978 2507 remedium
1012 2448 1140 2503 nihil
1178 2463 1337 2518 agere
1360 2448 1531 2518 potuit
1558 2448 1603 2503 si
1631 2458 1756 2505 ante
1779 2465 1879 2505 sre—

294 2546 415 2599 cu'a
438 2559 526 2600 res
557 2545 817 2597 humanas
846 2541 1086 2596 deﬁnitio
1113 2549 1319 2595 vetusta
1352 2540 1602 2609 prteﬁxit.
1627 2541 1730 2597 Sed
1753 2541 1877 2609 quia

296 2636 475 2690 fatalis
504 2635 780 2706 persuasio
805 2676 819 2700 ,
872 2649 991 2704 qua:
1015 2634 1120 2687 vim
1150 2634 1503 2703 prtescientia:
1532 2634 1775 2703 cogentis
1799 2635 1879 2688 in-

296 2728 465 2794 ducit,
496 2727 817 2783 omnimodis
832 2726 1127 2795 respuenda
1156 2734 1255 2791 est,
1288 2723 1410 2779 ideo
1426 2726 1594 2795 magis
1623 2734 1676 2780 et
1705 2726 1876 2795 legem

295 2820 486 2883 dedit,
539 2830 592 2873 et
641 2818 926 2887 prophetas
976 2815 1165 2872 mediis
1224 2818 1553 2886 temporibus
1603 2818 1874 2885 excitavit,

296 2914 422 2983 quia
450 2912 727 2967 arbitrium
770 2910 1062 2965 voluntatis
1082 2909 1326 2963 humanm
1348 2918 1681 2964 attenuatum
1714 2924 1878 2965 nove-

222 3018 235 3031 “
295 3013 403 3071 rat,
429 3018 535 3058 non
556 3003 811 3057 ablatum.
838 3000 989 3069 Quod
1011 3001 1054 3054 si
1078 3016 1144 3055 ex
1173 3010 1284 3055 toto
1310 2999 1461 3071 vigor
1483 3001 1601 3069 ejus
1626 3002 1875 3069 perisset,

294 3097 568 3165 quomodo
586 3097 854 3165 legeretur
875 3113 887 3149 :
907 3094 971 3148 Et
986 3095 1157 3165 inlegc
1177 3094 1385 3147 Domini
1400 3095 1499 3163 fuit
1522 3095 1752 3149 voluntas
1768 3096 1878 3163 ejus

1984 1889 2147 1959 impie
2187 1902 2621 1960 praesumentem.
2684 1893 2818 1947 Cum
2865 1895 3005 1948 inter
3050 1895 3161 1951 haec
3213 1914 3350 1955 unus
3400 1910 3569 1957 totum

1983 1983 2153 2037 labori
2187 2026 2200 2047 ,
2227 1984 2361 2039 alter
2394 1995 2559 2040 totum
2592 1986 2777 2055 gratia:
2801 1986 3006 2056 judicet
3033 1989 3393 2059 deputandum
3419 2035 3433 2059 ,
3465 1997 3567 2050 im-

1984 2074 2161 2142 pletur
2184 2076 2234 2130 in
2266 2088 2492 2146 utroque
2522 2077 2708 2132 Graéca
2739 2081 3001 2134 sententia
3040 2099 3052 2134 :
3099 2083 3413 2141 Nimietates
3439 2129 3453 2151 ,
3481 2089 3567 2143 itt-

1983 2168 2129 2234 quit,
2153 2175 2206 2220 et
2228 2167 2621 2235 inaequalitates
2645 2180 2770 2223 sunt
2793 2170 2984 2224 similis
3011 2172 3352 2240 improbitas;
3390 2188 3443 2232 et
3470 2195 3564 2247 par

1983 2272 2104 2313 esse
2141 2260 2396 2328 probatur
2443 2262 2688 2331 impietas
2710 2302 2724 2325 ,
2751 2262 2796 2316 si
2832 2273 2996 2317 totum
3023 2266 3121 2319 soli
3154 2268 3338 2335 gratiae
3362 2311 3377 2335 ,
3412 2272 3494 2325 vel
3522 2275 3569 2326 si

1985 2359 2155 2405 totum
2184 2352 2281 2405 soli
2327 2353 2625 2407 ascribatur
2666 2353 2855 2409 labori.
2889 2356 3025 2421 Quid
3074 2372 3170 2412 nos
3192 2368 3403 2428 oportet
3431 2362 3569 2417 inter

1985 2443 2083 2496 ista
2108 2444 2330 2506 sentire,
2364 2444 2459 2500 nisi
2494 2454 2550 2498 ut
2588 2461 2801 2514 semper
2822 2448 3008 2516 gratia:
3046 2449 3391 2519 subjiciamus
3422 2455 3570 2509 labo-

1984 2551 2095 2588 rem
2128 2545 2182 2590 et
2224 2550 2438 2606 semper
2475 2539 2699 2606 gratiam
2745 2553 2866 2593 cum
2918 2539 3099 2596 labere
3129 2542 3434 2598 sociemus?
3459 2522 3567 2601 Sed

1982 2637 2110 2682 ante
2125 2629 2303 2683 omnia
2318 2630 2682 2708 arrogantiam
2709 2630 2909 2686 laboris
2930 2634 3274 2703 refugiamus,
3301 2653 3398 2692 nec
3418 2640 3572 2695 nobis

1981 2719 2270 2790 quidquam
2293 2721 2361 2777 de
2391 2723 2508 2790 ejus
2537 2722 2742 2778 meritis
2766 2724 3120 2791 vindicemus,
3148 2744 3213 2782 ne
3243 2729 3572 2789 Pharisaeuns

1982 2813 2179 2867 imitari
2220 2814 2497 2871 mortifera
2522 2814 2794 2883 iactantiae
2834 2819 3247 2887 praesumptione
3274 2822 3565 2878 videamur.

1982 2905 2118 2959 Nam
2167 2921 2286 2961 cum
2346 2908 2432 2962 ille
2480 2922 2642 2962 orans
2690 2909 3050 2965 indubitanter
3092 2928 3276 2966 verum
3329 2914 3565 2970 diceret:

1986 2994 2176 3067 Jejuno
2200 2996 2274 3050 bis
2292 2998 2346 3049 in
2371 2997 2611 3064 sabbato,
2654 2999 2879 3054 decimas
2910 3001 2977 3053 do
3016 3003 3242 3054 omnium
3263 3020 3571 3075 quazcunque

1986 3088 2222 3157 possideo
2251 3086 2399 3159 (Luc.
2432 3088 2606 3157 xvm),
2638 3090 2912 3143 evacuavit
2942 3091 3055 3145 veri
3079 3091 3260 3155 ﬁdem,
3288 3094 3406 3164 quia
3429 3098 3573 3151 veri-

296 3186 585 3257 (Ps.i).Et
609 3188 833 3242 iterum:
862 3185 1164 3239 Voluntarie
1183 3184 1483 3252 sacriﬁcabo
1500 3184 1610 3251 tibi,
1632 3184 1873 3239 Domine.
1905 3172 1950 3233 C
1988 3180 2081 3235 tati
2109 3181 2323 3234 miscuit
2343 3181 2656 3235 vanitatem.
2685 3181 2800 3235 Non
2823 3196 2951 3250 ergo
2978 3186 3241 3252 operatio,
3272 3185 3369 3241 sed
3393 3187 3572 3242 cordis

298 3281 368 3333 Et
398 3278 465 3331 ad
492 3277 855 3333 Philemonem
886 3294 898 3328 :
930 3275 997 3330 Ut
1028 3292 1125 3330 non
1151 3292 1213 3329 ea:
1238 3277 1560 3344 necessitate,
1588 3276 1676 3329 sed
1703 3276 1882 3330 volun-

297 3371 494 3427 larium
521 3378 647 3423 esset
679 3369 860 3422 bonum
890 3377 1050 3421 luunt.
1076 3367 1272 3422 Etcum
1294 3366 1431 3422 dicat
1474 3368 1526 3421 in
1560 3367 1875 3437 Evangelia:

297 3462 432 3514 Caro
451 3475 563 3512 mea
585 3468 829 3528 estquam
852 3473 941 3529 ego
968 3458 1101 3510 dabo
1118 3472 1210 3526 pro
1235 3455 1413 3509 mundi
1440 3456 1543 3509 vita
1571 3454 1749 3526 (Joan.
1777 3458 1878 3525 vr),

299 3550 548 3605 dubitare
579 3550 793 3619 penitus
823 3564 930 3603 non
969 3548 1227 3604 debemus
1266 3548 1409 3616 quod
1456 3558 1567 3603 toto
1598 3549 1795 3604 mundo
1822 3564 1882 3606 se

300 3641 659 3710 impenderit,
692 3642 781 3712 qui
827 3641 946 3710 plus
973 3641 1127 3719 dedit
1158 3654 1316 3705 quam
1352 3635 1495 3694 totus
1526 3642 1756 3696 mundus
1787 3658 1883 3697 va-

300 3733 463 3788 lebat.
492 3732 643 3788 Sicut
680 3741 734 3788 et
776 3733 964 3788 beatus
985 3734 1216 3789 Joannes
1249 3733 1585 3803 Evangelista
1611 3742 1836 3788 testatur
1862 3751 1880 3788 z

301 3822 424 3894 Ipse
472 3834 542 3877 est
589 3824 723 3878 enim
763 3826 1057 3895 prapitiatio
1107 3841 1199 3893 pro
1254 3826 1474 3894 peccatis
1529 3826 1737 3891 nostris,
1781 3842 1884 3879 non

302 3930 399 3988 pro
428 3916 612 3969 nostris
659 3923 827 3968 autem
870 3926 1087 3983 tantum,
1135 3917 1224 3969 sed
1267 3926 1314 3970 et
1354 3932 1448 3986 pro
1503 3917 1656 3970 totius
1704 3916 1884 3970 mundi

308 4004 364 4075 (I
394 4005 549 4059 Joan.
581 4008 657 4073 v).
686 4006 793 4060 Sed
820 4006 951 4061 dicis
982 4023 996 4061 :
1025 4006 1492 4074 Quomodo-totum
1514 4006 1767 4061 mundum
1802 4022 1885 4063 re-

302 4095 504 4151 demit?
524 4094 665 4150 Ecce
677 4094 920 4150 videmus
939 4098 1180 4151 homines
1196 4097 1247 4151 in
1263 4098 1497 4167 peccatis
1523 4098 1634 4151 suis
1661 4098 1844 4153 vivere
1867 4117 1880 4152 :

304 4188 574 4258 quomodo
604 4189 909 4258 putabimus
938 4190 1243 4260 redemptos
1267 4230 1283 4256 ,
1324 4205 1456 4259 quos
1484 4189 1727 4245 videmus
1759 4206 1883 4259 per-

303 4298 526 4339 manere
546 4283 952 4353 captivos?Hoc
979 4284 1096 4339 loco
1135 4283 1470 4339 intellectum
1513 4284 1578 4339 de
1615 4286 1885 4353 proposita

304 4376 655 4433 similitudine
684 4377 1019 4446 colligamus.
1044 4375 1205 4430 Verbi
1232 4376 1401 4447 gratia
1436 4392 1450 4429 :
1482 4377 1526 4430 si
1562 4377 1762 4446 legatus
1788 4376 1887 4431 ali-

306 4469 425 4535 quis
455 4467 537 4522 vel
574 4467 828 4522 sacerdos
866 4466 1256 4520 intercessurus
1301 4482 1396 4536 pro
1439 4466 1653 4521 civitate
1677 4468 1886 4538 captiva

1989 3272 2147 3327 elatio
2174 3272 2495 3328 declinanda
2525 3280 2629 3332 est.
2659 3272 3055 3343 Nemo,inquit,
3087 3276 3222 3329 venit
3248 3277 3315 3329 ad
3346 3294 3443 3344 me,
3473 3280 3574 3332 nisi

1988 3362 2148 3418 Pater
2186 3365 2450 3419 attraxerit
2480 3381 2617 3417 eum.
2668 3364 2913 3435 Nunquid
2954 3366 3100 3421 velut
3141 3366 3468 3424 insensibilis
3520 3379 3576 3426 et

1990 3457 2171 3528 inepta
2213 3458 2468 3512 materies
2506 3456 2575 3511 de
2604 3457 2723 3511 loco
2754 3457 2819 3511 ad
2857 3458 3033 3511 locum
3066 3461 3363 3515 movendus
3394 3472 3475 3517 est
3520 3471 3577 3518 et

1989 3548 2316 3604 trahendus?
2342 3547 2450 3603 Sed
2478 3549 2749 3604 assistenti
2772 3559 2827 3602 et
2852 3551 3063 3605 vocanti
3091 3552 3316 3607 Domino
3344 3553 3574 3609 famulus

1990 3654 2207 3693 manum
2270 3639 2414 3704 ﬁdei,
2466 3654 2567 3708 qua
2614 3639 2912 3693 attrahatur
2958 3642 3228 3707 extendit,
3276 3653 3328 3697 et
3378 3644 3507 3699 dicit
3554 3665 3571 3701 ε

1988 3728 2176 3797 Credo,
2224 3728 2483 3792 Domine;
2514 3729 3143 3799 adjuvaintredulitatem
3190 3750 3353 3787 meam
3377 3734 3571 3805 (Marc.

1990 3821 2088 3889 ιχ).
2122 3821 2189 3874 Ει
2216 3819 2289 3872 ita
2309 3833 2369 3873 se
2390 3820 2495 3873 duo
2520 3818 2619 3872 ista
2650 3820 2999 3888 conjungunt,
3024 3822 3346 3879 attrahentis
3376 3827 3570 3894 virtus,

1988 3924 2045 3969 et
2086 3912 2386 3967 obedientis
2441 3910 2663 3967 allectus
2697 3928 2711 3965 :
2746 3926 2851 3981 quo
2891 3912 3049 3967 modo
3100 3914 3143 3968 si
3194 3929 3336 3981 aeger
3380 3917 3574 3986 aliquis

1990 4018 2272 4072 assurgere
2293 4010 2535 4066 conetur,
2560 4012 2611 4056 et
2644 4001 2865 4057 facultas
2892 4003 3127 4058 animum
3163 4020 3269 4060 non
3292 4018 3571 4077 sequatur,

1989 4108 2043 4150 et
2074 4105 2356 4165 propterea
2387 4095 2486 4149 sibi
2516 4094 2714 4164 porrigi
2759 4095 3034 4149 dexteram
3074 4096 3411 4166 deprecetur.
3453 4098 3573 4155 Cla-

1992 4196 2102 4242 mat
2130 4187 2377 4242 voluntas
2397 4228 2412 4254 ,
2441 4189 2562 4256 quia
2586 4186 2695 4240 sola
2730 4201 2824 4255 per
2853 4202 2913 4242 se
2933 4186 3131 4242 elevari
3163 4191 3575 4247 nescitinlirmi-

1991 4287 2093 4334 tas.
2142 4279 2216 4334 Ita
2261 4279 2519 4355 Dominus
2546 4278 2735 4333 invitat
2762 4279 3027 4335 volentem
3052 4321 3067 4345 ,
3099 4282 3319 4336 attrahit
3352 4284 3572 4341 deside-

1993 4382 2220 4437 rantem,
2239 4372 2396 4441 erigit
2415 4370 2766 4425 adnitentem.
2797 4371 2933 4438 Quid
2964 4379 3048 4427 est
3076 4381 3251 4428 autem
3282 4378 3573 4445 attrahere,

1995 4464 2096 4519 nisi
2148 4463 2473 4533 praedicare,
2531 4462 2632 4516 nisi
2675 4462 3072 4533 Scripturarum
3123 4462 3577 4523 consolationibus

310 4560 513 4629 largius
548 4558 775 4627 pretium
825 4557 1058 4623 deserat,
1108 4566 1161 4611 et
1212 4558 1527 4613 universum
1567 4560 1889 4629 captivitatis
1914 4553 2232 4615 Dexcitare
2256 4596 2272 4622 ,
2326 4555 2799 4636 increpationibus
2836 4555 3148 4626 deterrere,
3220 4558 3576 4617 desideranda

307 4650 565 4720 populum
599 4649 663 4704 de
693 4664 851 4704 manu
881 4650 996 4717 ejus
1026 4648 1247 4718 recipiat
1276 4651 1363 4718 qui
1403 4649 1527 4704 belli
1547 4650 1667 4720 jura
1694 4651 1890 4707 retine-

306 4742 421 4803 hat,
483 4748 537 4793 et
583 4741 756 4793 omnis
794 4740 1013 4793 omnino
1066 4740 1335 4793 relaxetur
1368 4740 1449 4793 lex
1488 4754 1551 4794 ac
1600 4743 1889 4797 necessitas

306 4830 607 4893 st-ivitutis,
640 4838 694 4884 et
722 4832 861 4885 inter
891 4828 1070 4882 ιπεροεὶ
1091 4828 1227 4883 l‘orte
1257 4828 1363 4883 illic
1388 4828 1597 4899 aliquos
1629 4831 1694 4884 de
1723 4833 1891 4900 capti-

308 4920 389 4973 vis
430 4921 510 4974 vel
554 4922 841 4975 oblectatio
885 4920 1325 4986 consuetudinis,
1376 4920 1459 4974 vel
1504 4920 1639 4975 male
1666 4921 1891 4978 blandus

312 5012 494 5079 praedo
532 5012 811 5081 sollicitet,
856 5011 1144 5081 gratuitum
1180 5010 1498 5066 beneﬁcium
1524 5014 1889 5083 unusquisque

310 5101 602 5155 voluntatis
646 5118 757 5156 sua:
810 5117 997 5158 servus
1041 5111 1272 5166 recuset.
1316 5103 1554 5172 nunquid
1599 5105 1892 5162 minoravit

307 5194 532 5265 gratiam
562 5196 721 5265 pretii
748 5206 1089 5267 contemptus
1128 5196 1359 5267 ingrati?
1385 5197 1631 5267 Nunquid
1661 5199 1888 5270 aliquam

310 5288 700 5343 benevolentiae
733 5288 1091 5358 redemptoris
1126 5284 1305 5344 intulit
1331 5290 1735 5345 diminutionem
1758 5333 1772 5357 ,
1801 5292 1890 5362 qui

309 5380 517 5447 respuit
544 5378 890 5435 libertatem?
921 5380 1037 5436 Non
1083 5385 1150 5436 ita
1180 5391 1283 5438 est.
1312 5382 1581 5451 Quinimo,
1626 5384 1765 5438 sicut
1809 5399 1891 5439 re-

310 5472 609 5541 demptoris
652 5482 835 5543 gratus
866 5482 1041 5543 potest
1067 5489 1220 5542 esse,
1250 5477 1339 5546 qui
1368 5475 1546 5540 rediit,
1572 5475 1643 5531 ita
1670 5475 1737 5531 de
1764 5490 1892 5532 eon-

258 5596 261 5597 ν
310 5574 518 5635 temptu
559 5580 684 5620 reus
716 5574 798 5620 est
835 5565 927 5635 qui
984 5570 1260 5624 remansit.
1286 5568 1539 5624 Volentes
1568 5569 1709 5639 enim
1740 5570 1895 5625 rede-

308 5662 411 5715 mit
454 5650 788 5712 voluntatum
838 5668 1233 5714 remunerator.
1278 5660 1462 5716 Justus
1504 5662 1644 5716 enim
1695 5662 1895 5716 arbiter

313 5754 455 5807 Deus
505 5750 867 5805 voluntarium
897 5751 1043 5819 cupit
1070 5751 1270 5819 redire,
1323 5769 1481 5821 quem
1516 5770 1619 5808 non
1669 5754 1893 5809 invitum

556 5846 825 5904 PATROL.
875 5843 1080 5903 LVIII.

1996 4664 2336 4719 proponere,
2385 4649 2647 4703 intentare
2697 4647 3016 4713 metuenda,
3070 4649 3315 4715 iudicium
3363 4655 3577 4708 commi.

2001 4742 2146 4804 nari,
2182 4741 2456 4809 przrmium
2498 4738 2780 4807 polliceri?
2810 4730 2950 4792 Audi
2979 4739 3261 4795 Dominum
3292 4758 3399 4798 non
3427 4744 3577 4799 duris

2001 4833 2246 4897 nexibus,
2299 4830 2394 4885 sed
2448 4830 2690 4883 manibus
2738 4829 3118 4899 attrahentem,
3170 4844 3225 4888 et
3274 4835 3577 4893 dilectionis

2000 4922 2232 4976 brachiis
2273 4920 2585 4975 invitantem
2614 4962 2629 4984 ,
2662 4920 2802 4974 sicut
2833 4921 2908 4975 ait
2929 4923 3185 4992 propheta
3215 4942 3227 4977 :
3257 4927 3462 4981 Attraxi
3491 4945 3577 4983 eos

1995 5015 2049 5066 in
2074 5013 2289 5066 vinculis
2310 5012 2539 5065 caritatis
2562 5010 2706 5081 (Ose.
2731 5012 2830 5081 ιιι).
2864 5013 2926 5067 Ει
2951 5014 3081 5068 illud
3106 5032 3119 5068 :
3151 5014 3277 5069 Post
3295 5024 3342 5070 te
3364 5018 3415 5070 in
3447 5020 3580 5072 odo-

1996 5122 2103 5159 rem
2135 5111 2508 5175 unguentorum
2550 5114 2756 5157 tuorum
2782 5107 3034 5159 currimus
3064 5105 3236 5175 (Cant.
3264 5114 3326 5171 ι).
3370 5108 3435 5163 Et
3457 5110 3578 5165 ideo

1997 5196 2165 5251 dicit:
2209 5193 2383 5249 Venite
2411 5194 2479 5247 ad
2516 5210 2629 5260 me,
2670 5210 2843 5249 omnes
2872 5197 2960 5264 qui
3000 5196 3243 5251 laboratis
3288 5208 3336 5252 et
3384 5205 3581 5257 onerati

1999 5288 2138 5352 estis,
2178 5295 2223 5340 et
2251 5301 2344 5357 ego
2384 5285 2611 5355 reﬁciam
2642 5300 2725 5339 vos
2758 5285 2972 5357 (Matth.
3002 5286 3115 5357 xi),
3160 5305 3227 5344 ne
3255 5290 3396 5345 ullus
3419 5307 3580 5347 excu-

1999 5392 2120 5432 sare
2160 5391 2218 5432 se
2257 5370 2425 5446 possit
2476 5375 2744 5441 exclusus,
2793 5377 2880 5445 qui
2920 5378 3253 5435 convincitur
3302 5382 3574 5437 invitatus.

2000 5469 2148 5523 Licet
2173 5469 2313 5522 enim
2350 5482 2454 5522 non
2484 5481 2671 5522 omnes
2710 5468 3068 5525 obedientiam
3093 5470 3425 5549 exhibituros
3455 5486 3577 5528 esse

2004 5570 2396 5634 praenosceret,
2421 5561 2669 5617 omnibus
2695 5570 2869 5617 tamen
2901 5571 2958 5618 et
2979 5564 3116 5619 velle
3138 5572 3191 5619 et
3221 5577 3381 5633 posse
3408 5562 3578 5619 dona-

2004 5662 2172 5707 verat.
2206 5652 2315 5707 Hoc
2369 5654 2487 5707 loco
2530 5653 2758 5709 sollicite
2796 5656 3099 5723 requiratur
3144 5662 3323 5708 utrum
3352 5654 3580 5726 quisque

2002 5749 2199 5804 attrahi
2232 5748 2356 5804 velit
2402 5764 2467 5802 an
2500 5748 2649 5803 nolit.
2685 5748 2741 5802 Si
2788 5764 2890 5801 non
2922 5748 3051 5813 vult,
3099 5747 3369 5803 assolitam
3416 5758 3580 5806 attra~

3188 5835 3265 5896 26
