4068 6348
291 482 399 539 815

1387 490 1472 546 DE
1512 489 1765 547 GRATIA
1803 491 1948 559 DEI,
1989 490 2165 580 ETC.,
2207 493 2334 548 LIB.
2375 495 2438 553 ll.

3453 494 3559 556 ειι

290 599 606 662 moriemini,
631 609 814 654 domus
840 600 1292 673 Israel;quoniam
1320 607 1437 659 nolo
1470 620 1682 661 mortem
1703 609 1867 678 impii,
1977 607 2216 675 homini,
2250 607 2343 664 sed
2374 624 2692 665 consensum
2739 611 2970 667 hominis
3019 614 3278 669 voluntati
3326 630 3436 671 sua:
3461 616 3557 671 de-

287 689 416 741 dicit
454 688 740 744 Dominus?
771 693 1094 746 Revertimini
1136 705 1183 748 et
1221 696 1361 750 vivite
1409 697 1621 767 (Ezech.
1658 701 1870 770 xum).

291 778 358 833 Et
385 781 655 848 quomodo
675 797 766 836 eos
790 783 841 834 in
866 793 1190 848 mortcm,ut
1223 787 1587 856 blasphemas,
1625 792 1872 859 impellit,

288 884 428 936 quos
446 870 510 923 ad
525 873 681 923 vitam
699 887 802 924 non
816 865 988 926 solum
1013 875 1408 943 nutujubentis,
1426 879 1517 932 sed
1536 879 1729 934 affectu
1750 896 1875 947 sup-

288 960 544 1028 plicantis
585 947 791 1015 invitat.
829 962 993 1018 ltem:
1027 963 1146 1017 Vivo
1163 982 1273 1037 ego,
1304 967 1426 1020 dicit
1452 969 1732 1035 Dominus;
1755 974 1873 1025 nolo

281 1057 499 1102 mortem
519 1051 682 1120 impii,
699 1053 786 1104 sed
813 1062 868 1104 ut
885 1058 1356 1127 revertatnrimpius
1379 1076 1408 1112 a
1424 1061 1501 1112 via
1525 1055 1638 1125 sua,
1669 1073 1715 1116 et
1740 1064 1873 1116 vivat

283 1140 300 1206 (
317 1135 365 1190 Ν
374 1157 480 1222 unt.
502 1141 628 1207 xw).
651 1131 896 1196 Reditum
921 1159 979 1197 se
996 1144 1047 1198 in
1070 1155 1331 1212 potestate
1345 1148 1541 1204 habere
1559 1163 1866 1220 cognoscat,

283 1231 425 1299 quia
446 1226 669 1312 Domino
694 1223 1012 1303 provocatur
1042 1247 1097 1291 ut
1124 1240 1467 1295 reileut.Vivo
1495 1246 1744 1312 ego,dicit
1769 1243 1870 1299 Do-

284 1325 481 1376 minus.
518 1323 592 1378 Ne
619 1311 686 1379 de
718 1311 1040 1396 indulgentia
1065 1344 1188 1382 reus
1205 1311 1608 1400 dubitat,judex
1631 1335 1868 1391 clemen-

282 1415 413 1466 tiam
441 1429 589 1468 suain
635 1405 797 1470 etiam
837 1415 1061 1484 quadam
1095 1423 1414 1476 sacramenti
1467 1423 1868 1492 interpositione

280 1504 586 1559 conﬁrmat.
622 1497 726 1561 Sed
759 1491 811 1562 et
841 1523 936 1580 per
966 1510 1191 1577 apostoli
1239 1509 1377 1566 Petri
1409 1491 1727 1570 sententiam
1768 1533 1865 1572 vo-

281 1596 464 1651 luntas
495 1598 860 1668 benignissimi
914 1591 1216 1655 insinuatur
1269 1601 1486 1659 actoris.
1524 1605 1644 1660 Non
1675 1609 1864 1676 tardat,

275 1684 478 1758 inquit,
515 1685 762 1743 Dominus
809 1685 1111 1761 promissum
1159 1711 1334 1760 suunt,
1371 1696 1458 1750 sed
1484 1699 1732 1767 patienter
1762 1700 1868 1770 agit

280 1789 494 1848 propter
519 1780 822 1852 vos,_nolens
852 1782 1053 1854 aliquos
1091 1787 1275 1853 perire,
1308 1788 1396 1839 sed
1423 1777 1492 1841 ad
1523 1792 1865 1857 paenitentiam

281 1861 586 1956 revertil(lll
612 1863 730 1956 Pet.
775 1881 872 1946 ιιι).
914 1875 1159 1931 Ρεοοιιηιί
1210 1878 1468 1948 ingeritur
1525 1883 1861 1951 poenitentia,

1982 699 2144 754 fuisse
2174 699 2510 754 monstravit.
2541 700 2678 768 Quid
2710 704 2902 756 mirum
2926 705 2970 760 si
3000 721 3096 772 pro
3127 707 3299 760 salute
3325 708 3556 768 hominis

1981 787 2249 863 lacrymas
2284 789 2438 856 ludit,
2471 805 2592 845 mox
2618 795 2932 862 sanguinem
2958 795 3272 864 prolusurus
3296 799 3318 852 ?
3350 800 3476 854 ltem
3499 802 3550 856 in

1980 880 2232 934 Matutino
2267 898 2279 933 :
2311 880 2620 948 Jerusalem,
2660 901 2773 954 qua:
2801 887 2990 940 occidis
3021 888 3316 956 prophetas,
3344 900 3392 943 et
3424 891 3556 957 lapi-

1977 971 2072 1046 das
2099 986 2186 1046 eos
2207 971 2294 1039 qui
2313 972 2381 1024 ad
2424 982 2469 1024 te
2497 974 2640 1026 missi
2685 986 2823 1042 sunt,
2850 979 3044 1046 quoties
3069 981 3206 1034 volui
3245 997 3552 1052 congregare

1974 1061 2112 1129 ﬁlios
2142 1071 2256 1116 tuos
2286 1065 2416 1117 sicut
2443 1064 2640 1136 gallina
2670 1077 2940 1138 congregat
2964 1071 3129 1138 pulios
3169 1089 3287 1127 suos
3316 1074 3406 1127 sub
3440 1075 3551 1127 alas

1973 1169 2128 1221 suas,
2163 1165 2206 1208 et
2244 1157 2475 1210 noluisti.
2523 1157 2664 1211 Duas
2715 1174 2799 1213 res
2830 1160 2915 1214 hic
2954 1163 3063 1232 agit
3099 1176 3276 1218 sermo
3318 1165 3548 1219 divinus.

1973 1244 2106 1300 Nam
2138 1247 2260 1300 dum
2294 1249 2460 1303 dicit:
2501 1251 2709 1318 Quoties
2745 1251 2918 1318 volui,
2972 1264 3017 1306 et
3066 1255 3291 1319 noluisti,
3338 1257 3389 1311 in
3441 1258 3553 1312 Deo

1973 1338 2231 1406 propositi
2259 1337 2489 1406 bonitas,
2523 1340 2574 1392 in
2602 1341 2813 1394 homine
2844 1343 3050 1396 arbitrii
3085 1353 3166 1398 est
3206 1327 3458 1414 expressa
3487 1347 3550 1401 li-

1971 1428 2169 1482 bertas.
2195 1429 2430 1483 Dicendo
2461 1440 2636 1486 autem
2683 1448 2696 1484 :
2730 1430 3038 1504 Jerusalem,
3061 1451 3174 1504 qua:
3217 1437 3407 1490 occidis
3431 1455 3550 1506 pro-

1971 1519 2174 1588 phetas,
2204 1532 2248 1574 et
2272 1522 2472 1590 lepidas
2503 1539 2584 1576 eos
2610 1525 2696 1594 qui
2721 1524 2787 1577 ad
2819 1532 2865 1575 te
2904 1525 3046 1578 missi
3087 1536 3225 1590 sunt,
3257 1529 3466 1584 salvare
3489 1545 3548 1584 se

1970 1623 2064 1664 eos
2093 1611 2324 1666 voluisse
2343 1613 2671 1680 pronuntiat,
2705 1628 2825 1666 cum
2859 1613 3134 1668 evidenter
3157 1616 3393 1684 proferat
3423 1635 3548 1674 cau-

1971 1686 2058 1754 sas
2090 1715 2184 1768 per
2214 1715 2345 1767 quas
2376 1689 2599 1756 salutent
2631 1691 2708 1756 eis
2739 1718 2934 1771 negare
2982 1704 3244 1760 debuerit.
3294 1708 3402 1762 lloc
3431 1710 3547 1764 loco

1969 1790 2168 1868 duplici
2218 1806 2414 1860 genere
2467 1793 2518 1845 in
2571 1781 2726 1848 servo
2772 1794 3023 1863 iniquitas
3073 1806 3310 1852 cruentae
3355 1800 3547 1854 mentis

1968 1881 2290 1936 ostenditur.
2327 1883 2382 1937 ln
2415 1883 2642 1939 Domino
2675 1885 3002 1955 indulgentia
3034 1889 3430 1959 benignissima:
3455 1907 3548 1946 vo-

281 1955 342 2038 ιιί
451 1951 791 2052 cnnler'enda
824 1967 1189 2022 misericordia
1238 1963 1413 2025 locum
1463 1974 1630 2042 possit
1672 1975 1866 2034 habere
1896 1951 1945 2043 ἡ
1973 1974 2193 2028 luttlatis
2225 1975 2485 2044 aperitur.
2514 1969 2566 2031 Si
2597 1975 2738 2031 Deus
2767 1980 2939 2047 perire
2961 1980 3072 2034 vult
3101 1981 3390 2048 hominem,
3414 1999 3546 2052 quo-

279 2041 509 2124 ius-litin.
564 2043 670 2110 Sed
717 2057 1001 2129 patienter,
1035 2051 1240 2130 inquit,
1289 2063 1392 2134 agit
1437 2041 1860 2124 emendationem

297 2141 563 2215 hominis,
595 2137 716 2216 quia
747 2147 1101 2240 ‘i'mpatienter
1139 2149 1437 2222 desiderat,
1479 2160 1743 2227 patienter
1773 2177 1866 2216 ex-

285 2229 518 2307 spectat.
548 2240 678 2294 ltem
710 2229 1000 2296 secundum
1030 2243 1224 2298 Lucam
1252 2262 1266 2300 :
1291 2245 1357 2299 Et
1390 2259 1443 2301 ut
1482 2253 1861 2322 appropinqua-

285 2332 378 2396 vit,
411 2332 587 2385 videns
615 2334 884 2397 civitatem,
926 2336 1063 2403 ﬂevit
1103 2353 1258 2406 super
1306 2340 1450 2392 illam
1497 2342 1669 2396 dicens
1692 2358 1712 2398 :
1745 2343 1865 2399 Non

279 2409 561 2491 relinquent
586 2411 637 2476 in
687 2433 732 2479 te
760 2417 983 2492 lapidem
1018 2415 1168 2497 super
1208 2430 1467 2497 lapidem,
1504 2449 1560 2486 eo
1591 2433 1727 2503 quod
1759 2453 1861 2490 non

279 2507 572 2583 cognoveris
597 2524 795 2584 tempus
817 2507 1120 2572 uisitationis
1145 2528 1245 2572 tua:
1276 2519 1424 2591 (Luc.
1454 2525 1586 2594 XIX).
1614 2523 1707 2578 Hic
1734 2541 1862 2578 con-

278 2606 572 2674 stringendi
596 2616 719 2661 sunt
749 2607 1004 2664 hzeretici.
1041 2610 1099 2668 Si
1132 2611 1387 2669 Dominus
1411 2615 1660 2682 perituris
1675 2617 1862 2671 salutis

278 2687 654 2753 intercluserat
701 2700 939 2767 aditum,
1006 2717 1134 2772 ergo
1190 2704 1324 2760 falso
1374 2707 1594 2762 istorum
1642 2709 1862 2764 deflevit

279 2795 523 2849 exitium.
553 2794 608 2850 Si
636 2805 812 2850 autem
837 2813 1017 2851 eorum
1050 2799 1403 2869 perditionem
1428 2818 1556 2858 vero
1587 2803 1669 2875 (ut
1690 2805 1862 2859 mani-

280 2885 474 2972 festum
507 2885 609 2956 est)
632 2901 865 2941 maerore
893 2887 1180 2956 perdoluit,
1213 2906 1317 2945 non
1343 2895 1670 2949 voluntatem
1710 2910 1858 2949 suam

1965 2065 2128 2120 modo
2157 2065 2286 2120 dicit
2330 2066 2490 2120 etiam
2525 2070 2784 2136 praplicta
2820 2070 3107 2124 Michzeas:
3140 2071 3387 2126 Indicabo
3433 2073 3542 2139 tibi,

1967 2177 1996 2212 ο
2023 2159 2199 2226 homo,
2229 2161 2352 2223 quid
2391 2162 2456 2214 sit
2499 2153 2683 2214 bonum
2713 2155 2758 2214 et
2798 2163 2922 2229 quid
2965 2163 3214 2218 Dominus
3260 2165 3480 2236 requirat
3512 2185 3543 2219 a

1964 2263 2010 2306 te
2031 2270 2047 2315 ς
2070 2253 2236 2318 utique
2258 2253 2422 2319 facere
2441 2253 2723 2322 judicium,
2749 2263 2793 2304 et
2825 2252 3038 2322 diligere
3067 2255 3466 2308 misericordiam
3495 2266 3542 2310 et

1959 2343 2236 2406 sollicitum
2277 2342 2542 2396 ambulare
2584 2328 2699 2395 cum
2741 2343 2848 2397 Deo
2894 2355 2980 2398 tuo
3026 2343 3222 2414 (Mich.
3251 2344 3354 2416 v1).
3405 2347 3539 2402 Dum

1965 2436 2114 2501 dicit,
2147 2445 2194 2488 et
2238 2435 2362 2504 quid
2388 2432 2642 2488 Dominus
2667 2447 2859 2503 quwrat
2887 2453 2916 2488 a
2942 2445 3006 2500 te,
3053 2438 3224 2507 utique
3243 2437 3410 2506 facere
3441 2443 3540 2511 juc

1967 2527 2180 2591 dicium,
2207 2534 2506 2594 promptam
2530 2526 2814 2580 exercendi
2844 2526 2969 2580 boni
3011 2527 3188 2596 operis
3209 2519 3536 2584 voluntatem

1968 2631 2072 2672 non
2107 2625 2433 2687 reposceret,
2457 2617 2500 2672 si
2525 2632 2627 2670 non
2652 2616 2910 2672 dedisset.
2942 2617 3100 2672 Vides
3126 2620 3248 2688 quia
3280 2620 3417 2676 sicut
3444 2620 3541 2676 Dei

1967 2719 2049 2764 est
2076 2718 2135 2763 ut
2166 2724 2466 2778 provocans
2492 2707 2827 2775 adhortetur,
2862 2707 2933 2762 ita
2963 2706 3281 2764 obedientice
3310 2708 3540 2766 hominis

1967 2809 2297 2855 reservatum
2318 2811 2399 2855 est
2429 2808 2484 2854 ut
2511 2810 2783 2869 sequatur.

289 3004 3514 3030 —_———_—————__—_—_‘————————_———

1137 3085 1654 3195 LIBER
1732 3081 2598 3192 SECUNDUS.

794 3227 1015 3300 CAPUT
1055 3244 1338 3300 PRIMUM.

280 3337 475 3393 Contra
495 3338 588 3391 hac
608 3336 741 3406 quod
770 3336 916 3405 impie
940 3348 1170 3409 asserunt
1196 3355 1227 3390 a
1254 3337 1362 3394 Deo
1384 3339 1677 3394 induratum
1699 3340 1857 3409 fuisse

820 3424 905 3462 cor
935 3407 1250 3463 Pharaonis.

353 3525 452 3578 llic
485 3538 701 3578 sensum
750 3524 1039 3593 Scriptura:
1067 3533 1265 3578 sancta:
1293 3523 1576 3579 sollicitius
1621 3538 1860 3592 perscru-

283 3631 477 3684 temur,
518 3626 569 3672 et
607 3618 904 3686 objicientis
946 3618 1182 3671 animum
1228 3617 1637 3681 coniundamus,
1681 3627 1856 3672 utrum

281 3708 489 3764 Pharao
525 3709 730 3776 volens,
765 3723 832 3762 an
877 3707 1076 3762 invitus
1121 3723 1150 3761 a
1184 3708 1412 3762 Domino
1441 3707 1600 3762 fuerit
1642 3707 1858 3762 indura-

281 3813 384 3856 tus.
415 3802 471 3855 Si
499 3797 712 3868 volens,
743 3801 838 3869 ipsi
877 3800 1059 3868 utique
1088 3799 1301 3868 culpam
1337 3799 1701 3855 obdurationis
1729 3799 1860 3852 assi-

282 3890 444 3960 gnas;
490 3891 535 3947 si
580 3908 706 3947 vero
752 3891 980 3958 invitus,
1027 3892 1359 3962 iniquitatem
1407 3891 1500 3945 Dei
1545 3890 1858 3946 obdurantis

282 3991 520 4039 accusas.
551 3985 677 4052 Quze
707 3985 867 4039 etiam
899 3983 1105 4053 justitia
1135 3991 1282 4048 erat,
1315 3985 1359 4037 si
1404 3997 1561 4052 quem
1604 3983 1716 4052 ipse
1757 3982 1856 4036 ob-

281 4075 600 4141 duraverat,
637 4077 750 4145 ipse
777 4075 1022 4145 puniret?
1052 4075 1181 4130 cum
1213 4090 1340 4130 vero
1368 4075 1621 4130 Dominus
1647 4075 1760 4142 ipse
1790 4073 1857 4127 ad

283 4184 403 4221 eum
431 4169 676 4237 loquatur
700 4177 753 4222 et
779 4167 954 4221 dicat:
985 4165 1088 4220 C-ur
1116 4183 1219 4220 non
1240 4167 1317 4220 vis
1337 4167 1589 4219 dimittere
1615 4165 1859 4234 populum

281 4264 483 4315 meum?
511 4262 584 4315 vel
616 4276 874 4332 usquequo
901 4276 1003 4313 non
1031 4261 1104 4314 vis
1138 4260 1322 4331 subjici
1348 4259 1467 4312 mihi
1496 4257 1700 4330 (Exod.
1724 4256 1858 4324 vn)?

280 4367 407 4409 ecce
439 4355 523 4408 ubi
566 4353 758 4408 divinis
796 4353 1114 4408 testimoniis
1152 4354 1372 4408 liberam
1413 4351 1579 4406 fuisse
1629 4351 1681 4430 in
1723 4349 1858 4402 Pha-

279 4459 444 4498 raone
479 4444 816 4514 agnoscimus
852 4445 1200 4500 voluntatem.
1244 4444 1353 4498 Hac
1384 4444 1591 4498 ratione
1623 4442 1857 4496 Pharao-

280 4551 435 4600 nem,
469 4535 596 4590 dicit
630 4536 911 4601 Dominus,
957 4536 1257 4601 obdurabo,
1305 4535 1432 4589 dum
1463 4549 1587 4589 eum
1627 4533 1760 4587 mihi
1804 4533 1857 4587 in

1881 3255 1930 3320 ο
1959 3244 2122 3300 dicit:
2160 3229 2428 3296 obdurdvit
2470 3259 2556 3296 cor
2595 3260 2775 3310 suum,
2818 3259 2924 3299 non
2973 3246 3239 3313 passivum
3287 3257 3403 3314 est,
3446 3249 3538 3306 sed

1961 3337 2212 3392 activum.
2245 3335 2333 3389 Vis
2362 3337 2501 3390 scire
2528 3335 2650 3404 quia
2680 3336 2856 3391 divina
2904 3338 3271 3392 moderatione
3309 3340 3380 3394 ob
3413 3353 3540 3394 cau-

1961 3445 2075 3486 sam
2116 3429 2378 3484 induratte
2423 3432 2615 3483 mentis
2658 3430 2945 3497 operatur?
2985 3429 3125 3485 ldem
3172 3435 3286 3500 ipse
3331 3431 3541 3487 Pharao

1963 3524 2018 3580 in
2051 3525 2234 3579 decem
2283 3523 2451 3593 plagis
2498 3523 2701 3592 positus
2743 3538 2863 3576 cum
2896 3531 3285 3592 percuteretur,
3311 3525 3541 3596 mitiga-

1960 3619 2150 3682 batur;
2183 3633 2304 3671 cum
2352 3618 2644 3680 laxaretur,
2677 3615 3072 3685 ingravabatur.
3110 3620 3186 3672 Ac
3227 3618 3274 3672 si
3320 3620 3542 3688 impium

1961 3712 2138 3766 divina
2169 3709 2429 3766 severitas
2461 3709 2781 3775 inclinabat,
2810 3709 3019 3764 bonitas
3045 3710 3372 3778 obdurabat,
3400 3722 3456 3767 et
3483 3721 3542 3769 ut

1960 3817 2019 3857 se
2047 3817 2169 3858 esse
2210 3800 2367 3855 liberi
2410 3800 2617 3852 arbitrii
2647 3799 3069 3865 demonstraret,
3112 3803 3404 3871 castigante
3431 3804 3541 3859 Deo

1960 3893 2213 3962 populum
2261 3891 2597 3954 dimittebat,
2639 3902 2890 3959 parcente
2931 3892 3235 3946 revocabat.
3285 3895 3540 3963 Perspiee

1961 3984 2228 4052 quomodo
2253 3981 2508 4038 rebellem
2536 3983 2779 4052 spiritum
2807 3983 3041 4038 caelestis
3071 3985 3258 4039 lenitas
3285 3987 3538 4043 obdurat.

1961 4079 2356 4135 Accedentibus
2404 4079 2703 4133 mitioribus
2759 4085 2814 4132 et
2858 4077 3078 4145 ﬂagellis
3124 4082 3425 4136 recentibus
3455 4083 3539 4136 in-

1963 4171 2200 4226 SOICsCll.
2257 4173 2501 4240 Agnusce
2563 4171 2822 4222 rationem
2879 4169 3281 4237 ohdurationis,
3329 4184 3382 4226 et
3430 4175 3538 4229 vim

1962 4261 2190 4332 propria:
2215 4261 2522 4315 voluntatis.
2549 4260 2825 4313 llebrmum
2857 4259 3110 4328 pupulum
3132 4303 3146 4327 ,
3176 4276 3335 4330 quem
3357 4265 3541 4331 egredi

1961 4367 2058 4423 pro
2095 4352 2340 4420 imposita
2383 4351 2484 4404 sibi
2515 4350 2833 4404 contritione
2871 4365 3012 4403 nunc
3056 4351 3322 4421 praecipit,
3352 4364 3403 4408 et
3443 4370 3539 4422 pro

1960 4443 2232 4511 plagarum
2261 4441 2628 4496 moderatione
2660 4454 2799 4493 nunc
2829 4440 3111 4509 prohibet,
3138 4441 3204 4494 ad
3235 4451 3537 4498 extremum

1962 4535 2386 4588 incumbentibus
2435 4533 2603 4604 plagis
2670 4533 2830 4587 etiam
2898 4532 3118 4587 festinus
3175 4544 3427 4604 perurget
3484 4549 3539 4592 et

278 4630 467 4683 decem
512 4629 698 4698 plagis,
731 4643 862 4698 quas
891 4643 920 4680 a
962 4628 1142 4695 Moyse
1179 4638 1430 4681 exoratus
1463 4641 1735 4688 removeo,
1771 4627 1853 4678 in-
1880 4630 1937 4692 Ι)
1962 4626 2114 4680 abire
2151 4625 2442 4693 compellit.
2488 4623 2604 4678 Non
2651 4639 2779 4693 ergo
2817 4622 3094 4678 induratur
3137 4625 3188 4678 in
3231 4627 3396 4681 multa
3445 4628 3538 4683 Dei

277 4721 484 4775 Sultare
518 4724 784 4788 permitto.
832 4717 972 4788 Ego,
1023 4718 1224 4785 inquit,
1269 4716 1530 4770 obdurabo
1573 4731 1661 4768 cor
1708 4713 1853 4768 Pha-

276 4813 472 4866 raonis.
494 4813 581 4866 Sic
608 4810 870 4865 interdum
903 4808 1238 4863 familiariter
1259 4810 1418 4863 etiam
1446 4808 1582 4877 apud
1607 4808 1852 4863 homines

277 4904 435 4971 hujus
463 4903 780 4957 elocutionis
808 4901 916 4955 vim
945 4901 1286 4962 assumimus,
1315 4901 1391 4953 sic
1425 4899 1688 4952 interdum
1717 4913 1850 4953 con-

275 4993 576 5048 tumacibus
600 4991 814 5047 famulis
852 4989 1234 5060 exprobramus
1264 4989 1721 5046 mansuetudinem
1756 5005 1852 5043 no-

273 5095 463 5148 stram,
491 5083 562 5138 ita"
590 5084 867 5139 dicentes:
905 5083 1015 5154 Ego
1047 5081 1294 5151 patientia
1327 5095 1444 5136 mea
1475 5092 1526 5135 te
1553 5081 1848 5150 pessimum

273 5175 404 5241 feci,
439 5185 537 5245 ego
561 5175 875 5231 remissione
914 5189 1031 5230 mea
1060 5175 1313 5228 malitiam
1343 5180 1484 5226 tuam
1516 5171 1849 5241 superbiam-

273 5281 376 5335 que
417 5268 648 5334 nutri'vi,
695 5269 794 5336 ego
838 5272 886 5322 te
936 5277 1304 5321 contumacem
1360 5264 1682 5332 indulgentia
1730 5277 1848 5318 mea

272 5357 510 5422 reddidi,
536 5372 636 5428 ego
659 5357 1086 5413 dissimulatione
1112 5371 1227 5410 mea
1249 5370 1342 5410 cor
1374 5365 1520 5409 tuum
1540 5395 1556 5422 ,
1587 5364 1641 5408 ut
1665 5362 1849 5409 contra

272 5457 361 5500 me
400 5446 695 5502 obduretur
733 5449 985 5501 animavi.
1015 5447 1081 5503 Et
1121 5448 1222 5502 hoc
1248 5446 1409 5502 modo
1441 5445 1584 5515 quod
1612 5445 1848 5499 bonitate

275 5535 483 5591 Domini
505 5540 716 5593 virtutis
741 5548 823 5593 est
849 5539 1232 5605 testimonium,
1259 5539 1318 5592 in
1339 5538 1485 5594 servi
1507 5537 1847 5607 improbitate

273 5629 334 5682 ﬁt
360 5631 564 5685 vitium.
591 5633 676 5686 Ait
704 5641 880 5687 autem
912 5647 1088 5686 sermo
1117 5631 1326 5686 divinus
1352 5651 1362 5683 :
1401 5631 1680 5700 Videasque
1707 5628 1849 5682 Pha-

272 5735 367 5773 rao
396 5737 454 5775 eo
494 5724 630 5792 quod
669 5728 790 5777 data
835 5731 962 5777 esset
1001 5725 1218 5791 requies,
1256 5725 1540 5793 ingravavit
1583 5740 1668 5777 cor
1699 5740 1845 5778 suum

273 5810 472 5883 (Exod.
498 5817 636 5883 vin).
667 5815 1093 5870 Manifestissime
1122 5816 1222 5868 hoc
1262 5817 1375 5869 loco
1404 5817 1604 5870 indulta
1637 5818 1847 5884 requies

271 5915 371 5959 cur
399 5905 690 5962 Pharaonis
715 5907 990 5961 indurassc
1011 5907 1376 5972 perscribitur.
1407 5907 1515 5961 lluc
1535 5909 1676 5962 enim
1705 5906 1846 5975 quod

1959 4721 2228 4788 potentia,
2259 4719 2352 4772 sed
2383 4725 2720 4786 contemptor
2746 4715 2976 4772 efﬁcitur
3018 4718 3067 4771 in
3113 4720 3272 4772 multa
3312 4720 3403 4774 Dei
3443 4737 3536 4790 pa-

1957 4809 2161 4863 tientia.
2215 4808 2454 4875 Denique
2501 4808 2645 4861 inter
2697 4809 2930 4862 alternas
2980 4809 3125 4863 vices
3173 4812 3536 4880 castigationis

1958 4911 2011 4955 et
2041 4900 2370 4954 remissionis
2411 4897 2706 4968 ﬂagellatus
2737 4900 3070 4964 humiliatur,
3103 4904 3384 4957 exauditus
3423 4905 3531 4959 eri-

1958 4993 2132 5061 gitur,
2187 4991 2442 5044 liberatus
2493 4989 2743 5054 insultat,
2791 4991 3018 5044 al'llictus
3065 4992 3424 5063 obtemperat,
3479 5004 3533 5049 et

1957 5084 2096 5138 ﬁlios
2142 5081 2460 5137 lsraeliticos
2491 5090 2609 5150 post
2634 5081 2897 5136 decimam
2930 5083 3134 5151 plagam
3167 5087 3406 5138 emis:sse
3436 5101 3530 5138 co-

1956 5177 2247 5247 gnoscitur.
2276 5174 2342 5228 ad
2373 5176 2595 5243 primam
2623 5187 2743 5229 cum
2775 5173 3018 5228 emittere
3063 5175 3300 5242 potuisse
3343 5177 3530 5230 volun-

1960 5277 2036 5321 tas
2073 5275 2337 5334 postrema
2371 5273 2616 5318 testatur.
2661 5265 2871 5318 Etcum
2905 5266 3042 5318 inter
3095 5265 3299 5319 medias
3347 5283 3530 5321 curre-

1959 5359 2168 5427 ptiones
2197 5357 2512 5425 proliteatur
2542 5373 2554 5408 :
2597 5353 2776 5410 Justus
2815 5372 2886 5423 es,
2921 5348 3168 5420 Domine;
3210 5372 3300 5426 ego
3330 5374 3444 5411 vero
3484 5370 3530 5412 et

1957 5448 2174 5520 populus
2202 5465 2340 5502 meus
2371 5443 2516 5516 impii
2548 5447 2742 5518 (Exod.
2775 5450 2848 5519 ix)
2870 5491 2883 5515 ,
2934 5464 3038 5503 non
3068 5463 3127 5504 se
3154 5464 3182 5502 a
3214 5449 3344 5512 Deo,
3380 5451 3469 5503 sed
3499 5464 3530 5503 a
3593 5439 3598 5445 ’

1953 5538 2225 5593 voluntate
2254 5540 2468 5608 propria
2495 5538 2839 5608 depravatum
2864 5541 3208 5596 conscientize
3239 5553 3348 5591 suae
3379 5541 3528 5592 testis
3592 5607 3599 5615 _

1951 5630 2218 5686 ostendit:
2253 5641 2306 5684 et
2334 5641 2388 5684 tu
2419 5631 2584 5685 Deum
2634 5632 2775 5687 circa
2820 5631 3149 5685 Pharaonem
3197 5630 3388 5683 durum
3443 5632 3527 5684 vel

1951 5724 2186 5793 iniquum
2239 5723 2402 5780 fuisse
2448 5728 2727 5795 praesumis
2771 5741 3036 5789 asserere,
3080 5739 3236 5791 quem
3283 5726 3422 5779 circa
3464 5740 3524 5781 se

1946 5815 2146 5884 justum
2172 5826 2224 5870 et
2252 5819 2394 5885 pium
2427 5819 2539 5888 ipse
2571 5820 2854 5887 sacrilegus
2889 5831 2993 5870 non
3028 5816 3190 5883 potuit
3221 5815 3527 5888 abnegare?

1949 5909 2211 5964 lmmitem
2261 5911 2424 5966 Deum
2471 5913 2738 5968 Christum
2789 5924 2905 5964 esse
2956 5907 3321 5980 consequitur,
3365 5927 3522 5982 quem
