4068 6348
496 368 598 430 315
663 430 668 434 .

1714 357 1769 412 S.
1807 355 2058 436 'FAUSTI
2099 353 2499 410 RllEGlENSIS

3657 351 3760 408 8l6

490 483 637 552 pium
668 474 823 534 etiam
872 475 1061 544 impius
1091 471 1393 526 confitetur.
1432 469 1541 524 lloc
1578 481 1706 538 ergo
1749 468 1857 539 agit
1889 469 1940 523 in
1975 469 2070 523 ho-
2096 471 2148 530 Α
2173 466 2612 538 ginevoluntatis
2660 467 2903 521 humanae
2950 481 3116 536 genus
3148 469 3499 536 prmscientrm
3549 467 3762 520 deriva-

495 575 727 632 minihus
758 568 992 626 etelestis
1024 563 1410 621 misericordiae
1453 560 1807 630 dispensatio,
1843 560 1983 629 quod
2017 559 2071 613 in

493 666 652 722 terris
683 662 872 732 pluvize
902 656 1329 729 supervenientis
1360 653 1552 708 inlusio
1592 652 1695 707 :ad
1739 651 1940 720 copiosi
1970 652 2072 704 im-

495 757 604 810 bris
657 754 904 821 illapsum
946 749 1120 803 cultus
1166 755 1220 801 et
1272 745 1536 799 edomitus
1580 757 1770 811 cespes
1818 740 2076 810 multipli-

495 859 644 905 catur
680 845 980 916 germinum
1026 841 1250 904 fetibus;
1283 855 1468 894 verum
1511 837 1741 891 incultus
1779 843 1832 889 et
1880 834 2075 889 crudus

493 937 782 995 inutilibus
816 938 996 993 herbis
1036 935 1290 1004 repletur,
1323 943 1378 988 et
1414 933 1679 996 sentibus,
1713 945 1777 985 ac
1815 931 1894 984 sic
1939 944 2076 984 unus

493 1021 742 1102 idemQue
780 1030 951 1085 imber
987 1028 1118 1084 duas
1163 1041 1251 1082 res
1292 1025 1532 1080 diversas
1575 1032 1734 1090 atque
1783 1020 2078 1074 contrarias

495 1129 641 1197 juxta
673 1126 895 1179 cultura:
923 1131 1011 1175 aut
1041 1118 1276 1175 studium
1305 1125 1579 1185 operatur,
1607 1123 1696 1167 aut
1726 1111 1934 1168 vitium.
1963 1111 2079 1165 Sic:

498 1215 825 1282 utlegimus
876 1232 888 1266 :
933 1212 1090 1266 Terra
1137 1210 1270 1263 enim
1319 1223 1452 1277 swpe
1511 1207 1785 1259 venientem
1837 1220 1986 1270 super
2027 1219 2080 1280 se

497 1308 665 1362 bibens
691 1306 918 1370 imbrem,
951 1312 997 1357 et
1026 1317 1269 1372 generatis
1290 1299 1493 1352 herbam
1519 1307 1892 1365 opportunam,
1924 1292 2028 1345 illis
2048 1309 2080 1344 (ι

498 1399 678 1466 quibus
708 1398 911 1459 colitur,
943 1394 1122 1463 accipit
1157 1391 1550 1445 benedictionem
1580 1405 1612 1441 a
1641 1386 1769 1441 Deo.
1801 1384 2080 1454 Proferens

499 1505 667 1549 autem
692 1492 867 1561 spinas
895 1505 952 1542 ac
979 1486 1193 1541 tribulos
1218 1486 1433 1552 reproba
1467 1490 1539 1535 est
1567 1491 1613 1534 et
1644 1477 1934 1532 maledictio
1963 1492 2083 1546 pro-

501 1591 669 1654 a‘ima,
700 1589 849 1658 cujus
875 1581 1242 1637 consummatio
1271 1581 1324 1633 in
1349 1578 1741 1632 combustionem
1772 1574 1958 1646 (Ilebr.
1984 1571 2081 1644 Vt).

501 1690 748 1756 Agnosce
774 1692 970 1736 terram
999 1679 1097 1733 sub
1137 1692 1244 1731 uno
1274 1675 1573 1742 eodemque
1603 1672 1774 1726 imbre
1802 1685 1943 1741 nunc
1974 1669 2083 1737 spi-

504 1791 599 1831 nas
626 1785 680 1830 et
710 1773 936 1828 tribulos
976 1770 1396 1840 germinantem,
1430 1781 1570 1820 nunc
1617 1765 1819 1818 fructus
1861 1761 2084 1820 benedi-

2178 570 2283 614 tur.
2313 559 2416 615 Sed
2445 569 2501 613 ut
2532 560 2693 624 aliqui
2733 558 3070 629 cogitationis
3110 574 3220 613 suae
3261 559 3524 627 pravitate
3560 558 3762 611 ducan-

2179 661 2284 715 tur,
2313 661 2362 705 et
2398 663 2546 705 actus
2584 665 2709 704 suos
2739 651 3150 718 inpraeseientia
3189 651 3456 705 aestiment
3489 651 3762 716 inchoari,

2181 751 2280 803 hoc
2325 750 2390 802 de
2439 749 2655 818 proprio
2699 749 2865 802 animi
2914 749 3073 812 vitio,
3119 747 3223 800 hoc
3268 747 3335 800 de
3383 745 3766 800 inemendabili

2180 839 2536 894 obstinatione
2587 838 2862 908 procedit,
2916 840 3042 892 dum
3106 837 3363 892 simulant
3423 836 3768 914 passionibus

2183 935 2462 996 reluctari,
2497 945 2550 988 ct
2589 942 2774 1002 putant
2816 948 2873 987 se
2902 947 3006 986 non
3050 945 3207 1000 posse
3246 929 3389 1000 quod
3421 929 3635 983 nolunt.
3670 915 3768 983 Le-

2183 1043 2298 1098 gem
2340 1028 2524 1080 dicunt
2570 1041 2690 1080 esse
2745 1023 3091 1078 immutabilis
3140 1023 3266 1076 mali
3320 1019 3768 1075 consuetudinem

2184 1118 2545 1188 delinquendi.
2577 1116 2679 1172 Sed
2723 1115 2898 1168 adhuc
2934 1114 3069 1168 dicis
3104 1112 3227 1182 quia
3271 1125 3436 1181 opera
3474 1124 3538 1164 ac
3583 1109 3770 1163 volun-
3833 1185 3836 1188 ῃ

2188 1220 2321 1264 lates
2353 1209 2648 1271 hominum,
2678 1207 2744 1260 de
2776 1215 2903 1260 nutu
2930 1215 2983 1260 et
3011 1204 3241 1272 impulsu
3273 1201 3635 1273 praescientia:
3665 1216 3771 1255 co:-

2185 1302 2334 1357 lestis
2385 1301 2658 1375 incipiant.
2711 1298 2823 1352 Non
2871 1299 2942 1352 ita
2987 1307 3090 1352 est.
3135 1297 3248 1350 Hoc
3298 1295 3475 1364 potius
3517 1308 3774 1363 agnosce,

2187 1393 2328 1463 quod
2359 1393 2688 1462 praescientia
2717 1391 2808 1445 Dei
2834 1390 2902 1444 de
2931 1390 3149 1444 materia
3178 1389 3533 1442 humanorum
3565 1395 3774 1440 actuum

2189 1494 2362 1541 sumat
2399 1483 2699 1540 exordium.
2731 1482 2866 1550 Quid
2897 1480 2964 1535 de
3005 1479 3158 1534 nobis
3187 1479 3442 1548 prasscire
3472 1492 3535 1530 ac
3579 1492 3777 1546 prator-

2191 1577 2376 1631 dinare
2405 1575 2595 1629 debeat
2638 1574 2798 1640 Deus,
2829 1581 3086 1641 quantum
3120 1569 3357 1638 pertinet
3389 1567 3457 1620 ad
3504 1566 3776 1631 futurum,

2191 1672 2244 1725 in
2300 1667 2542 1738 profectu
2602 1664 2832 1720 hominis
2887 1661 3203 1731 defectuque
3259 1658 3528 1714 consistit.
3582 1657 3778 1726 Accipe

2197 1759 2327 1815 illud
2366 1758 2696 1826 exemplum,
2739 1771 2843 1826 quo
2893 1751 3224 1825 praescientia
3267 1751 3361 1806 Dei
3405 1765 3504 1820 pro
3549 1750 3780 1804 humana

507 1869 776 1925 ctionibus
806 1839 1028 1921 idoneos
1069 1864 1460 1934 prol‘erentem.
1506 1860 1709 1914 Eodem
1755 1860 1914 1914 modo
1959 1860 2084 1912 dum
2117 1849 2168 1910 B
2192 1866 2250 1906 se
2280 1851 2488 1904 actione
2517 1847 2804 1904 convertit.
2833 1845 2913 1901 Ad
2943 1845 3351 1934 decumbentem
3383 1839 3675 1934 Ezechiam

504 1958 870 2016 misericordia
925 1958 1018 2012 Dei
1072 1962 1350 2024 exspectat
1403 1962 1456 2007 et
1509 1951 1715 2022 parcit,
1770 1950 2085 2004 emendatur

504 2051 781 2115 obediens,
810 2047 1102 2103 obduratur
1132 2045 1493 2115 imptenitens.

1125 2156 1352 2212 CAPUT
1394 2157 1458 2212 ιι.

507 2257 658 2322 Quod
689 2256 1011 2327 prmscientia
1047 2254 1143 2327 Dei
1186 2270 1277 2308 nec
1303 2255 1372 2307 ad
1391 2257 1569 2326 justa,
1590 2271 1699 2327 nec
1736 2272 1804 2307 aa
1832 2255 2092 2309 contraria

769 2328 1018 2380 humanas
1044 2325 1292 2380 violenter
1317 2325 1492 2394 urgeat
1517 2325 1820 2380 voluntates.

576 2417 970 2472 Praescientiam
1005 2423 1060 2469 et
1087 2415 1607 2484 przedestinationem
1638 2416 1730 2470 Dei
1761 2417 1899 2471 male
1930 2417 2093 2471 intel-

506 2511 681 2576 ligunt
740 2520 1042 2563 astruentes
1100 2510 1241 2576 quod
1292 2509 1416 2564 inde
1467 2511 1821 2566 humanorum
1876 2521 2091 2566 actuum

508 2618 669 2656 causa
721 2612 986 2656 nascatur.
1033 2601 1265 2655 Primum
1306 2602 1431 2669 qttid
1476 2619 1539 2658 ex
1587 2621 1692 2675 quo
1741 2608 1968 2676 pendeat
2010 2609 2092 2664 vel

508 2692 796 2761 procedat,
830 2693 1132 2761 perspicere
1162 2693 1443 2749 debemus.
1468 2697 1585 2753 Non
1619 2713 1896 2768 propterea
1935 2703 2093 2758 homo

508 2786 862 2854 quodcunque
916 2784 1154 2838 facturus
1206 2795 1322 2854 est,
1383 2789 1506 2856 quia
1550 2805 1670 2844 eum
1723 2800 1970 2846 coactura
2026 2795 2095 2848 sit

507 2881 842 2950 praescientis
893 2881 1214 2948 auctoritas,
1264 2884 1356 2936 sed
1407 2883 1574 2950 magis
1623 2884 1729 2938 Deo
1779 2885 2095 2952 prmsciendi

509 2973 702 3042 ingerit
737 2971 1051 3041 qualitatem
1087 2971 1306 3025 libertas
1350 2973 1582 3040 praesciti
1626 2974 1858 3028 hominis
1903 2950 2094 3029 ac'vo-

503 3062 705 3120 .luutas.
739 3062 878 3130 Ergo
909 3075 1014 3113 non
1044 3060 1110 3113 de
1138 3061 1390 3115 violentia
1435 3063 1764 3129 praevidendi
1807 3065 2097 3134 imponitur

508 3153 715 3208 homini
753 3167 913 3206 causa
955 3151 1243 3218 peccandi,
1281 3153 1373 3206 sed
1408 3154 1574 3223 magis
1615 3154 1684 3208 de
1727 3161 2097 3211 consecuturis

2190 1958 2310 2012 gem
2368 1956 2512 1995 mors
2569 1939 2805 1994 defertur
2851 1938 2902 1991 in
2958 1935 3121 1992 verbo
3167 1931 3340 1998 tristi,
3381 1931 3518 1986 vatis
3563 1929 3781 1986 veridici

2191 2032 2501 2087 auuuntiala
2558 2045 2815 2100 responso
2865 2021 2934 2082 ita
2997 2027 3270 2081 dicentis:
3318 2023 3517 2077 Ordina
3572 2022 3780 2075 domum

2195 2139 2360 2192 tuam,
2394 2143 2512 2178 nam
2540 2141 2652 2178 rras
2677 2123 2906 2177 morieris
2939 2121 2988 2191 (ι
3015 2120 3145 2192 Reg.
3177 2117 3320 2188 xu).
3352 2116 3423 2173 At
3452 2115 3542 2170 ille
3571 2130 3781 2170 conver-

2193 2233 2284 2271 sus
2327 2218 2392 2270 ad
2427 2203 2640 2279 fletum,
2669 2213 2933 2268 ordinavit
2961 2211 3178 2266 domum
3211 2223 3393 2274 suam,
3427 2207 3551 2277 quia
3603 2207 3782 2260 humi-

2192 2311 2340 2365 liavit
2388 2310 2618 2362 animam
2673 2322 2844 2361 suam.
2900 2305 3164 2372 Propheta
3217 2299 3431 2370 quidem
3486 2298 3780 2368 explorata:

2195 2401 2493 2454 sanctitatis
2538 2399 2806 2469 agnoscit,
2857 2396 2950 2450 sed
2982 2395 3288 2464 desperatio
3336 2405 3431 2459 Spe
3481 2389 3780 2458 repellitur.

2199 2494 2383 2548 Oratio
2417 2491 2685 2546 interdicit
2713 2488 2960 2552 oraculo,
3001 2485 3217 2542 resolVit
3259 2481 3566 2552 deprecatio
3595 2481 3784 2535 delini-

2211 2587 2447 2639 tinnem:
2483 2584 2612 2636 fides
2657 2583 2812 2650 plena
2864 2579 2990 2634 rltcti
3047 2577 3262 2644 superat
3315 2574 3620 2628 veritatem.
3669 2571 3783 2626 Ine-

2198 2676 2465 2729 vitahilcm
2497 2673 2822 2727 denuntiatae
2856 2670 3042 2724 moitis
3071 2682 3284 2722 causam
3323 2677 3564 2720 extrema
3621 2665 3784 2719 vincit

2196 2768 2440 2822 deﬂentis
2473 2767 2774 2819 inﬁrmitas.
2810 2762 3065 2817 llmhiliat
3112 2776 3169 2816 se
3217 2759 3477 2829 fragilitas
3517 2757 3782 2825 humana,

2196 2868 2249 2912 ct
2277 2859 2377 2911 \im
2412 2856 2694 2925 quamdam
2723 2855 2917 2924 patitur
2953 2853 3133 2906 divina
3165 2854 3456 2906 sententia.
3487 2849 3642 2905 Sicut
3670 2850 3782 2903 ait?

2203 2951 2428 3020 Regnum
2469 2946 2707 3001 cazlorum
2751 2946 2848 2998 vim
2888 2944 3079 3016 patitur
3118 2941 3338 3010 (Matth.
3367 2939 3464 3010 XI).
3500 2940 3785 2994 Omnimoo

2199 3043 2280 3096 dis
2310 3041 2598 3096 moriturus
2630 3038 2841 3100 fuisset,
2867 3037 2967 3092 nisi
2995 3035 3213 3090 territus
3235 3032 3603 3103 Supplicasset.
3631 3031 3788 3098 Elige

2201 3148 2374 3189 ulrttnt
2429 3135 2588 3196 velis.
2635 3143 2727 3186 aut
2783 3130 3053 3200 przefixam
3108 3126 3484 3182 necessitatem
3527 3123 3790 3179 conﬁtere

509 3245 787 3299 hominum
822 3241 1027 3296 meritis
1055 3241 1188 3294 ordo
1216 3243 1457 3296 exoritur
1494 3245 1884 3310 praenoscendi.
1916 3246 2094 3300 Gcne-
2126 3215 2171 3276 Ε
2203 3239 2478 3292 mmmam.
2507 3236 2600 3281 τιυὶ
2627 3227 2903 3280 vernalem
2934 3223 3196 3278 εοηνίηοθ
3227 3220 3528 3275 mellillam-

511 3334 636 3388 ralis
675 3334 852 3401 itaque
880 3332 1245 3399 prtescieutia,
1285 3348 1403 3399 qua:
1429 3333 1498 3387 de
1527 3343 1665 3388 statu
1713 3338 1896 3411 mundi
1932 3339 2096 3393 totius

463 3485 465 3488 ε
509 3422 651 3492 apud
690 3422 854 3475 Deum
889 3428 1097 3486 manet,
1132 3421 1196 3475 de
1241 3423 1477 3490 potentia
1527 3425 1785 3488 nascitur,
1816 3426 1908 3479 sed
1955 3429 2095 3483 circa

511 3524 710 3570 statum
743 3513 984 3566 hominis
1022 3511 1301 3580 qualitates
1340 3520 1396 3565 et
1441 3512 1646 3581 species
1692 3517 2095 3582 praenoscendi,

517 3606 586 3660 de
635 3605 847 3659 humani
892 3610 1042 3658 actus
1093 3605 1421 3673 inspectione
1469 3614 1763 3662 mutuatur.
1808 3609 1912 3663 Sed
1959 3611 2098 3666 inter

519 3697 654 3762 ista,
695 3698 806 3752 Deo
839 3697 1128 3766 respondes
1176 3708 1232 3752 et
1270 3697 1441 3753 dicis:
1471 3698 1515 3755 Ο
1546 3701 1798 3767 Domine,
1830 3706 2098 3772 quomodo

514 3790 711 3845 bonum
739 3788 1141 3858 apprehendere
1164 3789 1336 3856 valui,
1369 3806 1525 3859 quem
1556 3801 1611 3845 tu
1641 3795 1833 3848 malum
1865 3798 2097 3850 futurum

514 3898 634 3938 esse
681 3881 979 3951 prtescisti?
1031 3895 1136 3935 non
1187 3881 1257 3935 ita
1304 3892 1404 3937 est.
1450 3882 1607 3937 Aliud
1663 3895 1747 3938 est
1795 3887 1936 3955 quod
1989 3889 2102 3942 vult

511 3972 686 4038 Deus,
739 3973 878 4026 aliud
924 3981 1007 4027 est
1050 3973 1191 4043 quod
1236 3974 1497 4042 permittit
1540 3974 1702 4028 Deus.
1752 3976 1871 4032 Vult
1921 3979 2101 4049 itaque

511 4068 709 4123 bonum
730 4109 743 4131 ,
769 4077 820 4122 et
841 4068 1100 4136 permittit
1122 4070 1340 4134 malum,
1371 4071 1584 4139 prmscit
1615 4081 1931 4143 utrumque:
1961 4077 2099 4144 justa

512 4160 752 4216 bonitate
795 4161 1039 4229 adjuvat,
1085 4161 1280 4229 injusta
1313 4178 1408 4229 pro
1439 4165 1643 4219 arbitrii
1691 4168 1937 4224 libertate
1985 4186 2101 4240 per-

513 4251 696 4303 mittit.
745 4248 819 4302 De
869 4265 967 4303 suo
1008 4259 1090 4303 est
1125 4251 1266 4318 quod
1313 4250 1404 4303 dat
1452 4253 1678 4321 gratiam
1702 4297 1716 4320 ,
1745 4258 1811 4311 de
1845 4268 1932 4312 tuo
1961 4261 2100 4326 quod

514 4338 805 4406 praenoscit
835 4337 1112 4392 olfensam.
1150 4339 1214 4392 Et
1261 4339 1384 4394 inde
1413 4351 1496 4396 est
1525 4345 1666 4412 quod
1712 4347 1852 4401 circa
1894 4349 2102 4418 iniquos

516 4429 906 4483 incessabiliter
934 4428 1201 4482 invenitur
1228 4430 1514 4498 prohibere
1537 4448 1657 4502 qua:
1683 4437 1932 4503 providit.
1961 4438 2102 4494 Nun-

517 4537 679 4592 quam
710 4538 868 4590 prava
901 4522 1172 4576 hominum
1202 4524 1374 4578 studia
1407 4527 1722 4594 prteciperet
1769 4529 1833 4582 ad
1882 4532 2102 4587 meliora

519 4612 787 4675 converti,
818 4614 859 4666 si
891 4627 952 4668 ea
998 4612 1160 4668 sciret
1191 4628 1294 4668 non
1324 4616 1496 4683 fposse
1529 4619 1754 4682 mutari;
1785 4628 1840 4672 et
1872 4619 1990 4674 ideo
2021 4638 2104 4677 re—

519 4701 805 4770 spondebit
834 4703 927 4756 tibi
974 4715 1363 4773 consequenter
1417 4707 1598 4761 divina
1650 4711 2029 4778 providentia:
2061 4717 2105 4769 0

521 4790 701 4854 Ιιοιιιο,
758 4807 860 4845 non
905 4803 955 4847 te
988 4794 1145 4848 talem
1198 4795 1296 4850 feci
1348 4798 1559 4865 qualem
1611 4807 1661 4855 te
1712 4801 1945 4856 futurum
1986 4820 2107 4861 esse

496 4879 787 4956 'praescivi.
815 4888 1015 4943 Bonum
1041 4896 1091 4942 te
1121 4903 1216 4956 pro
1241 4890 1462 4957 justitize
1490 4907 1621 4947 mere
1647 4895 1763 4964 lege
1794 4896 2037 4962 formavi,
2055 4907 2110 4953 et

521 4995 591 5033 ne
613 4979 807 5033 malum
825 4981 1126 5049 sequereris
1143 4981 1416 5045 admonui,
1442 4983 1638 5036 malum
1664 4994 1715 5038 te
1741 5000 1835 5054 pro
1851 5001 2109 5042 consecu-

523 5089 642 5129 tura
673 5075 1000 5130 voluntatum
1031 5083 1239 5130 tuarum
1268 5074 1547 5143 iniquitate
1583 5078 1826 5145 praevidi.
1862 5079 1962 5135 Ubi
1998 5095 2105 5134 non

522 5171 844 5239 compulsio,
869 5171 962 5225 sed
995 5171 1277 5225 consensio
1311 5170 1568 5240 peccandi
1601 5171 2025 5242 deprehenditur
2054 5175 2106 5229 in

523 5261 772 5330 querela;
811 5275 914 5314 non
948 5269 1154 5325 auctor,
1187 5260 1280 5316 sed
1312 5262 1691 5330 praevaricator
1729 5263 1783 5317 in
1813 5263 1966 5333 culpa
2004 5273 2104 5319 est.

523 5354 576 5408 Si
607 5352 672 5406 ad
705 5352 985 5418 factorem,
1021 5354 1215 5423 inquit,
1250 5370 1282 5408 ο
1309 5354 1489 5416 homo.
1522 5355 1760 5423 reSpicit,
1793 5356 1963 5410 bonus
1989 5371 2110 5412 esse

526 5443 769 5514 potuisti,
797 5443 842 5498 si
873 5444 940 5497 ad
972 5444 1405 5514 prmcognitorem
1428 5489 1442 5514 ,
1475 5454 1529 5499 tu
1576 5461 1660 5499 me
1704 5459 1796 5512 pro
1831 5455 2104 5515 gestorum

511 5547 741 5606 .tnoruut
780 5536 969 5589 ordine
999 5545 1054 5588 ιιι
1084 5535 1149 5589 de
1191 5545 1240 5589 te
1289 5536 1482 5589 malum
1532 5550 1920 5603 praenoscerent
1962 5551 2109 5591 com-

529 5636 728 5704 pulisti.
769 5634 873 5690 Sed
923 5633 1148 5688 reV()l\'is
1194 5642 1241 5686 et
1290 5632 1461 5686 dicis:
1498 5632 1828 5700 prmscientia
1875 5643 1929 5686 et
1971 5648 2106 5701 pra:-

528 5727 811 5780 destinatio
878 5727 1226 5780 humanorum
1290 5735 1501 5780 actuutn
1561 5736 1719 5794 atque
1786 5725 2116 5780 meritorum

519 5818 756 5894 .prtrtigit
795 5828 846 5871 et
873 5819 1068 5872 excitat
1098 5833 1300 5872 causas.
1335 5817 1447 5872 Non
1479 5818 1548 5873 ita
1577 5827 1684 5881 est,
1716 5817 1882 5885 magis
1909 5817 1975 5871 de
2003 5818 2101 5871 ori-

2835 3357 3060 3414 CAPUT
3098 3359 3162 3412 Ill

2357 3475 2492 3537 Quia
2518 3473 2660 3526 aliud
2686 3482 2759 3525 est
2788 3472 3044 3539 pra'srire,
3074 3472 3218 3526 aliud
3248 3473 3635 3542 prtedestinare.

2205 3669 2208 3672 ,
2275 3607 2561 3678 Apostolus
2611 3606 2684 3659 ait
2725 3625 2736 3658 :
2781 3607 2918 3672 Quos
2974 3607 3243 3674 pra-scivit,
3289 3616 3336 3660 et
3376 3607 3787 3676 prazdestinavit,

2203 3699 2487 3766 conformes
2535 3700 2644 3765 ῥινὶ
2672 3699 2909 3768 imaginis
2949 3698 3071 3751 Filii
3112 3699 3192 3751 sui
3237 3698 3420 3767 (Rom.
3451 3698 3597 3768 vm).
3631 3699 3791 3754 Aliud

2202 3799 2285 3844 cst
2315 3791 2580 3859 praescire,
2615 3791 2755 3843 aliud
2801 3792 3200 3859 praedestinare.
3236 3791 3578 3846 Prmscicntia
3611 3793 3792 3862 itaque

2201 3886 2433 3954 gerenda
2484 3885 2807 3952 praenoscit,
2859 3885 3196 3952 postmodum
3243 3885 3645 3954 prazdesdnatio
3693 3900 3787 3940 re-

2205 3975 2482 4029 tribuenda
2511 3976 2783 4029 describit.
2815 3975 2904 4028 llla
2937 3975 3192 4044 praevidet
3219 3976 3428 4040 met-ita,
3457 3976 3572 4030 hazc
3597 3990 3792 4046 praeor-

2203 4070 2348 4123 dinat
2380 4069 2620 4137 praemia.
2655 4068 2995 4122 Prmscientia
3037 4068 3103 4122 ad
3143 4069 3469 4138 potentiam,
3504 4069 3790 4139 prtedesti-

2203 4161 2366 4224 natio
2394 4160 2458 4212 ad
2491 4160 2749 4227 justitiam
2801 4161 3049 4228 pertinet.
3104 4160 3445 4215 Prtescientia
3497 4160 3564 4216 de
3610 4161 3792 4216 alieno

2203 4254 2446 4309 subsistit
2479 4263 2629 4322 actu,
2668 4254 3063 4322 prmdestinatio
3092 4263 3268 4309 autem
3313 4255 3379 4308 de
3412 4254 3614 4324 judicio
3658 4271 3790 4323 suo;

2207 4347 2295 4402 illa
2343 4348 2546 4405 fatiinus
2579 4348 2909 4412 manifestat,
2957 4349 3056 4402 ista
3101 4349 3448 4418 condemnat;
3491 4351 3579 4406 illa
3613 4352 3790 4417 testis,

2208 4439 2321 4492 hate
2363 4438 2527 4506 judex
2585 4449 2685 4492 est.
2733 4440 2864 4494 Cum
2920 4441 3007 4494 illa
3063 4442 3482 4508 pronuntiaverit
3537 4458 3791 4509 causam,

2209 4540 2334 4584 tunc
2371 4531 2679 4597 pronuntiat
2711 4530 2811 4584 ista
2852 4533 3194 4587 sententiam.
3235 4534 3278 4587 Α
3310 4535 3642 4602 prmseientia
3675 4551 3796 4604 quae

2209 4629 2331 4679 sunt
2379 4630 2558 4675 nostra
2590 4621 2903 4690 produntur,
2936 4639 2964 4676 a
2999 4623 3474 4692 prtedestinatione
3517 4641 3636 4694 qua:
3669 4636 3797 4681 sunt

2211 4722 2598 4782 praeparantur.
2647 4716 2724 4767 Ac
2758 4713 2836 4768 sic
2867 4715 2968 4768 nisi
3017 4716 3354 4785 prmseientia
3404 4717 3792 4786 exploraverit,

2212 4807 2609 4874 praedestinatio
2640 4809 2709 4862 nil
2741 4808 2998 4864 decernit.
3031 4809 3181 4864 Oculi
3223 4819 3399 4864 autem
3442 4810 3615 4865 vicem
3659 4826 3798 4879 pr:e~

2211 4897 2446 4953 scientiae
2488 4897 2655 4952 virtus
2685 4907 2927 4966 exercet,
2961 4908 3015 4954 et
3045 4899 3189 4969 quod
3227 4913 3287 4954 se
3316 4900 3554 4969 aspectui
3587 4901 3806 4955 obtulcv

2215 4990 2323 5054 rit,
2381 4988 2481 5044 hoc
2535 4989 2754 5044 videbit.
2805 4991 3048 5060 Nunquid
3109 4989 3304 5046 fecisse
3351 4990 3609 5057 creditur,
3653 4992 3799 5061 quod

2214 5080 2630 5152 deprehendisse
2668 5083 3038 5152 cognoscitur?
3077 5081 3210 5162 cum
3241 5090 3420 5137 autem
3450 5083 3590 5137 oeuli
3629 5097 3694 5137 ea
3723 5085 3800 5137 vi-

2215 5174 2406 5240 deant,
2441 5189 2544 5229 non
2575 5175 2821 5244 quae-ipsi
2856 5175 3179 5230 intrinsecus
3209 5181 3522 5243 operantur.
3555 5173 3648 5229 sed
3675 5188 3798 5244 qu:e

2213 5265 2290 5320 eis
2327 5266 2660 5320 extrinsecus
2694 5265 3006 5333 oll‘eruntur,
3049 5267 3094 5321 si
3140 5275 3450 5336 peccantem
3491 5265 3798 5336 quempiam

2216 5357 2356 5412 l'orte
2401 5358 2810 5426 conspexerint,
2850 5374 2954 5412 non
2998 5361 3189 5427 opinor
3230 5360 3482 5425 videntis,
3513 5359 3608 5415 sed
3649 5374 3797 5414 com-

2222 5449 2482 5503 mittentis
2521 5449 2776 5518 flagitium
2819 5449 3180 5519 judicabitur:
3215 5453 3286 5506 ita
3339 5465 3447 5508 non
3475 5451 3544 5506 ad
3588 5465 3798 5520 ιιι-ωηο-

2214 5541 2432 5606 scentis,
2461 5541 2552 5595 sed
2585 5541 2650 5594 ad
2699 5543 3008 5611 praecogniti
3053 5545 3340 5613 pertinebit
3386 5554 3592 5600 reatum
3633 5560 3794 5601 omne

2213 5632 2487 5687 delictum.
2516 5632 2606 5688 Sic
2633 5642 2686 5687 ct
2726 5635 2862 5688 Deus
2897 5651 2957 5689 ea
2989 5645 3112 5691 ante
3156 5636 3295 5691 diem
3336 5636 3567 5691 hominis
3607 5637 3794 5705 praevi-

2211 5724 2332 5786 det,
2365 5740 2482 5793 quae
2531 5741 2632 5778 non
2665 5741 2691 5778 a
2733 5741 2822 5788 se,
2858 5728 2948 5782 sed
2989 5731 3055 5780 ab
3107 5729 3322 5784 homine
3365 5730 3604 5785 facienda
3649 5741 3792 5784 sunt.

2155 5895 2160 5898 _
2211 5816 2278 5870 Et
2306 5817 2438 5871 sicut
2471 5819 2690 5873 materia
2719 5822 2997 5877 cxistentis
3034 5820 3197 5876 efficit
3239 5833 3295 5876 ut.
3326 5837 3442 5877 eam
3471 5822 3609 5878 oculi
3651 5821 3792 5876 acies
