4068 6348
336 344 437 405 817

1437 345 1521 400 DE
1560 347 1816 402 GRATIA
1860 348 1998 411 DEI.
2044 349 2218 414 ETC.,
2261 353 2382 407 LI'B.
2432 354 2495 409 ll;

3489 356 3590 414 itm

336 458 757 526 contempletur,
808 470 910 509 non
964 466 1138 510 autem
1198 459 1381 511 oculus
1432 462 1554 513 lactt
1598 474 1652 514 ut
1693 477 1781 516 res
1830 462 1905 516 vi-
1934 470 2079 525 Arlt
2111 465 2283 533 jlhlllb'
2324 484 2407 535 qut
2451 469 2565 521 sine
2617 468 2830 536 proprio
2876 468 3095 522 crimine
3143 488 3169 521 ιι
3228 470 3593 525 misericordia

334 550 507 604 denda
548 559 795 603 nascatur
839 568 851 602 :
888 551 954 603 ita
986 560 1040 604 et
1083 553 1415 620 praescientia
1452 555 1542 608 Dei
1581 571 1641 610 ea
1682 572 1800 626 quae
1842 558 1910 612 de

333 642 608 696 hominum
658 642 864 697 meritis
913 652 1158 697 secutura
1214 654 1368 707 sunt,
1402 661 1506 701 non
1552 657 1607 701 ut
1662 649 1915 704 eveniant

331 735 525 803 exigit,
559 732 652 787 sed
691 743 949 788 eventura
997 734 1296 802 praecurrit.
1329 735 1393 789 Et
1432 739 1552 806 quia
1601 739 1773 793 sacris
1802 739 1909 794 elo-

330 828 472 898 quiis
501 826 664 881 moris
702 834 782 880 est
832 836 886 879 ut
934 842 1030 894 per
1072 836 1396 897 assumptam
1436 844 1808 902 quamcunque
1836 833 1912 887 si-

329 918 691 974 militudinem
720 918 1025 972 asserenda:
1052 918 1129 972 rei
1157 919 1401 988 aperiant
1430 922 1733 989 veritatem,
1777 924 1916 978 sicut

278 1030 281 1031 ν
330 1008 603 1063 interdum
645 1009 729 1062 vel
763 1023 931 1076 grano
971 1009 1189 1079 sinapis,
1234 1011 1317 1066 vel
1366 1012 1628 1068 fermento
1672 1015 1915 1071 mulieris

330 1101 678 1172 evangelicae,
725 1101 809 1155 vel
854 1114 1064 1170 sagenre
1113 1102 1291 1158 missa:
1338 1104 1391 1158 in
1437 1120 1606 1172 mare,
1649 1114 1702 1160 et
1750 1122 1908 1175 quam

331 1194 491 1263 plura
521 1192 645 1246 talia
673 1206 893 1261 regnum
924 1193 1184 1248 caelorum
1231 1194 1452 1264 legimus
1486 1199 1815 1266 comparari,
1844 1200 1916 1254 ita

332 1296 386 1340 et
418 1299 516 1339 nos
562 1284 888 1353 distinguere
930 1285 1211 1353 cupientes
1240 1284 1435 1355 futura,
1470 1288 1700 1343 instituti
1747 1304 1917 1358 genus

332 1379 604 1449 colligitur
642 1377 983 1446 prtesciendi.
1020 1377 1171 1444 Quod
1218 1379 1260 1433 si
1304 1380 1553 1448 praescire
1590 1383 1917 1451 compellere

333 1478 453 1534 est,
487 1468 573 1536 qui
605 1467 866 1537 praevidet
901 1478 1269 1536 peccatarem,
1302 1485 1430 1539 ergo
1456 1470 1571 1539 ipse
1606 1486 1762 1526 causa
1796 1488 1918 1540 pec-

334 1558 443 1613 cati
486 1558 605 1613 est?
638 1557 862 1612 I‘rtescit
902 1558 1225 1614 adulterium
1280 1561 1439 1626 Deus,
1472 1576 1602 1631 ergo
1642 1564 1754 1633 ipse
1798 1579 1917 1617 ossa

336 1658 392 1702 et
447 1648 709 1704 medullas
772 1647 981 1715 ignibus
1044 1648 1263 1704 obsceni
1323 1650 1516 1705 furoris
1580 1641 1917 1706 inﬂammat?

334 1739 559 1795 Prmscit
609 1740 749 1794 Deus
802 1738 1164 1806 homicidam,
1218 1742 1451 1812 nunquid
1502 1743 1613 1809 ipse
1664 1735 1965 1800 bestiales'

335 1839 518 1886 motus
558 1830 883 1899 perturbatis
920 1831 1168 1886 sensibus
1204 1832 1470 1902 suggerit?
1502 1834 1620 1903 Ipse
1661 1836 1727 1890 ad
1769 1852 1920 1903 pera-
1950 1832 1996 1891 B

336 1921 571 1989 gendum
621 1921 823 1975 facinus
874 1919 1106 1990 gladium
1149 1932 1383 1977 eruentae
1427 1925 1621 1979 mentis
1669 1926 1915 1980 exacuit?

340 2012 562 2068 Prazscit
615 2012 873 2081 impium,
924 2026 1051 2081 ergo
1096 2013 1213 2081 ipse
1257 2013 1323 2067 ad
1380 2015 1599 2082 profana
1653 2016 1913 2071 sacrificia

336 2104 582 2174 spiritum
636 2104 903 2159 dementis
956 2105 1213 2174 instigat?
1258 2104 1404 2160 Itane
1457 2122 1678 2175 quarum
1735 2123 1913 2161 rerum

340 2200 483 2252 ultor
508 2206 626 2263 est,
669 2213 852 2253 earum
896 2206 949 2253 et
993 2207 1184 2251 auctor
1224 2213 1344 2253 esse
1383 2199 1682 2254 credendus
1719 2201 1837 2255 est?
1863 2209 1917 2255 et

341 2291 481 2344 inter
520 2288 631 2342 lucc
670 2288 737 2343 ad
778 2290 972 2343 malum
1021 2304 1308 2359 perurgere
1344 2289 1662 2358 iudicandus
1706 2302 1787 2345 est
1823 2306 1914 2345 ca-

340 2381 498 2449 ptivae
544 2379 830 2433 voluntatis
878 2394 1193 2445 assensum,
1235 2380 1325 2449 qui
1367 2394 1463 2434 nec
1506 2380 1719 2435 diabolo
1764 2397 1916 2436 com-

342 2470 539 2539 pellere
570 2468 811 2538 permisit
836 2469 1091 2522 invitum?
1124 2469 1381 2524 Voluntas
1409 2479 1490 2523 est
1517 2484 1637 2539 quae
1665 2472 1919 2540 operatur

341 2564 626 2628 delictum,
670 2563 915 2617 voluntas
944 2572 1027 2617 est
1056 2579 1174 2632 qua
1217 2572 1454 2617 meretur
1490 2564 1769 2619 auxilium.
1812 2564 1919 2620 Sed

340 2655 473 2709 dicis
498 2673 512 2709 :
547 2654 766 2708 Invenio
790 2654 877 2708 ubi
909 2654 1020 2709 sola
1054 2653 1219 2723 gratia
1244 2655 1362 2708 sine
1388 2654 1643 2709 societate
1672 2655 1919 2709 humanae

340 2746 627 2799 voluntatis
658 2755 932 2814 operetur.
976 2744 1107 2798 Nam
1150 2745 1201 2798 in
1246 2745 1520 2799 Bethleem
1564 2747 1738 2801 omnis
1768 2746 1921 2802 inno-

341 2837 575 2891 centium
620 2835 848 2906 populus
893 2844 997 2888 tam
1044 2834 1256 2888 beatam
1302 2844 1527 2890 mortem
1559 2853 1626 2891 ex
1662 2837 1772 2891 sola
1824 2837 1920 2892 Dei

345 2926 810 2995 praedestinatione
838 2925 1208 2996 consequitur.
1240 2924 1353 2980 Non
1396 2926 1466 2980 ita
1496 2936 1597 2981 est.
1626 2928 1759 2983 Nam
1809 2938 1919 2984 tum

344 3018 565 3074 forsitan
602 3021 767 3074 solius
804 3020 987 3089 gratiae
1024 3027 1325 3074 verteretur
1368 3020 1640 3088 operatio,
1678 3023 1723 3075 si
1766 3022 1919 3075 inno-

343 3111 514 3165 centis
542 3111 813 3180 sanguinis
850 3126 955 3163 non
1001 3109 1400 3164 intercessisset
1437 3110 1646 3164 effusio.
1675 3111 1827 3176 Quod
1873 3114 1919 3166 si

2017 558 2360 625 repelluntur.
2388 559 2538 623 Quod
2570 560 2612 611 si
2642 560 2798 613 ambo
2843 560 2919 613 rei
2967 570 3087 613 sunt
3122 562 3171 613 in
3207 570 3415 624 natura,
3445 570 3498 615 et
3540 562 3593 615 in

1963 694 1979 715 ,
2018 648 2120 701 isto
2145 648 2349 717 justitia
2381 649 2786 716 periclitabitur,
2824 651 2913 719 qui
2954 651 3071 705 sine
3115 653 3307 706 merito
3348 652 3597 722 indignus

2013 740 2250 812 eligitur,
2290 750 2342 796 et
2394 742 2446 795 in
2495 741 2585 794 illo
2624 742 3017 810 misericordia,
3049 746 3136 810 qui
3178 743 3420 812 peritioni
3473 745 3591 798 sine

2018 834 2222 903 peccati
2269 833 2469 902 judicio
2515 835 2817 904 deputatur.
2865 835 2977 902 Qua
3029 836 3170 890 enim
3228 838 3592 893 misericordia

2018 924 2310 979 honoratur
2337 925 2576 979 otiosus?
2617 941 2717 993 qua
2744 926 2948 994 juSIitia
2990 920 3271 982 damnatur
3311 920 3599 984 innoxius?

2018 1015 2199 1082 Itaque
2228 1017 2351 1069 dum
2384 1016 2627 1084 imperite
2671 1015 2808 1070 tollit
2841 1016 3039 1069 homini
3087 1018 3407 1083 libertatem,
3438 1021 3599 1093 impie

2018 1103 2129 1159 Deo
2159 1105 2409 1173 probatur
2445 1120 2638 1174 negare
2672 1105 2953 1173 justitiam.
2982 1106 3038 1161 Si
3067 1106 3212 1161 dicas
3240 1110 3363 1178 quia
3395 1118 3598 1163 tantum

2019 1196 2324 1249 misericors
2370 1195 2423 1248 in
2453 1196 2733 1264 acquisita,
2774 1206 2828 1251 et
2872 1198 3043 1250 solum
3082 1197 3259 1266 justus
3306 1200 3357 1253 in
3390 1190 3601 1268 perdito

2019 1297 2135 1350 est,
2168 1286 2218 1337 in
2264 1293 2487 1353 utraque
2528 1285 3026 1354 personaabrupte
3056 1288 3272 1355 negabis
3323 1299 3602 1358 utramque

2019 1375 2288 1427 virtutem.
2319 1373 2451 1428 Nam
2482 1391 2580 1429 nec
2610 1376 2661 1428 in
2693 1375 2793 1429 hoc
2819 1376 2924 1429 erit
2952 1380 3209 1446 aequitas,
3236 1378 3279 1433 si
3307 1379 3468 1449 eligat
3496 1396 3599 1434 non

2023 1464 2299 1531 probatum
2324 1482 2338 1530 ;
2372 1482 2468 1521 nec
2494 1467 2547 1521 in
2580 1466 2671 1520 illo
2700 1467 2927 1533 bonitas,
2956 1469 3001 1523 si
3032 1470 3221 1538 perdat
3251 1471 3601 1527 immeritum.

2020 1554 2128 1608 Nos
2158 1565 2335 1611 autem
2367 1557 2637 1627 geminum
2686 1558 2786 1611 hoc
2826 1559 2877 1611 in
2928 1558 3023 1612 Dei
3068 1562 3319 1629 aperibus
3366 1562 3600 1628 bonum,

2023 1647 2360 1713 inseparabili
2395 1660 2698 1704 consertum
2732 1650 2961 1705 fatemur
2995 1653 3272 1722 amplexu;
3306 1655 3444 1709 sicut
3473 1656 3603 1725 legi-

2024 1754 2142 1791 mus
2168 1756 2180 1791 :
2216 1739 2619 1793 Misericordiam
2648 1751 2694 1795 et
2719 1744 2979 1812 judicium
3008 1744 3224 1797 cantabo
3254 1746 3359 1809 tibi,
3389 1746 3607 1800 Domine

2007 1829 2197 1901 .(Psal.
2229 1831 2302 1902 c).
2335 1833 2401 1885 Et
2441 1833 2629 1887 iterum
2658 1851 2671 1888 :
2708 1834 3002 1890 Misericors
3049 1838 3300 1892 Dominus
3341 1849 3386 1892 et
3403 1844 3603 1911 justus,

2018 1932 2063 1975 et
2111 1922 2245 1975 Deus
2296 1932 2465 1976 noster
2514 1924 2830 1978 miserebitur
2876 1925 3057 1997 (Psal.
3091 1926 3237 1999 xrv).
3268 1931 3329 1983 Et
3372 1931 3602 1985 iterum:

2013 2014 2311 2068 Misericors
2359 2025 2403 2068 et
2454 2017 2750 2083 miserator,
2813 2030 2863 2072 et
2901 2022 3073 2090 justus
3126 2021 3376 2076 Dominus
3423 2022 3606 2091 (Psal.

2017 2106 2168 2177 οη).
2198 2108 2329 2160 Nam
2357 2108 2664 2182 misericors
2691 2120 2807 2177 est,
2842 2120 2897 2165 et
2928 2106 2980 2165 in
3013 2112 3247 2181 perditos
3273 2128 3406 2181 quos
3436 2114 3609 2184 inqui—

2019 2199 2085 2249 rit
2109 2207 2162 2249 et
2192 2197 2377 2250 invitat
2402 2208 2660 2265 errantes,
2702 2201 2792 2270 qui
2823 2200 2912 2255 diu
2941 2204 3171 2257 sustinet
3207 2204 3603 2274 delinquentes.

2020 2287 2084 2341 Et
2114 2289 2249 2342 sicut
2275 2290 2434 2343 salem
2476 2307 2626 2345 suum
2657 2293 2780 2345 oriri
2822 2292 2946 2361 facit
2976 2311 3130 2363 super
3162 2297 3317 2350 bonas
3346 2308 3391 2350 et
3420 2300 3604 2363 malas,

2019 2388 2065 2431 et
2090 2380 2219 2447 pluit
2246 2397 2399 2449 super
2418 2384 2591 2451 justas
2619 2392 2666 2435 et
2695 2384 2916 2454 injustas
2943 2384 3157 2452 (Matth.
3194 2388 3296 2457 nt),
3331 2388 3400 2441 ita
3432 2396 3606 2442 utros-

2020 2484 2124 2538 que
2164 2468 2528 2527 indiﬂ‘erenter
2575 2474 2775 2528 lumine
2822 2476 3044 2530 rationis
3082 2479 3363 2547 implevit,‘
3397 2479 3601 2533 honore

2023 2558 2267 2628 imaginis
2292 2576 2403 2615 sua;
2443 2562 2641 2628 induit,
2674 2565 2739 2618 ad
2766 2566 2989 2633 gratiam
3033 2566 3417 2637 redemptionis
3447 2585 3607 2637 gene-

2022 2651 2207 2705 raliter
2236 2654 2500 2707 evocavit.
2530 2654 2679 2709 Itane
2705 2657 3013 2713 misericors
3051 2660 3103 2713 in
3135 2660 3228 2715 illo
3254 2677 3359 2715 non
3404 2661 3521 2725 fuit,
3554 2662 3608 2715 in

2021 2757 2179 2811 quem
2219 2754 2365 2798 tanta
2394 2746 2697 2814 congessit,
2725 2762 2883 2815 quem
2914 2749 2982 2802 de
3025 2750 3266 2819 neglecta
3307 2761 3363 2807 et
3403 2752 3609 2820 perdita

2024 2834 2392 2889 misericordia
2417 2836 2713 2904 judicavit?
2735 2839 2851 2894 Jam
2882 2840 3007 2893 illud
3035 2842 3254 2896 minaris
3278 2843 3475 2912 negotii
3504 2854 3607 2908 est,

2024 2934 2083 2979 ut
2118 2940 2240 2995 erga
2286 2926 2600 2995 acquisitos,
2641 2929 2777 2983 sicut
2816 2930 3251 2998 misericordem,
3288 2933 3361 2986 ita
3401 2935 3606 3001 justum

2024 3030 2142 3069 esse
2170 3016 2475 3071 doceamus.
2522 3016 2729 3084 Justus,
2770 3019 3021 3088 inquam,
3064 3029 3119 3075 et
3160 3022 3301 3077 circa
3347 3037 3440 3078 eos
3466 3037 3603 3092 quos

2024 3106 2245 3175 suscipit
2292 3116 2661 3174 revertentes,
2708 3125 2841 3179 quos
2890 3127 2994 3165 non
3036 3111 3235 3168 deserit
3274 3113 3604 3185 laborantes,

346 3217 449 3256 una
479 3211 606 3256 tunc
633 3202 727 3255 fuit
755 3201 1116 3255 innocentium
1144 3215 1324 3268 causa,
1356 3218 1452 3257 cur
1478 3217 1581 3255 non
1612 3203 1785 3256 omnis
1814 3202 1922 3257 illic
1949 3201 1996 3263 C
2028 3210 2160 3265 (1008
2187 3196 2377 3265 dignos
2405 3197 2570 3252 efﬁCit
2596 3198 2859 3263 libertate,
2894 3200 3117 3257 ﬁdeliter
3145 3205 3460 3260 servientes.
3487 3206 3608 3261 Ila:-

349 3294 587 3346 salvatur
617 3291 868 3356 infantia?
893 3293 972 3346 Ab
990 3292 1130 3346 illius
1156 3293 1296 3346 enim
1326 3292 1582 3361 temporis
1610 3293 1775 3362 gloria
1806 3308 1920 3346 om-

346 3384 430 3437 nis
475 3394 605 3437 aetas
645 3384 863 3438 alterius
901 3399 1060 3438 sexus
1089 3384 1262 3438 aliena
1308 3392 1409 3439 est.
1440 3384 1493 3439 Si
1529 3384 1607 3439 vis
1646 3385 1922 3454 prrcdcsti-

345 3474 577 3529 nationis
617 3474 899 3543 specialem
949 3490 1043 3544 per
1083 3474 1317 3545 singulos
1361 3475 1487 3529 facit
1528 3474 1916 3540 conditionem,

345 3581 441 3620 cur
474 3565 558 3619 hic
598 3578 783 3618 omnes
820 3566 969 3633 pueri
1005 3566 1232 3620 diversis
1277 3565 1483 3620 dierum
1529 3566 1612 3620 vel
1660 3567 1921 3620 mensium

345 3656 674 3725 temporibus
706 3656 814 3708 nati
861 3670 1018 3709 unam
1051 3656 1293 3710 obtinent
1336 3653 1678 3711 felicitatem?
1711 3657 1765 3711 Si
1796 3671 1923 3711 vero

345 3748 644 3817 promiscua
676 3747 726 3801 in
752 3762 947 3815 genere
977 3746 1212 3801 humano
1250 3748 1529 3803 electionis
1558 3749 1691 3802 ratio
1722 3750 1920 3817 agitur,

345 3856 438 3895 cur
469 3842 534 3893 ab
565 3842 663 3895 hoc
693 3855 913 3895 munere
936 3841 1110 3895 omnis
1140 3848 1309 3896 status
1342 3842 1592 3911 puellaris
1622 3842 1921 3909 excipitur?

347 3932 445 3986 llic
490 3947 614 4002 ergo
662 3931 861 3986 decreti
908 3940 1053 3986 sorte
1098 3942 1371 3997 cessante,
1415 3947 1558 3988 mors
1600 3932 1778 4001 pueris
1829 3947 1923 3999 pro

347 4023 537 4076 diaboli
586 4023 808 4077 infertur
862 4024 1069 4091 furore,
1115 4038 1260 4079 mors
1301 4038 1429 4080 vero
1477 4024 1777 4079 beatissima
1825 4039 1924 4094 pro

330 4114 439 4169 Dei
469 4114 672 4168 honore
709 4114 999 4170 confertur.
1049 4114 1166 4171 Non
1212 4130 1339 4185 ergo
1378 4129 1471 4171 eos
1524 4114 1924 4183 praedestinatio

347 4208 504 4260 morti
536 4206 767 4273 addixit,
800 4206 893 4261 sed
936 4221 1112 4262 causa:
1141 4208 1353 4262 occasio
1396 4195 1745 4262 consecravit.
1780 4205 1925 4261 Hanc

350 4299 524 4366 itaque
582 4298 924 4365 parvulorum
978 4298 1441 4364 interfectionem,
1490 4312 1595 4351 non
1645 4295 1925 4364 dispositio

351 4388 473 4456 Dei,
514 4388 609 4444 sed
655 4390 898 4457 impietas
946 4390 1217 4445 ordinavit
1262 4391 1481 4445 inimici.
1524 4390 1665 4445 Deus
1709 4399 1921 4457 autem,

348 4481 621 4549 quietiam
654 4481 807 4535 malis
836 4481 1107 4537 hominum
1140 4483 1275 4538 bene
1306 4484 1489 4548 utitur,
1526 4480 1782 4551 perempti
1815 4481 1925 4550 glo-

2025 3290 2220 3341 reticus
2249 3297 2426 3342 autem
2461 3289 2580 3351 ideo
2607 3291 2751 3345 circa
2781 3294 2949 3345 malos
2980 3306 3136 3363 negat
3176 3296 3605 3364 misericordem,

2025 3378 2145 3445 quia
2195 3395 2300 3432 non
2347 3381 2519 3435 credit
2561 3382 2795 3437 oblatam
2829 3384 2992 3439 fuisse
3038 3387 3224 3440 salutis
3264 3390 3470 3457 capiam
3524 3390 3608 3444 his

2025 3471 2113 3538 qui
2143 3469 2467 3525 delabuntur
2498 3472 2549 3526 in
2591 3485 2837 3528 mortem.
2868 3475 2991 3531 Ideo
3017 3479 3158 3531 circa
3187 3478 3357 3533 bonos
3386 3496 3492 3533 non
3524 3496 3607 3534 as-

2027 3560 2157 3613 serit
2182 3561 2405 3628 justum,
2438 3563 2559 3630 quia
2603 3564 2728 3617 nihil
2759 3566 2837 3618 eis
2880 3567 3110 3621 aestimat
3153 3584 3250 3638 pro
3294 3571 3480 3624 humili
3511 3570 3609 3625 de-

2026 3651 2240 3704 votione
2267 3652 2538 3707 collatum.
2573 3653 2880 3709 Misericors
2918 3671 3043 3726 ergo
3086 3667 3187 3721 est,
3219 3661 3341 3727 quia
3373 3670 3425 3714 et
3454 3662 3608 3716 malis

2029 3738 2224 3807 ingerit
2271 3740 2492 3794 rationis
2539 3741 2904 3807 intellectum,
2938 3754 2990 3799 et
3036 3746 3287 3801 bonitatis
3335 3751 3606 3806 affectum.

2026 3830 2210 3885 Justus
2236 3845 2381 3895 vero,
2413 3831 2533 3899 quia
2574 3833 2840 3888 obedienti
2882 3837 3130 3903 proponit
3170 3842 3604 3908 pra:mium;'ju-

2026 3932 2159 3985 stus,
2190 3923 2308 3989 quia
2356 3923 2557 3977 nullum
2588 3925 2760 3978 salvat
2807 3927 3049 3981 invitum.
3096 3927 3276 3995 Itaque
3316 3931 3605 3997 Apostolus

2028 4012 2307 4091 magnifice
2334 4013 2398 4065 ad
2428 4013 2624 4068 donum
2652 4016 2837 4084 gratiae
2862 4017 3094 4071 ofﬁcium
3125 4019 3318 4073 laboris
3339 4021 3602 4089 adiungit,

2028 4106 2099 4160 ita
2127 4106 2309 4160 dicens
2340 4126 2353 4161 :
2396 4100 2727 4160 Laborantem
2766 4109 3044 4179 agricolam
3084 4120 3280 4179 oportet
3317 4111 3380 4163 de
3426 4113 3607 4181 fructi-

2028 4200 2119 4253 bus
2149 4203 2379 4270 accipere
2407 4201 2456 4273 (1
2486 4202 2618 4254 Tim.
2652 4200 2730 4269 ιι).
2768 4204 2904 4256 Ecce
2949 4203 3216 4272 quomodo
3242 4204 3343 4258 sibi
3375 4205 3606 4260 admira-

2028 4291 2120 4345 bili
2172 4294 2492 4347 commcrcio
2541 4293 2721 4347 divina
2777 4303 2830 4346 et
2888 4294 3115 4348 humana
3180 4294 3470 4349 sociantur.
3516 4297 3605 4357 Ad

2029 4384 2382 4439 obedientiam
2417 4384 2642 4451 pertinet
2683 4385 2851 4449 labor,
2886 4384 3086 4439 fructus
3131 4401 3257 4440 vero
3304 4388 3501 4441 laboris
3538 4389 3607 4442 ad

2028 4478 2267 4545 gratiam.
2325 4476 2389 4530 Et
2442 4478 2629 4531 iterum
2666 4494 2677 4529 :
2719 4477 3076 4547 Unusquisque
3114 4480 3624 4551 propriammteqcée
3670 4518 3673 4523 ν

352 4572 484 4624 riam
524 4572 589 4626 de
631 4572 832 4626 scelere
863 4572 1171 4641 pcrimentis
1206 4582 1474 4643 operatur.
1507 4572 1780 4627 Contraria
1808 4571 1925 4642 qui-
1948 4571 1999 4631 D
2026 4569 2137 4621 dem
2168 4568 2376 4636 accipiet
2420 4570 2693 4621 secundum
2738 4585 2886 4621 suum
2915 4568 3140 4629 laborem
3172 4568 3364 4639 (lCor.
3394 4569 3490 4640 it);
3524 4574 3613 4624 sci

354 4660 476 4714 dem
517 4662 728 4717 malitia:
758 4662 990 4731 disponit
1036 4664 1305 4730 inventor,
1334 4663 1428 4718 sed
1458 4662 1711 4718 bonitatis
1741 4672 1926 4717 auctor

354 4750 407 4804 in
438 4751 626 4806 melius
651 4752 871 4807 consilia
895 4752 1119 4807 adversa
1143 4752 1414 4822 componit

956 4885 1184 4943 CAPUT
1222 4886 1309 4941 IV.

353 4973 544 5028 Contra
570 4976 663 5027 hac
678 4978 816 5046 quod
845 4978 1051 5043 dicunt,
1087 4995 1104 5027 ι
1130 4975 1195 5029 1η
1232 4978 1353 5030 istas
1392 4978 1679 5031 misericors
1706 4987 1778 5029 est
1807 4993 1933 5045 quos

426 5046 662 5118 acquirit,
698 5063 751 5100 ιη
788 5048 906 5101 illas
940 5050 1115 5118 justus
1141 5056 1211 5100 est
1240 5063 1367 5115 quos
1408 5047 1639 5117 reliquit,
1675 5067 1693 5099 ι
1725 5063 1838 5100 cum
1885 5056 1934 5099 et

427 5115 560 5166 circa
592 5118 753 5169 malos
797 5115 1105 5184 misericors,
1138 5128 1183 5172 et
1213 5120 1350 5171 circa
1394 5115 1548 5172 bonas
1580 5119 1733 5171 etiam
1760 5119 1934 5186 justus

426 5196 686 5253 appareat.

426 5296 478 5349 Si
525 5296 756 5353 hominis
787 5307 982 5354 statum
1017 5301 1184 5368 Deus,
1214 5303 1352 5357 sicut
1386 5301 1723 5370 blasphemat
1753 5301 1938 5371 impie-

357 5396 458 5453 tas,
488 5403 594 5443 non
624 5389 894 5459 aequitate,
923 5393 1018 5447 sed
1048 5403 1307 5462 potestate
1335 5392 1570 5461 diaponit
1589 5433 1604 5458 ,
1636 5394 1727 5448 ille
1753 5392 1940 5448 fortas-

357 5480 431 5532 sis
469 5480 557 5548 qui
589 5482 818 5549 pulsavit
856 5484 1179 5553 excluditur,
1212 5496 1265 5540 ct
1293 5484 1384 5541 ille
1420 5485 1511 5554 qui
1550 5501 1654 5540 non
1695 5486 1941 5555 quzesivit

360 5573 666 5629 attrahitur.
697 5578 772 5629 Ac
792 5574 870 5629 sic
899 5591 997 5630 nec
1017 5577 1157 5630 circa
1186 5578 1416 5635 salvatos
1440 5579 1747 5633 misericors
1774 5577 1941 5633 fuisse

363 5665 648 5730 videbitur,
684 5667 876 5736 quibus
908 5682 1013 5722 non
1043 5668 1191 5722 dedit
1239 5680 1294 5724 ut
1335 5686 1397 5726 ex
1434 5670 1611 5727 ofﬁcio
1638 5672 1941 5727 misericor—

362 5757 504 5814 diam
537 5769 902 5829 mererentur;
933 5775 1033 5818 nec
1060 5762 1203 5818 circa
1233 5765 1467 5835 perditos
1494 5767 1746 5821 aestimari
1782 5779 1936 5834 pote-

2030 4660 2260 4716 cnndum
2291 4660 2428 4728 quod
2464 4661 2512 4714 in
2561 4659 2847 4729 Evangelia
2870 4659 3035 4713 dicit:
3065 4659 3193 4711 Cum
3221 4661 3449 4728 feceritis
3478 4662 3611 4725 lucc,

2034 4756 2206 4822 dicite,
2238 4754 2384 4808 Servi
2404 4753 2607 4805 inutiles
2634 4768 2826 4818 sumus,
2861 4753 2996 4820 quod
3028 4752 3291 4806 debuimus
3312 4754 3498 4821 facere,
3541 4755 3615 4822 fe-

2035 4846 2194 4896 cintus
2227 4842 2378 4913 (Luc.
2410 4842 2562 4909 χιιι).
2594 4840 2827 4895 Advertc
2854 4842 2975 4909 quia
3013 4856 3117 4895 non
3159 4842 3393 4895 excludit
3416 4843 3616 4910 .operis

2039 4936 2296 5001 studium,
2321 4935 2413 4990 sed
2437 4933 2707 5004 operantis
2733 4933 2949 5002 requirit
2969 4934 3279 5003 obsequium
3298 4951 3321 4995 ;'
3344 4949 3441 4987 nec
3461 4934 3619 4988 laboa

2044 5042 2153 5080 rem
2194 5027 2464 5080 servitutis
2507 5032 2745 5088 recusat;
2779 5025 2872 5079 sed
2914 5024 3262 5079 humilitatem
3305 5024 3497 5077 mentis
3539 5025 3619 5076 in-

2043 5121 2241 5174 sinuat.
2269 5118 2469 5171 Vitium
2498 5132 2627 5187 ergo
2653 5132 2759 5185 quo
2791 5117 3025 5172 laborem
3060 5116 3455 5205 imperitissimo
3486 5114 3619 5167 refu~

2044 5211 2289 5281 giendum
2321 5218 2491 5277 putas,
2527 5222 2630 5263 non
2662 5209 2712 5262 iu
2745 5223 2927 5277 opere,
2957 5206 3050 5262 sed
3082 5208 3136 5260 in
3164 5205 3326 5260 corde
3352 5204 3625 5261 consistit;

2048 5301 2193 5355 Totis
2222 5314 2349 5368 ergo
2377 5298 2579 5352 viribus
2620 5298 2826 5364 laboro,
2855 5298 2949 5352 sed
2981 5296 3234 5367 quidquid
3277 5295 3345 5350 de
3387 5310 3622 5364 superna

2048 5391 2286 5460 largitate
2316 5403 2625 5459 percepero,
2649 5390 2852 5459 gratiae,
2886 5404 2991 5443 non
3023 5387 3298 5443 industria:
3323 5386 3619 5455 deputabo;

2048 5485 2365 5540 benefit-ium
2412 5484 2639 5551 vocabo,
2693 5498 2796 5537 non
2848 5482 3115 5551 pretium;
3159 5482 3355 5537 donum
3386 5476 3632 5531 teStabor.

2044 5594 2193 5644 esse,
2228 5594 2333 5633 non
2363 5576 2632 5641 debitum;
2664 5576 3147 5631 remunerationem
3174 5615 3188 5639 ,
3242 5587 3345 5625 non
3390 5567 3620 5623 retribu-

2048 5677 2266 5728 tionem.
2313 5672 2385 5725 Ita
2428 5686 2546 5724 cum
2578 5686 2645 5725 ex
2681 5669 2860 5725 ofﬁcio
2903 5667 3100 5737 aliquid
3141 5664 3375 5733 agimus,
3421 5675 3621 5730 nequa-

2046 5785 2203 5840 quam
2244 5783 2337 5822 nos
2383 5768 2643 5836 imputare
2690 5766 2797 5820 Dco
2840 5775 3154 5835 possumus,
3196 5756 3321 5831 quia
3366 5752 3624 5813 solvimus
