4068 6348
478 205 576 261 819

1674 197 1730 253 S.
1773 191 2015 249 FAUSTI
2052 191 2457 246 RHEGIENSIS

3628 186 3739 241 89.0

476 318 613 387 quod
644 318 919 373 debemus.
949 319 1027 372 Tu
1057 332 1181 371 vero
1213 316 1404 369 divinat
1432 328 1498 367 ne
1529 311 1763 367 invideas
1799 307 2044 373 bonitati,
2074 310 2127 368 Α
2155 319 2260 363 tate
2283 311 2581 373 discedere,
2614 318 2667 363 et
2692 311 2757 363 ad
2783 312 2948 364 levem
2981 308 3287 363 tentationis
3304 318 3492 361 aestum
3520 306 3735 359 inﬁrma

384 394 389 399 ’
476 411 517 461 si
550 425 680 479 opus
710 410 847 479 quod
890 425 915 461 a
959 424 1042 462 me
1079 408 1170 461 illo
1213 407 1498 475 adiuvante
1538 405 1672 460 bene
1694 410 1898 472 gestum
1930 408 2043 465 est,

478 504 556 555 vel
586 502 744 557 etiam
773 507 985 568 accepta
1021 497 1383 567 perdiderint?
1414 490 1537 551 Hoc
1563 509 1757 565 genere
1797 507 1895 548 nec
1923 506 2050 546 con-

478 597 607 647 verti
656 606 748 647 eos
805 592 1120 659 permittunt
1171 590 1311 644 mala
1368 587 1760 658 praecedentia,
1811 600 1909 639 nec
1959 597 2048 637 sa-

478 701 613 739 1131⁸1.

1097 773 1323 829 CAPUT
1362 773 1427 828 ν.

476 867 665 919 Contra
702 864 797 917 hoc
832 864 970 932 quod
1014 866 1185 919 dicunt
1210 881 1226 917 :
1252 864 1374 919 Non
1414 874 1517 918 tant
1562 866 1717 918 voluit
1750 880 1904 934 quant
1948 879 2051 934 no_n

546 936 709 1003 potuit
737 934 907 988 salvus
934 951 1046 1008 esse
1063 936 1148 1003 qui
1175 936 1342 1004 periit,
1361 938 1517 1008 juxta
1537 936 1670 1005 quod
1695 932 1911 1005 legimus
1936 950 1953 987 :
1982 932 2051 985 Et

544 1022 644 1058 non
671 1014 901 1063 poterant
931 1006 1152 1060 credere.

548 1138 690 1192 Inter
728 1138 845 1193 haec
874 1152 995 1207 cum
1025 1138 1257 1193 Joannes
1284 1139 1606 1208 evangelista
1632 1148 2046 1193 commemoret:

480 1230 759 1298 Propterea
814 1248 916 1286 non
969 1240 1199 1301 poterant
1241 1233 1464 1298 credere,
1512 1235 1633 1302 quia
1687 1235 1867 1287 iterant
1921 1234 2051 1286 dixit

474 1321 642 1376 Isaias
674 1338 692 1375 :
722 1322 1006 1378 Ezccecavit
1045 1324 1219 1377 oculos
1254 1339 1425 1376 eorum
1447 1365 1460 1385 ,
1494 1334 1541 1377 et
1578 1324 1831 1376 induravit
1873 1338 2049 1375 eorum

475 1430 560 1467 cor
598 1412 777 1482 (Joan.
812 1429 911 1477 xu;
944 1412 1055 1468 Isa.
1085 1415 1181 1483 v1),
1230 1414 1331 1468 hoc
1380 1415 1497 1467 loco
1540 1414 1768 1467 elocutio
1798 1414 2049 1466 conclusa

474 1505 550 1558 sic
579 1512 812 1570 resonat,
837 1506 988 1573 quasi
1016 1505 1095 1560 eis
1120 1519 1225 1558 non
1254 1504 1505 1559 credendi
1531 1504 1822 1557 necessitas
1850 1502 2050 1571 imponi

475 1596 715 1650 videatur
767 1597 967 1651 invitis.
1023 1595 1127 1650 Sed
1184 1611 1246 1649 ex
1296 1595 1401 1649 illis
1444 1608 1657 1647 causam
1706 1593 1788 1647 vel
1839 1593 2049 1661 culpam

2154 401 2335 455 radice
2347 401 2594 456 deﬁcere.
2612 402 2899 456 Videamus
2912 415 3045 468 quos
3057 415 3246 454 sanare
3260 400 3567 466 tentaverit,
3588 406 3645 452 et
3659 400 3736 454 eis

2155 508 2337 561 parum
2374 508 2471 561 pro
2494 494 2839 562 consequenti
2873 494 3244 548 incredulitate
3271 493 3555 563 profuerit.
3589 493 3733 548 Ecce

2153 599 2313 639 servo
2344 584 2417 638 illi
2450 585 2501 637 in
2540 585 2822 653 Evangelio
2849 586 3056 654 magnis
3085 585 3280 639 debitis
3309 592 3363 639 et
3390 586 3587 638 anima:
3617 574 3735 638 lan-

2152 675 2407 744 guoribus
2453 690 2749 744 oppresso,
2800 676 2986 730 decem
3022 676 3183 730 millia
3238 676 3470 739 talenta,
3524 691 3645 746 qua:
3682 678 3729 732 ei

2154 766 2374 820 remissa
2399 767 2732 832 videbantur,
2768 781 2861 836 per
2890 768 3089 821 crimen
3119 767 3347 836 propria:
3377 768 3597 820 malitiae
3630 769 3728 821 ad-

2150 857 2304 924 jectis
2359 858 2685 912 cruciatibus
2732 858 3034 926 exiguntur.
3078 857 3182 914 Ubi
3248 868 3301 913 et
3338 859 3730 913 advertendum

2153 958 2233 1002 est
2262 949 2528 1016 quomodo
2574 949 2830 1017 acquisita
2862 949 3183 1017 perduntur,
3232 960 3286 1004 et
3314 950 3571 1005 beneﬁcia
3616 950 3731 1020 iam

2152 1038 2341 1093 collata
2364 1049 2698 1093 revocantur.
2730 1040 2833 1094 Sed
2867 1049 2915 1095 et
2942 1040 3032 1094 ille
3055 1041 3277 1109 depulso
3300 1056 3330 1095 a
3358 1056 3417 1097 se
3450 1042 3730 1097 immundo

2153 1132 2338 1199 spiritu
2369 1132 2432 1185 ad
2467 1135 2882 1202 tempuslegitur
2913 1134 3075 1189 fuisse
3102 1146 3341 1199 sanatus,
3372 1136 3436 1188 de
3461 1150 3569 1204 quo
3601 1136 3733 1191 dicit

2152 1237 2328 1277 Sermo
2352 1224 2560 1279 divinus
2592 1243 2602 1277 ε
2638 1226 2762 1279 Cum
2789 1237 2952 1280 autent
2982 1229 3273 1282 immundus
3302 1230 3511 1299 spiritus
3545 1229 3728 1283 exierit

2152 1316 2214 1369 ab
2234 1316 2455 1382 homine,
2477 1319 2789 1385 perambulat
2811 1336 2896 1390 per
2912 1321 3025 1374 loca
3045 1322 3212 1385 arida,
3236 1339 3465 1389 quaerens
3482 1326 3731 1392 requiem,

2151 1417 2197 1460 et
2215 1424 2317 1460 non
2343 1410 2635 1471 inveniens;
2660 1419 2778 1463 tunc
2798 1411 2919 1463 dicit
2944 1428 2961 1464 :
2984 1412 3223 1465 Revertar
3252 1415 3304 1465 in
3329 1398 3535 1465 domum
3568 1430 3733 1467 meam

2154 1501 2286 1553 unde
2312 1501 2461 1553 exivi.
2492 1499 2560 1553 Et
2590 1502 2790 1554 veniens
2810 1503 2997 1556 invenit
3016 1514 3292 1567 vacantem,
3318 1494 3485 1570 scapis
3514 1504 3733 1556 munda-

2159 1602 2260 1644 tam
2288 1601 2333 1645 et
2355 1574 2589 1645 ornatam
2611 1592 2763 1661 (Luc.
2790 1597 2906 1660 xu),
2934 1584 2982 1647 id
3008 1605 3109 1657 est,
3144 1605 3415 1649 vacuatam
3446 1597 3731 1651 virtutibus

479 1686 863 1741 incredulitatis
918 1695 1160 1741 exortam
1210 1687 1262 1739 in
1312 1684 1763 1753 consequentibus
1807 1683 2050 1738 lectionis
2080 1668 2209 1735 Bet
2261 1682 2581 1735 vanitatibus
2638 1682 3002 1751 adimpletam.
3051 1684 3198 1737 Tunc
3242 1686 3378 1737 vadit
3429 1695 3475 1738 et
3518 1686 3733 1739 assumit

475 1779 605 1833 ordo
634 1779 937 1833 manifestat
968 1780 1037 1833 ita
1065 1779 1249 1832 dicens
1293 1796 1304 1829 :
1348 1777 1701 1830 Verumtamen
1732 1784 1775 1828 et
1805 1792 1869 1829 ea:
1909 1775 2052 1844 prin-

474 1871 670 1939 cipibus
696 1871 844 1923 multi
872 1870 1195 1924 crediderant
1232 1870 1287 1921 in
1321 1883 1435 1921 eum
1457 1912 1471 1934 ,
1508 1868 1594 1919 sed
1624 1875 1826 1935 prapter
1864 1864 2053 1917 Phari-

474 1976 598 2014 swos
619 1976 720 2012 non
740 1960 1129 2027 conﬁtebantur,
1158 1967 1213 2009 ut
1240 1958 1303 2010 de
1328 1971 1588 2025 synagoga
1606 1971 1705 2007 non
1726 1956 2047 2022 ejicercntur.

475 2053 773 2106 Dilexerunt
796 2052 929 2105 enim
951 2050 1171 2121 gloriam
1197 2050 1455 2103 hominum
1482 2051 1639 2117 magis
1666 2063 1814 2117 quam
1837 2048 2051 2117 gloriam

474 2144 569 2197 Dei
600 2142 814 2213 (Joann.
848 2145 964 2212 xu).
1004 2143 1264 2197 Absoluta
1312 2142 1396 2195 hic
1436 2142 1634 2195 indicat
1660 2182 1673 2204 ,
1706 2141 1845 2194 sicut
1892 2150 1945 2195 et
1982 2141 2051 2196 de

473 2238 691 2292 Simone
716 2237 973 2306 legimus,
1022 2236 1185 2290 etiam
1232 2234 1536 2289 inﬁdelibus
1564 2235 1671 2287 vim
1723 2232 2051 2287 credulitatis

472 2329 638 2384 fuisse
675 2330 924 2384 collatam
970 2348 981 2381 :
1015 2328 1205 2397 quibus
1244 2328 1382 2381 sicut
1410 2326 1629 2380 facultas
1658 2325 1909 2380 credendi
1951 2325 2051 2380 ad-

475 2421 602 2485 fuit,
652 2421 723 2474 ita
757 2421 1006 2474 voluntas
1035 2420 1201 2474 defuit
1250 2418 1559 2473 conﬁtendi.
1603 2417 1752 2483 Quod
1792 2417 2046 2479 credunt,

475 2514 660 2581 gratia:
694 2514 910 2580 largitas
950 2522 1060 2575 est;
1085 2512 1224 2579 quod
1254 2510 1636 2579 professionem
1674 2509 1891 2562 creditis
1941 2522 2049 2562 non

475 2604 901 2667 accommodant,
932 2603 1123 2657 mentis
1155 2603 1469 2671 improbitas
1498 2612 1609 2661 est;
1639 2610 1693 2655 et
1723 2600 1974 2668 impletur
1997 2601 2050 2656 in

471 2695 550 2749 eis
577 2711 591 2748 :
624 2694 726 2762 Qui
755 2704 921 2747 autem
961 2710 1062 2747 non
1089 2693 1261 2757 habet,
1293 2693 1603 2763 etiamquod
1627 2693 1770 2745 habet
1794 2692 2051 2759 auferetur

472 2788 533 2839 ab
560 2803 617 2840 eo
668 2784 879 2856 (Matth.
910 2786 1006 2854 tv).
1053 2786 1188 2840 Ecce
1230 2785 1498 2853 quomodo
1531 2784 1725 2837 bonum
1757 2784 2050 2838 voluntatis

472 2888 527 2933 et
551 2877 673 2933 ﬁdei
712 2876 946 2932 admixta
983 2878 1184 2931 malitia
1228 2877 1570 2944 depravavit,
1601 2876 1739 2931 sicut
1784 2876 1889 2931 alio
1929 2876 2049 2931 loco

469 2968 522 3024 in
552 2971 739 3023 eodem
770 2968 1065 3037 Evangelia
1103 2968 1215 3036 ipse
1246 2968 1500 3020 Dominus
1529 2966 1658 3020 dicit
1711 2984 1723 3021 :
1776 2967 2043 3033 Quomodo

472 3060 679 3131 potestis
708 3073 792 3112 vos
821 3060 1041 3122 credere,
1062 3060 1146 3125 qui
1168 3058 1387 3125 gloriam
1412 3058 1475 3109 ab
1494 3058 1703 3110 invicem
1725 3055 1976 3123 accipitis,
1996 3064 2043 3109 et

472 3153 689 3222 gloriam
739 3166 853 3221 qua:
896 3168 925 3202 a
955 3152 1063 3205 solo
1091 3160 1165 3203 est
1203 3148 1309 3202 Dea
1349 3166 1450 3202 non
1479 3151 1707 3218 quwritis
1742 3147 1919 3218 (Joan.
1948 3147 2042 3217 v)?

474 3241 635 3296 Vides
674 3256 800 3311 ergo
828 3241 950 3310 quia
979 3242 1117 3294 sicut
1151 3239 1449 3307 suppressis
1481 3240 1658 3294 causis
1700 3239 2043 3293 absconditur

472 3333 691 3399 veritas,
720 3333 790 3385 ita
831 3330 1127 3385 manifestis
1156 3340 1460 3383 removetur
1486 3330 1813 3383 obscuritas?
1842 3345 1958 3397 quae
1990 3332 2040 3383 in

473 3423 622 3476 Isaia:
670 3422 976 3477 testimonio
1034 3419 1312 3474 densiores
1359 3421 1515 3489 paulo
1564 3419 1783 3474 nebulas
1836 3418 2045 3472 videtur

473 3514 779 3576 obducere,
833 3513 956 3566 dum
993 3526 1085 3565 eos
1131 3526 1265 3580 quos
1316 3510 1528 3579 propria
1570 3510 1803 3579 nequitia
1849 3511 2041 3563 surdos

472 3618 753 3674 cazcosque
802 3602 1137 3667 reddiderat,
1169 3617 1198 3655 a
1236 3604 1344 3656 Deo
1382 3600 1573 3656 asserit
1600 3603 1894 3654 oliccccatos
1917 3641 1930 3665 ,
1977 3616 2043 3654 ne

473 3697 610 3751 forte
640 3710 901 3751 converso
947 3694 1011 3748 ad
1047 3696 1209 3748 Deum
1248 3692 1411 3748 corde
1451 3700 1723 3746 sanentur.
1766 3691 1945 3759 Itaque
1984 3700 2043 3745 ut

472 3790 740 3859 paululum
775 3788 1083 3844 dilferatuus
1109 3788 1247 3857 quod
1279 3786 1559 3841 Mattiacas
1596 3786 1829 3855 apertius
1862 3784 2042 3838 elocu-

472 3890 556 3935 tus
581 3892 665 3937 est
700 3881 848 3950 juxta
878 3879 1043 3949 ipsius
1068 3880 1333 3933 sermonis
1364 3879 1592 3946 rigorem
1615 3918 1630 3942 ,
1656 3876 1744 3945 qui
1773 3891 1837 3930 ex
1863 3876 2041 3929 verbis

473 3974 745 4044 prophetae
785 3973 1045 4026 austerius
1074 3972 1306 4039 percutit
1329 3971 1552 4039 legentis
1580 3968 1812 4023 auditum
1834 4008 1849 4033 ,
1880 3967 2040 4025 altius

470 4066 802 4137 requiramus
828 4080 993 4135 quare
1026 4064 1124 4119 hoc
1148 4065 1265 4119 loco
1292 4064 1434 4117 nolle
1456 4072 1669 4131 putetur
1701 4061 1955 4115 Dominus
1980 4068 2042 4114 ut

467 4167 741 4223 sanentur,
765 4157 815 4211 id
833 4168 908 4211 est
921 4198 935 4221 ,
957 4172 1022 4210 ne
1041 4165 1409 4210 momentanea
1425 4153 1774 4208 conversione
1792 4162 2037 4222 suscepta

470 4252 677 4305 collatis
704 4248 974 4302 beneﬁciis
1012 4248 1315 4314 abutantur,
1347 4247 1478 4299 iram
1497 4286 1512 4311 ,
1538 4261 1658 4299 cum
1680 4245 1889 4314 probati
1918 4243 2037 4297 fuc-

469 4343 602 4405 riut,
635 4350 933 4405 susceptam
962 4338 1260 4405 neglexisse
1287 4351 1350 4391 ac
1376 4334 1645 4405 respuisse
1690 4335 1920 4389 recidiva
1952 4334 2038 4387 in-

470 4433 719 4485 ﬁrmitate
742 4429 1080 4490 medicinam,
1111 4427 1249 4480 sicut
1270 4427 1358 4480 ille
1384 4427 1451 4480 ad
1472 4440 1629 4495 quem
1652 4425 1764 4493 ipse
1781 4426 2038 4479 Dominus

467 4521 701 4590 loquitur
733 4538 745 4571 ε
775 4519 893 4572 Jam
922 4534 1076 4577 sanus
1101 4520 1265 4589 factas
1285 4533 1367 4579 es,
1398 4517 1502 4571 noli
1528 4532 1763 4588 peccare,
1794 4531 1857 4570 ne
1892 4515 2034 4568 dete-

466 4613 575 4666 rius
605 4610 691 4664 tibi
718 4611 910 4679 aliquid
935 4610 1211 4679 contingat.
1258 4608 1491 4663 Advorte
1518 4609 1753 4663 bonitate
1794 4610 2037 4662 sanitatis

468 4702 688 4770 impium
712 4701 1052 4767 praegravari.
1085 4701 1173 4755 Sic
1193 4699 1400 4755 Pharao
1422 4700 1705 4754 insultasse
1735 4698 2035 4766 deprehen-

464 4793 608 4846 ditur
658 4792 1043 4846 misericordiae
1093 4793 1231 4854 Dei.
1277 4808 1431 4860 quem
1464 4792 1705 4846 addictus
1759 4791 2032 4861 plagarum

463 4885 865 4954 resipiscentem
893 4893 949 4938 et
975 4896 1406 4943 convertentem.
1441 4894 1495 4939 et
1525 4884 1893 4939 humiliantem
1943 4899 2031 4949 se,

368 5020 374 5027 .
459 4979 671 5047 quoties
709 4992 899 5033 sanare
939 4979 1146 5041 voluit,
1191 4978 1359 5032 toties’
1394 4978 1716 5032 deteriorem
1762 4992 1883 5031 esse
1914 4985 2036 5044 post

462 5071 845 5127 humanitatem
868 5071 1163 5125 clementia}
1184 5069 1553 5139 deprehendit.
1573 5070 1747 5135 Quare
1770 5069 2034 5139 (inquam)

458 5165 590 5219 istos
618 5180 810 5218 sanare
839 5163 1173 5218 dissimulat?
1196 5178 1262 5217 ne
1285 5163 1415 5217 ﬁant
1441 5162 1622 5231 utique
1643 5162 1784 5217 illius
1806 5163 2030 5227 similes,

456 5256 541 5325 qui
568 5271 720 5324 supra
741 5266 941 5325 petrosa
968 5256 1247 5308 seminatus
1266 5264 1360 5317 est,
1394 5253 1445 5308 id
1471 5263 1570 5317 est,
1598 5255 1685 5325 qui
1713 5256 1779 5307 ad
1810 5269 2031 5307 momen-

456 5357 560 5401 tum
587 5363 701 5399 cum
722 5346 910 5414 gaudio
936 5346 1144 5416 suscipit
1171 5346 1394 5408 verbum,
1419 5347 1506 5411 qui
1532 5348 1598 5397 ad
1626 5355 1822 5411 tempus
1852 5345 2030 5409 credit,

455 5450 501 5493 et
530 5441 580 5492 in
610 5447 832 5507 tempore
863 5438 1153 5491 temtationis
1185 5437 1370 5491 recedit
1393 5436 1605 5505 (Matth.
1637 5439 1733 5504 tv).
1775 5437 1911 5501 Quid
1952 5446 2035 5489 est

459 5542 883 5587 tuonteutaneam
906 5530 1180 5599 suscipere
1202 5532 1506 5593 sanitatem,
1530 5530 1580 5584 id
1605 5538 1707 5596 est,
1737 5530 1800 5582 ad
1827 5540 2032 5597 tempus

458 5626 695 5693 credere,
730 5634 783 5679 et
805 5625 857 5678 in
883 5634 1122 5694 tempore
1143 5622 1452 5678 tentationis
1480 5638 1574 5678 oro
1606 5624 1766 5678 animi
1798 5623 2034 5678 inﬁdeli-

2153 1781 2342 1842 septem
2377 1773 2507 1827 alios
2536 1775 2746 1841 spiritus
2775 1791 2943 1828 secum
2982 1778 3249 1847 nequiores
3289 1795 3369 1841 se,
3401 1789 3448 1831 et
3482 1779 3731 1831 intrantes

2154 1866 2381 1918 habitant
2405 1866 2513 1929 ibi,
2557 1874 2604 1918 et
2646 1867 2771 1933 ﬁunt
2802 1869 3071 1921 novissima
3099 1870 3318 1921 hominis
3366 1870 3511 1921 illius
3554 1870 3731 1939 pejora

2154 1956 2426 2024 prioribus.
2462 1956 2600 2010 Ecce
2626 1959 2709 2011 cui
2740 1958 3021 2011 sanitatem
3046 1958 3292 2013 collatam
3321 1974 3439 2014 csse
3469 1976 3574 2013 non
3611 1976 3731 2029 pro-

2152 2049 2267 2101 fuit.
2322 2048 2375 2101 ln
2424 2063 2582 2117 quem
2632 2047 2989 2118 multiplicatis
3036 2052 3191 2105 malis
3237 2053 3456 2106 nocivus
3506 2050 3729 2121 languor

2154 2139 2390 2193 incubuit
2422 2148 2475 2194 et
2504 2140 2749 2195 increvit.
2784 2141 2890 2197 Sed
2920 2151 2974 2199 et
3002 2144 3105 2197 alio
3134 2144 3248 2198 loco
3287 2144 3332 2198 is
3377 2147 3464 2213 qui
3498 2156 3616 2213 post
3644 2161 3729 2198 ac-

2152 2240 2358 2299 ceptam
2394 2234 2635 2286 notitiam
2667 2235 2925 2300 veritatis,
2973 2235 3022 2289 id
3050 2248 3159 2302 est,
3190 2247 3308 2304 post
3336 2238 3585 2292 collatam
3618 2240 3727 2303 (ve-

2153 2322 2388 2392 ritatem)
2432 2318 2531 2377 sibi
2561 2339 2742 2378 curam
2786 2327 3001 2391 salutis,
3049 2329 3361 2397 sanguinem
3421 2328 3726 2385 testamenti

2154 2414 2415 2482 pollutum
2441 2416 2687 2480 duxerat,
2722 2416 2774 2470 in
2801 2432 2905 2485 quo
2930 2419 3288 2473 sanctiﬁcatus
3315 2428 3427 2486 est,
3460 2420 3512 2473 id
3539 2430 3640 2485 est,
3672 2416 3721 2474 in

2151 2508 2256 2572 quo
2287 2514 2501 2558 sanatus
2536 2517 2637 2572 est,
2671 2508 2911 2574 graviora
2944 2508 3134 2562 mereri
3182 2510 3439 2579 supplicia
3468 2511 3726 2577 Apostolo

2151 2603 2439 2649 attestante
2484 2596 2815 2665 perhibetur.
2863 2598 2953 2653 Sic
2994 2601 3171 2669 itaque
3206 2603 3373 2671 gratia
3421 2603 3472 2656 in
3518 2604 3725 2672 culpam

2152 2686 2396 2752 vertitur,
2425 2688 2530 2741 nisi
2555 2688 2797 2743 custodia
2830 2692 3201 2761 subsequatur.
3236 2692 3339 2746 Sed
3372 2694 3423 2748 in
3456 2690 3539 2750 bis
3570 2688 3723 2750 evan;

2150 2778 2339 2845 gelista
2387 2778 2666 2833 Matthteus
2706 2780 2829 2834 dum
2876 2782 3229 2837 incrassatum
3279 2799 3402 2849 cor,
3455 2785 3723 2840 obturatas

2150 2883 2306 2924 aures
2328 2912 2342 2937 ,
2374 2871 2691 2941 clausosque
2720 2862 2903 2928 oculos
2934 2874 2997 2931 ad
3030 2876 3239 2945 culpam
3270 2875 3501 2931 hominis
3531 2880 3720 2943 refert,

2150 2978 2245 3017 cur
2272 2981 2376 3018 non
2424 2973 2742 3020 sanarentur
2770 2967 3035 3034 apertiore
3092 2984 3279 3036 sensu,
3340 2979 3393 3025 et
3437 2970 3719 3026 dilucidata

2071 3025 2118 3090 Ο
2149 3058 2353 3109 ratione
2379 3056 2673 3122 perdocuit,
2704 3056 2829 3110 dum
2866 3057 3130 3129 (inquam)
3155 3059 3287 3114 dicit
3319 3078 3332 3112 :
3375 3052 3713 3113 Iucrassatuut

2147 3158 2218 3200 est
2245 3162 2331 3198 cor
2362 3147 2533 3215 papuli
2556 3147 2739 3218 hujus,
2772 3156 2815 3200 et
2852 3149 3060 3202 auribus
3095 3152 3311 3220 graviter
3342 3152 3607 3205 audierunt
3630 3196 3641 3213 ,
3675 3166 3719 3207 ει

2148 3236 2324 3288 oculos
2354 3252 2473 3290 suos
2503 3238 2813 3291 clauserunt.
2842 3239 3027 3295 Nonne
3056 3240 3147 3295 tibi
3170 3240 3377 3296 videtur
3399 3242 3541 3297 velut
3566 3244 3720 3297 inter-

2149 3327 2482 3394 rogantibus,
2522 3342 2616 3381 cur
2644 3329 2891 3384 videntes
2923 3347 3027 3384 nou
3060 3331 3303 3392 videant,
3341 3341 3395 3387 et
3446 3334 3717 3388 audientes

2149 3432 2253 3471 non
2276 3418 2594 3487 intelligant,
2629 3420 2931 3475 evidentem
2954 3425 3196 3491 protinus
3226 3424 3438 3479 dedisse
3462 3416 3714 3479 rationem

2147 3510 2213 3563 de
2240 3512 2412 3564 causis
2436 3520 2649 3580 propter
2674 3527 2804 3581 quas
2827 3528 2930 3566 non
2957 3515 3165 3568 videant
3190 3531 3361 3581 neque
3384 3514 3681 3585 intelligant
3698 3516 3716 3566 ‘?

2148 3603 2269 3670 quia
2309 3604 2497 3658 audire
2530 3613 2584 3657 et
2610 3604 2813 3671 videre,
2846 3605 2897 3659 id
2923 3618 3027 3671 θεῖ,
3064 3607 3365 3675 intelligere
3402 3621 3455 3663 et
3504 3610 3715 3663 obedire

2147 3695 2595 3762 noluerunt.Quia
2615 3696 2828 3765 (inquit)
2850 3715 2947 3749 non
2973 3715 3145 3752 omnes
3162 3700 3398 3753 obedimtt
3422 3699 3711 3769 Evangelia,

2148 3786 2266 3851 quia
2317 3794 2425 3839 tota
2472 3786 2553 3838 die
2595 3786 2818 3854 expendi
2858 3804 3036 3842 manus
3073 3804 3208 3843 meas
3236 3790 3303 3842 ad
3338 3791 3583 3859 populum
3622 3808 3713 3843 mm

2146 3876 2428 3930 credentem
2457 3887 2505 3931 et
2545 3879 3003 3943 contradicentem;
3034 3879 3168 3934 sicut
3202 3880 3361 3935 etiam
3390 3896 3483 3949 per
3510 3897 3568 3935 se
3612 3881 3713 3949 jam

2147 3970 2401 4024 Dominus
2441 3971 2674 4040 loquitur
2708 3989 2718 4024 :
2754 3970 2917 4025 Filios
2939 3974 3047 4026 alui
3073 3983 3118 4026 et
3149 3974 3384 4038 exaltari,
3420 3976 3515 4041 ipsi
3555 3985 3712 4026 autem

2145 4078 2225 4115 me
2270 4074 2587 4131 spreverunt.
2639 4065 2703 4117 Et
2748 4065 2937 4119 iterum
2987 4084 2998 4117 :
3054 4066 3302 4132 Quoniam
3348 4065 3714 4134 dercliqaerunt

2144 4166 2318 4207 venam
2366 4172 2613 4223 aquarum
2640 4157 2906 4208 viventium
2951 4143 3240 4210 Dominum.
3288 4158 3352 4209 Et
3397 4158 3447 4209 in
3496 4156 3712 4210 Actibus

2147 4247 2524 4314 Apostolorum
2566 4266 2576 4300 :
2616 4247 2851 4301 Videntes
2891 4234 3105 4319 (inquit)
3147 4249 3353 4309 Juda’i.
3388 4251 3564 4319 repleti
3600 4258 3713 4302 sunt

2145 4337 2289 4403 zelo,
2338 4348 2385 4390 et
2419 4328 2830 4406 contradicebant
2860 4337 2939 4392 his
2977 4356 3088 4407 quea
3127 4356 3157 4391 a
3194 4338 3357 4392 Paulo
3396 4340 3708 4403 dicebantur,

2147 4428 2545 4494 blasphemantes
2571 4431 2699 4481 viam
2728 4427 2935 4482 Domini
2953 4430 3089 4501 (Act.
3114 4431 3253 4499 xui).
3283 4429 3349 4484 Et
3368 4430 3559 4484 iterum
3587 4447 3598 4482 :
3626 4428 3711 4481 In-

2146 4522 2305 4574 stabat
2362 4520 2576 4590 (inquit)
2608 4522 2754 4572 verbo
2795 4519 2993 4573 Paulus
3018 4565 3031 4589 ,
3067 4521 3336 4590 testi/icans
3380 4519 3578 4575 Judts-is
3611 4537 3712 4574 esse

2146 4613 2399 4668 Christum
2438 4614 2637 4671 Iesum.
2670 4613 3139 4669 Contradicentibus
3182 4625 3227 4668 et
3259 4614 3712 4685 blaspltemantibus

2145 4706 2398 4757 excutiens
2424 4706 2716 4776 vestimenta
2761 4723 2851 4758 sua
2897 4706 3025 4760 dim?!
3055 4723 3074 4759 :
3105 4706 3326 4778 Sanguis
3369 4718 3530 4761 vester
3566 4702 3711 4778 super
3792 4752 3795 4755 .

2144 4808 2294 4867 caput
2321 4807 2533 4849 vestram
2570 4800 2692 4863 erit;
2738 4800 2955 4869 mundus
2978 4815 3074 4869 ego
3100 4816 3164 4854 ex
3202 4799 3296 4852 hoc
3318 4801 3427 4869 jam
3458 4802 3525 4851 ad
3546 4809 3709 4869 gentes

2139 4893 2322 4943 rodant
2355 4891 2489 4962 (Act.
2524 4896 2694 4959 xvut).
2747 4892 3214 4962 Contradicentibas
3256 4893 3475 4971 (inquit)
3516 4895 3617 4949 illis
3670 4905 3710 4945 et

2141 4979 2621 5049 blasphemautibus.
2654 4982 2786 5036 Vide
2812 4986 3079 5051 quomoolo
3110 4982 3343 5037 remedia
3379 4984 3569 5051 ingerit
3608 4998 3710 5035 mc-

2138 5073 2323 5138 dicus,
2349 5082 2400 5125 et
2438 5084 2649 5128 recusat
2686 5084 2935 5144 aegrotus.
2985 5075 3219 5142 Quorum
3262 5075 3509 5130 duritiam
3556 5075 3708 5128 etiam

2141 5164 2329 5218 beatus
2375 5166 2675 5233 Stephanus
2712 5167 2823 5233 pari
2859 5168 3173 5219 auctoritate
3221 5167 3460 5234 increpat
3498 5166 3709 5227 dicens,

2142 5254 2499 5309 Incircuntcisi
2553 5257 2705 5309 corde
2754 5266 2801 5308 et
2845 5257 3089 5320 auribus,
3130 5273 3216 5310 vos
3262 5273 3454 5325 semper
3500 5255 3710 5321 Spiritui

2143 5359 2320 5403 sancto
2369 5350 2619 5402 restitistis
2667 5348 2799 5416 (Act.
2834 5348 2949 5418 vlt).
2999 5349 3137 5403 Ecce
3182 5364 3348 5417 quare
3384 5349 3563 5401 videre
3613 5362 3713 5399 nou

2146 5453 2365 5509 possunt
2395 5458 2406 5492 :
2440 5442 2561 5509 quia
2603 5440 2818 5508 Spiritui
2852 5451 3037 5495 sancto
3064 5442 3358 5504 resistunt,
3406 5448 3564 5507 atque
3604 5453 3633 5490 a
3659 5452 3710 5491 se

2144 5533 2340 5585 clausis
2362 5538 2550 5599 sponte
2572 5530 2739 5583 oculis
2766 5530 2940 5584 lumen
2964 5530 3205 5585 veritatis
3231 5530 3539 5585 excludunt.
3568 5528 3709 5596 Quod

2150 5636 2277 5692 ergo
2307 5623 2356 5676 in
2390 5621 2675 5689 Evangelia
2705 5622 2942 5692 sequitur
2970 5632 3022 5677 et
3050 5622 3180 5677 dicit
3212 5640 3224 5675 :
3274 5622 3355 5677 Ne.
3377 5608 3513 5692 forte
3560 5621 3709 5673 oculis
