  <div class='ocr_page' id='page_1' title='image "/cluster/home/n/w/nwhite01/storage/ocr_20150623/58/hvd.32044073505240/458.png"; bbox 0 0 4068 6348; ppageno 0'>
   <div class='ocr_carea' id='block_1_1' title="bbox 299 340 392 394">
    <p class='ocr_par' dir='ltr' id='par_1_1' title="bbox 299 340 392 394">
     <span class='ocr_line' id='line_1_1' title="bbox 299 340 392 394; baseline 0 -1"><span class='ocrx_word' id='word_1_1' title='bbox 299 340 392 394; x_wconf 65' lang='lat'><strong>821</strong></span> 
     </span>
    </p>
   </div>
   <div class='ocr_carea' id='block_1_2' title="bbox 1407 350 2467 424">
    <p class='ocr_par' dir='ltr' id='par_1_2' title="bbox 1407 350 2467 424">
     <span class='ocr_line' id='line_1_2' title="bbox 1407 350 2467 424; baseline 0.012 -20"><span class='ocrx_word' id='word_1_2' title='bbox 1407 350 1494 405; x_wconf 86' lang='lat' dir='ltr'><strong>DE</strong></span> <span class='ocrx_word' id='word_1_3' title='bbox 1534 351 1787 418; x_wconf 72' lang='lat' dir='ltr'><strong>GBATIA</strong></span> <span class='ocrx_word' id='word_1_4' title='bbox 1832 355 1973 423; x_wconf 73' lang='lat' dir='ltr'><strong>DEI,</strong></span> <span class='ocrx_word' id='word_1_5' title='bbox 2022 358 2194 424; x_wconf 83' lang='lat' dir='ltr'><strong>ETC.,</strong></span> <span class='ocrx_word' id='word_1_6' title='bbox 2237 360 2362 417; x_wconf 88' lang='lat' dir='ltr'><strong>LIB.</strong></span> <span class='ocrx_word' id='word_1_7' title='bbox 2407 360 2467 417; x_wconf 91' lang='lat' dir='ltr'><strong>ll.</strong></span> 
     </span>
    </p>
   </div>
   <div class='ocr_carea' id='block_1_3' title="bbox 3472 370 3573 428">
    <p class='ocr_par' dir='ltr' id='par_1_3' title="bbox 3472 370 3573 428">
     <span class='ocr_line' id='line_1_3' title="bbox 3472 370 3573 428; baseline -0.01 -1"><span class='ocrx_word' id='word_1_8' title='bbox 3472 370 3573 428; x_wconf 74' lang='lat'><strong>8‘22</strong></span> 
     </span>
    </p>
   </div>
   <div class='ocr_carea' id='block_1_4' title="bbox 299 454 3576 558">
    <p class='ocr_par' dir='ltr' id='par_1_4' title="bbox 299 454 3576 558">
     <span class='ocr_line' id='line_1_4' title="bbox 299 454 3576 558; baseline 0.013 -53"><span class='ocrx_word' id='word_1_9' title='bbox 299 454 519 522; x_wconf 63' lang='lat' dir='ltr'><strong>ueterum,</strong></span> <span class='ocrx_word' id='word_1_10' title='bbox 552 462 597 504; x_wconf 83' lang='lat' dir='ltr'><strong>et</strong></span> <span class='ocrx_word' id='word_1_11' title='bbox 619 455 826 509; x_wconf 81' lang='lat' dir='ltr'><strong><em>auribus</em></strong></span> <span class='ocrx_word' id='word_1_12' title='bbox 848 455 1083 533; x_wconf 83' lang='lat' dir='ltr'><strong>audiant,</strong></span> <span class='ocrx_word' id='word_1_13' title='bbox 1103 469 1145 513; x_wconf 83' lang='lat' dir='ltr'><strong>et</strong></span> <span class='ocrx_word' id='word_1_14' title='bbox 1163 461 1314 516; x_wconf 84' lang='lat' dir='ltr'><strong>corde</strong></span> <span class='ocrx_word' id='word_1_15' title='bbox 1334 463 1653 535; x_wconf 70' lang='lat' dir='ltr'><strong>intelligam;</strong></span> <span class='ocrx_word' id='word_1_16' title='bbox 1678 486 1888 534; x_wconf 76' lang='lat' dir='ltr'><strong>conver-</strong></span> <span class='ocrx_word' id='word_1_17' title='bbox 1915 483 1968 540; x_wconf 67' lang='grc' dir='ltr'><strong>Α</strong></span> <span class='ocrx_word' id='word_1_18' title='bbox 1995 482 2048 526; x_wconf 90' lang='lat' dir='ltr'><strong>et</strong></span> <span class='ocrx_word' id='word_1_19' title='bbox 2075 472 2378 532; x_wconf 82' lang='lat' dir='ltr'><strong>Judaeorum</strong></span> <span class='ocrx_word' id='word_1_20' title='bbox 2399 481 2870 558; x_wconf 65' lang='lat' dir='ltr'><strong>praesumptionem</strong></span> <span class='ocrx_word' id='word_1_21' title='bbox 2887 474 3198 540; x_wconf 83' lang='lat' dir='ltr'><strong>omnimodo</strong></span> <span class='ocrx_word' id='word_1_22' title='bbox 3219 489 3576 556; x_wconf 85' lang='lat' dir='ltr'><strong>comprimere</strong></span> 
     </span>
    </p>
   </div>
   <div class='ocr_carea' id='block_1_5' title="bbox 299 549 1888 628">
    <p class='ocr_par' dir='ltr' id='par_1_5' title="bbox 299 549 1888 628">
     <span class='ocr_line' id='line_1_5' title="bbox 299 549 1888 628; baseline 0.016 -33"><span class='ocrx_word' id='word_1_23' title='bbox 299 553 487 611; x_wconf 84' lang='lat' dir='ltr'><strong>tantur,</strong></span> <span class='ocrx_word' id='word_1_24' title='bbox 515 554 560 597; x_wconf 86' lang='lat' dir='ltr'><strong>et</strong></span> <span class='ocrx_word' id='word_1_25' title='bbox 583 563 752 600; x_wconf 80' lang='lat' dir='ltr'><strong>sortem</strong></span> <span class='ocrx_word' id='word_1_26' title='bbox 774 564 855 602; x_wconf 85' lang='lat' dir='ltr'><strong>eos</strong></span> <span class='ocrx_word' id='word_1_27' title='bbox 881 549 1058 618; x_wconf 89' lang='lat' dir='ltr'><strong>(Joan.</strong></span> <span class='ocrx_word' id='word_1_28' title='bbox 1085 553 1205 623; x_wconf 80' lang='lat' dir='ltr'><strong>xu),</strong></span> <span class='ocrx_word' id='word_1_29' title='bbox 1225 561 1291 608; x_wconf 89' lang='lat' dir='ltr'><strong>ne</strong></span> <span class='ocrx_word' id='word_1_30' title='bbox 1319 557 1524 628; x_wconf 73' lang='lat' dir='ltr'><strong>possint</strong></span> <span class='ocrx_word' id='word_1_31' title='bbox 1544 564 1782 628; x_wconf 80' lang='lat' dir='ltr'><strong>converti</strong></span> <span class='ocrx_word' id='word_1_32' title='bbox 1808 573 1888 619; x_wconf 83' lang='lat' dir='ltr'><strong>at-</strong></span> 
     </span>
    </p>
   </div>
   <div class='ocr_carea' id='block_1_6' title="bbox 299 629 1882 732">
    <p class='ocr_par' dir='ltr' id='par_1_6' title="bbox 299 629 1882 732">
     <span class='ocr_line' id='line_1_6' title="bbox 299 629 1882 732; baseline 0.015 -43"><span class='ocrx_word' id='word_1_33' title='bbox 299 653 400 707; x_wconf 92' lang='lat' dir='ltr'><strong>que</strong></span> <span class='ocrx_word' id='word_1_34' title='bbox 425 639 621 704; x_wconf 76' lang='lat' dir='ltr'><strong>sanari,</strong></span> <span class='ocrx_word' id='word_1_35' title='bbox 641 639 880 714; x_wconf 86' lang='lat' dir='ltr'><strong>obdurati</strong></span> <span class='ocrx_word' id='word_1_36' title='bbox 904 644 1080 698; x_wconf 89' lang='lat' dir='ltr'><strong>cordis</strong></span> <span class='ocrx_word' id='word_1_37' title='bbox 1105 629 1286 720; x_wconf 82' lang='lat' dir='ltr'><strong>vitium</strong></span> <span class='ocrx_word' id='word_1_38' title='bbox 1305 657 1359 704; x_wconf 89' lang='lat' dir='ltr'><strong>et</strong></span> <span class='ocrx_word' id='word_1_39' title='bbox 1380 665 1532 722; x_wconf 66' lang='lat' dir='ltr'><strong>paena</strong></span> <span class='ocrx_word' id='word_1_40' title='bbox 1551 656 1754 732; x_wconf 77' lang='lat' dir='ltr'><strong>peccati</strong></span> <span class='ocrx_word' id='word_1_41' title='bbox 1779 665 1882 712; x_wconf 86' lang='lat' dir='ltr'><strong>est.</strong></span> 
     </span>
    </p>
   </div>
   <div class='ocr_carea' id='block_1_7' title="bbox 301 721 1885 817">
    <p class='ocr_par' dir='ltr' id='par_1_7' title="bbox 301 721 1885 817">
     <span class='ocr_line' id='line_1_7' title="bbox 301 721 1885 817; baseline 0.013 -33"><span class='ocrx_word' id='word_1_42' title='bbox 301 730 350 784; x_wconf 89' lang='grc' dir='ltr'><strong><em>Ν</em></strong></span> <span class='ocrx_word' id='word_1_43' title='bbox 356 750 402 797; x_wconf 88' lang='lat' dir='ltr'><strong>e,</strong></span> <span class='ocrx_word' id='word_1_44' title='bbox 421 733 608 802; x_wconf 89' lang='lat' dir='ltr'><strong>inquit,</strong></span> <span class='ocrx_word' id='word_1_45' title='bbox 625 721 980 790; x_wconf 85' lang='lat' dir='ltr'><strong>convertantur</strong></span> <span class='ocrx_word' id='word_1_46' title='bbox 994 749 1041 790; x_wconf 87' lang='lat' dir='ltr'><strong>et</strong></span> <span class='ocrx_word' id='word_1_47' title='bbox 1057 755 1226 793; x_wconf 84' lang='lat' dir='ltr'><strong>sonent</strong></span> <span class='ocrx_word' id='word_1_48' title='bbox 1244 758 1348 796; x_wconf 87' lang='lat' dir='ltr'><strong>eos.</strong></span> <span class='ocrx_word' id='word_1_49' title='bbox 1365 743 1480 798; x_wconf 82' lang='lat' dir='ltr'><strong>Non</strong></span> <span class='ocrx_word' id='word_1_50' title='bbox 1499 729 1588 817; x_wconf 22' lang='lat' dir='ltr'><strong>hic.</strong></span> <span class='ocrx_word' id='word_1_51' title='bbox 1601 749 1885 816; x_wconf 75' lang='lat' dir='ltr'><strong>sanitatem</strong></span> 
     </span>
    </p>
   </div>
   <div class='ocr_carea' id='block_1_8' title="bbox 301 825 1887 911">
    <p class='ocr_par' dir='ltr' id='par_1_8' title="bbox 301 825 1887 911">
     <span class='ocr_line' id='line_1_8' title="bbox 301 825 1887 911; baseline 0.015 -37"><span class='ocrx_word' id='word_1_52' title='bbox 301 825 607 879; x_wconf 87' lang='lat' dir='ltr'><strong>volentibus</strong></span> <span class='ocrx_word' id='word_1_53' title='bbox 661 825 934 899; x_wconf 83' lang='lat' dir='ltr'><strong>denegat,</strong></span> <span class='ocrx_word' id='word_1_54' title='bbox 980 831 1071 898; x_wconf 88' lang='lat' dir='ltr'><strong>sed</strong></span> <span class='ocrx_word' id='word_1_55' title='bbox 1124 835 1551 906; x_wconf 79' lang='lat' dir='ltr'><strong>contradicentes</strong></span> <span class='ocrx_word' id='word_1_56' title='bbox 1591 855 1649 911; x_wconf 81' lang='lat' dir='ltr'><strong>se</strong></span> <span class='ocrx_word' id='word_1_57' title='bbox 1693 855 1887 908; x_wconf 81' lang='lat' dir='ltr'><strong>sanare</strong></span> 
     </span>
    </p>
   </div>
   <div class='ocr_carea' id='block_1_9' title="bbox 298 900 1876 1005">
    <p class='ocr_par' dir='ltr' id='par_1_9' title="bbox 298 900 1876 1005">
     <span class='ocr_line' id='line_1_9' title="bbox 298 900 1876 1005; baseline 0.013 -37"><span class='ocrx_word' id='word_1_58' title='bbox 298 900 473 980; x_wconf 86' lang='lat' dir='ltr'><strong>nolle;</strong></span> <span class='ocrx_word' id='word_1_59' title='bbox 499 918 548 970; x_wconf 91' lang='lat' dir='ltr'><strong>id</strong></span> <span class='ocrx_word' id='word_1_60' title='bbox 572 928 672 982; x_wconf 91' lang='lat' dir='ltr'><strong>est,</strong></span> <span class='ocrx_word' id='word_1_61' title='bbox 698 935 800 995; x_wconf 82' lang='lat' dir='ltr'><strong>non</strong></span> <span class='ocrx_word' id='word_1_62' title='bbox 823 919 1018 980; x_wconf 80' lang='lat' dir='ltr'><strong>debere</strong></span> <span class='ocrx_word' id='word_1_63' title='bbox 1042 900 1368 992; x_wconf 89' lang='lat' dir='ltr'><strong>pronuntiat.</strong></span> <span class='ocrx_word' id='word_1_64' title='bbox 1391 928 1470 982; x_wconf 82' lang='lat' dir='ltr'><strong>Ad</strong></span> <span class='ocrx_word' id='word_1_65' title='bbox 1491 909 1876 1005; x_wconf 72' lang='lat' dir='ltr'><strong>conterendum</strong></span> 
     </span>
    </p>
   </div>
   <div class='ocr_carea' id='block_1_10' title="bbox 297 995 1887 1095">
    <p class='ocr_par' dir='ltr' id='par_1_10' title="bbox 297 995 1887 1095">
     <span class='ocr_line' id='line_1_10' title="bbox 297 995 1887 1095; baseline 0.011 -33"><span class='ocrx_word' id='word_1_66' title='bbox 297 995 614 1064; x_wconf 75' lang='lat' dir='ltr'><strong>remedium</strong></span> <span class='ocrx_word' id='word_1_67' title='bbox 645 999 1149 1090; x_wconf 39' lang='lat' dir='ltr'><strong>promptissima&#39;est</strong></span> <span class='ocrx_word' id='word_1_68' title='bbox 1182 1017 1393 1080; x_wconf 77' lang='lat' dir='ltr'><strong>bonitas</strong></span> <span class='ocrx_word' id='word_1_69' title='bbox 1420 1021 1648 1092; x_wconf 79' lang='lat' dir='ltr'><strong>medici,</strong></span> <span class='ocrx_word' id='word_1_70' title='bbox 1681 1025 1773 1093; x_wconf 80' lang='lat' dir='ltr'><strong>sed</strong></span> <span class='ocrx_word' id='word_1_71' title='bbox 1807 1026 1887 1095; x_wconf 79' lang='lat' dir='ltr'><strong>in-</strong></span> 
     </span>
    </p>
   </div>
   <div class='ocr_carea' id='block_1_11' title="bbox 298 1084 1889 1188">
    <p class='ocr_par' dir='ltr' id='par_1_11' title="bbox 298 1084 1889 1188">
     <span class='ocr_line' id='line_1_11' title="bbox 298 1084 1889 1188; baseline 0.013 -36"><span class='ocrx_word' id='word_1_72' title='bbox 298 1100 654 1170; x_wconf 88' lang='lat' dir='ltr'><strong>temperantia</strong></span> <span class='ocrx_word' id='word_1_73' title='bbox 683 1084 999 1158; x_wconf 75' lang='lat' dir='ltr'><strong>contradicit</strong></span> <span class='ocrx_word' id='word_1_74' title='bbox 1040 1106 1259 1163; x_wconf 84' lang='lat' dir='ltr'><strong>inlirmi.</strong></span> <span class='ocrx_word' id='word_1_75' title='bbox 1291 1087 1546 1188; x_wconf 32' lang='lat' dir='ltr'><strong>Nam-qni</strong></span> <span class='ocrx_word' id='word_1_76' title='bbox 1577 1115 1644 1168; x_wconf 87' lang='lat' dir='ltr'><strong>ita</strong></span> <span class='ocrx_word' id='word_1_77' title='bbox 1687 1116 1889 1188; x_wconf 80' lang='lat' dir='ltr'><strong>intelli-</strong></span> 
     </span>
    </p>
   </div>
   <div class='ocr_carea' id='block_1_12' title="bbox 294 1183 1888 1274">
    <p class='ocr_par' dir='ltr' id='par_1_12' title="bbox 294 1183 1888 1274">
     <span class='ocr_line' id='line_1_12' title="bbox 294 1183 1888 1274; baseline 0.013 -32"><span class='ocrx_word' id='word_1_78' title='bbox 294 1192 532 1260; x_wconf 88' lang='lat' dir='ltr'><strong>gendum</strong></span> <span class='ocrx_word' id='word_1_79' title='bbox 573 1183 764 1261; x_wconf 78' lang='lat' dir='ltr'><strong>putat,</strong></span> <span class='ocrx_word' id='word_1_80' title='bbox 821 1195 961 1264; x_wconf 89' lang='lat' dir='ltr'><strong>quod</strong></span> <span class='ocrx_word' id='word_1_81' title='bbox 997 1212 1090 1251; x_wconf 91' lang='lat' dir='ltr'><strong>eos</strong></span> <span class='ocrx_word' id='word_1_82' title='bbox 1134 1214 1324 1266; x_wconf 85' lang='lat' dir='ltr'><strong>sanare</strong></span> <span class='ocrx_word' id='word_1_83' title='bbox 1351 1183 1617 1274; x_wconf 82' lang='lat' dir='ltr'><strong>noluerit,</strong></span> <span class='ocrx_word' id='word_1_84' title='bbox 1659 1183 1888 1263; x_wconf 84' lang='lat' dir='ltr'><strong>absolvit</strong></span> 
     </span>
    </p>
   </div>
   <div class='ocr_carea' id='block_1_13' title="bbox 301 1283 1884 1370">
    <p class='ocr_par' dir='ltr' id='par_1_13' title="bbox 301 1283 1884 1370">
     <span class='ocr_line' id='line_1_13' title="bbox 301 1283 1884 1370; baseline 0.011 -36"><span class='ocrx_word' id='word_1_85' title='bbox 301 1283 572 1337; x_wconf 81' lang='lat' dir='ltr'><strong>hominem</strong></span> <span class='ocrx_word' id='word_1_86' title='bbox 601 1293 656 1354; x_wconf 88' lang='lat' dir='ltr'><strong>et</strong></span> <span class='ocrx_word' id='word_1_87' title='bbox 684 1283 904 1341; x_wconf 81' lang='lat' dir='ltr'><strong>damnat</strong></span> <span class='ocrx_word' id='word_1_88' title='bbox 945 1300 1242 1370; x_wconf 79' lang='lat' dir='ltr'><strong>auctorem.</strong></span> <span class='ocrx_word' id='word_1_89' title='bbox 1277 1292 1464 1368; x_wconf 65' lang='lat' dir='ltr'><strong>Nullus</strong></span> <span class='ocrx_word' id='word_1_90' title='bbox 1489 1285 1618 1365; x_wconf 82' lang='lat' dir='ltr'><strong>ergo</strong></span> <span class='ocrx_word' id='word_1_91' title='bbox 1641 1299 1884 1368; x_wconf 79' lang='lat' dir='ltr'><strong>excludi—</strong></span> 
     </span>
    </p>
   </div>
   <div class='ocr_carea' id='block_1_14' title="bbox 299 1362 1888 1468">
    <p class='ocr_par' dir='ltr' id='par_1_14' title="bbox 299 1362 1888 1468">
     <span class='ocr_line' id='line_1_14' title="bbox 299 1362 1888 1468; baseline 0.012 -42"><span class='ocrx_word' id='word_1_92' title='bbox 299 1383 388 1427; x_wconf 88' lang='lat' dir='ltr'><strong>tur</strong></span> <span class='ocrx_word' id='word_1_93' title='bbox 414 1390 442 1428; x_wconf 87' lang='lat' dir='ltr'><strong>a</strong></span> <span class='ocrx_word' id='word_1_94' title='bbox 468 1362 740 1452; x_wconf 81' lang='lat' dir='ltr'><strong>beneﬁciis</strong></span> <span class='ocrx_word' id='word_1_95' title='bbox 770 1375 897 1452; x_wconf 81' lang='lat' dir='ltr'><strong>Dei,</strong></span> <span class='ocrx_word' id='word_1_96' title='bbox 926 1367 1015 1448; x_wconf 83' lang='lat' dir='ltr'><strong>qui</strong></span> <span class='ocrx_word' id='word_1_97' title='bbox 1050 1362 1373 1460; x_wconf 32' lang='lat' dir='ltr'><strong>primum‘de</strong></span> <span class='ocrx_word' id='word_1_98' title='bbox 1398 1362 1654 1468; x_wconf 79' lang='lat' dir='ltr'><strong>neglectis</strong></span> <span class='ocrx_word' id='word_1_99' title='bbox 1683 1392 1888 1468; x_wconf 88' lang='lat' dir='ltr'><strong>beneli-</strong></span> 
     </span>
    </p>
   </div>
   <div class='ocr_carea' id='block_1_15' title="bbox 297 1455 1771 1532">
    <p class='ocr_par' dir='ltr' id='par_1_15' title="bbox 297 1455 1771 1532">
     <span class='ocr_line' id='line_1_15' title="bbox 297 1455 1771 1532; baseline 0.013 -14"><span class='ocrx_word' id='word_1_100' title='bbox 297 1464 397 1519; x_wconf 90' lang='lat' dir='ltr'><strong>ciis</strong></span> <span class='ocrx_word' id='word_1_101' title='bbox 419 1455 742 1532; x_wconf 86' lang='lat' dir='ltr'><strong>judicandus</strong></span> <span class='ocrx_word' id='word_1_102' title='bbox 768 1459 874 1523; x_wconf 85' lang='lat' dir='ltr'><strong>est.</strong></span> <span class='ocrx_word' id='word_1_103' title='bbox 1232 1455 1254 1460; x_wconf 9' lang='grc' dir='ltr'><strong>γ’</strong></span> <span class='ocrx_word' id='word_1_104' title='bbox 1308 1457 1310 1460; x_wconf 43' lang='grc'><em>’</em></span> <span class='ocrx_word' id='word_1_105' title='bbox 1449 1455 1492 1477; x_wconf 43' lang='grc' dir='ltr'><em>Τ</em></span> <span class='ocrx_word' id='word_1_106' title='bbox 1629 1459 1633 1470; x_wconf 22' lang='grc' dir='ltr'>ί</span> <span class='ocrx_word' id='word_1_107' title='bbox 1769 1469 1771 1473; x_wconf 59' lang='grc'><em>’</em></span> 
     </span>
    </p>
   </div>
   <div class='ocr_carea' id='block_1_16' title="bbox 698 1540 1265 1624">
    <p class='ocr_par' dir='ltr' id='par_1_16' title="bbox 698 1540 1265 1624">
     <span class='ocr_line' id='line_1_16' title="bbox 698 1540 1265 1624; baseline 0.012 -12"><span class='ocrx_word' id='word_1_108' title='bbox 698 1540 725 1556; x_wconf 80' lang='lat'><em>‘</em></span> <span class='ocrx_word' id='word_1_109' title='bbox 915 1559 1140 1620; x_wconf 83' lang='lat' dir='ltr'><strong>CAPUT</strong></span> <span class='ocrx_word' id='word_1_110' title='bbox 1181 1564 1265 1624; x_wconf 85' lang='lat' dir='ltr'><strong>Vl.</strong></span> 
     </span>
    </p>
   </div>
   <div class='ocr_carea' id='block_1_17' title="bbox 303 1643 1885 1738">
    <p class='ocr_par' dir='ltr' id='par_1_17' title="bbox 303 1643 1885 1738">
     <span class='ocr_line' id='line_1_17' title="bbox 303 1643 1885 1738; baseline 0.014 -38"><span class='ocrx_word' id='word_1_111' title='bbox 303 1650 444 1716; x_wconf 78' lang='lat' dir='ltr'><strong>Quid</strong></span> <span class='ocrx_word' id='word_1_112' title='bbox 466 1651 531 1704; x_wconf 88' lang='lat' dir='ltr'><strong>sit</strong></span> <span class='ocrx_word' id='word_1_113' title='bbox 556 1653 690 1720; x_wconf 85' lang='lat' dir='ltr'><strong>quod</strong></span> <span class='ocrx_word' id='word_1_114' title='bbox 719 1653 812 1719; x_wconf 86' lang='lat' dir='ltr'><strong>ait,</strong></span> <span class='ocrx_word' id='word_1_115' title='bbox 843 1653 968 1737; x_wconf 73' lang='lat' dir='ltr'><strong>Cum</strong></span> <span class='ocrx_word' id='word_1_116' title='bbox 994 1647 1134 1738; x_wconf 71' lang='lat' dir='ltr'><strong>enim</strong></span> <span class='ocrx_word' id='word_1_117' title='bbox 1155 1643 1382 1738; x_wconf 64' lang='lat' dir='ltr'><strong>nondum</strong></span> <span class='ocrx_word' id='word_1_118' title='bbox 1408 1663 1620 1734; x_wconf 84' lang='lat' dir='ltr'><strong>egissent</strong></span> <span class='ocrx_word' id='word_1_119' title='bbox 1645 1666 1760 1720; x_wconf 80' lang='lat' dir='ltr'><strong>boni</strong></span> <span class='ocrx_word' id='word_1_120' title='bbox 1788 1666 1885 1738; x_wconf 74' lang='lat' dir='ltr'><strong>ali-</strong></span> 
     </span>
    </p>
   </div>
   <div class='ocr_carea' id='block_1_18' title="bbox 781 1723 1444 1794">
    <p class='ocr_par' dir='ltr' id='par_1_18' title="bbox 781 1723 1444 1794">
     <span class='ocr_line' id='line_1_18' title="bbox 781 1723 1444 1794; baseline 0.014 -18"><span class='ocrx_word' id='word_1_121' title='bbox 781 1733 786 1741; x_wconf 96' lang='lat'>&#39;</span> <span class='ocrx_word' id='word_1_122' title='bbox 879 1725 1004 1794; x_wconf 85' lang='lat' dir='ltr'><strong>quid</strong></span> <span class='ocrx_word' id='word_1_123' title='bbox 1029 1723 1116 1780; x_wconf 72' lang='lat' dir='ltr'><strong>aut</strong></span> <span class='ocrx_word' id='word_1_124' title='bbox 1152 1724 1294 1782; x_wconf 75' lang='lat' dir='ltr'><strong>mali.</strong></span> <span class='ocrx_word' id='word_1_125' title='bbox 1353 1726 1368 1734; x_wconf 78' lang='grc'><strong><em>”</em></strong></span> <span class='ocrx_word' id='word_1_126' title='bbox 1434 1723 1444 1746; x_wconf 63' lang='grc'>’</span> 
     </span>
    </p>
   </div>
   <div class='ocr_carea' id='block_1_19' title="bbox 374 1832 1638 1922">
    <p class='ocr_par' dir='ltr' id='par_1_19' title="bbox 374 1832 1638 1922">
     <span class='ocr_line' id='line_1_19' title="bbox 374 1832 1638 1922; baseline 0.012 -36"><span class='ocrx_word' id='word_1_127' title='bbox 374 1832 525 1886; x_wconf 85' lang='lat' dir='ltr'><strong>Illum</strong></span> <span class='ocrx_word' id='word_1_128' title='bbox 557 1848 684 1908; x_wconf 87' lang='lat' dir='ltr'><strong>vero</strong></span> <span class='ocrx_word' id='word_1_129' title='bbox 726 1834 967 1904; x_wconf 81' lang='lat' dir='ltr'><strong>Apostoli</strong></span> <span class='ocrx_word' id='word_1_130' title='bbox 1011 1853 1226 1912; x_wconf 83' lang='lat' dir='ltr'><strong>sensum</strong></span> <span class='ocrx_word' id='word_1_131' title='bbox 1259 1843 1394 1920; x_wconf 87' lang='lat' dir='ltr'><strong>intra</strong></span> <span class='ocrx_word' id='word_1_132' title='bbox 1427 1847 1638 1922; x_wconf 82' lang='lat' dir='ltr'><strong>gentilis</strong></span> 
     </span>
    </p>
   </div>
   <div class='ocr_carea' id='block_1_20' title="bbox 297 1921 1880 2020">
    <p class='ocr_par' dir='ltr' id='par_1_20' title="bbox 297 1921 1880 2020">
     <span class='ocr_line' id='line_1_20' title="bbox 297 1921 1880 2020; baseline 0.013 -43"><span class='ocrx_word' id='word_1_133' title='bbox 297 1936 509 1978; x_wconf 88' lang='lat' dir='ltr'><strong>arctare</strong></span> <span class='ocrx_word' id='word_1_134' title='bbox 533 1937 794 1980; x_wconf 86' lang='lat' dir='ltr'><strong>conantur</strong></span> <span class='ocrx_word' id='word_1_135' title='bbox 816 1921 1116 1997; x_wconf 14' lang='lat' dir='ltr'><strong>anguSIias,’</strong></span> <span class='ocrx_word' id='word_1_136' title='bbox 1135 1935 1273 2002; x_wconf 89' lang='lat' dir='ltr'><strong>quod</strong></span> <span class='ocrx_word' id='word_1_137' title='bbox 1301 1933 1430 2006; x_wconf 81' lang='lat' dir='ltr'><strong>dicit</strong></span> <span class='ocrx_word' id='word_1_138' title='bbox 1463 1953 1477 1990; x_wconf 90' lang='lat'><strong>:</strong></span> <span class='ocrx_word' id='word_1_139' title='bbox 1512 1925 1880 2020; x_wconf 80' lang='lat' dir='ltr'><strong>Promissionis</strong></span> 
     </span>
    </p>
   </div>
   <div class='ocr_carea' id='block_1_21' title="bbox 296 2004 1881 2106">
    <p class='ocr_par' dir='ltr' id='par_1_21' title="bbox 296 2004 1881 2106">
     <span class='ocr_line' id='line_1_21' title="bbox 296 2004 1881 2106; baseline 0.013 -37"><span class='ocrx_word' id='word_1_140' title='bbox 296 2017 522 2090; x_wconf 87' lang='lat' dir='ltr'><strong>(inquit)</strong></span> <span class='ocrx_word' id='word_1_141' title='bbox 543 2019 745 2072; x_wconf 88' lang='lat' dir='ltr'><strong>verbum</strong></span> <span class='ocrx_word' id='word_1_142' title='bbox 766 2004 861 2074; x_wconf 78' lang='lat' dir='ltr'><strong>hoc</strong></span> <span class='ocrx_word' id='word_1_143' title='bbox 879 2008 992 2079; x_wconf 66' lang='lat' dir='ltr'><strong>est:</strong></span> <span class='ocrx_word' id='word_1_144' title='bbox 1017 2024 1312 2106; x_wconf 81' lang='lat' dir='ltr'><strong>Secundum</strong></span> <span class='ocrx_word' id='word_1_145' title='bbox 1338 2029 1432 2082; x_wconf 85' lang='lat' dir='ltr'><strong>hoc</strong></span> <span class='ocrx_word' id='word_1_146' title='bbox 1453 2041 1650 2102; x_wconf 79' lang='lat' dir='ltr'><strong>tempus</strong></span> <span class='ocrx_word' id='word_1_147' title='bbox 1665 2037 1881 2101; x_wconf 82' lang='lat' dir='ltr'><strong>ueniam,</strong></span> 
     </span>
    </p>
   </div>
   <div class='ocr_carea' id='block_1_22' title="bbox 301 2108 1885 2200">
    <p class='ocr_par' dir='ltr' id='par_1_22' title="bbox 301 2108 1885 2200">
     <span class='ocr_line' id='line_1_22' title="bbox 301 2108 1885 2200; baseline 0.013 -39"><span class='ocrx_word' id='word_1_148' title='bbox 301 2117 352 2161; x_wconf 86' lang='lat' dir='ltr'><strong>et</strong></span> <span class='ocrx_word' id='word_1_149' title='bbox 373 2110 467 2161; x_wconf 86' lang='lat' dir='ltr'><strong>erit</strong></span> <span class='ocrx_word' id='word_1_150' title='bbox 498 2108 646 2164; x_wconf 78' lang='lat' dir='ltr'><strong>Sorte</strong></span> <span class='ocrx_word' id='word_1_151' title='bbox 672 2112 832 2179; x_wconf 80' lang='lat' dir='ltr'><strong>ﬁlius.</strong></span> <span class='ocrx_word' id='word_1_152' title='bbox 868 2112 989 2167; x_wconf 80' lang='lat' dir='ltr'><strong>Non</strong></span> <span class='ocrx_word' id='word_1_153' title='bbox 1029 2111 1418 2185; x_wconf 34' lang='lat' dir='ltr'><strong>solum&#39;autem,</strong></span> <span class='ocrx_word' id='word_1_154' title='bbox 1450 2123 1539 2175; x_wconf 83' lang='lat' dir='ltr'><strong>sed</strong></span> <span class='ocrx_word' id='word_1_155' title='bbox 1566 2135 1612 2177; x_wconf 87' lang='lat' dir='ltr'><strong>et</strong></span> <span class='ocrx_word' id='word_1_156' title='bbox 1661 2125 1885 2200; x_wconf 79' lang='lat' dir='ltr'><strong>Rebecca</strong></span> 
     </span>
    </p>
   </div>
   <div class='ocr_carea' id='block_1_23' title="bbox 300 2202 1883 2278">
    <p class='ocr_par' dir='ltr' id='par_1_23' title="bbox 300 2202 1883 2278">
     <span class='ocr_line' id='line_1_23' title="bbox 300 2202 1883 2278; baseline 0.011 -25"><span class='ocrx_word' id='word_1_157' title='bbox 300 2216 367 2253; x_wconf 79' lang='lat' dir='ltr'><strong>ex</strong></span> <span class='ocrx_word' id='word_1_158' title='bbox 395 2217 496 2258; x_wconf 86' lang='lat' dir='ltr'><strong>uno</strong></span> <span class='ocrx_word' id='word_1_159' title='bbox 531 2202 798 2255; x_wconf 75' lang='lat' dir='ltr'><strong>concubitu</strong></span> <span class='ocrx_word' id='word_1_160' title='bbox 829 2204 1016 2259; x_wconf 78' lang='lat' dir='ltr'><strong>habens</strong></span> <span class='ocrx_word' id='word_1_161' title='bbox 1048 2204 1203 2278; x_wconf 80' lang='lat' dir='ltr'><strong>Isaac</strong></span> <span class='ocrx_word' id='word_1_162' title='bbox 1232 2220 1427 2278; x_wconf 83' lang='lat' dir='ltr'><strong>patrem</strong></span> <span class='ocrx_word' id='word_1_163' title='bbox 1463 2223 1712 2268; x_wconf 87' lang='lat' dir='ltr'><strong>nostrum.</strong></span> <span class='ocrx_word' id='word_1_164' title='bbox 1758 2218 1883 2271; x_wconf 86' lang='lat' dir='ltr'><strong>Cum</strong></span> 
     </span>
    </p>
   </div>
   <div class='ocr_carea' id='block_1_24' title="bbox 297 2283 1885 2376">
    <p class='ocr_par' dir='ltr' id='par_1_24' title="bbox 297 2283 1885 2376">
     <span class='ocr_line' id='line_1_24' title="bbox 297 2283 1885 2376; baseline 0.012 -33"><span class='ocrx_word' id='word_1_165' title='bbox 297 2293 434 2344; x_wconf 86' lang='lat' dir='ltr'><strong>enim</strong></span> <span class='ocrx_word' id='word_1_166' title='bbox 463 2293 689 2346; x_wconf 84' lang='lat' dir='ltr'><strong>nondum</strong></span> <span class='ocrx_word' id='word_1_167' title='bbox 711 2296 816 2347; x_wconf 89' lang='lat' dir='ltr'><strong>uati</strong></span> <span class='ocrx_word' id='word_1_168' title='bbox 838 2296 1069 2366; x_wconf 76' lang='lat' dir='ltr'><strong>fuissent,</strong></span> <span class='ocrx_word' id='word_1_169' title='bbox 1094 2310 1181 2351; x_wconf 86' lang='lat' dir='ltr'><strong>aut</strong></span> <span class='ocrx_word' id='word_1_170' title='bbox 1208 2283 1404 2371; x_wconf 78' lang='lat' dir='ltr'><strong>aliquid</strong></span> <span class='ocrx_word' id='word_1_171' title='bbox 1424 2305 1640 2376; x_wconf 80' lang='lat' dir='ltr'><strong>egissent</strong></span> <span class='ocrx_word' id='word_1_172' title='bbox 1660 2308 1775 2361; x_wconf 85' lang='lat' dir='ltr'><strong>boui</strong></span> <span class='ocrx_word' id='word_1_173' title='bbox 1795 2322 1885 2362; x_wconf 89' lang='lat' dir='ltr'><strong>aut</strong></span> 
     </span>
    </p>
   </div>
   <div class='ocr_carea' id='block_1_25' title="bbox 297 2383 1882 2468">
    <p class='ocr_par' dir='ltr' id='par_1_25' title="bbox 297 2383 1882 2468">
     <span class='ocr_line' id='line_1_25' title="bbox 297 2383 1882 2468; baseline 0.013 -34"><span class='ocrx_word' id='word_1_174' title='bbox 297 2383 444 2448; x_wconf 83' lang='lat' dir='ltr'><strong>mali,</strong></span> <span class='ocrx_word' id='word_1_175' title='bbox 473 2393 526 2436; x_wconf 88' lang='lat' dir='ltr'><strong>ut</strong></span> <span class='ocrx_word' id='word_1_176' title='bbox 549 2386 824 2439; x_wconf 84' lang='lat' dir='ltr'><strong>secundum</strong></span> <span class='ocrx_word' id='word_1_177' title='bbox 853 2387 1142 2444; x_wconf 79' lang='lat' dir='ltr'><strong>electionem</strong></span> <span class='ocrx_word' id='word_1_178' title='bbox 1173 2395 1488 2464; x_wconf 86' lang='lat' dir='ltr'><strong>propositum</strong></span> <span class='ocrx_word' id='word_1_179' title='bbox 1519 2385 1613 2451; x_wconf 82' lang='lat' dir='ltr'><strong>Dei</strong></span> <span class='ocrx_word' id='word_1_180' title='bbox 1635 2412 1882 2468; x_wconf 77' lang='lat' dir='ltr'><strong>maneret,</strong></span> 
     </span>
    </p>
   </div>
   <div class='ocr_carea' id='block_1_26' title="bbox 300 2471 1884 2564">
    <p class='ocr_par' dir='ltr' id='par_1_26' title="bbox 300 2471 1884 2564">
     <span class='ocr_line' id='line_1_26' title="bbox 300 2471 1884 2564; baseline 0.013 -38"><span class='ocrx_word' id='word_1_181' title='bbox 300 2490 402 2526; x_wconf 82' lang='lat' dir='ltr'><strong>non</strong></span> <span class='ocrx_word' id='word_1_182' title='bbox 427 2491 488 2528; x_wconf 82' lang='lat' dir='ltr'><strong>ex</strong></span> <span class='ocrx_word' id='word_1_183' title='bbox 508 2476 768 2544; x_wconf 85' lang='lat' dir='ltr'><strong>aperibus,</strong></span> <span class='ocrx_word' id='word_1_184' title='bbox 798 2479 886 2532; x_wconf 85' lang='lat' dir='ltr'><strong>sed</strong></span> <span class='ocrx_word' id='word_1_185' title='bbox 913 2497 977 2534; x_wconf 77' lang='lat' dir='ltr'><strong>ex</strong></span> <span class='ocrx_word' id='word_1_186' title='bbox 999 2472 1204 2536; x_wconf 80' lang='lat' dir='ltr'><strong>vocante</strong></span> <span class='ocrx_word' id='word_1_187' title='bbox 1227 2471 1418 2539; x_wconf 85' lang='lat' dir='ltr'><strong>dictum</strong></span> <span class='ocrx_word' id='word_1_188' title='bbox 1448 2497 1539 2547; x_wconf 88' lang='lat' dir='ltr'><strong>est,</strong></span> <span class='ocrx_word' id='word_1_189' title='bbox 1573 2493 1692 2560; x_wconf 87' lang='lat' dir='ltr'><strong>quia</strong></span> <span class='ocrx_word' id='word_1_190' title='bbox 1715 2496 1884 2564; x_wconf 88' lang='lat' dir='ltr'><strong>major</strong></span> 
     </span>
    </p>
   </div>
   <div class='ocr_carea' id='block_1_27' title="bbox 299 2567 1883 2647">
    <p class='ocr_par' dir='ltr' id='par_1_27' title="bbox 299 2568 1883 2647">
     <span class='ocr_line' id='line_1_27' title="bbox 299 2568 1883 2647; baseline 0.013 -29"><span class='ocrx_word' id='word_1_191' title='bbox 299 2568 479 2620; x_wconf 81' lang='lat' dir='ltr'><strong>serviet</strong></span> <span class='ocrx_word' id='word_1_192' title='bbox 527 2569 712 2622; x_wconf 87' lang='lat' dir='ltr'><strong>minori</strong></span> <span class='ocrx_word' id='word_1_193' title='bbox 728 2611 742 2635; x_wconf 98' lang='lat'><strong>,</strong></span> <span class='ocrx_word' id='word_1_194' title='bbox 774 2572 906 2625; x_wconf 85' lang='lat' dir='ltr'><strong>sicut</strong></span> <span class='ocrx_word' id='word_1_195' title='bbox 934 2574 1178 2642; x_wconf 85' lang='lat' dir='ltr'><strong>scriptum</strong></span> <span class='ocrx_word' id='word_1_196' title='bbox 1210 2588 1281 2630; x_wconf 86' lang='lat' dir='ltr'><strong>est</strong></span> <span class='ocrx_word' id='word_1_197' title='bbox 1307 2594 1325 2630; x_wconf 84' lang='lat'><strong>.&#39;</strong></span> <span class='ocrx_word' id='word_1_198' title='bbox 1348 2577 1508 2634; x_wconf 81' lang='lat' dir='ltr'><strong>Jacob</strong></span> <span class='ocrx_word' id='word_1_199' title='bbox 1536 2575 1714 2647; x_wconf 80' lang='lat' dir='ltr'><strong>dilexi,</strong></span> <span class='ocrx_word' id='word_1_200' title='bbox 1739 2582 1883 2638; x_wconf 82' lang='lat' dir='ltr'><strong>Esau</strong></span> 
     </span>
    </p>
   </div>
   <div class='ocr_carea' id='block_1_28' title="bbox 297 2659 1884 2739">
    <p class='ocr_par' dir='ltr' id='par_1_28' title="bbox 297 2659 1884 2739">
     <span class='ocr_line' id='line_1_28' title="bbox 297 2659 1884 2739; baseline 0.013 -29"><span class='ocrx_word' id='word_1_201' title='bbox 297 2668 469 2712; x_wconf 83' lang='lat' dir='ltr'><strong>autent</strong></span> <span class='ocrx_word' id='word_1_202' title='bbox 491 2660 609 2713; x_wconf 84' lang='lat' dir='ltr'><strong>odio</strong></span> <span class='ocrx_word' id='word_1_203' title='bbox 629 2660 784 2715; x_wconf 83' lang='lat' dir='ltr'><strong>habui</strong></span> <span class='ocrx_word' id='word_1_204' title='bbox 809 2659 984 2730; x_wconf 82' lang='lat' dir='ltr'><strong>(Rom.</strong></span> <span class='ocrx_word' id='word_1_205' title='bbox 1012 2681 1096 2731; x_wconf 83' lang='lat' dir='ltr'><strong>ix;</strong></span> <span class='ocrx_word' id='word_1_206' title='bbox 1124 2666 1251 2722; x_wconf 79' lang='lat' dir='ltr'><strong>Mal.</strong></span> <span class='ocrx_word' id='word_1_207' title='bbox 1283 2667 1342 2739; x_wconf 89' lang='grc' dir='ltr'><strong>ι).</strong></span> <span class='ocrx_word' id='word_1_208' title='bbox 1368 2671 1424 2725; x_wconf 94' lang='lat' dir='ltr'><strong>ln</strong></span> <span class='ocrx_word' id='word_1_209' title='bbox 1460 2673 1540 2726; x_wconf 93' lang='lat' dir='ltr'><strong>his</strong></span> <span class='ocrx_word' id='word_1_210' title='bbox 1572 2675 1748 2728; x_wconf 85' lang='lat' dir='ltr'><strong>verbis</strong></span> <span class='ocrx_word' id='word_1_211' title='bbox 1783 2676 1884 2730; x_wconf 88' lang='lat' dir='ltr'><strong>hoc</strong></span> 
     </span>
    </p>
   </div>
   <div class='ocr_carea' id='block_1_29' title="bbox 299 2743 1882 2844">
    <p class='ocr_par' dir='ltr' id='par_1_29' title="bbox 299 2743 1882 2844">
     <span class='ocr_line' id='line_1_29' title="bbox 299 2743 1882 2844; baseline 0.013 -41"><span class='ocrx_word' id='word_1_212' title='bbox 299 2753 414 2806; x_wconf 82' lang='lat' dir='ltr'><strong>vult</strong></span> <span class='ocrx_word' id='word_1_213' title='bbox 442 2754 681 2827; x_wconf 41' lang='lat' dir='ltr'><strong>lintelligi</strong></span> <span class='ocrx_word' id='word_1_214' title='bbox 725 2743 999 2827; x_wconf 74' lang='lat' dir='ltr'><strong>gentilitia:</strong></span> <span class='ocrx_word' id='word_1_215' title='bbox 1038 2764 1399 2829; x_wconf 76' lang='lat' dir='ltr'><strong>persuasionis</strong></span> <span class='ocrx_word' id='word_1_216' title='bbox 1429 2766 1707 2839; x_wconf 75' lang='lat' dir='ltr'><strong>impietas,</strong></span> <span class='ocrx_word' id='word_1_217' title='bbox 1739 2770 1882 2844; x_wconf 86' lang='lat' dir='ltr'><strong>quod</strong></span> 
     </span>
    </p>
   </div>
   <div class='ocr_carea' id='block_1_30' title="bbox 303 2842 1881 2932">
    <p class='ocr_par' dir='ltr' id='par_1_30' title="bbox 303 2842 1881 2932">
     <span class='ocr_line' id='line_1_30' title="bbox 303 2842 1881 2932; baseline 0.013 -34"><span class='ocrx_word' id='word_1_218' title='bbox 303 2845 444 2900; x_wconf 88' lang='lat' dir='ltr'><strong>Deus</strong></span> <span class='ocrx_word' id='word_1_219' title='bbox 473 2847 671 2918; x_wconf 84' lang='lat' dir='ltr'><strong>absque</strong></span> <span class='ocrx_word' id='word_1_220' title='bbox 695 2851 801 2905; x_wconf 92' lang='lat' dir='ltr'><strong>ullo</strong></span> <span class='ocrx_word' id='word_1_221' title='bbox 837 2843 974 2922; x_wconf 83' lang='lat' dir='ltr'><strong>inter</strong></span> <span class='ocrx_word' id='word_1_222' title='bbox 1012 2843 1206 2908; x_wconf 88' lang='lat' dir='ltr'><strong>malum</strong></span> <span class='ocrx_word' id='word_1_223' title='bbox 1230 2842 1508 2932; x_wconf 34' lang='lat' dir='ltr'><strong>et&#39;bonurn</strong></span> <span class='ocrx_word' id='word_1_224' title='bbox 1529 2863 1881 2930; x_wconf 77' lang='lat' dir='ltr'><strong>moderatoris</strong></span> 
     </span>
    </p>
   </div>
   <div class='ocr_carea' id='block_1_31' title="bbox 300 2943 1881 3030">
    <p class='ocr_par' dir='ltr' id='par_1_31' title="bbox 300 2943 1881 3030">
     <span class='ocr_line' id='line_1_31' title="bbox 300 2943 1881 3030; baseline 0.013 -41"><span class='ocrx_word' id='word_1_225' title='bbox 300 2945 571 3005; x_wconf 81' lang='lat' dir='ltr'><strong>examine,</strong></span> <span class='ocrx_word' id='word_1_226' title='bbox 585 2956 687 2994; x_wconf 90' lang='lat' dir='ltr'><strong>non</strong></span> <span class='ocrx_word' id='word_1_227' title='bbox 702 2943 887 3022; x_wconf 82' lang='lat' dir='ltr'><strong>ordine</strong></span> <span class='ocrx_word' id='word_1_228' title='bbox 903 2948 1385 3018; x_wconf 82' lang='lat' dir='ltr'><strong>regentis,sedjure</strong></span> <span class='ocrx_word' id='word_1_229' title='bbox 1397 2951 1720 3026; x_wconf 86' lang='lat' dir='ltr'><strong>dominantis</strong></span> <span class='ocrx_word' id='word_1_230' title='bbox 1736 2957 1881 3030; x_wconf 76' lang='lat' dir='ltr'><strong>illum</strong></span> 
     </span>
    </p>
   </div>
   <div class='ocr_carea' id='block_1_32' title="bbox 301 3015 1879 3116">
    <p class='ocr_par' dir='ltr' id='par_1_32' title="bbox 301 3015 1879 3116">
     <span class='ocr_line' id='line_1_32' title="bbox 301 3015 1879 3116; baseline 0.01 -33"><span class='ocrx_word' id='word_1_231' title='bbox 301 3027 494 3085; x_wconf 61' lang='lat' dir='ltr'><strong>abiectu</strong></span> <span class='ocrx_word' id='word_1_232' title='bbox 512 3031 722 3102; x_wconf 88' lang='lat' dir='ltr'><strong>dignum</strong></span> <span class='ocrx_word' id='word_1_233' title='bbox 742 3015 945 3099; x_wconf 87' lang='lat' dir='ltr'><strong>reddat,</strong></span> <span class='ocrx_word' id='word_1_234' title='bbox 962 3038 1101 3114; x_wconf 77' lang='lat' dir='ltr'><strong>hunc</strong></span> <span class='ocrx_word' id='word_1_235' title='bbox 1121 3015 1423 3104; x_wconf 15' lang='lat' dir='ltr'><strong>Hodio,illum</strong></span> <span class='ocrx_word' id='word_1_236' title='bbox 1442 3021 1664 3113; x_wconf 82' lang='lat' dir='ltr'><strong>recipiat</strong></span> <span class='ocrx_word' id='word_1_237' title='bbox 1682 3027 1879 3116; x_wconf 86' lang='lat' dir='ltr'><strong>studio,</strong></span> 
     </span>
    </p>
   </div>
   <div class='ocr_carea' id='block_1_33' title="bbox 301 3123 1879 3216">
    <p class='ocr_par' dir='ltr' id='par_1_33' title="bbox 301 3123 1879 3216">
     <span class='ocr_line' id='line_1_33' title="bbox 301 3123 1879 3216; baseline 0.013 -44"><span class='ocrx_word' id='word_1_238' title='bbox 301 3123 444 3175; x_wconf 89' lang='lat' dir='ltr'><strong>hunc</strong></span> <span class='ocrx_word' id='word_1_239' title='bbox 479 3125 725 3178; x_wconf 73' lang='lat' dir='ltr'><strong>excludat</strong></span> <span class='ocrx_word' id='word_1_240' title='bbox 751 3125 993 3196; x_wconf 85' lang='lat' dir='ltr'><strong>imperio.</strong></span> <span class='ocrx_word' id='word_1_241' title='bbox 1029 3130 1091 3184; x_wconf 82' lang='lat' dir='ltr'><strong>Et</strong></span> <span class='ocrx_word' id='word_1_242' title='bbox 1128 3130 1267 3185; x_wconf 81' lang='lat' dir='ltr'><strong>inter</strong></span> <span class='ocrx_word' id='word_1_243' title='bbox 1294 3135 1425 3188; x_wconf 91' lang='lat' dir='ltr'><strong>duos</strong></span> <span class='ocrx_word' id='word_1_244' title='bbox 1457 3138 1712 3205; x_wconf 74' lang='lat' dir='ltr'><strong>perditos,</strong></span> <span class='ocrx_word' id='word_1_245' title='bbox 1739 3141 1879 3216; x_wconf 83' lang='lat' dir='ltr'><strong>nulla</strong></span> 
     </span>
    </p>
   </div>
   <div class='ocr_carea' id='block_1_34' title="bbox 299 3211 1950 3306">
    <p class='ocr_par' dir='ltr' id='par_1_34' title="bbox 299 3211 1950 3306">
     <span class='ocr_line' id='line_1_34' title="bbox 299 3211 1950 3306; baseline 0.01 -40"><span class='ocrx_word' id='word_1_246' title='bbox 299 3215 662 3270; x_wconf 84' lang='lat' dir='ltr'><strong>consideratio</strong></span> <span class='ocrx_word' id='word_1_247' title='bbox 691 3218 914 3288; x_wconf 86' lang='lat' dir='ltr'><strong>laboris,</strong></span> <span class='ocrx_word' id='word_1_248' title='bbox 941 3222 1083 3276; x_wconf 89' lang='lat' dir='ltr'><strong>nulla</strong></span> <span class='ocrx_word' id='word_1_249' title='bbox 1126 3224 1422 3280; x_wconf 86' lang='lat' dir='ltr'><strong>devotionis</strong></span> <span class='ocrx_word' id='word_1_250' title='bbox 1471 3226 1752 3306; x_wconf 80' lang='lat' dir='ltr'><strong>habeatur,</strong></span> <span class='ocrx_word' id='word_1_251' title='bbox 1781 3211 1874 3285; x_wconf 83' lang='lat' dir='ltr'><strong>sed</strong></span> <span class='ocrx_word' id='word_1_252' title='bbox 1905 3221 1950 3283; x_wconf 85' lang='lat' dir='ltr'><strong><em>C</em></strong></span> 
     </span>
    </p>
   </div>
   <div class='ocr_carea' id='block_1_35' title="bbox 303 3307 1880 3400">
    <p class='ocr_par' dir='ltr' id='par_1_35' title="bbox 303 3307 1880 3400">
     <span class='ocr_line' id='line_1_35' title="bbox 303 3307 1880 3400; baseline 0.011 -41"><span class='ocrx_word' id='word_1_253' title='bbox 303 3321 444 3360; x_wconf 89' lang='lat' dir='ltr'><strong>unus</strong></span> <span class='ocrx_word' id='word_1_254' title='bbox 465 3307 582 3362; x_wconf 87' lang='lat' dir='ltr'><strong>sine</strong></span> <span class='ocrx_word' id='word_1_255' title='bbox 601 3309 805 3364; x_wconf 85' lang='lat' dir='ltr'><strong>ratione</strong></span> <span class='ocrx_word' id='word_1_256' title='bbox 831 3309 1162 3390; x_wconf 65' lang='lat' dir='ltr'><strong>cessantibus</strong></span> <span class='ocrx_word' id='word_1_257' title='bbox 1179 3317 1367 3372; x_wconf 83' lang='lat' dir='ltr'><strong>olticiis</strong></span> <span class='ocrx_word' id='word_1_258' title='bbox 1393 3311 1715 3387; x_wconf 80' lang='lat' dir='ltr'><strong>assumatur,</strong></span> <span class='ocrx_word' id='word_1_259' title='bbox 1743 3325 1880 3400; x_wconf 85' lang='lat' dir='ltr'><strong>alter</strong></span> 
     </span>
    </p>
   </div>
   <div class='ocr_carea' id='block_1_36' title="bbox 300 3395 1882 3484">
    <p class='ocr_par' dir='ltr' id='par_1_36' title="bbox 300 3395 1882 3484">
     <span class='ocr_line' id='line_1_36' title="bbox 300 3395 1882 3484; baseline 0.012 -33"><span class='ocrx_word' id='word_1_260' title='bbox 300 3401 421 3453; x_wconf 85' lang='lat' dir='ltr'><strong>sine</strong></span> <span class='ocrx_word' id='word_1_261' title='bbox 439 3395 761 3455; x_wconf 73' lang='lat' dir='ltr'><strong>discretione</strong></span> <span class='ocrx_word' id='word_1_262' title='bbox 780 3403 1077 3459; x_wconf 87' lang='lat' dir='ltr'><strong>damnetur.</strong></span> <span class='ocrx_word' id='word_1_263' title='bbox 1095 3406 1169 3460; x_wconf 86' lang='lat' dir='ltr'><strong>Ac</strong></span> <span class='ocrx_word' id='word_1_264' title='bbox 1186 3409 1263 3461; x_wconf 87' lang='lat' dir='ltr'><strong>sic</strong></span> <span class='ocrx_word' id='word_1_265' title='bbox 1290 3409 1414 3462; x_wconf 90' lang='lat' dir='ltr'><strong>dum</strong></span> <span class='ocrx_word' id='word_1_266' title='bbox 1441 3411 1490 3463; x_wconf 93' lang='lat' dir='ltr'><strong>in</strong></span> <span class='ocrx_word' id='word_1_267' title='bbox 1506 3411 1762 3469; x_wconf 86' lang='lat' dir='ltr'><strong>alterutro</strong></span> <span class='ocrx_word' id='word_1_268' title='bbox 1781 3395 1882 3484; x_wconf 78' lang='lat' dir='ltr'><strong>nec</strong></span> 
     </span>
    </p>
   </div>
   <div class='ocr_carea' id='block_1_37' title="bbox 299 3488 1882 3578">
    <p class='ocr_par' dir='ltr' id='par_1_37' title="bbox 299 3488 1882 3578">
     <span class='ocr_line' id='line_1_37' title="bbox 299 3488 1882 3578; baseline 0.008 -34"><span class='ocrx_word' id='word_1_269' title='bbox 299 3493 479 3545; x_wconf 89' lang='lat' dir='ltr'><strong>meriti</strong></span> <span class='ocrx_word' id='word_1_270' title='bbox 504 3494 686 3547; x_wconf 75' lang='lat' dir='ltr'><strong>existit</strong></span> <span class='ocrx_word' id='word_1_271' title='bbox 710 3497 947 3570; x_wconf 74' lang='lat' dir='ltr'><strong>materia,</strong></span> <span class='ocrx_word' id='word_1_272' title='bbox 974 3512 1072 3551; x_wconf 90' lang='lat' dir='ltr'><strong>nec</strong></span> <span class='ocrx_word' id='word_1_273' title='bbox 1090 3488 1286 3560; x_wconf 82' lang='lat' dir='ltr'><strong>delicti.</strong></span> <span class='ocrx_word' id='word_1_274' title='bbox 1307 3501 1544 3574; x_wconf 79' lang='lat' dir='ltr'><strong>aufertur</strong></span> <span class='ocrx_word' id='word_1_275' title='bbox 1562 3505 1782 3578; x_wconf 79' lang='lat' dir='ltr'><strong>omnino</strong></span> <span class='ocrx_word' id='word_1_276' title='bbox 1803 3507 1882 3559; x_wconf 62' lang='lat' dir='ltr'><strong>ln-</strong></span> 
     </span>
    </p>
   </div>
   <div class='ocr_carea' id='block_1_38' title="bbox 299 3581 1878 3675">
    <p class='ocr_par' dir='ltr' id='par_1_38' title="bbox 299 3581 1878 3675">
     <span class='ocr_line' id='line_1_38' title="bbox 299 3581 1878 3675; baseline 0.011 -37"><span class='ocrx_word' id='word_1_277' title='bbox 299 3586 406 3638; x_wconf 88' lang='lat' dir='ltr'><strong>turi</strong></span> <span class='ocrx_word' id='word_1_278' title='bbox 443 3599 604 3639; x_wconf 71' lang='lat' dir='ltr'><strong>causa</strong></span> <span class='ocrx_word' id='word_1_279' title='bbox 644 3581 848 3656; x_wconf 88' lang='lat' dir='ltr'><strong>judicii.</strong></span> <span class='ocrx_word' id='word_1_280' title='bbox 877 3588 1027 3655; x_wconf 85' lang='lat' dir='ltr'><strong>Quod</strong></span> <span class='ocrx_word' id='word_1_281' title='bbox 1075 3591 1117 3644; x_wconf 92' lang='lat' dir='ltr'><strong>si</strong></span> <span class='ocrx_word' id='word_1_282' title='bbox 1162 3592 1274 3646; x_wconf 59' lang='lat' dir='ltr'><strong>haec</strong></span> <span class='ocrx_word' id='word_1_283' title='bbox 1308 3610 1486 3675; x_wconf 76' lang='lat' dir='ltr'><strong>rerum</strong></span> <span class='ocrx_word' id='word_1_284' title='bbox 1518 3606 1622 3670; x_wconf 88' lang='lat' dir='ltr'><strong>tam</strong></span> <span class='ocrx_word' id='word_1_285' title='bbox 1663 3600 1878 3671; x_wconf 77' lang='lat' dir='ltr'><strong>indigna</strong></span> 
     </span>
    </p>
   </div>
   <div class='ocr_carea' id='block_1_39' title="bbox 297 3667 1880 3758">
    <p class='ocr_par' dir='ltr' id='par_1_39' title="bbox 297 3667 1880 3758">
     <span class='ocr_line' id='line_1_39' title="bbox 297 3667 1880 3758; baseline 0.011 -26"><span class='ocrx_word' id='word_1_286' title='bbox 297 3667 543 3733; x_wconf 79' lang='lat' dir='ltr'><strong>confusio</strong></span> <span class='ocrx_word' id='word_1_287' title='bbox 566 3679 722 3732; x_wconf 88' lang='lat' dir='ltr'><strong>etiam</strong></span> <span class='ocrx_word' id='word_1_288' title='bbox 747 3695 774 3733; x_wconf 89' lang='lat' dir='ltr'><strong>a</strong></span> <span class='ocrx_word' id='word_1_289' title='bbox 797 3675 955 3736; x_wconf 89' lang='lat' dir='ltr'><strong>sensu</strong></span> <span class='ocrx_word' id='word_1_290' title='bbox 979 3673 1225 3738; x_wconf 72' lang='lat' dir='ltr'><strong>humanm</strong></span> <span class='ocrx_word' id='word_1_291' title='bbox 1243 3667 1436 3742; x_wconf 76' lang='lat' dir='ltr'><strong>mentis</strong></span> <span class='ocrx_word' id='word_1_292' title='bbox 1457 3690 1627 3744; x_wconf 88' lang='lat' dir='ltr'><strong>aliena</strong></span> <span class='ocrx_word' id='word_1_293' title='bbox 1651 3707 1752 3758; x_wconf 75' lang='lat' dir='ltr'><strong>esr,</strong></span> <span class='ocrx_word' id='word_1_294' title='bbox 1773 3695 1880 3749; x_wconf 88' lang='lat' dir='ltr'><strong>sol-</strong></span> 
     </span>
    </p>
   </div>
   <div class='ocr_carea' id='block_1_40' title="bbox 299 3771 1879 3856">
    <p class='ocr_par' dir='ltr' id='par_1_40' title="bbox 299 3771 1879 3856">
     <span class='ocr_line' id='line_1_40' title="bbox 299 3771 1879 3856; baseline 0.012 -32"><span class='ocrx_word' id='word_1_295' title='bbox 299 3771 500 3825; x_wconf 91' lang='lat' dir='ltr'><strong>licitius</strong></span> <span class='ocrx_word' id='word_1_296' title='bbox 541 3772 872 3842; x_wconf 84' lang='lat' dir='ltr'><strong>requiramus</strong></span> <span class='ocrx_word' id='word_1_297' title='bbox 908 3775 1032 3844; x_wconf 91' lang='lat' dir='ltr'><strong>quid</strong></span> <span class='ocrx_word' id='word_1_298' title='bbox 1073 3775 1266 3856; x_wconf 72' lang='lat' dir='ltr'><strong>divina:</strong></span> <span class='ocrx_word' id='word_1_299' title='bbox 1294 3783 1597 3856; x_wconf 88' lang='lat' dir='ltr'><strong>conveniat,</strong></span> <span class='ocrx_word' id='word_1_300' title='bbox 1623 3787 1879 3853; x_wconf 85' lang='lat' dir='ltr'><strong>Apostoto</strong></span> 
     </span>
    </p>
   </div>
   <div class='ocr_carea' id='block_1_41' title="bbox 299 3847 1877 3945">
    <p class='ocr_par' dir='ltr' id='par_1_41' title="bbox 299 3847 1877 3945">
     <span class='ocr_line' id='line_1_41' title="bbox 299 3847 1877 3945; baseline 0.013 -31"><span class='ocrx_word' id='word_1_301' title='bbox 299 3847 637 3930; x_wconf 79' lang='lat' dir='ltr'><strong>disserente,</strong></span> <span class='ocrx_word' id='word_1_302' title='bbox 682 3862 935 3934; x_wconf 71' lang='lat' dir='ltr'><strong>jttStitim,</strong></span> <span class='ocrx_word' id='word_1_303' title='bbox 982 3869 1120 3923; x_wconf 88' lang='lat' dir='ltr'><strong>inter</strong></span> <span class='ocrx_word' id='word_1_304' title='bbox 1143 3855 1275 3925; x_wconf 88' lang='lat' dir='ltr'><strong>duos</strong></span> <span class='ocrx_word' id='word_1_305' title='bbox 1299 3852 1522 3945; x_wconf 82' lang='lat' dir='ltr'><strong>populos</strong></span> <span class='ocrx_word' id='word_1_306' title='bbox 1559 3881 1877 3935; x_wconf 90' lang='lat' dir='ltr'><strong>constitutus</strong></span> 
     </span>
    </p>
   </div>
   <div class='ocr_carea' id='block_1_42' title="bbox 299 3946 1878 4040">
    <p class='ocr_par' dir='ltr' id='par_1_42' title="bbox 299 3946 1878 4040">
     <span class='ocr_line' id='line_1_42' title="bbox 299 3946 1878 4040; baseline 0.011 -32"><span class='ocrx_word' id='word_1_307' title='bbox 299 3954 607 4010; x_wconf 67' lang='lat' dir='ltr'><strong>Iudaeorum</strong></span> <span class='ocrx_word' id='word_1_308' title='bbox 636 3958 821 4014; x_wconf 87' lang='lat' dir='ltr'><strong>doctor</strong></span> <span class='ocrx_word' id='word_1_309' title='bbox 841 3946 894 4013; x_wconf 84' lang='lat' dir='ltr'><strong>et</strong></span> <span class='ocrx_word' id='word_1_310' title='bbox 922 3947 1182 4030; x_wconf 87' lang='lat' dir='ltr'><strong>gentium,</strong></span> <span class='ocrx_word' id='word_1_311' title='bbox 1213 3963 1337 4040; x_wconf 81' lang='lat' dir='ltr'><strong>dum</strong></span> <span class='ocrx_word' id='word_1_312' title='bbox 1367 3965 1437 4020; x_wconf 88' lang='lat' dir='ltr'><strong>ita</strong></span> <span class='ocrx_word' id='word_1_313' title='bbox 1471 3968 1543 4022; x_wconf 89' lang='lat' dir='ltr'><strong>ait</strong></span> <span class='ocrx_word' id='word_1_314' title='bbox 1576 3986 1588 4022; x_wconf 93' lang='lat'><strong>:</strong></span> <span class='ocrx_word' id='word_1_315' title='bbox 1619 3973 1739 4040; x_wconf 74' lang='lat' dir='ltr'><strong>quia</strong></span> <span class='ocrx_word' id='word_1_316' title='bbox 1765 3989 1878 4026; x_wconf 85' lang='lat' dir='ltr'><strong>ma-</strong></span> 
     </span>
    </p>
   </div>
   <div class='ocr_carea' id='block_1_43' title="bbox 295 4033 1877 4132">
    <p class='ocr_par' dir='ltr' id='par_1_43' title="bbox 295 4033 1877 4132">
     <span class='ocr_line' id='line_1_43' title="bbox 295 4033 1877 4132; baseline 0.012 -34"><span class='ocrx_word' id='word_1_317' title='bbox 295 4048 385 4120; x_wconf 73' lang='lat' dir='ltr'><strong>jor</strong></span> <span class='ocrx_word' id='word_1_318' title='bbox 413 4033 589 4100; x_wconf 82' lang='lat' dir='ltr'><strong>serviet</strong></span> <span class='ocrx_word' id='word_1_319' title='bbox 620 4050 804 4102; x_wconf 85' lang='lat' dir='ltr'><strong>minori</strong></span> <span class='ocrx_word' id='word_1_320' title='bbox 832 4047 984 4121; x_wconf 83' lang='lat' dir='ltr'><strong>(Gen.</strong></span> <span class='ocrx_word' id='word_1_321' title='bbox 1021 4047 1164 4122; x_wconf 79' lang='lat' dir='ltr'><strong>xxv),</strong></span> <span class='ocrx_word' id='word_1_322' title='bbox 1199 4053 1249 4132; x_wconf 85' lang='lat' dir='ltr'><strong>in</strong></span> <span class='ocrx_word' id='word_1_323' title='bbox 1274 4057 1485 4112; x_wconf 89' lang='lat' dir='ltr'><strong>seniore</strong></span> <span class='ocrx_word' id='word_1_324' title='bbox 1511 4058 1682 4128; x_wconf 63' lang='lat' dir='ltr'><strong>Judaei</strong></span> <span class='ocrx_word' id='word_1_325' title='bbox 1728 4079 1877 4116; x_wconf 81' lang='lat' dir='ltr'><strong>arro-</strong></span> 
     </span>
    </p>
   </div>
   <div class='ocr_carea' id='block_1_44' title="bbox 297 4131 1871 4226">
    <p class='ocr_par' dir='ltr' id='par_1_44' title="bbox 297 4131 1871 4226">
     <span class='ocr_line' id='line_1_44' title="bbox 297 4131 1871 4226; baseline 0.015 -37"><span class='ocrx_word' id='word_1_326' title='bbox 297 4139 473 4204; x_wconf 76' lang='lat' dir='ltr'><strong>gantia</strong></span> <span class='ocrx_word' id='word_1_327' title='bbox 520 4141 858 4209; x_wconf 88' lang='lat' dir='ltr'><strong>reprobatur,</strong></span> <span class='ocrx_word' id='word_1_328' title='bbox 894 4145 942 4196; x_wconf 92' lang='lat' dir='ltr'><strong>in</strong></span> <span class='ocrx_word' id='word_1_329' title='bbox 970 4131 1182 4213; x_wconf 85' lang='lat' dir='ltr'><strong>juniore</strong></span> <span class='ocrx_word' id='word_1_330' title='bbox 1214 4139 1343 4226; x_wconf 85' lang='lat' dir='ltr'><strong>lides</strong></span> <span class='ocrx_word' id='word_1_331' title='bbox 1379 4151 1593 4219; x_wconf 84' lang='lat' dir='ltr'><strong>gentilis</strong></span> <span class='ocrx_word' id='word_1_332' title='bbox 1635 4155 1871 4226; x_wconf 87' lang='lat' dir='ltr'><strong>eligitur.</strong></span> 
     </span>
    </p>
   </div>
   <div class='ocr_carea' id='block_1_45' title="bbox 300 4225 1872 4318">
    <p class='ocr_par' dir='ltr' id='par_1_45' title="bbox 300 4225 1872 4318">
     <span class='ocr_line' id='line_1_45' title="bbox 300 4225 1872 4318; baseline 0.015 -39"><span class='ocrx_word' id='word_1_333' title='bbox 300 4227 483 4304; x_wconf 83' lang='lat' dir='ltr'><strong>Itaque</strong></span> <span class='ocrx_word' id='word_1_334' title='bbox 504 4229 617 4298; x_wconf 89' lang='lat' dir='ltr'><strong>ipse</strong></span> <span class='ocrx_word' id='word_1_335' title='bbox 643 4227 742 4286; x_wconf 79' lang='lat' dir='ltr'><strong>Sibi</strong></span> <span class='ocrx_word' id='word_1_336' title='bbox 771 4229 986 4289; x_wconf 90' lang='lat' dir='ltr'><strong>obducit</strong></span> <span class='ocrx_word' id='word_1_337' title='bbox 1009 4225 1319 4306; x_wconf 72' lang='lat' dir='ltr'><strong>ignorantia:</strong></span> <span class='ocrx_word' id='word_1_338' title='bbox 1351 4233 1600 4318; x_wconf 83' lang='lat' dir='ltr'><strong>nebulas,</strong></span> <span class='ocrx_word' id='word_1_339' title='bbox 1635 4225 1725 4316; x_wconf 90' lang='lat' dir='ltr'><strong>qui</strong></span> <span class='ocrx_word' id='word_1_340' title='bbox 1769 4264 1872 4302; x_wconf 91' lang='lat' dir='ltr'><strong>non</strong></span> 
     </span>
    </p>
   </div>
   <div class='ocr_carea' id='block_1_46' title="bbox 298 4320 1871 4416">
    <p class='ocr_par' dir='ltr' id='par_1_46' title="bbox 298 4320 1871 4416">
     <span class='ocr_line' id='line_1_46' title="bbox 298 4320 1871 4416; baseline 0.015 -45"><span class='ocrx_word' id='word_1_341' title='bbox 298 4329 407 4372; x_wconf 85' lang='lat' dir='ltr'><strong>tam</strong></span> <span class='ocrx_word' id='word_1_342' title='bbox 439 4321 726 4390; x_wconf 87' lang='lat' dir='ltr'><strong>Scripturis</strong></span> <span class='ocrx_word' id='word_1_343' title='bbox 749 4320 945 4380; x_wconf 84' lang='lat' dir='ltr'><strong>sanctis</strong></span> <span class='ocrx_word' id='word_1_344' title='bbox 967 4332 1178 4399; x_wconf 87' lang='lat' dir='ltr'><strong>sequaci</strong></span> <span class='ocrx_word' id='word_1_345' title='bbox 1210 4346 1368 4388; x_wconf 91' lang='lat' dir='ltr'><strong>sensu</strong></span> <span class='ocrx_word' id='word_1_346' title='bbox 1395 4350 1451 4389; x_wconf 89' lang='lat' dir='ltr'><strong>se</strong></span> <span class='ocrx_word' id='word_1_347' title='bbox 1483 4327 1871 4416; x_wconf 79' lang='lat' dir='ltr'><strong>accommodat,</strong></span> 
     </span>
    </p>
   </div>
   <div class='ocr_carea' id='block_1_47' title="bbox 294 4413 1876 4484">
    <p class='ocr_par' dir='ltr' id='par_1_47' title="bbox 294 4413 1876 4484">
     <span class='ocr_line' id='line_1_47' title="bbox 294 4413 1876 4484; baseline 0.015 -23"><span class='ocrx_word' id='word_1_348' title='bbox 294 4426 458 4478; x_wconf 86' lang='lat' dir='ltr'><strong>quam</strong></span> <span class='ocrx_word' id='word_1_349' title='bbox 488 4413 792 4482; x_wconf 88' lang='lat' dir='ltr'><strong>Scripturas</strong></span> <span class='ocrx_word' id='word_1_350' title='bbox 814 4427 1026 4472; x_wconf 81' lang='lat' dir='ltr'><strong>sanctas</strong></span> <span class='ocrx_word' id='word_1_351' title='bbox 1055 4421 1120 4474; x_wconf 89' lang='lat' dir='ltr'><strong>ad</strong></span> <span class='ocrx_word' id='word_1_352' title='bbox 1150 4421 1477 4480; x_wconf 86' lang='lat' dir='ltr'><strong>intellectum</strong></span> <span class='ocrx_word' id='word_1_353' title='bbox 1501 4413 1876 4484; x_wconf 81' lang='lat' dir='ltr'><strong>suumviolen-</strong></span> 
     </span>
    </p>
   </div>
   <div class='ocr_carea' id='block_1_48' title="bbox 295 4494 1873 4585">
    <p class='ocr_par' dir='ltr' id='par_1_48' title="bbox 295 4494 1873 4585">
     <span class='ocr_line' id='line_1_48' title="bbox 295 4494 1873 4585; baseline 0.016 -33"><span class='ocrx_word' id='word_1_354' title='bbox 295 4508 380 4554; x_wconf 88' lang='lat' dir='ltr'><strong>ter</strong></span> <span class='ocrx_word' id='word_1_355' title='bbox 406 4494 757 4559; x_wconf 60' lang='lat' dir='ltr'><strong>attrahere&#39;et</strong></span> <span class='ocrx_word' id='word_1_356' title='bbox 793 4499 1169 4579; x_wconf 72' lang='lat' dir='ltr'><strong>prmsnmptive</strong></span> <span class='ocrx_word' id='word_1_357' title='bbox 1195 4513 1380 4567; x_wconf 90' lang='lat' dir='ltr'><strong>nititur</strong></span> <span class='ocrx_word' id='word_1_358' title='bbox 1415 4519 1712 4585; x_wconf 87' lang='lat' dir='ltr'><strong>applicare,</strong></span> <span class='ocrx_word' id='word_1_359' title='bbox 1738 4531 1791 4575; x_wconf 93' lang='lat' dir='ltr'><strong>et</strong></span> <span class='ocrx_word' id='word_1_360' title='bbox 1824 4521 1873 4578; x_wconf 87' lang='lat' dir='ltr'><strong>id</strong></span> 
     </span>
    </p>
   </div>
   <div class='ocr_carea' id='block_1_49' title="bbox 293 4587 1955 4684">
    <p class='ocr_par' dir='ltr' id='par_1_49' title="bbox 293 4587 1955 4684">
     <span class='ocr_line' id='line_1_49' title="bbox 293 4587 1955 4684; baseline 0.016 -42"><span class='ocrx_word' id='word_1_361' title='bbox 293 4592 400 4643; x_wconf 83' lang='lat' dir='ltr'><strong>sibi</strong></span> <span class='ocrx_word' id='word_1_362' title='bbox 426 4610 519 4660; x_wconf 87' lang='lat' dir='ltr'><strong>pro</strong></span> <span class='ocrx_word' id='word_1_363' title='bbox 558 4603 712 4662; x_wconf 85' lang='lat' dir='ltr'><strong>captu</strong></span> <span class='ocrx_word' id='word_1_364' title='bbox 742 4609 842 4651; x_wconf 88' lang='lat' dir='ltr'><strong>suo</strong></span> <span class='ocrx_word' id='word_1_365' title='bbox 864 4600 1056 4656; x_wconf 88' lang='lat' dir='ltr'><strong>omissa</strong></span> <span class='ocrx_word' id='word_1_366' title='bbox 1091 4604 1503 4671; x_wconf 68' lang='lat' dir='ltr'><strong>prmcedentium</strong></span> <span class='ocrx_word' id='word_1_367' title='bbox 1536 4595 1614 4684; x_wconf 84' lang='lat' dir='ltr'><strong>vel</strong></span> <span class='ocrx_word' id='word_1_368' title='bbox 1646 4597 1874 4682; x_wconf 86' lang='lat' dir='ltr'><strong>sequen-</strong></span> <span class='ocrx_word' id='word_1_369' title='bbox 1899 4587 1955 4648; x_wconf 65' lang='grc' dir='ltr'><strong><em>Β</em></strong></span> 
     </span>
    </p>
   </div>
   <div class='ocr_carea' id='block_1_50' title="bbox 293 4680 1872 4770">
    <p class='ocr_par' dir='ltr' id='par_1_50' title="bbox 293 4680 1872 4770">
     <span class='ocr_line' id='line_1_50' title="bbox 293 4680 1872 4770; baseline 0.017 -38"><span class='ocrx_word' id='word_1_370' title='bbox 293 4680 431 4734; x_wconf 82' lang='grc' dir='ltr'><strong>ιίυιη</strong></span> <span class='ocrx_word' id='word_1_371' title='bbox 463 4684 666 4740; x_wconf 86' lang='lat' dir='ltr'><strong>ratione</strong></span> <span class='ocrx_word' id='word_1_372' title='bbox 697 4681 1001 4756; x_wconf 86' lang='lat' dir='ltr'><strong>persuadet,</strong></span> <span class='ocrx_word' id='word_1_373' title='bbox 1028 4693 1167 4748; x_wconf 90' lang='lat' dir='ltr'><strong>unde</strong></span> <span class='ocrx_word' id='word_1_374' title='bbox 1187 4697 1394 4764; x_wconf 90' lang='lat' dir='ltr'><strong>penitus</strong></span> <span class='ocrx_word' id='word_1_375' title='bbox 1417 4699 1558 4768; x_wconf 85' lang='lat' dir='ltr'><strong>loqui</strong></span> <span class='ocrx_word' id='word_1_376' title='bbox 1584 4680 1872 4770; x_wconf 73' lang='lat' dir='ltr'><strong>Apostolus</strong></span> 
     </span>
    </p>
   </div>
   <div class='ocr_carea' id='block_1_51' title="bbox 293 4776 1873 4864">
    <p class='ocr_par' dir='ltr' id='par_1_51' title="bbox 293 4776 1873 4864">
     <span class='ocr_line' id='line_1_51' title="bbox 293 4776 1873 4864; baseline 0.017 -40"><span class='ocrx_word' id='word_1_377' title='bbox 293 4790 402 4827; x_wconf 90' lang='lat' dir='ltr'><strong>non</strong></span> <span class='ocrx_word' id='word_1_378' title='bbox 431 4776 674 4832; x_wconf 87' lang='lat' dir='ltr'><strong>instituit.</strong></span> <span class='ocrx_word' id='word_1_379' title='bbox 707 4781 857 4846; x_wconf 85' lang='lat' dir='ltr'><strong>Quod</strong></span> <span class='ocrx_word' id='word_1_380' title='bbox 881 4785 923 4836; x_wconf 89' lang='lat' dir='ltr'><strong>si</strong></span> <span class='ocrx_word' id='word_1_381' title='bbox 950 4784 1016 4838; x_wconf 87' lang='lat' dir='ltr'><strong>ad</strong></span> <span class='ocrx_word' id='word_1_382' title='bbox 1049 4787 1264 4855; x_wconf 89' lang='lat' dir='ltr'><strong>capituli</strong></span> <span class='ocrx_word' id='word_1_383' title='bbox 1286 4790 1452 4856; x_wconf 89' lang='lat' dir='ltr'><strong>ipsius</strong></span> <span class='ocrx_word' id='word_1_384' title='bbox 1479 4793 1545 4846; x_wconf 88' lang='lat' dir='ltr'><strong>de</strong></span> <span class='ocrx_word' id='word_1_385' title='bbox 1570 4810 1675 4861; x_wconf 92' lang='lat' dir='ltr'><strong>quo</strong></span> <span class='ocrx_word' id='word_1_386' title='bbox 1699 4795 1873 4864; x_wconf 86' lang='lat' dir='ltr'><strong>agitur</strong></span> 
     </span>
    </p>
   </div>
   <div class='ocr_carea' id='block_1_52' title="bbox 290 4872 1872 4946">
    <p class='ocr_par' dir='ltr' id='par_1_52' title="bbox 290 4872 1872 4946">
     <span class='ocr_line' id='line_1_52' title="bbox 290 4872 1872 4946; baseline 0.015 -28"><span class='ocrx_word' id='word_1_387' title='bbox 290 4879 540 4919; x_wconf 87' lang='lat' dir='ltr'><strong>recurras</strong></span> <span class='ocrx_word' id='word_1_388' title='bbox 568 4872 866 4939; x_wconf 88' lang='lat' dir='ltr'><strong>exordium,</strong></span> <span class='ocrx_word' id='word_1_389' title='bbox 895 4888 1054 4928; x_wconf 91' lang='lat' dir='ltr'><strong>omne</strong></span> <span class='ocrx_word' id='word_1_390' title='bbox 1078 4878 1276 4946; x_wconf 82' lang='lat' dir='ltr'><strong>absque</strong></span> <span class='ocrx_word' id='word_1_391' title='bbox 1306 4881 1410 4932; x_wconf 88' lang='lat' dir='ltr'><strong>ulla</strong></span> <span class='ocrx_word' id='word_1_392' title='bbox 1438 4882 1748 4940; x_wconf 77' lang='lat' dir='ltr'><strong>difﬁcultate</strong></span> <span class='ocrx_word' id='word_1_393' title='bbox 1778 4887 1872 4941; x_wconf 89' lang='lat' dir='ltr'><strong>de-</strong></span> 
     </span>
    </p>
   </div>
   <div class='ocr_carea' id='block_1_53' title="bbox 291 4955 1869 5050">
    <p class='ocr_par' dir='ltr' id='par_1_53' title="bbox 291 4955 1869 5050">
     <span class='ocr_line' id='line_1_53' title="bbox 291 4955 1869 5050; baseline 0.016 -43"><span class='ocrx_word' id='word_1_394' title='bbox 291 4955 521 5010; x_wconf 87' lang='lat' dir='ltr'><strong>clinabis</strong></span> <span class='ocrx_word' id='word_1_395' title='bbox 551 4962 881 5028; x_wconf 88' lang='lat' dir='ltr'><strong>ambiguum.</strong></span> <span class='ocrx_word' id='word_1_396' title='bbox 913 4964 967 5019; x_wconf 93' lang='lat' dir='ltr'><strong>Si</strong></span> <span class='ocrx_word' id='word_1_397' title='bbox 1018 4969 1269 5036; x_wconf 71' lang='lat' dir='ltr'><strong>magiszer</strong></span> <span class='ocrx_word' id='word_1_398' title='bbox 1294 4974 1528 5050; x_wconf 85' lang='lat' dir='ltr'><strong>gentium</strong></span> <span class='ocrx_word' id='word_1_399' title='bbox 1575 4975 1641 5030; x_wconf 90' lang='lat' dir='ltr'><strong>de</strong></span> <span class='ocrx_word' id='word_1_400' title='bbox 1689 4981 1869 5048; x_wconf 78' lang='lat' dir='ltr'><strong>genesi</strong></span> 
     </span>
    </p>
   </div>
   <div class='ocr_carea' id='block_1_54' title="bbox 289 5048 1870 5127">
    <p class='ocr_par' dir='ltr' id='par_1_54' title="bbox 289 5048 1870 5127">
     <span class='ocr_line' id='line_1_54' title="bbox 289 5048 1870 5127; baseline 0.016 -29"><span class='ocrx_word' id='word_1_401' title='bbox 289 5048 569 5104; x_wconf 79' lang='lat' dir='ltr'><strong>hominum</strong></span> <span class='ocrx_word' id='word_1_402' title='bbox 610 5060 844 5121; x_wconf 87' lang='lat' dir='ltr'><strong>tractare</strong></span> <span class='ocrx_word' id='word_1_403' title='bbox 872 5059 1145 5127; x_wconf 78' lang='lat' dir='ltr'><strong>cmpisset,</strong></span> <span class='ocrx_word' id='word_1_404' title='bbox 1177 5071 1230 5114; x_wconf 89' lang='lat' dir='ltr'><strong>et</strong></span> <span class='ocrx_word' id='word_1_405' title='bbox 1250 5063 1454 5118; x_wconf 87' lang='lat' dir='ltr'><strong>diceret</strong></span> <span class='ocrx_word' id='word_1_406' title='bbox 1476 5048 1676 5120; x_wconf 81' lang='lat' dir='ltr'><strong>homini</strong></span> <span class='ocrx_word' id='word_1_407' title='bbox 1709 5070 1870 5123; x_wconf 85' lang='lat' dir='ltr'><strong>totius</strong></span> 
     </span>
    </p>
   </div>
   <div class='ocr_carea' id='block_1_55' title="bbox 290 5139 1866 5224">
    <p class='ocr_par' dir='ltr' id='par_1_55' title="bbox 290 5139 1866 5224">
     <span class='ocr_line' id='line_1_55' title="bbox 290 5139 1866 5224; baseline 0.016 -37"><span class='ocrx_word' id='word_1_408' title='bbox 290 5139 417 5191; x_wconf 73' lang='lat' dir='ltr'><strong>vitm</strong></span> <span class='ocrx_word' id='word_1_409' title='bbox 446 5155 663 5195; x_wconf 90' lang='lat' dir='ltr'><strong>cursum</strong></span> <span class='ocrx_word' id='word_1_410' title='bbox 690 5143 894 5214; x_wconf 83' lang='lat' dir='ltr'><strong>origine</strong></span> <span class='ocrx_word' id='word_1_411' title='bbox 922 5149 1265 5218; x_wconf 64' lang='lat' dir='ltr'><strong>prtelinitum,</strong></span> <span class='ocrx_word' id='word_1_412' title='bbox 1296 5163 1347 5207; x_wconf 91' lang='lat' dir='ltr'><strong>et</strong></span> <span class='ocrx_word' id='word_1_413' title='bbox 1378 5157 1547 5224; x_wconf 84' lang='lat' dir='ltr'><strong>magis</strong></span> <span class='ocrx_word' id='word_1_414' title='bbox 1567 5158 1866 5213; x_wconf 88' lang='lat' dir='ltr'><strong>necessitati</strong></span> 
     </span>
    </p>
   </div>
   <div class='ocr_carea' id='block_1_56' title="bbox 282 5228 1869 5326">
    <p class='ocr_par' dir='ltr' id='par_1_56' title="bbox 282 5228 1869 5326">
     <span class='ocr_line' id='line_1_56' title="bbox 282 5228 1869 5326; baseline 0.016 -47"><span class='ocrx_word' id='word_1_415' title='bbox 282 5228 584 5299; x_wconf 80' lang='lat' dir='ltr'><strong>Subditum,</strong></span> <span class='ocrx_word' id='word_1_416' title='bbox 610 5249 766 5301; x_wconf 89' lang='lat' dir='ltr'><strong>quam</strong></span> <span class='ocrx_word' id='word_1_417' title='bbox 795 5235 962 5292; x_wconf 89' lang='lat' dir='ltr'><strong>libero</strong></span> <span class='ocrx_word' id='word_1_418' title='bbox 984 5241 1208 5296; x_wconf 90' lang='lat' dir='ltr'><strong>arbitrio</strong></span> <span class='ocrx_word' id='word_1_419' title='bbox 1230 5242 1394 5299; x_wconf 80' lang='lat' dir='ltr'><strong>fuisse</strong></span> <span class='ocrx_word' id='word_1_420' title='bbox 1411 5249 1776 5326; x_wconf 86' lang='lat' dir='ltr'><strong>commissum,</strong></span> <span class='ocrx_word' id='word_1_421' title='bbox 1805 5266 1869 5305; x_wconf 91' lang='lat' dir='ltr'><strong>eo</strong></span> 
     </span>
    </p>
   </div>
   <div class='ocr_carea' id='block_1_57' title="bbox 281 5312 1867 5408">
    <p class='ocr_par' dir='ltr' id='par_1_57' title="bbox 281 5312 1867 5408">
     <span class='ocr_line' id='line_1_57' title="bbox 281 5312 1867 5408; baseline 0.018 -38"><span class='ocrx_word' id='word_1_422' title='bbox 281 5322 427 5388; x_wconf 91' lang='lat' dir='ltr'><strong>quod</strong></span> <span class='ocrx_word' id='word_1_423' title='bbox 454 5323 708 5379; x_wconf 86' lang='lat' dir='ltr'><strong>Dominus</strong></span> <span class='ocrx_word' id='word_1_424' title='bbox 739 5312 976 5386; x_wconf 88' lang='lat' dir='ltr'><strong>omnium</strong></span> <span class='ocrx_word' id='word_1_425' title='bbox 1005 5349 1102 5402; x_wconf 92' lang='lat' dir='ltr'><strong>pro</strong></span> <span class='ocrx_word' id='word_1_426' title='bbox 1132 5339 1407 5404; x_wconf 88' lang='lat' dir='ltr'><strong>potestatis</strong></span> <span class='ocrx_word' id='word_1_427' title='bbox 1451 5350 1579 5394; x_wconf 88' lang='lat' dir='ltr'><strong>nutu</strong></span> <span class='ocrx_word' id='word_1_428' title='bbox 1611 5324 1867 5408; x_wconf 85' lang='lat' dir='ltr'><strong>violento,</strong></span> 
     </span>
    </p>
   </div>
   <div class='ocr_carea' id='block_1_58' title="bbox 281 5415 1869 5501">
    <p class='ocr_par' dir='ltr' id='par_1_58' title="bbox 281 5415 1869 5501">
     <span class='ocr_line' id='line_1_58' title="bbox 281 5415 1869 5501; baseline 0.019 -38"><span class='ocrx_word' id='word_1_429' title='bbox 281 5428 396 5480; x_wconf 88' lang='lat' dir='ltr'><strong>quo</strong></span> <span class='ocrx_word' id='word_1_430' title='bbox 425 5415 640 5471; x_wconf 88' lang='lat' dir='ltr'><strong>decreto</strong></span> <span class='ocrx_word' id='word_1_431' title='bbox 669 5417 805 5474; x_wconf 89' lang='lat' dir='ltr'><strong>alios</strong></span> <span class='ocrx_word' id='word_1_432' title='bbox 850 5423 1176 5493; x_wconf 87' lang='lat' dir='ltr'><strong>relinqueret</strong></span> <span class='ocrx_word' id='word_1_433' title='bbox 1202 5429 1268 5482; x_wconf 90' lang='lat' dir='ltr'><strong>ad</strong></span> <span class='ocrx_word' id='word_1_434' title='bbox 1303 5424 1652 5500; x_wconf 70' lang='lat' dir='ltr'><strong>perditionem</strong></span> <span class='ocrx_word' id='word_1_435' title='bbox 1678 5475 1694 5501; x_wconf 94' lang='lat'><strong>,</strong></span> <span class='ocrx_word' id='word_1_436' title='bbox 1737 5437 1869 5493; x_wconf 89' lang='lat' dir='ltr'><strong>alios</strong></span> 
     </span>
    </p>
   </div>
   <div class='ocr_carea' id='block_1_59' title="bbox 278 5503 1864 5595">
    <p class='ocr_par' dir='ltr' id='par_1_59' title="bbox 278 5503 1864 5595">
     <span class='ocr_line' id='line_1_59' title="bbox 278 5503 1864 5595; baseline 0.019 -37"><span class='ocrx_word' id='word_1_437' title='bbox 278 5504 510 5568; x_wconf 72' lang='lat' dir='ltr'><strong>eligeret</strong></span> <span class='ocrx_word' id='word_1_438' title='bbox 543 5509 608 5562; x_wconf 90' lang='lat' dir='ltr'><strong>ad</strong></span> <span class='ocrx_word' id='word_1_439' title='bbox 640 5503 890 5579; x_wconf 87' lang='lat' dir='ltr'><strong>salutem,</strong></span> <span class='ocrx_word' id='word_1_440' title='bbox 947 5522 1071 5570; x_wconf 89' lang='lat' dir='ltr'><strong>tunc</strong></span> <span class='ocrx_word' id='word_1_441' title='bbox 1101 5518 1325 5576; x_wconf 82' lang='lat' dir='ltr'><strong>forsitan</strong></span> <span class='ocrx_word' id='word_1_442' title='bbox 1367 5524 1511 5579; x_wconf 88' lang='lat' dir='ltr'><strong>velut</strong></span> <span class='ocrx_word' id='word_1_443' title='bbox 1565 5542 1658 5595; x_wconf 84' lang='lat' dir='ltr'><strong>per</strong></span> <span class='ocrx_word' id='word_1_444' title='bbox 1701 5529 1864 5592; x_wconf 66' lang='lat' dir='ltr'><strong>lineas</strong></span> 
     </span>
    </p>
   </div>
   <div class='ocr_carea' id='block_1_60' title="bbox 277 5598 1870 5693">
    <p class='ocr_par' dir='ltr' id='par_1_60' title="bbox 277 5598 1870 5693">
     <span class='ocr_line' id='line_1_60' title="bbox 277 5598 1870 5693; baseline 0.017 -43"><span class='ocrx_word' id='word_1_445' title='bbox 277 5598 671 5669; x_wconf 88' lang='lat' dir='ltr'><strong>decurrentes,</strong></span> <span class='ocrx_word' id='word_1_446' title='bbox 703 5605 938 5660; x_wconf 90' lang='lat' dir='ltr'><strong>colorem</strong></span> <span class='ocrx_word' id='word_1_447' title='bbox 971 5605 1112 5663; x_wconf 86' lang='lat' dir='ltr'><strong>hunc</strong></span> <span class='ocrx_word' id='word_1_448' title='bbox 1160 5612 1336 5682; x_wconf 90' lang='lat' dir='ltr'><strong>iniqua</strong></span> <span class='ocrx_word' id='word_1_449' title='bbox 1377 5621 1654 5686; x_wconf 89' lang='lat' dir='ltr'><strong>persuasio</strong></span> <span class='ocrx_word' id='word_1_450' title='bbox 1702 5616 1870 5693; x_wconf 69' lang='lat' dir='ltr'><strong>possit</strong></span> 
     </span>
    </p>
   </div>
   <div class='ocr_carea' id='block_1_61' title="bbox 274 5695 1868 5785">
    <p class='ocr_par' dir='ltr' id='par_1_61' title="bbox 274 5695 1868 5785">
     <span class='ocr_line' id='line_1_61' title="bbox 274 5695 1868 5785; baseline 0.019 -44"><span class='ocrx_word' id='word_1_451' title='bbox 274 5699 550 5746; x_wconf 80' lang='lat' dir='ltr'><strong>asserere.</strong></span> <span class='ocrx_word' id='word_1_452' title='bbox 583 5695 712 5749; x_wconf 79' lang='lat' dir='ltr'><strong>Cum</strong></span> <span class='ocrx_word' id='word_1_453' title='bbox 746 5712 870 5753; x_wconf 88' lang='lat' dir='ltr'><strong>vero</strong></span> <span class='ocrx_word' id='word_1_454' title='bbox 896 5699 1182 5768; x_wconf 85' lang='lat' dir='ltr'><strong>Apostolus</strong></span> <span class='ocrx_word' id='word_1_455' title='bbox 1209 5710 1589 5773; x_wconf 90' lang='lat' dir='ltr'><strong>promissiones</strong></span> <span class='ocrx_word' id='word_1_456' title='bbox 1645 5715 1735 5769; x_wconf 90' lang='lat' dir='ltr'><strong>Dei</strong></span> <span class='ocrx_word' id='word_1_457' title='bbox 1759 5762 1772 5785; x_wconf 90' lang='lat'><strong>,</strong></span> <span class='ocrx_word' id='word_1_458' title='bbox 1814 5727 1868 5771; x_wconf 87' lang='lat' dir='ltr'><strong>et</strong></span> 
     </span>
    </p>
   </div>
   <div class='ocr_carea' id='block_1_62' title="bbox 275 5785 1861 5880">
    <p class='ocr_par' dir='ltr' id='par_1_62' title="bbox 275 5785 1861 5880">
     <span class='ocr_line' id='line_1_62' title="bbox 275 5785 1861 5880; baseline 0.018 -42"><span class='ocrx_word' id='word_1_459' title='bbox 275 5785 622 5840; x_wconf 76' lang='lat' dir='ltr'><strong>Vocationem</strong></span> <span class='ocrx_word' id='word_1_460' title='bbox 653 5793 891 5857; x_wconf 82' lang='lat' dir='ltr'><strong>gentium</strong></span> <span class='ocrx_word' id='word_1_461' title='bbox 932 5795 1089 5849; x_wconf 88' lang='lat' dir='ltr'><strong>altius</strong></span> <span class='ocrx_word' id='word_1_462' title='bbox 1117 5800 1362 5868; x_wconf 90' lang='lat' dir='ltr'><strong>repetitis</strong></span> <span class='ocrx_word' id='word_1_463' title='bbox 1393 5812 1542 5858; x_wconf 83' lang='lat' dir='ltr'><strong>texat</strong></span> <span class='ocrx_word' id='word_1_464' title='bbox 1570 5811 1861 5880; x_wconf 83' lang='lat' dir='ltr'><strong>exemplis,</strong></span> 
     </span>
    </p>
   </div>
   <div class='ocr_carea' id='block_1_63' title="bbox 501 5927 604 5947">
    <p class='ocr_par' dir='ltr' id='par_1_63' title="bbox 501 5927 604 5947">
     <span class='ocr_line' id='line_1_63' title="bbox 501 5927 604 5947; baseline 0.019 -10"><span class='ocrx_word' id='word_1_465' title='bbox 501 5927 575 5947; x_wconf 48' lang='grc' dir='ltr'><strong>ιδ..-</strong></span> <span class='ocrx_word' id='word_1_466' title='bbox 602 5939 604 5942; x_wconf 72' lang='grc'>,</span> 
     </span>
    </p>
   </div>
   <div class='ocr_carea' id='block_1_64' title="bbox 1991 566 3576 647">
    <p class='ocr_par' dir='ltr' id='par_1_64' title="bbox 1991 566 3576 647">
     <span class='ocr_line' id='line_1_64' title="bbox 1991 566 3576 647; baseline 0.015 -29"><span class='ocrx_word' id='word_1_467' title='bbox 1991 566 2240 635; x_wconf 87' lang='lat' dir='ltr'><strong>studeat,</strong></span> <span class='ocrx_word' id='word_1_468' title='bbox 2273 571 2361 638; x_wconf 88' lang='lat' dir='ltr'><strong>qui</strong></span> <span class='ocrx_word' id='word_1_469' title='bbox 2409 570 2652 640; x_wconf 89' lang='lat' dir='ltr'><strong>improbe</strong></span> <span class='ocrx_word' id='word_1_470' title='bbox 2692 575 2759 630; x_wconf 91' lang='lat' dir='ltr'><strong>de</strong></span> <span class='ocrx_word' id='word_1_471' title='bbox 2795 578 2928 647; x_wconf 85' lang='lat' dir='ltr'><strong>legis</strong></span> <span class='ocrx_word' id='word_1_472' title='bbox 2956 581 3205 646; x_wconf 85' lang='lat' dir='ltr'><strong>operibus</strong></span> <span class='ocrx_word' id='word_1_473' title='bbox 3252 584 3576 642; x_wconf 89' lang='lat' dir='ltr'><strong>intumesce-</strong></span> 
     </span>
    </p>
   </div>
   <div class='ocr_carea' id='block_1_65' title="bbox 1991 656 3578 736">
    <p class='ocr_par' dir='ltr' id='par_1_65' title="bbox 1991 656 3578 736">
     <span class='ocr_line' id='line_1_65' title="bbox 1991 656 3578 736; baseline 0.012 -18"><span class='ocrx_word' id='word_1_474' title='bbox 1991 656 2140 723; x_wconf 80' lang='lat' dir='ltr'><strong>bant.</strong></span> <span class='ocrx_word' id='word_1_475' title='bbox 2176 677 2282 716; x_wconf 85' lang='lat' dir='ltr'><strong>non</strong></span> <span class='ocrx_word' id='word_1_476' title='bbox 2315 665 2366 716; x_wconf 93' lang='lat' dir='ltr'><strong>in</strong></span> <span class='ocrx_word' id='word_1_477' title='bbox 2397 665 2600 732; x_wconf 78' lang='lat' dir='ltr'><strong>origine</strong></span> <span class='ocrx_word' id='word_1_478' title='bbox 2625 671 2899 724; x_wconf 89' lang='lat' dir='ltr'><strong>seniorum</strong></span> <span class='ocrx_word' id='word_1_479' title='bbox 2934 671 3155 728; x_wconf 83' lang='lat' dir='ltr'><strong>lsmaele</strong></span> <span class='ocrx_word' id='word_1_480' title='bbox 3188 677 3268 730; x_wconf 88' lang='lat' dir='ltr'><strong>vel</strong></span> <span class='ocrx_word' id='word_1_481' title='bbox 3303 678 3442 733; x_wconf 82' lang='lat' dir='ltr'><strong>Esau</strong></span> <span class='ocrx_word' id='word_1_482' title='bbox 3480 681 3578 736; x_wconf 42' lang='lat' dir='ltr'><strong>de.</strong></span> 
     </span>
    </p>
   </div>
   <div class='ocr_carea' id='block_1_66' title="bbox 1989 752 3578 830">
    <p class='ocr_par' dir='ltr' id='par_1_66' title="bbox 1989 752 3578 830">
     <span class='ocr_line' id='line_1_66' title="bbox 1989 752 3578 830; baseline 0.016 -28"><span class='ocrx_word' id='word_1_483' title='bbox 1989 759 2194 818; x_wconf 81' lang='lat' dir='ltr'><strong>cretum</strong></span> <span class='ocrx_word' id='word_1_484' title='bbox 2225 752 2385 808; x_wconf 76' lang='lat' dir='ltr'><strong>fatale</strong></span> <span class='ocrx_word' id='word_1_485' title='bbox 2417 759 2714 824; x_wconf 85' lang='lat' dir='ltr'><strong>constituit,</strong></span> <span class='ocrx_word' id='word_1_486' title='bbox 2745 762 2840 814; x_wconf 89' lang='lat' dir='ltr'><strong>sed</strong></span> <span class='ocrx_word' id='word_1_487' title='bbox 2867 762 2920 816; x_wconf 91' lang='lat' dir='ltr'><strong>in</strong></span> <span class='ocrx_word' id='word_1_488' title='bbox 2953 764 3327 823; x_wconf 88' lang='lat' dir='ltr'><strong>benedictione</strong></span> <span class='ocrx_word' id='word_1_489' title='bbox 3351 769 3495 826; x_wconf 87' lang='lat' dir='ltr'><strong>Isaac</strong></span> <span class='ocrx_word' id='word_1_490' title='bbox 3518 782 3578 830; x_wconf 87' lang='lat' dir='ltr'><strong>et</strong></span> 
     </span>
    </p>
   </div>
   <div class='ocr_carea' id='block_1_67' title="bbox 1988 839 3576 932">
    <p class='ocr_par' dir='ltr' id='par_1_67' title="bbox 1988 839 3576 932">
     <span class='ocr_line' id='line_1_67' title="bbox 1988 839 3576 932; baseline 0.015 -35"><span class='ocrx_word' id='word_1_491' title='bbox 1988 839 2153 902; x_wconf 79' lang='lat' dir='ltr'><strong>Jacnb</strong></span> <span class='ocrx_word' id='word_1_492' title='bbox 2170 844 2487 902; x_wconf 81' lang='lat' dir='ltr'><strong>electionem</strong></span> <span class='ocrx_word' id='word_1_493' title='bbox 2512 850 2692 919; x_wconf 90' lang='lat' dir='ltr'><strong>populi</strong></span> <span class='ocrx_word' id='word_1_494' title='bbox 2710 853 2932 910; x_wconf 88' lang='lat' dir='ltr'><strong>minoris</strong></span> <span class='ocrx_word' id='word_1_495' title='bbox 2949 859 3204 924; x_wconf 81' lang='lat' dir='ltr'><strong>ostendit,</strong></span> <span class='ocrx_word' id='word_1_496' title='bbox 3219 871 3272 915; x_wconf 91' lang='lat' dir='ltr'><strong>et</strong></span> <span class='ocrx_word' id='word_1_497' title='bbox 3291 873 3576 932; x_wconf 87' lang='lat' dir='ltr'><strong>propterea</strong></span> 
     </span>
    </p>
   </div>
   <div class='ocr_carea' id='block_1_68' title="bbox 1987 936 3578 1028">
    <p class='ocr_par' dir='ltr' id='par_1_68' title="bbox 1987 936 3578 1028">
     <span class='ocr_line' id='line_1_68' title="bbox 1987 936 3578 1028; baseline 0.018 -42"><span class='ocrx_word' id='word_1_498' title='bbox 1987 936 2252 996; x_wconf 82' lang='lat' dir='ltr'><strong>minorem</strong></span> <span class='ocrx_word' id='word_1_499' title='bbox 2295 940 2484 1006; x_wconf 81' lang='lat' dir='ltr'><strong>ntajori</strong></span> <span class='ocrx_word' id='word_1_500' title='bbox 2523 957 2626 996; x_wconf 90' lang='lat' dir='ltr'><strong>non</strong></span> <span class='ocrx_word' id='word_1_501' title='bbox 2661 945 2802 998; x_wconf 86' lang='lat' dir='ltr'><strong>velut</strong></span> <span class='ocrx_word' id='word_1_502' title='bbox 2829 951 3061 1015; x_wconf 87' lang='lat' dir='ltr'><strong>potentia</strong></span> <span class='ocrx_word' id='word_1_503' title='bbox 3092 953 3212 1019; x_wconf 89' lang='lat' dir='ltr'><strong>Dei,</strong></span> <span class='ocrx_word' id='word_1_504' title='bbox 3235 955 3329 1009; x_wconf 89' lang='lat' dir='ltr'><strong>sed</strong></span> <span class='ocrx_word' id='word_1_505' title='bbox 3361 947 3460 1026; x_wconf 83' lang='lat' dir='ltr'><strong>pro</strong></span> <span class='ocrx_word' id='word_1_506' title='bbox 3495 959 3578 1028; x_wconf 87' lang='lat' dir='ltr'><strong>ju-</strong></span> 
     </span>
    </p>
   </div>
   <div class='ocr_carea' id='block_1_69' title="bbox 1991 1026 3570 1116">
    <p class='ocr_par' dir='ltr' id='par_1_69' title="bbox 1991 1026 3570 1116">
     <span class='ocr_line' id='line_1_69' title="bbox 1991 1026 3570 1116; baseline 0.013 -32"><span class='ocrx_word' id='word_1_507' title='bbox 1991 1026 2134 1084; x_wconf 77' lang='lat' dir='ltr'><strong>stitia</strong></span> <span class='ocrx_word' id='word_1_508' title='bbox 2175 1031 2429 1098; x_wconf 64' lang='lat' dir='ltr'><strong>praetulit.</strong></span> <span class='ocrx_word' id='word_1_509' title='bbox 2455 1032 2682 1088; x_wconf 82' lang='lat' dir='ltr'><strong>Perinde</strong></span> <span class='ocrx_word' id='word_1_510' title='bbox 2712 1037 2851 1092; x_wconf 87' lang='lat' dir='ltr'><strong>enim</strong></span> <span class='ocrx_word' id='word_1_511' title='bbox 2879 1039 3205 1106; x_wconf 84' lang='lat' dir='ltr'><strong>impietatem</strong></span> <span class='ocrx_word' id='word_1_512' title='bbox 3237 1026 3570 1116; x_wconf 45' lang='lat' dir='ltr'><strong>Juda’orum,</strong></span> 
     </span>
    </p>
   </div>
   <div class='ocr_carea' id='block_1_70' title="bbox 1993 1119 3576 1210">
    <p class='ocr_par' dir='ltr' id='par_1_70' title="bbox 1993 1119 3576 1210">
     <span class='ocr_line' id='line_1_70' title="bbox 1993 1119 3576 1210; baseline 0.016 -37"><span class='ocrx_word' id='word_1_513' title='bbox 1993 1119 2131 1182; x_wconf 82' lang='lat' dir='ltr'><strong>sicut</strong></span> <span class='ocrx_word' id='word_1_514' title='bbox 2182 1122 2540 1192; x_wconf 74' lang='lat' dir='ltr'><strong>obedientiam</strong></span> <span class='ocrx_word' id='word_1_515' title='bbox 2589 1129 2829 1196; x_wconf 84' lang='lat' dir='ltr'><strong>gentium</strong></span> <span class='ocrx_word' id='word_1_516' title='bbox 2876 1135 3222 1198; x_wconf 84' lang='lat' dir='ltr'><strong>praevidebat.</strong></span> <span class='ocrx_word' id='word_1_517' title='bbox 3275 1140 3406 1204; x_wconf 86' lang='lat' dir='ltr'><strong>Quia</strong></span> <span class='ocrx_word' id='word_1_518' title='bbox 3445 1159 3576 1210; x_wconf 82' lang='lat' dir='ltr'><strong>ergo</strong></span> 
     </span>
    </p>
   </div>
   <div class='ocr_carea' id='block_1_71' title="bbox 1991 1211 3576 1301">
    <p class='ocr_par' dir='ltr' id='par_1_71' title="bbox 1991 1211 3576 1301">
     <span class='ocr_line' id='line_1_71' title="bbox 1991 1211 3576 1301; baseline 0.015 -34"><span class='ocrx_word' id='word_1_519' title='bbox 1991 1211 2166 1267; x_wconf 84' lang='lat' dir='ltr'><strong>dicit:</strong></span> <span class='ocrx_word' id='word_1_520' title='bbox 2211 1212 2337 1286; x_wconf 79' lang='lat' dir='ltr'><strong>Cum</strong></span> <span class='ocrx_word' id='word_1_521' title='bbox 2383 1219 2517 1276; x_wconf 84' lang='lat' dir='ltr'><strong>enim</strong></span> <span class='ocrx_word' id='word_1_522' title='bbox 2562 1221 2789 1275; x_wconf 79' lang='lat' dir='ltr'><strong>nondum</strong></span> <span class='ocrx_word' id='word_1_523' title='bbox 2827 1227 3043 1294; x_wconf 81' lang='lat' dir='ltr'><strong>egissent</strong></span> <span class='ocrx_word' id='word_1_524' title='bbox 3072 1228 3188 1282; x_wconf 86' lang='lat' dir='ltr'><strong>boni</strong></span> <span class='ocrx_word' id='word_1_525' title='bbox 3239 1234 3437 1301; x_wconf 82' lang='lat' dir='ltr'><strong>aliquid</strong></span> <span class='ocrx_word' id='word_1_526' title='bbox 3487 1247 3576 1290; x_wconf 82' lang='lat' dir='ltr'><strong>aut</strong></span> 
     </span>
    </p>
   </div>
   <div class='ocr_carea' id='block_1_72' title="bbox 1988 1303 3576 1397">
    <p class='ocr_par' dir='ltr' id='par_1_72' title="bbox 1988 1303 3576 1397">
     <span class='ocr_line' id='line_1_72' title="bbox 1988 1303 3576 1397; baseline 0.02 -45"><span class='ocrx_word' id='word_1_527' title='bbox 1988 1303 2138 1367; x_wconf 80' lang='lat' dir='ltr'><strong>muli,</strong></span> <span class='ocrx_word' id='word_1_528' title='bbox 2162 1321 2261 1364; x_wconf 82' lang='lat' dir='ltr'><strong>non</strong></span> <span class='ocrx_word' id='word_1_529' title='bbox 2281 1323 2343 1361; x_wconf 79' lang='lat' dir='ltr'><strong>ex</strong></span> <span class='ocrx_word' id='word_1_530' title='bbox 2366 1311 2598 1379; x_wconf 84' lang='lat' dir='ltr'><strong>aperibus</strong></span> <span class='ocrx_word' id='word_1_531' title='bbox 2620 1352 2634 1375; x_wconf 94' lang='lat'><strong>,</strong></span> <span class='ocrx_word' id='word_1_532' title='bbox 2664 1315 2754 1367; x_wconf 82' lang='lat' dir='ltr'><strong>sed</strong></span> <span class='ocrx_word' id='word_1_533' title='bbox 2779 1332 2841 1369; x_wconf 86' lang='lat' dir='ltr'><strong>ex</strong></span> <span class='ocrx_word' id='word_1_534' title='bbox 2861 1329 3069 1374; x_wconf 83' lang='lat' dir='ltr'><strong>vocante</strong></span> <span class='ocrx_word' id='word_1_535' title='bbox 3091 1323 3280 1377; x_wconf 86' lang='lat' dir='ltr'><strong>dictum</strong></span> <span class='ocrx_word' id='word_1_536' title='bbox 3311 1337 3414 1393; x_wconf 88' lang='lat' dir='ltr'><strong>est,</strong></span> <span class='ocrx_word' id='word_1_537' title='bbox 3455 1331 3576 1397; x_wconf 85' lang='lat' dir='ltr'><strong>quia</strong></span> 
     </span>
    </p>
   </div>
   <div class='ocr_carea' id='block_1_73' title="bbox 1990 1400 3573 1488">
    <p class='ocr_par' dir='ltr' id='par_1_73' title="bbox 1990 1400 3573 1488">
     <span class='ocr_line' id='line_1_73' title="bbox 1990 1400 3573 1488; baseline 0.02 -42"><span class='ocrx_word' id='word_1_538' title='bbox 1990 1411 2157 1460; x_wconf 72' lang='lat' dir='ltr'><strong>tumor</strong></span> <span class='ocrx_word' id='word_1_539' title='bbox 2186 1400 2359 1456; x_wconf 77' lang='lat' dir='ltr'><strong>serviet</strong></span> <span class='ocrx_word' id='word_1_540' title='bbox 2393 1404 2595 1468; x_wconf 66' lang='lat' dir='ltr'><strong>minari,</strong></span> <span class='ocrx_word' id='word_1_541' title='bbox 2626 1419 2692 1458; x_wconf 82' lang='lat' dir='ltr'><strong>ex</strong></span> <span class='ocrx_word' id='word_1_542' title='bbox 2729 1420 2956 1464; x_wconf 88' lang='lat' dir='ltr'><strong>vocante</strong></span> <span class='ocrx_word' id='word_1_543' title='bbox 2985 1414 3198 1480; x_wconf 84' lang='lat' dir='ltr'><strong>quidem</strong></span> <span class='ocrx_word' id='word_1_544' title='bbox 3231 1417 3429 1474; x_wconf 90' lang='lat' dir='ltr'><strong>dictum</strong></span> <span class='ocrx_word' id='word_1_545' title='bbox 3466 1431 3573 1488; x_wconf 89' lang='lat' dir='ltr'><strong>est,</strong></span> 
     </span>
    </p>
   </div>
   <div class='ocr_carea' id='block_1_74' title="bbox 1991 1496 3574 1576">
    <p class='ocr_par' dir='ltr' id='par_1_74' title="bbox 1991 1496 3574 1576">
     <span class='ocr_line' id='line_1_74' title="bbox 1991 1496 3574 1576; baseline 0.018 -33"><span class='ocrx_word' id='word_1_546' title='bbox 1991 1504 2096 1550; x_wconf 84' lang='lat' dir='ltr'><strong>non</strong></span> <span class='ocrx_word' id='word_1_547' title='bbox 2121 1500 2302 1548; x_wconf 87' lang='lat' dir='ltr'><strong>tamen</strong></span> <span class='ocrx_word' id='word_1_548' title='bbox 2332 1496 2396 1550; x_wconf 87' lang='lat' dir='ltr'><strong>ad</strong></span> <span class='ocrx_word' id='word_1_549' title='bbox 2430 1500 2835 1568; x_wconf 84' lang='lat' dir='ltr'><strong>oompellendos</strong></span> <span class='ocrx_word' id='word_1_550' title='bbox 2866 1506 2946 1558; x_wconf 88' lang='lat' dir='ltr'><strong>vel</strong></span> <span class='ocrx_word' id='word_1_551' title='bbox 2977 1508 3312 1576; x_wconf 80' lang='lat' dir='ltr'><strong>repellendos</strong></span> <span class='ocrx_word' id='word_1_552' title='bbox 3333 1553 3347 1576; x_wconf 96' lang='lat'><strong>,</strong></span> <span class='ocrx_word' id='word_1_553' title='bbox 3373 1514 3467 1568; x_wconf 90' lang='lat' dir='ltr'><strong>sed</strong></span> <span class='ocrx_word' id='word_1_554' title='bbox 3507 1517 3574 1573; x_wconf 88' lang='lat' dir='ltr'><strong>ad</strong></span> 
     </span>
    </p>
   </div>
   <div class='ocr_carea' id='block_1_75' title="bbox 1985 1581 3572 1663">
    <p class='ocr_par' dir='ltr' id='par_1_75' title="bbox 1985 1581 3572 1663">
     <span class='ocr_line' id='line_1_75' title="bbox 1985 1581 3572 1663; baseline 0.016 -27"><span class='ocrx_word' id='word_1_555' title='bbox 1985 1581 2293 1640; x_wconf 73' lang='lat' dir='ltr'><strong>credituros</strong></span> <span class='ocrx_word' id='word_1_556' title='bbox 2317 1595 2371 1642; x_wconf 88' lang='lat' dir='ltr'><strong>et</strong></span> <span class='ocrx_word' id='word_1_557' title='bbox 2399 1603 2504 1642; x_wconf 94' lang='lat' dir='ltr'><strong>non</strong></span> <span class='ocrx_word' id='word_1_558' title='bbox 2537 1591 2839 1647; x_wconf 80' lang='lat' dir='ltr'><strong>credituros</strong></span> <span class='ocrx_word' id='word_1_559' title='bbox 2859 1597 3057 1652; x_wconf 88' lang='lat' dir='ltr'><strong>dictum</strong></span> <span class='ocrx_word' id='word_1_560' title='bbox 3082 1615 3202 1655; x_wconf 89' lang='lat' dir='ltr'><strong>esse</strong></span> <span class='ocrx_word' id='word_1_561' title='bbox 3230 1595 3572 1663; x_wconf 81' lang='lat' dir='ltr'><strong>manifestum</strong></span> 
     </span>
    </p>
   </div>
   <div class='ocr_carea' id='block_1_76' title="bbox 1986 1675 3574 1768">
    <p class='ocr_par' dir='ltr' id='par_1_76' title="bbox 1986 1675 3574 1768">
     <span class='ocr_line' id='line_1_76' title="bbox 1986 1675 3574 1768; baseline 0.016 -40"><span class='ocrx_word' id='word_1_562' title='bbox 1986 1681 2090 1736; x_wconf 69' lang='grc' dir='ltr'><strong>εει,</strong></span> <span class='ocrx_word' id='word_1_563' title='bbox 2121 1682 2178 1732; x_wconf 82' lang='lat' dir='ltr'><strong>ut</strong></span> <span class='ocrx_word' id='word_1_564' title='bbox 2206 1675 2388 1732; x_wconf 85' lang='lat' dir='ltr'><strong>divina</strong></span> <span class='ocrx_word' id='word_1_565' title='bbox 2412 1680 2510 1734; x_wconf 89' lang='lat' dir='ltr'><strong>sibi</strong></span> <span class='ocrx_word' id='word_1_566' title='bbox 2535 1687 3066 1756; x_wconf 80' lang='lat' dir='ltr'><strong>constantejustitia,</strong></span> <span class='ocrx_word' id='word_1_567' title='bbox 3095 1693 3160 1745; x_wconf 92' lang='lat' dir='ltr'><strong>ad</strong></span> <span class='ocrx_word' id='word_1_568' title='bbox 3191 1693 3425 1752; x_wconf 88' lang='lat' dir='ltr'><strong>hominis</strong></span> <span class='ocrx_word' id='word_1_569' title='bbox 3453 1715 3574 1768; x_wconf 82' lang='lat' dir='ltr'><strong>per~</strong></span> 
     </span>
    </p>
   </div>
   <div class='ocr_carea' id='block_1_77' title="bbox 1983 1763 3574 1860">
    <p class='ocr_par' dir='ltr' id='par_1_77' title="bbox 1983 1763 3574 1860">
     <span class='ocr_line' id='line_1_77' title="bbox 1983 1763 3574 1860; baseline 0.021 -44"><span class='ocrx_word' id='word_1_570' title='bbox 1983 1763 2157 1838; x_wconf 70' lang='lat' dir='ltr'><strong>,tineat</strong></span> <span class='ocrx_word' id='word_1_571' title='bbox 2209 1769 2533 1827; x_wconf 85' lang='lat' dir='ltr'><strong>voluntatem</strong></span> <span class='ocrx_word' id='word_1_572' title='bbox 2586 1777 2668 1830; x_wconf 86' lang='lat' dir='ltr'><strong>vel</strong></span> <span class='ocrx_word' id='word_1_573' title='bbox 2715 1792 2964 1849; x_wconf 88' lang='lat' dir='ltr'><strong>renuere,</strong></span> <span class='ocrx_word' id='word_1_574' title='bbox 2999 1784 3082 1837; x_wconf 89' lang='lat' dir='ltr'><strong>vel</strong></span> <span class='ocrx_word' id='word_1_575' title='bbox 3111 1786 3400 1844; x_wconf 87' lang='lat' dir='ltr'><strong>observare</strong></span> <span class='ocrx_word' id='word_1_576' title='bbox 3431 1805 3574 1860; x_wconf 70' lang='lat' dir='ltr'><strong>pras-</strong></span> 
     </span>
    </p>
   </div>
   <div class='ocr_carea' id='block_1_78' title="bbox 1681 1850 3576 1949">
    <p class='ocr_par' dir='ltr' id='par_1_78' title="bbox 1681 1850 3576 1949">
     <span class='ocr_line' id='line_1_78' title="bbox 1681 1850 3576 1949; baseline 0.019 -44"><span class='ocrx_word' id='word_1_577' title='bbox 1681 1850 1880 1928; x_wconf 8' lang='lat' dir='ltr'><strong>dec‘r‘eti</strong></span> <span class='ocrx_word' id='word_1_578' title='bbox 1910 1855 1960 1916; x_wconf 78' lang='grc' dir='ltr'><strong>Β</strong></span> <span class='ocrx_word' id='word_1_579' title='bbox 1988 1869 2167 1930; x_wconf 83' lang='lat' dir='ltr'><strong>cepta.</strong></span> <span class='ocrx_word' id='word_1_580' title='bbox 2205 1861 2336 1918; x_wconf 89' lang='lat' dir='ltr'><strong>Cum</strong></span> <span class='ocrx_word' id='word_1_581' title='bbox 2368 1881 2498 1937; x_wconf 92' lang='lat' dir='ltr'><strong>ergo</strong></span> <span class='ocrx_word' id='word_1_582' title='bbox 2523 1871 2676 1925; x_wconf 87' lang='lat' dir='ltr'><strong>audis</strong></span> <span class='ocrx_word' id='word_1_583' title='bbox 2699 1915 2713 1936; x_wconf 96' lang='lat'><strong>,</strong></span> <span class='ocrx_word' id='word_1_584' title='bbox 2744 1889 2807 1927; x_wconf 81' lang='lat' dir='ltr'><strong>ex</strong></span> <span class='ocrx_word' id='word_1_585' title='bbox 2834 1887 3046 1929; x_wconf 84' lang='lat' dir='ltr'><strong>vocante</strong></span> <span class='ocrx_word' id='word_1_586' title='bbox 3065 1870 3260 1932; x_wconf 79' lang='lat' dir='ltr'><strong>dictum</strong></span> <span class='ocrx_word' id='word_1_587' title='bbox 3305 1893 3395 1949; x_wconf 86' lang='lat' dir='ltr'><strong>est,</strong></span> <span class='ocrx_word' id='word_1_588' title='bbox 3441 1886 3576 1941; x_wconf 76' lang='lat' dir='ltr'><strong>invi-</strong></span> 
     </span>
    </p>
   </div>
   <div class='ocr_carea' id='block_1_79' title="bbox 1989 1954 3574 2034">
    <p class='ocr_par' dir='ltr' id='par_1_79' title="bbox 1989 1954 3574 2034">
     <span class='ocr_line' id='line_1_79' title="bbox 1989 1954 3574 2034; baseline 0.02 -32"><span class='ocrx_word' id='word_1_589' title='bbox 1989 1959 2188 2012; x_wconf 79' lang='lat' dir='ltr'><strong>tantem</strong></span> <span class='ocrx_word' id='word_1_590' title='bbox 2221 1954 2489 2026; x_wconf 86' lang='lat' dir='ltr'><strong>intellige,</strong></span> <span class='ocrx_word' id='word_1_591' title='bbox 2529 1975 2635 2015; x_wconf 90' lang='lat' dir='ltr'><strong>non</strong></span> <span class='ocrx_word' id='word_1_592' title='bbox 2668 1974 2971 2032; x_wconf 81' lang='lat' dir='ltr'><strong>cogentem.</strong></span> <span class='ocrx_word' id='word_1_593' title='bbox 3003 1970 3135 2024; x_wconf 87' lang='lat' dir='ltr'><strong>Item</strong></span> <span class='ocrx_word' id='word_1_594' title='bbox 3163 1971 3288 2026; x_wconf 92' lang='lat' dir='ltr'><strong>dum</strong></span> <span class='ocrx_word' id='word_1_595' title='bbox 3313 1975 3442 2031; x_wconf 91' lang='lat' dir='ltr'><strong>dicit</strong></span> <span class='ocrx_word' id='word_1_596' title='bbox 3470 1995 3574 2034; x_wconf 87' lang='lat' dir='ltr'><strong>non</strong></span> 
     </span>
    </p>
   </div>
   <div class='ocr_carea' id='block_1_80' title="bbox 1987 2044 3571 2138">
    <p class='ocr_par' dir='ltr' id='par_1_80' title="bbox 1987 2044 3571 2138">
     <span class='ocr_line' id='line_1_80' title="bbox 1987 2044 3571 2138; baseline 0.021 -46"><span class='ocrx_word' id='word_1_597' title='bbox 1987 2058 2051 2104; x_wconf 72' lang='lat' dir='ltr'><strong>ex</strong></span> <span class='ocrx_word' id='word_1_598' title='bbox 2082 2044 2347 2112; x_wconf 84' lang='lat' dir='ltr'><strong>aperibus,</strong></span> <span class='ocrx_word' id='word_1_599' title='bbox 2392 2054 2586 2106; x_wconf 86' lang='lat' dir='ltr'><strong>asserit</strong></span> <span class='ocrx_word' id='word_1_600' title='bbox 2630 2054 2770 2109; x_wconf 86' lang='lat' dir='ltr'><strong>circa</strong></span> <span class='ocrx_word' id='word_1_601' title='bbox 2802 2071 2895 2112; x_wconf 88' lang='lat' dir='ltr'><strong>eos</strong></span> <span class='ocrx_word' id='word_1_602' title='bbox 2926 2076 3030 2114; x_wconf 90' lang='lat' dir='ltr'><strong>non</strong></span> <span class='ocrx_word' id='word_1_603' title='bbox 3065 2063 3195 2132; x_wconf 85' lang='lat' dir='ltr'><strong>legis</strong></span> <span class='ocrx_word' id='word_1_604' title='bbox 3223 2081 3385 2135; x_wconf 84' lang='lat' dir='ltr'><strong>opera</strong></span> <span class='ocrx_word' id='word_1_605' title='bbox 3408 2111 3420 2134; x_wconf 87' lang='lat'><strong>,</strong></span> <span class='ocrx_word' id='word_1_606' title='bbox 3455 2087 3571 2138; x_wconf 68' lang='lat' dir='ltr'><strong>quae</strong></span> 
     </span>
    </p>
   </div>
   <div class='ocr_carea' id='block_1_81' title="bbox 1987 2135 3571 2229">
    <p class='ocr_par' dir='ltr' id='par_1_81' title="bbox 1987 2135 3571 2229">
     <span class='ocr_line' id='line_1_81' title="bbox 1987 2135 3571 2229; baseline 0.02 -43"><span class='ocrx_word' id='word_1_607' title='bbox 1987 2135 2172 2200; x_wconf 80' lang='lat' dir='ltr'><strong>utique</strong></span> <span class='ocrx_word' id='word_1_608' title='bbox 2203 2141 2437 2193; x_wconf 91' lang='lat' dir='ltr'><strong>nondum</strong></span> <span class='ocrx_word' id='word_1_609' title='bbox 2465 2141 2791 2211; x_wconf 82' lang='lat' dir='ltr'><strong>advenerat,</strong></span> <span class='ocrx_word' id='word_1_610' title='bbox 2815 2151 2908 2203; x_wconf 89' lang='lat' dir='ltr'><strong>sed</strong></span> <span class='ocrx_word' id='word_1_611' title='bbox 2949 2155 3108 2207; x_wconf 88' lang='lat' dir='ltr'><strong>etiam</strong></span> <span class='ocrx_word' id='word_1_612' title='bbox 3135 2166 3258 2211; x_wconf 90' lang='lat' dir='ltr'><strong>ante</strong></span> <span class='ocrx_word' id='word_1_613' title='bbox 3293 2135 3571 2229; x_wconf 34' lang='lat' dir='ltr'><strong>legem—di-</strong></span> 
     </span>
    </p>
   </div>
   <div class='ocr_carea' id='block_1_82' title="bbox 1988 2226 3569 2320">
    <p class='ocr_par' dir='ltr' id='par_1_82' title="bbox 1988 2226 3569 2320">
     <span class='ocr_line' id='line_1_82' title="bbox 1988 2226 3569 2320; baseline 0.019 -42"><span class='ocrx_word' id='word_1_614' title='bbox 1988 2226 2124 2282; x_wconf 69' lang='lat' dir='ltr'><strong>vina:</strong></span> <span class='ocrx_word' id='word_1_615' title='bbox 2169 2229 2558 2300; x_wconf 77' lang='lat' dir='ltr'><strong>misericordia:</strong></span> <span class='ocrx_word' id='word_1_616' title='bbox 2602 2248 2664 2290; x_wconf 87' lang='lat' dir='ltr'><strong>ac</strong></span> <span class='ocrx_word' id='word_1_617' title='bbox 2705 2241 3083 2296; x_wconf 72' lang='lat' dir='ltr'><strong>muniﬁcentim</strong></span> <span class='ocrx_word' id='word_1_618' title='bbox 3122 2247 3261 2300; x_wconf 88' lang='lat' dir='ltr'><strong>dona</strong></span> <span class='ocrx_word' id='word_1_619' title='bbox 3317 2249 3569 2320; x_wconf 75' lang='lat' dir='ltr'><strong>viguisse.</strong></span> 
     </span>
    </p>
   </div>
   <div class='ocr_carea' id='block_1_83' title="bbox 1989 2315 3566 2411">
    <p class='ocr_par' dir='ltr' id='par_1_83' title="bbox 1989 2315 3566 2411">
     <span class='ocr_line' id='line_1_83' title="bbox 1989 2315 3566 2411; baseline 0.02 -44"><span class='ocrx_word' id='word_1_620' title='bbox 1989 2315 2114 2369; x_wconf 81' lang='lat' dir='ltr'><strong>Non</strong></span> <span class='ocrx_word' id='word_1_621' title='bbox 2147 2333 2205 2372; x_wconf 82' lang='lat' dir='ltr'><strong>ex</strong></span> <span class='ocrx_word' id='word_1_622' title='bbox 2235 2322 2494 2388; x_wconf 85' lang='lat' dir='ltr'><strong>operibus,</strong></span> <span class='ocrx_word' id='word_1_623' title='bbox 2527 2325 2714 2394; x_wconf 90' lang='lat' dir='ltr'><strong>inquit.</strong></span> <span class='ocrx_word' id='word_1_624' title='bbox 2749 2331 2916 2384; x_wconf 84' lang='lat' dir='ltr'><strong>Audis</strong></span> <span class='ocrx_word' id='word_1_625' title='bbox 2944 2333 3074 2402; x_wconf 90' lang='lat' dir='ltr'><strong>legis</strong></span> <span class='ocrx_word' id='word_1_626' title='bbox 3113 2351 3276 2404; x_wconf 88' lang='lat' dir='ltr'><strong>opera</strong></span> <span class='ocrx_word' id='word_1_627' title='bbox 3323 2315 3523 2397; x_wconf 78' lang='lat' dir='ltr'><strong>destrui</strong></span> <span class='ocrx_word' id='word_1_628' title='bbox 3552 2387 3566 2411; x_wconf 98' lang='lat'><strong>,</strong></span> 
     </span>
    </p>
   </div>
   <div class='ocr_carea' id='block_1_84' title="bbox 1990 2416 3567 2506">
    <p class='ocr_par' dir='ltr' id='par_1_84' title="bbox 1990 2416 3567 2506">
     <span class='ocr_line' id='line_1_84' title="bbox 1990 2416 3567 2506; baseline 0.022 -49"><span class='ocrx_word' id='word_1_629' title='bbox 1990 2416 2044 2472; x_wconf 77' lang='lat' dir='ltr'><strong>et</strong></span> <span class='ocrx_word' id='word_1_630' title='bbox 2073 2416 2128 2460; x_wconf 91' lang='lat' dir='ltr'><strong>tu</strong></span> <span class='ocrx_word' id='word_1_631' title='bbox 2159 2421 2441 2479; x_wconf 86' lang='lat' dir='ltr'><strong>propterea</strong></span> <span class='ocrx_word' id='word_1_632' title='bbox 2478 2416 2660 2484; x_wconf 90' lang='lat' dir='ltr'><strong>inepto</strong></span> <span class='ocrx_word' id='word_1_633' title='bbox 2690 2432 2850 2474; x_wconf 89' lang='lat' dir='ltr'><strong>sensu</strong></span> <span class='ocrx_word' id='word_1_634' title='bbox 2897 2424 3058 2478; x_wconf 88' lang='lat' dir='ltr'><strong>etiam</strong></span> <span class='ocrx_word' id='word_1_635' title='bbox 3099 2417 3214 2481; x_wconf 27' lang='lat' dir='ltr'><strong>sub.</strong></span> <span class='ocrx_word' id='word_1_636' title='bbox 3241 2433 3423 2498; x_wconf 76' lang='lat' dir='ltr'><strong>gratia:</strong></span> <span class='ocrx_word' id='word_1_637' title='bbox 3452 2435 3567 2506; x_wconf 83' lang='lat' dir='ltr'><strong>lege</strong></span> 
     </span>
    </p>
   </div>
   <div class='ocr_carea' id='block_1_85' title="bbox 1988 2500 3568 2593">
    <p class='ocr_par' dir='ltr' id='par_1_85' title="bbox 1988 2500 3568 2593">
     <span class='ocr_line' id='line_1_85' title="bbox 1988 2500 3568 2593; baseline 0.02 -41"><span class='ocrx_word' id='word_1_638' title='bbox 1988 2500 2250 2569; x_wconf 88' lang='lat' dir='ltr'><strong>viventes,</strong></span> <span class='ocrx_word' id='word_1_639' title='bbox 2283 2505 2416 2560; x_wconf 87' lang='lat' dir='ltr'><strong>alios</strong></span> <span class='ocrx_word' id='word_1_640' title='bbox 2442 2507 2559 2562; x_wconf 88' lang='lat' dir='ltr'><strong>sine</strong></span> <span class='ocrx_word' id='word_1_641' title='bbox 2584 2512 2837 2578; x_wconf 87' lang='lat' dir='ltr'><strong>operibus</strong></span> <span class='ocrx_word' id='word_1_642' title='bbox 2864 2518 3049 2583; x_wconf 76' lang='lat' dir='ltr'><strong>gratire</strong></span> <span class='ocrx_word' id='word_1_643' title='bbox 3078 2520 3254 2575; x_wconf 91' lang='lat' dir='ltr'><strong>credis</strong></span> <span class='ocrx_word' id='word_1_644' title='bbox 3281 2539 3437 2593; x_wconf 88' lang='lat' dir='ltr'><strong>posse</strong></span> <span class='ocrx_word' id='word_1_645' title='bbox 3463 2529 3568 2583; x_wconf 83' lang='lat' dir='ltr'><strong>sal-</strong></span> 
     </span>
    </p>
   </div>
   <div class='ocr_carea' id='block_1_86' title="bbox 1935 2592 3566 2678">
    <p class='ocr_par' dir='ltr' id='par_1_86' title="bbox 1935 2592 3566 2678">
     <span class='ocr_line' id='line_1_86' title="bbox 1935 2592 3566 2678; baseline 0.021 -37"><span class='ocrx_word' id='word_1_646' title='bbox 1935 2663 1938 2665; x_wconf 7' lang='lat'><strong>,</strong></span> <span class='ocrx_word' id='word_1_647' title='bbox 1986 2592 2133 2655; x_wconf 88' lang='lat' dir='ltr'><strong>.vari,</strong></span> <span class='ocrx_word' id='word_1_648' title='bbox 2174 2595 2309 2652; x_wconf 87' lang='lat' dir='ltr'><strong>alios</strong></span> <span class='ocrx_word' id='word_1_649' title='bbox 2339 2597 2498 2652; x_wconf 89' lang='lat' dir='ltr'><strong>etiam</strong></span> <span class='ocrx_word' id='word_1_650' title='bbox 2527 2615 2645 2654; x_wconf 91' lang='lat' dir='ltr'><strong>cum</strong></span> <span class='ocrx_word' id='word_1_651' title='bbox 2679 2604 2930 2673; x_wconf 88' lang='lat' dir='ltr'><strong>operibus</strong></span> <span class='ocrx_word' id='word_1_652' title='bbox 2973 2592 3294 2677; x_wconf 86' lang='lat' dir='ltr'><strong>prohibente</strong></span> <span class='ocrx_word' id='word_1_653' title='bbox 3343 2623 3566 2678; x_wconf 89' lang='lat' dir='ltr'><strong>naturali</strong></span> 
     </span>
    </p>
   </div>
   <div class='ocr_carea' id='block_1_87' title="bbox 1989 2687 3562 2784">
    <p class='ocr_par' dir='ltr' id='par_1_87' title="bbox 1989 2687 3562 2784">
     <span class='ocr_line' id='line_1_87' title="bbox 1989 2687 3562 2784; baseline 0.021 -50"><span class='ocrx_word' id='word_1_654' title='bbox 1989 2696 2127 2754; x_wconf 81' lang='lat' dir='ltr'><strong>nexu</strong></span> <span class='ocrx_word' id='word_1_655' title='bbox 2153 2695 2206 2746; x_wconf 87' lang='lat' dir='ltr'><strong>et</strong></span> <span class='ocrx_word' id='word_1_656' title='bbox 2229 2687 2348 2757; x_wconf 89' lang='lat' dir='ltr'><strong>lege</strong></span> <span class='ocrx_word' id='word_1_657' title='bbox 2370 2691 2513 2746; x_wconf 81' lang='lat' dir='ltr'><strong>fatali</strong></span> <span class='ocrx_word' id='word_1_658' title='bbox 2531 2693 2693 2760; x_wconf 89' lang='lat' dir='ltr'><strong>janua</strong></span> <span class='ocrx_word' id='word_1_659' title='bbox 2715 2698 2901 2754; x_wconf 86' lang='lat' dir='ltr'><strong>salutis</strong></span> <span class='ocrx_word' id='word_1_660' title='bbox 2923 2703 3181 2759; x_wconf 80' lang='lat' dir='ltr'><strong>excludis.</strong></span> <span class='ocrx_word' id='word_1_661' title='bbox 3206 2707 3367 2762; x_wconf 74' lang='lat' dir='ltr'><strong>Jacob</strong></span> <span class='ocrx_word' id='word_1_662' title='bbox 3388 2712 3562 2784; x_wconf 81' lang='lat' dir='ltr'><strong>dilexi,</strong></span> 
     </span>
    </p>
   </div>
   <div class='ocr_carea' id='block_1_88' title="bbox 1989 2773 3565 2868">
    <p class='ocr_par' dir='ltr' id='par_1_88' title="bbox 1989 2773 3565 2868">
     <span class='ocr_line' id='line_1_88' title="bbox 1989 2773 3565 2868; baseline 0.023 -41"><span class='ocrx_word' id='word_1_663' title='bbox 1989 2773 2132 2838; x_wconf 78' lang='lat' dir='ltr'><strong>Esau</strong></span> <span class='ocrx_word' id='word_1_664' title='bbox 2154 2779 2270 2836; x_wconf 86' lang='lat' dir='ltr'><strong>odio</strong></span> <span class='ocrx_word' id='word_1_665' title='bbox 2299 2780 2475 2836; x_wconf 80' lang='lat' dir='ltr'><strong>habui.</strong></span> <span class='ocrx_word' id='word_1_666' title='bbox 2501 2785 2782 2851; x_wconf 89' lang='lat' dir='ltr'><strong>Quomodo</strong></span> <span class='ocrx_word' id='word_1_667' title='bbox 2807 2793 2893 2848; x_wconf 91' lang='lat' dir='ltr'><strong>hic</strong></span> <span class='ocrx_word' id='word_1_668' title='bbox 2921 2797 3065 2862; x_wconf 79' lang='lat' dir='ltr'><strong>juxta</strong></span> <span class='ocrx_word' id='word_1_669' title='bbox 3093 2803 3240 2868; x_wconf 89' lang='lat' dir='ltr'><strong>pravi</strong></span> <span class='ocrx_word' id='word_1_670' title='bbox 3269 2817 3458 2860; x_wconf 86' lang='lat' dir='ltr'><strong>sensus</strong></span> <span class='ocrx_word' id='word_1_671' title='bbox 3485 2809 3565 2863; x_wconf 89' lang='lat' dir='ltr'><strong>in-</strong></span> 
     </span>
    </p>
   </div>
   <div class='ocr_carea' id='block_1_89' title="bbox 1989 2876 3563 2956">
    <p class='ocr_par' dir='ltr' id='par_1_89' title="bbox 1989 2876 3563 2956">
     <span class='ocr_line' id='line_1_89' title="bbox 1989 2876 3563 2956; baseline 0.022 -35"><span class='ocrx_word' id='word_1_672' title='bbox 1989 2876 2277 2938; x_wconf 88' lang='lat' dir='ltr'><strong>terpretem</strong></span> <span class='ocrx_word' id='word_1_673' title='bbox 2334 2878 2473 2929; x_wconf 85' lang='lat' dir='ltr'><strong>circa</strong></span> <span class='ocrx_word' id='word_1_674' title='bbox 2518 2882 2752 2944; x_wconf 83' lang='lat' dir='ltr'><strong>nondum</strong></span> <span class='ocrx_word' id='word_1_675' title='bbox 2802 2896 2952 2940; x_wconf 78' lang='lat' dir='ltr'><strong>natos</strong></span> <span class='ocrx_word' id='word_1_676' title='bbox 3009 2881 3292 2948; x_wconf 22' lang='lat' dir='ltr'><strong>sententia.</strong></span> <span class='ocrx_word' id='word_1_677' title='bbox 3327 2901 3563 2956; x_wconf 69' lang='lat' dir='ltr'><strong>caelestis</strong></span> 
     </span>
    </p>
   </div>
   <div class='ocr_carea' id='block_1_90' title="bbox 1987 2963 3562 3064">
    <p class='ocr_par' dir='ltr' id='par_1_90' title="bbox 1987 2963 3562 3064">
     <span class='ocr_line' id='line_1_90' title="bbox 1987 2963 3562 3064; baseline 0.024 -49"><span class='ocrx_word' id='word_1_678' title='bbox 1987 2963 2260 3020; x_wconf 81' lang='lat' dir='ltr'><strong>exeritur?</strong></span> <span class='ocrx_word' id='word_1_679' title='bbox 2284 2966 2394 3038; x_wconf 67' lang='lat' dir='ltr'><strong>Nec</strong></span> <span class='ocrx_word' id='word_1_680' title='bbox 2419 2986 2542 3026; x_wconf 90' lang='lat' dir='ltr'><strong>reus</strong></span> <span class='ocrx_word' id='word_1_681' title='bbox 2565 2976 2709 3028; x_wconf 90' lang='lat' dir='ltr'><strong>enim</strong></span> <span class='ocrx_word' id='word_1_682' title='bbox 2734 2992 2853 3034; x_wconf 87' lang='lat' dir='ltr'><strong>esse</strong></span> <span class='ocrx_word' id='word_1_683' title='bbox 2873 2994 3046 3049; x_wconf 89' lang='lat' dir='ltr'><strong>potest</strong></span> <span class='ocrx_word' id='word_1_684' title='bbox 3071 2989 3304 3045; x_wconf 88' lang='lat' dir='ltr'><strong>nondum</strong></span> <span class='ocrx_word' id='word_1_685' title='bbox 3330 2996 3562 3064; x_wconf 67' lang='lat' dir='ltr'><strong>genitus,</strong></span> 
     </span>
    </p>
   </div>
   <div class='ocr_carea' id='block_1_91' title="bbox 1987 3056 3562 3154">
    <p class='ocr_par' dir='ltr' id='par_1_91' title="bbox 1987 3056 3562 3154">
     <span class='ocr_line' id='line_1_91' title="bbox 1987 3056 3562 3154; baseline 0.023 -46"><span class='ocrx_word' id='word_1_686' title='bbox 1987 3069 2088 3110; x_wconf 89' lang='lat' dir='ltr'><strong>nec</strong></span> <span class='ocrx_word' id='word_1_687' title='bbox 2108 3056 2335 3116; x_wconf 87' lang='lat' dir='ltr'><strong>dilectus</strong></span> <span class='ocrx_word' id='word_1_688' title='bbox 2364 3077 2378 3114; x_wconf 86' lang='lat'><strong>:</strong></span> <span class='ocrx_word' id='word_1_689' title='bbox 2411 3063 2541 3118; x_wconf 89' lang='lat' dir='ltr'><strong>nihil</strong></span> <span class='ocrx_word' id='word_1_690' title='bbox 2575 3067 2717 3120; x_wconf 90' lang='lat' dir='ltr'><strong>enim</strong></span> <span class='ocrx_word' id='word_1_691' title='bbox 2746 3082 2981 3128; x_wconf 91' lang='lat' dir='ltr'><strong>meretur</strong></span> <span class='ocrx_word' id='word_1_692' title='bbox 3011 3077 3243 3135; x_wconf 67' lang='lat' dir='ltr'><strong>nondu‘m</strong></span> <span class='ocrx_word' id='word_1_693' title='bbox 3274 3056 3562 3154; x_wconf 74' lang='lat' dir='ltr'><strong>productus</strong></span> 
     </span>
    </p>
   </div>
   <div class='ocr_carea' id='block_1_92' title="bbox 1987 3145 3562 3238">
    <p class='ocr_par' dir='ltr' id='par_1_92' title="bbox 1987 3145 3562 3238">
     <span class='ocr_line' id='line_1_92' title="bbox 1987 3145 3562 3238; baseline 0.025 -39"><span class='ocrx_word' id='word_1_694' title='bbox 1987 3145 2042 3214; x_wconf 75' lang='lat' dir='ltr'><strong>in</strong></span> <span class='ocrx_word' id='word_1_695' title='bbox 2075 3147 2280 3215; x_wconf 85' lang='lat' dir='ltr'><strong>lucem;</strong></span> <span class='ocrx_word' id='word_1_696' title='bbox 2321 3153 2415 3208; x_wconf 88' lang='lat' dir='ltr'><strong>sed</strong></span> <span class='ocrx_word' id='word_1_697' title='bbox 2447 3157 2586 3221; x_wconf 83' lang='lat' dir='ltr'><strong>sicut</strong></span> <span class='ocrx_word' id='word_1_698' title='bbox 2620 3159 2671 3212; x_wconf 93' lang='lat' dir='ltr'><strong>in</strong></span> <span class='ocrx_word' id='word_1_699' title='bbox 2716 3160 2952 3218; x_wconf 81' lang='lat' dir='ltr'><strong>futurum</strong></span> <span class='ocrx_word' id='word_1_700' title='bbox 2995 3170 3168 3227; x_wconf 87' lang='lat' dir='ltr'><strong>adhuc</strong></span> <span class='ocrx_word' id='word_1_701' title='bbox 3214 3145 3329 3230; x_wconf 73' lang='lat' dir='ltr'><strong>erat</strong></span> <span class='ocrx_word' id='word_1_702' title='bbox 3375 3194 3562 3238; x_wconf 90' lang='lat' dir='ltr'><strong>eorum</strong></span> 
     </span>
    </p>
   </div>
   <div class='ocr_carea' id='block_1_93' title="bbox 1982 3243 3555 3341">
    <p class='ocr_par' dir='ltr' id='par_1_93' title="bbox 1982 3243 3555 3341">
     <span class='ocr_line' id='line_1_93' title="bbox 1982 3243 3555 3341; baseline 0.025 -51"><span class='ocrx_word' id='word_1_703' title='bbox 1982 3243 2215 3310; x_wconf 74' lang='lat' dir='ltr'><strong>reposita</strong></span> <span class='ocrx_word' id='word_1_704' title='bbox 2247 3248 2615 3316; x_wconf 80' lang='lat' dir='ltr'><strong>conversatio,</strong></span> <span class='ocrx_word' id='word_1_705' title='bbox 2637 3250 2710 3305; x_wconf 88' lang='lat' dir='ltr'><strong>ita</strong></span> <span class='ocrx_word' id='word_1_706' title='bbox 2740 3252 2913 3310; x_wconf 73' lang='lat' dir='ltr'><strong>futui-tt</strong></span> <span class='ocrx_word' id='word_1_707' title='bbox 2941 3263 3274 3327; x_wconf 63' lang='lat' dir='ltr'><strong>prmscietitis</strong></span> <span class='ocrx_word' id='word_1_708' title='bbox 3311 3270 3555 3341; x_wconf 74' lang='lat' dir='ltr'><strong>oﬂensio,</strong></span> 
     </span>
    </p>
   </div>
   <div class='ocr_carea' id='block_1_94' title="bbox 1983 3329 3561 3428">
    <p class='ocr_par' dir='ltr' id='par_1_94' title="bbox 1983 3329 3561 3428">
     <span class='ocr_line' id='line_1_94' title="bbox 1983 3329 3561 3428; baseline 0.025 -44"><span class='ocrx_word' id='word_1_709' title='bbox 1983 3329 2159 3386; x_wconf 75' lang='lat' dir='ltr'><strong>futura</strong></span> <span class='ocrx_word' id='word_1_710' title='bbox 2191 3340 2580 3402; x_wconf 75' lang='lat' dir='ltr'><strong>prmnuntiatnr</strong></span> <span class='ocrx_word' id='word_1_711' title='bbox 2609 3344 2820 3400; x_wconf 90' lang='lat' dir='ltr'><strong>electio.</strong></span> <span class='ocrx_word' id='word_1_712' title='bbox 2864 3349 2994 3405; x_wconf 87' lang='lat' dir='ltr'><strong>Natu</strong></span> <span class='ocrx_word' id='word_1_713' title='bbox 3027 3353 3204 3412; x_wconf 89' lang='lat' dir='ltr'><strong>divina</strong></span> <span class='ocrx_word' id='word_1_714' title='bbox 3233 3329 3561 3428; x_wconf 72' lang='lat' dir='ltr'><strong>providentia</strong></span> 
     </span>
    </p>
   </div>
   <div class='ocr_carea' id='block_1_95' title="bbox 1985 3425 3562 3519">
    <p class='ocr_par' dir='ltr' id='par_1_95' title="bbox 1985 3425 3562 3519">
     <span class='ocr_line' id='line_1_95' title="bbox 1985 3425 3562 3519; baseline 0.027 -47"><span class='ocrx_word' id='word_1_715' title='bbox 1985 3425 2123 3496; x_wconf 68' lang='lat' dir='ltr'><strong>sicut</strong></span> <span class='ocrx_word' id='word_1_716' title='bbox 2153 3425 2300 3484; x_wconf 82' lang='lat' dir='ltr'><strong>novit</strong></span> <span class='ocrx_word' id='word_1_717' title='bbox 2318 3428 2558 3495; x_wconf 77' lang='lat' dir='ltr'><strong>judicare</strong></span> <span class='ocrx_word' id='word_1_718' title='bbox 2579 3433 2647 3488; x_wconf 91' lang='lat' dir='ltr'><strong>de</strong></span> <span class='ocrx_word' id='word_1_719' title='bbox 2668 3439 2855 3505; x_wconf 81' lang='lat' dir='ltr'><strong>gestis,</strong></span> <span class='ocrx_word' id='word_1_720' title='bbox 2887 3441 2958 3495; x_wconf 84' lang='lat' dir='ltr'><strong>ita</strong></span> <span class='ocrx_word' id='word_1_721' title='bbox 2980 3444 3154 3501; x_wconf 87' lang='lat' dir='ltr'><strong>adhuc</strong></span> <span class='ocrx_word' id='word_1_722' title='bbox 3184 3425 3431 3519; x_wconf 81' lang='lat' dir='ltr'><strong>gerendis</strong></span> <span class='ocrx_word' id='word_1_723' title='bbox 3462 3461 3562 3515; x_wconf 88' lang='lat' dir='ltr'><strong>scit</strong></span> 
     </span>
    </p>
   </div>
   <div class='ocr_carea' id='block_1_96' title="bbox 1983 3514 3561 3605">
    <p class='ocr_par' dir='ltr' id='par_1_96' title="bbox 1983 3514 3561 3605">
     <span class='ocr_line' id='line_1_96' title="bbox 1983 3514 3561 3605; baseline 0.026 -40"><span class='ocrx_word' id='word_1_724' title='bbox 1983 3514 2356 3586; x_wconf 82' lang='lat' dir='ltr'><strong>pracjudicare.</strong></span> <span class='ocrx_word' id='word_1_725' title='bbox 2386 3519 2555 3577; x_wconf 81' lang='lat' dir='ltr'><strong>Nemo</strong></span> <span class='ocrx_word' id='word_1_726' title='bbox 2590 3525 2770 3595; x_wconf 88' lang='lat' dir='ltr'><strong>itaque</strong></span> <span class='ocrx_word' id='word_1_727' title='bbox 2791 3533 2940 3598; x_wconf 87' lang='lat' dir='ltr'><strong>putet</strong></span> <span class='ocrx_word' id='word_1_728' title='bbox 2969 3531 3109 3604; x_wconf 76' lang='lat' dir='ltr'><strong>quod</strong></span> <span class='ocrx_word' id='word_1_729' title='bbox 3136 3514 3392 3601; x_wconf 75' lang='lat' dir='ltr'><strong>fratribus</strong></span> <span class='ocrx_word' id='word_1_730' title='bbox 3427 3514 3561 3605; x_wconf 32' lang='lat' dir='ltr'><strong>non;</strong></span> 
     </span>
    </p>
   </div>
   <div class='ocr_carea' id='block_1_97' title="bbox 1983 3605 3560 3699">
    <p class='ocr_par' dir='ltr' id='par_1_97' title="bbox 1983 3605 3560 3699">
     <span class='ocr_line' id='line_1_97' title="bbox 1983 3605 3560 3699; baseline 0.025 -39"><span class='ocrx_word' id='word_1_731' title='bbox 1983 3605 2109 3670; x_wconf 84' lang='lat' dir='ltr'><strong>dum</strong></span> <span class='ocrx_word' id='word_1_732' title='bbox 2142 3609 2278 3670; x_wconf 85' lang='lat' dir='ltr'><strong>natis</strong></span> <span class='ocrx_word' id='word_1_733' title='bbox 2307 3611 2638 3670; x_wconf 86' lang='lat' dir='ltr'><strong>diversorum</strong></span> <span class='ocrx_word' id='word_1_734' title='bbox 2669 3622 2959 3679; x_wconf 79' lang='lat' dir='ltr'><strong>necessitas</strong></span> <span class='ocrx_word' id='word_1_735' title='bbox 2987 3631 3057 3681; x_wconf 91' lang='lat' dir='ltr'><strong>sit</strong></span> <span class='ocrx_word' id='word_1_736' title='bbox 3086 3635 3305 3699; x_wconf 65' lang='lat' dir='ltr'><strong>praefixa</strong></span> <span class='ocrx_word' id='word_1_737' title='bbox 3343 3645 3560 3698; x_wconf 89' lang='lat' dir='ltr'><strong>merito-</strong></span> 
     </span>
    </p>
   </div>
   <div class='ocr_carea' id='block_1_98' title="bbox 1981 3704 3559 3793">
    <p class='ocr_par' dir='ltr' id='par_1_98' title="bbox 1981 3704 3559 3793">
     <span class='ocr_line' id='line_1_98' title="bbox 1981 3704 3559 3793; baseline 0.026 -41"><span class='ocrx_word' id='word_1_738' title='bbox 1981 3715 2123 3768; x_wconf 67' lang='lat' dir='ltr'><strong>rum,</strong></span> <span class='ocrx_word' id='word_1_739' title='bbox 2152 3715 2272 3770; x_wconf 80' lang='lat' dir='ltr'><strong>eum</strong></span> <span class='ocrx_word' id='word_1_740' title='bbox 2305 3704 2406 3759; x_wconf 87' lang='lat' dir='ltr'><strong>hoc</strong></span> <span class='ocrx_word' id='word_1_741' title='bbox 2449 3719 2569 3775; x_wconf 90' lang='lat' dir='ltr'><strong>post</strong></span> <span class='ocrx_word' id='word_1_742' title='bbox 2597 3713 2919 3769; x_wconf 73' lang='lat' dir='ltr'><strong>transactam</strong></span> <span class='ocrx_word' id='word_1_743' title='bbox 2955 3720 3073 3775; x_wconf 67' lang='lat' dir='ltr'><strong>vitae</strong></span> <span class='ocrx_word' id='word_1_744' title='bbox 3101 3726 3346 3784; x_wconf 87' lang='lat' dir='ltr'><strong>militiam</strong></span> <span class='ocrx_word' id='word_1_745' title='bbox 3373 3733 3440 3788; x_wconf 92' lang='lat' dir='ltr'><strong>de</strong></span> <span class='ocrx_word' id='word_1_746' title='bbox 3480 3737 3559 3793; x_wconf 88' lang='lat' dir='ltr'><strong>eis</strong></span> 
     </span>
    </p>
   </div>
   <div class='ocr_carea' id='block_1_99' title="bbox 1981 3788 3558 3888">
    <p class='ocr_par' dir='ltr' id='par_1_99' title="bbox 1981 3788 3558 3888">
     <span class='ocr_line' id='line_1_99' title="bbox 1981 3788 3558 3888; baseline 0.027 -49"><span class='ocrx_word' id='word_1_747' title='bbox 1981 3788 2270 3854; x_wconf 74' lang='lat' dir='ltr'><strong>Malachias</strong></span> <span class='ocrx_word' id='word_1_748' title='bbox 2317 3802 2570 3873; x_wconf 83' lang='lat' dir='ltr'><strong>propheta</strong></span> <span class='ocrx_word' id='word_1_749' title='bbox 2597 3814 3013 3872; x_wconf 78' lang='lat' dir='ltr'><strong>commemoret;</strong></span> <span class='ocrx_word' id='word_1_750' title='bbox 3063 3822 3116 3866; x_wconf 89' lang='lat' dir='ltr'><strong>et</strong></span> <span class='ocrx_word' id='word_1_751' title='bbox 3164 3815 3232 3871; x_wconf 90' lang='lat' dir='ltr'><strong>de</strong></span> <span class='ocrx_word' id='word_1_752' title='bbox 3289 3788 3558 3888; x_wconf 63' lang='lat' dir='ltr'><strong>praeterito</strong></span> 
     </span>
    </p>
   </div>
   <div class='ocr_carea' id='block_1_100' title="bbox 1981 3887 3558 3980">
    <p class='ocr_par' dir='ltr' id='par_1_100' title="bbox 1981 3887 3558 3980">
     <span class='ocr_line' id='line_1_100' title="bbox 1981 3887 3558 3980; baseline 0.026 -50"><span class='ocrx_word' id='word_1_753' title='bbox 1981 3895 2170 3958; x_wconf 75' lang='lat' dir='ltr'><strong>eorum</strong></span> <span class='ocrx_word' id='word_1_754' title='bbox 2229 3891 2370 3948; x_wconf 76' lang='lat' dir='ltr'><strong>statu</strong></span> <span class='ocrx_word' id='word_1_755' title='bbox 2409 3887 2644 3962; x_wconf 85' lang='lat' dir='ltr'><strong>divinum</strong></span> <span class='ocrx_word' id='word_1_756' title='bbox 2688 3893 2921 3960; x_wconf 79' lang='lat' dir='ltr'><strong>proterat</strong></span> <span class='ocrx_word' id='word_1_757' title='bbox 2977 3902 3253 3959; x_wconf 78' lang='lat' dir='ltr'><strong>manifesta</strong></span> <span class='ocrx_word' id='word_1_758' title='bbox 3291 3887 3558 3980; x_wconf 63' lang='lat' dir='ltr'><strong>aequitate</strong></span> 
     </span>
    </p>
   </div>
   <div class='ocr_carea' id='block_1_101' title="bbox 1977 3973 3556 4073">
    <p class='ocr_par' dir='ltr' id='par_1_101' title="bbox 1977 3973 3556 4073">
     <span class='ocr_line' id='line_1_101' title="bbox 1977 3973 3556 4073; baseline 0.025 -49"><span class='ocrx_word' id='word_1_759' title='bbox 1977 3973 2254 4042; x_wconf 71' lang='lat' dir='ltr'><strong>judicium.</strong></span> <span class='ocrx_word' id='word_1_760' title='bbox 2279 3976 2442 4038; x_wconf 72' lang='lat' dir='ltr'><strong>lacob</strong></span> <span class='ocrx_word' id='word_1_761' title='bbox 2471 3979 2658 4047; x_wconf 83' lang='lat' dir='ltr'><strong>dilexi,</strong></span> <span class='ocrx_word' id='word_1_762' title='bbox 2691 3982 2834 4039; x_wconf 86' lang='lat' dir='ltr'><strong>Esau</strong></span> <span class='ocrx_word' id='word_1_763' title='bbox 2855 4001 3024 4044; x_wconf 89' lang='lat' dir='ltr'><strong>autem</strong></span> <span class='ocrx_word' id='word_1_764' title='bbox 3055 3997 3172 4050; x_wconf 88' lang='lat' dir='ltr'><strong>odio</strong></span> <span class='ocrx_word' id='word_1_765' title='bbox 3198 3973 3385 4057; x_wconf 44' lang='lat' dir='ltr'><strong>habui:</strong></span> <span class='ocrx_word' id='word_1_766' title='bbox 3417 4009 3556 4073; x_wconf 88' lang='lat' dir='ltr'><strong>Quid</strong></span> 
     </span>
    </p>
   </div>
   <div class='ocr_carea' id='block_1_102' title="bbox 1982 4065 3556 4169">
    <p class='ocr_par' dir='ltr' id='par_1_102' title="bbox 1982 4065 3556 4169">
     <span class='ocr_line' id='line_1_102' title="bbox 1982 4065 3556 4169; baseline 0.027 -54"><span class='ocrx_word' id='word_1_767' title='bbox 1982 4065 2175 4136; x_wconf 70' lang='lat' dir='ltr'><strong>mirum</strong></span> <span class='ocrx_word' id='word_1_768' title='bbox 2215 4076 2298 4122; x_wconf 81' lang='lat' dir='ltr'><strong>est</strong></span> <span class='ocrx_word' id='word_1_769' title='bbox 2328 4071 2371 4122; x_wconf 86' lang='lat' dir='ltr'><strong>si</strong></span> <span class='ocrx_word' id='word_1_770' title='bbox 2396 4070 2602 4138; x_wconf 87' lang='lat' dir='ltr'><strong>justitia</strong></span> <span class='ocrx_word' id='word_1_771' title='bbox 2622 4075 2803 4145; x_wconf 82' lang='lat' dir='ltr'><strong>diligat</strong></span> <span class='ocrx_word' id='word_1_772' title='bbox 2835 4077 3225 4154; x_wconf 83' lang='lat' dir='ltr'><strong>innocentiam,</strong></span> <span class='ocrx_word' id='word_1_773' title='bbox 3257 4101 3311 4147; x_wconf 91' lang='lat' dir='ltr'><strong>et</strong></span> <span class='ocrx_word' id='word_1_774' title='bbox 3340 4065 3556 4169; x_wconf 73' lang='lat' dir='ltr'><strong>respuat</strong></span> 
     </span>
    </p>
   </div>
   <div class='ocr_carea' id='block_1_103' title="bbox 1981 4152 3556 4245">
    <p class='ocr_par' dir='ltr' id='par_1_103' title="bbox 1981 4152 3556 4245">
     <span class='ocr_line' id='line_1_103' title="bbox 1981 4152 3556 4245; baseline 0.027 -41"><span class='ocrx_word' id='word_1_775' title='bbox 1981 4152 2357 4228; x_wconf 72' lang='lat' dir='ltr'><strong>iniquitatem,</strong></span> <span class='ocrx_word' id='word_1_776' title='bbox 2410 4163 2547 4230; x_wconf 86' lang='lat' dir='ltr'><strong>apud</strong></span> <span class='ocrx_word' id='word_1_777' title='bbox 2598 4181 2754 4235; x_wconf 90' lang='lat' dir='ltr'><strong>quam</strong></span> <span class='ocrx_word' id='word_1_778' title='bbox 2793 4169 2950 4225; x_wconf 90' lang='lat' dir='ltr'><strong>etiam</strong></span> <span class='ocrx_word' id='word_1_779' title='bbox 2982 4171 3157 4232; x_wconf 70' lang='lat' dir='ltr'><strong>futura</strong></span> <span class='ocrx_word' id='word_1_780' title='bbox 3213 4152 3348 4238; x_wconf 84' lang='lat' dir='ltr'><strong>l‘acta</strong></span> 
     </span>
    </p>
   </div>
   <div class='ocr_carea' id='block_1_104' title="bbox 1979 4246 3556 4346">
    <p class='ocr_par' dir='ltr' id='par_1_104' title="bbox 1979 4246 3556 4346">
     <span class='ocr_line' id='line_1_104' title="bbox 1979 4246 3556 4346; baseline 0.027 -48"><span class='ocrx_word' id='word_1_781' title='bbox 1979 4246 2134 4316; x_wconf 82' lang='lat' dir='ltr'><strong>Quod</strong></span> <span class='ocrx_word' id='word_1_782' title='bbox 2190 4259 2367 4314; x_wconf 88' lang='lat' dir='ltr'><strong>autem</strong></span> <span class='ocrx_word' id='word_1_783' title='bbox 2415 4253 2590 4312; x_wconf 90' lang='lat' dir='ltr'><strong>minor</strong></span> <span class='ocrx_word' id='word_1_784' title='bbox 2617 4259 2809 4328; x_wconf 90' lang='lat' dir='ltr'><strong>majori</strong></span> <span class='ocrx_word' id='word_1_785' title='bbox 2836 4278 2901 4317; x_wconf 81' lang='lat' dir='ltr'><strong>ex</strong></span> <span class='ocrx_word' id='word_1_786' title='bbox 2939 4265 3053 4334; x_wconf 79' lang='lat' dir='ltr'><strong>lege</strong></span> <span class='ocrx_word' id='word_1_787' title='bbox 3101 4263 3456 4346; x_wconf 84' lang='lat' dir='ltr'><strong>praeponitur,</strong></span> <span class='ocrx_word' id='word_1_788' title='bbox 3503 4295 3556 4340; x_wconf 89' lang='lat' dir='ltr'><strong>et</strong></span> 
     </span>
    </p>
   </div>
   <div class='ocr_carea' id='block_1_105' title="bbox 1979 4339 3556 4431">
    <p class='ocr_par' dir='ltr' id='par_1_105' title="bbox 1979 4339 3556 4431">
     <span class='ocr_line' id='line_1_105' title="bbox 1979 4339 3556 4431; baseline 0.03 -46"><span class='ocrx_word' id='word_1_789' title='bbox 1979 4339 2147 4402; x_wconf 63' lang='lat' dir='ltr'><strong>Iacob</strong></span> <span class='ocrx_word' id='word_1_790' title='bbox 2173 4343 2414 4420; x_wconf 72' lang='lat' dir='ltr'><strong>neglecto</strong></span> <span class='ocrx_word' id='word_1_791' title='bbox 2439 4346 2604 4404; x_wconf 88' lang='lat' dir='ltr'><strong>lratre</strong></span> <span class='ocrx_word' id='word_1_792' title='bbox 2628 4350 2882 4421; x_wconf 86' lang='lat' dir='ltr'><strong>diligitur,</strong></span> <span class='ocrx_word' id='word_1_793' title='bbox 2909 4355 3032 4414; x_wconf 86' lang='lat' dir='ltr'><strong>hinc</strong></span> <span class='ocrx_word' id='word_1_794' title='bbox 3053 4339 3556 4431; x_wconf 45' lang='lat' dir='ltr'><strong>paulo—tardioribus</strong></span> 
     </span>
    </p>
   </div>
   <div class='ocr_carea' id='block_1_106' title="bbox 1979 4432 3556 4523">
    <p class='ocr_par' dir='ltr' id='par_1_106' title="bbox 1979 4432 3556 4523">
     <span class='ocr_line' id='line_1_106' title="bbox 1979 4432 3556 4523; baseline 0.025 -39"><span class='ocrx_word' id='word_1_795' title='bbox 1979 4432 2282 4500; x_wconf 82' lang='lat' dir='ltr'><strong>obscuritas</strong></span> <span class='ocrx_word' id='word_1_796' title='bbox 2321 4438 2591 4508; x_wconf 85' lang='lat' dir='ltr'><strong>nascitur,</strong></span> <span class='ocrx_word' id='word_1_797' title='bbox 2633 4445 2773 4523; x_wconf 87' lang='lat' dir='ltr'><strong>quod</strong></span> <span class='ocrx_word' id='word_1_798' title='bbox 2818 4453 3078 4515; x_wconf 85' lang='lat' dir='ltr'><strong>prolatum</strong></span> <span class='ocrx_word' id='word_1_799' title='bbox 3121 4455 3426 4518; x_wconf 83' lang='lat' dir='ltr'><strong>dilectionis</strong></span> <span class='ocrx_word' id='word_1_800' title='bbox 3472 4471 3556 4523; x_wconf 85' lang='lat' dir='ltr'><strong>vel</strong></span> 
     </span>
    </p>
   </div>
   <div class='ocr_carea' id='block_1_107' title="bbox 1980 4517 3556 4628">
    <p class='ocr_par' dir='ltr' id='par_1_107' title="bbox 1980 4517 3556 4628">
     <span class='ocr_line' id='line_1_107' title="bbox 1980 4517 3556 4628; baseline 0.026 -53"><span class='ocrx_word' id='word_1_801' title='bbox 1980 4525 2089 4594; x_wconf 77' lang='lat' dir='ltr'><strong>odii</strong></span> <span class='ocrx_word' id='word_1_802' title='bbox 2117 4528 2482 4593; x_wconf 75' lang='lat' dir='ltr'><strong>testimonium</strong></span> <span class='ocrx_word' id='word_1_803' title='bbox 2507 4517 2743 4590; x_wconf 81' lang='lat' dir='ltr'><strong>nondum</strong></span> <span class='ocrx_word' id='word_1_804' title='bbox 2765 4541 2901 4593; x_wconf 87' lang='lat' dir='ltr'><strong>natis</strong></span> <span class='ocrx_word' id='word_1_805' title='bbox 2925 4542 3181 4603; x_wconf 75' lang='lat' dir='ltr'><strong>fratribus</strong></span> <span class='ocrx_word' id='word_1_806' title='bbox 3206 4553 3556 4628; x_wconf 86' lang='lat' dir='ltr'><strong>arbitrantur,</strong></span> 
     </span>
    </p>
   </div>
   <div class='ocr_carea' id='block_1_108' title="bbox 1980 4617 3552 4724">
    <p class='ocr_par' dir='ltr' id='par_1_108' title="bbox 1980 4617 3552 4724">
     <span class='ocr_line' id='line_1_108' title="bbox 1980 4617 3552 4724; baseline 0.026 -52"><span class='ocrx_word' id='word_1_807' title='bbox 1980 4617 2106 4682; x_wconf 80' lang='lat' dir='ltr'><strong>dum</strong></span> <span class='ocrx_word' id='word_1_808' title='bbox 2137 4629 2190 4674; x_wconf 90' lang='lat' dir='ltr'><strong>et</strong></span> <span class='ocrx_word' id='word_1_809' title='bbox 2241 4623 2516 4680; x_wconf 85' lang='lat' dir='ltr'><strong>evidentes</strong></span> <span class='ocrx_word' id='word_1_810' title='bbox 2545 4641 2720 4683; x_wconf 79' lang='lat' dir='ltr'><strong>causa:</strong></span> <span class='ocrx_word' id='word_1_811' title='bbox 2759 4633 2952 4700; x_wconf 89' lang='lat' dir='ltr'><strong>quibus</strong></span> <span class='ocrx_word' id='word_1_812' title='bbox 3000 4655 3134 4696; x_wconf 89' lang='lat' dir='ltr'><strong>unus</strong></span> <span class='ocrx_word' id='word_1_813' title='bbox 3184 4617 3552 4724; x_wconf 63' lang='lat' dir='ltr'><strong>displicuerit,</strong></span> 
     </span>
    </p>
   </div>
   <div class='ocr_carea' id='block_1_109' title="bbox 1979 4712 3552 4804">
    <p class='ocr_par' dir='ltr' id='par_1_109' title="bbox 1979 4712 3552 4804">
     <span class='ocr_line' id='line_1_109' title="bbox 1979 4712 3552 4804; baseline 0.024 -39"><span class='ocrx_word' id='word_1_814' title='bbox 1979 4712 2116 4780; x_wconf 81' lang='lat' dir='ltr'><strong>alter</strong></span> <span class='ocrx_word' id='word_1_815' title='bbox 2138 4713 2396 4782; x_wconf 82' lang='lat' dir='ltr'><strong>placuerit</strong></span> <span class='ocrx_word' id='word_1_816' title='bbox 2418 4722 2837 4787; x_wconf 86' lang='lat' dir='ltr'><strong>supprimuntur.</strong></span> <span class='ocrx_word' id='word_1_817' title='bbox 2871 4726 2924 4781; x_wconf 91' lang='lat' dir='ltr'><strong>In</strong></span> <span class='ocrx_word' id='word_1_818' title='bbox 2950 4729 3030 4783; x_wconf 90' lang='lat' dir='ltr'><strong>his</strong></span> <span class='ocrx_word' id='word_1_819' title='bbox 3055 4747 3185 4804; x_wconf 83' lang='lat' dir='ltr'><strong>ergo</strong></span> <span class='ocrx_word' id='word_1_820' title='bbox 3213 4712 3420 4799; x_wconf 76' lang='lat' dir='ltr'><strong>duobus</strong></span> <span class='ocrx_word' id='word_1_821' title='bbox 3449 4712 3552 4802; x_wconf 57' lang='lat' dir='ltr'><strong>n01;</strong></span> 
     </span>
    </p>
   </div>
   <div class='ocr_carea' id='block_1_110' title="bbox 1978 4809 3645 4909">
    <p class='ocr_par' dir='ltr' id='par_1_110' title="bbox 1978 4809 3645 4909">
     <span class='ocr_line' id='line_1_110' title="bbox 1978 4809 3645 4909; baseline 0.025 -52"><span class='ocrx_word' id='word_1_822' title='bbox 1978 4816 2187 4866; x_wconf 85' lang='lat' dir='ltr'><strong>naturae</strong></span> <span class='ocrx_word' id='word_1_823' title='bbox 2204 4809 2325 4876; x_wconf 88' lang='lat' dir='ltr'><strong>jura</strong></span> <span class='ocrx_word' id='word_1_824' title='bbox 2359 4811 2662 4868; x_wconf 87' lang='lat' dir='ltr'><strong>hominibus</strong></span> <span class='ocrx_word' id='word_1_825' title='bbox 2685 4818 3046 4891; x_wconf 70' lang='lat' dir='ltr'><strong>prmﬁguntur,</strong></span> <span class='ocrx_word' id='word_1_826' title='bbox 3078 4829 3171 4883; x_wconf 92' lang='lat' dir='ltr'><strong>sed</strong></span> <span class='ocrx_word' id='word_1_827' title='bbox 3200 4829 3269 4887; x_wconf 91' lang='lat' dir='ltr'><strong>de</strong></span> <span class='ocrx_word' id='word_1_828' title='bbox 3300 4835 3402 4892; x_wconf 77' lang='lat' dir='ltr'><strong>[ide</strong></span> <span class='ocrx_word' id='word_1_829' title='bbox 3424 4856 3554 4909; x_wconf 60' lang='lat' dir='ltr'><strong>gen.</strong></span> <span class='ocrx_word' id='word_1_830' title='bbox 3641 4864 3645 4868; x_wconf 92' lang='grc'><strong>·</strong></span> 
     </span>
    </p>
   </div>
   <div class='ocr_carea' id='block_1_111' title="bbox 1980 4895 3652 4986">
    <p class='ocr_par' dir='ltr' id='par_1_111' title="bbox 1980 4895 3652 4986">
     <span class='ocr_line' id='line_1_111' title="bbox 1980 4895 3652 4986; baseline 0.022 -39"><span class='ocrx_word' id='word_1_831' title='bbox 1980 4895 2108 4970; x_wconf 82' lang='lat' dir='ltr'><strong>tium</strong></span> <span class='ocrx_word' id='word_1_832' title='bbox 2131 4906 2186 4954; x_wconf 87' lang='lat' dir='ltr'><strong>et</strong></span> <span class='ocrx_word' id='word_1_833' title='bbox 2215 4899 2529 4960; x_wconf 78' lang='lat' dir='ltr'><strong>inﬁdelitate</strong></span> <span class='ocrx_word' id='word_1_834' title='bbox 2549 4903 2854 4964; x_wconf 62' lang='lat' dir='ltr'><strong>Iudaeorum</strong></span> <span class='ocrx_word' id='word_1_835' title='bbox 2875 4913 3094 4980; x_wconf 73' lang='lat' dir='ltr'><strong>justitite</strong></span> <span class='ocrx_word' id='word_1_836' title='bbox 3115 4930 3308 4978; x_wconf 88' lang='lat' dir='ltr'><strong>statuta</strong></span> <span class='ocrx_word' id='word_1_837' title='bbox 3333 4895 3553 4986; x_wconf 50' lang='lat' dir='ltr'><strong>uariat}-</strong></span> 
     </span>
    </p>
   </div>
   <div class='ocr_carea' id='block_1_112' title="bbox 1979 4987 3550 5092">
    <p class='ocr_par' dir='ltr' id='par_1_112' title="bbox 1979 4987 3550 5092">
     <span class='ocr_line' id='line_1_112' title="bbox 1979 4987 3550 5092; baseline 0.026 -55"><span class='ocrx_word' id='word_1_838' title='bbox 1979 4992 2085 5054; x_wconf 78' lang='lat' dir='ltr'><strong>tur.</strong></span> <span class='ocrx_word' id='word_1_839' title='bbox 2118 4987 2233 5042; x_wconf 87' lang='lat' dir='ltr'><strong>Non</strong></span> <span class='ocrx_word' id='word_1_840' title='bbox 2266 4991 2406 5046; x_wconf 87' lang='lat' dir='ltr'><strong>enim</strong></span> <span class='ocrx_word' id='word_1_841' title='bbox 2438 4993 2538 5062; x_wconf 81' lang='lat' dir='ltr'><strong>hoc</strong></span> <span class='ocrx_word' id='word_1_842' title='bbox 2570 4998 2686 5051; x_wconf 87' lang='lat' dir='ltr'><strong>loco</strong></span> <span class='ocrx_word' id='word_1_843' title='bbox 2711 5000 2859 5065; x_wconf 82' lang='lat' dir='ltr'><strong>juxta</strong></span> <span class='ocrx_word' id='word_1_844' title='bbox 2889 5005 3118 5064; x_wconf 91' lang='lat' dir='ltr'><strong>litteram</strong></span> <span class='ocrx_word' id='word_1_845' title='bbox 3160 5029 3399 5081; x_wconf 71' lang='lat' dir='ltr'><strong>personae</strong></span> <span class='ocrx_word' id='word_1_846' title='bbox 3429 5036 3550 5092; x_wconf 89' lang='lat' dir='ltr'><strong>spe-</strong></span> 
     </span>
    </p>
   </div>
   <div class='ocr_carea' id='block_1_113' title="bbox 1974 5075 3547 5180">
    <p class='ocr_par' dir='ltr' id='par_1_113' title="bbox 1974 5075 3547 5180">
     <span class='ocr_line' id='line_1_113' title="bbox 1974 5075 3547 5180; baseline 0.025 -50"><span class='ocrx_word' id='word_1_847' title='bbox 1974 5075 2187 5146; x_wconf 80' lang='lat' dir='ltr'><strong>cialiter</strong></span> <span class='ocrx_word' id='word_1_848' title='bbox 2211 5095 2622 5150; x_wconf 79' lang='lat' dir='ltr'><strong>germanorum,</strong></span> <span class='ocrx_word' id='word_1_849' title='bbox 2657 5090 2752 5144; x_wconf 89' lang='lat' dir='ltr'><strong>sed</strong></span> <span class='ocrx_word' id='word_1_850' title='bbox 2778 5107 2955 5148; x_wconf 90' lang='lat' dir='ltr'><strong>rerum</strong></span> <span class='ocrx_word' id='word_1_851' title='bbox 2993 5107 3169 5155; x_wconf 78' lang='lat' dir='ltr'><strong>causa:</strong></span> <span class='ocrx_word' id='word_1_852' title='bbox 3204 5119 3266 5159; x_wconf 88' lang='lat' dir='ltr'><strong>ac</strong></span> <span class='ocrx_word' id='word_1_853' title='bbox 3297 5075 3547 5180; x_wconf 72' lang='lat' dir='ltr'><strong>mysteria</strong></span> 
     </span>
    </p>
   </div>
   <div class='ocr_carea' id='block_1_114' title="bbox 1976 5167 3550 5263">
    <p class='ocr_par' dir='ltr' id='par_1_114' title="bbox 1976 5167 3550 5263">
     <span class='ocr_line' id='line_1_114' title="bbox 1976 5167 3550 5263; baseline 0.024 -41"><span class='ocrx_word' id='word_1_854' title='bbox 1976 5167 2371 5242; x_wconf 71' lang='lat' dir='ltr'><strong>describuntur,</strong></span> <span class='ocrx_word' id='word_1_855' title='bbox 2406 5175 2618 5234; x_wconf 80' lang='lat' dir='ltr'><strong>dicente</strong></span> <span class='ocrx_word' id='word_1_856' title='bbox 2646 5179 2872 5237; x_wconf 91' lang='lat' dir='ltr'><strong>Domino</strong></span> <span class='ocrx_word' id='word_1_857' title='bbox 2917 5205 2929 5237; x_wconf 90' lang='lat'>:</span> <span class='ocrx_word' id='word_1_858' title='bbox 2980 5189 3107 5246; x_wconf 83' lang='lat' dir='ltr'><strong>Duce</strong></span> <span class='ocrx_word' id='word_1_859' title='bbox 3140 5205 3309 5263; x_wconf 82' lang='lat' dir='ltr'><strong>gentes</strong></span> <span class='ocrx_word' id='word_1_860' title='bbox 3343 5167 3461 5257; x_wconf 71' lang='lat' dir='ltr'><strong>sunt</strong></span> <span class='ocrx_word' id='word_1_861' title='bbox 3498 5187 3550 5261; x_wconf 72' lang='lat' dir='ltr'><strong>in</strong></span> 
     </span>
    </p>
   </div>
   <div class='ocr_carea' id='block_1_115' title="bbox 1973 5266 3546 5366">
    <p class='ocr_par' dir='ltr' id='par_1_115' title="bbox 1973 5266 3546 5366">
     <span class='ocr_line' id='line_1_115' title="bbox 1973 5266 3546 5366; baseline 0.045 -82"><span class='ocrx_word' id='word_1_862' title='bbox 1973 5269 2114 5330; x_wconf 48' lang='lat' dir='ltr'><strong>“lem</strong></span> <span class='ocrx_word' id='word_1_863' title='bbox 2143 5275 2249 5328; x_wconf 53' lang='lat' dir='ltr'><strong>m0,</strong></span> <span class='ocrx_word' id='word_1_864' title='bbox 2283 5275 2327 5327; x_wconf 61' lang='lat' dir='ltr'><strong>ej</strong></span> <span class='ocrx_word' id='word_1_865' title='bbox 2364 5266 2468 5340; x_wconf 48' lang='lat' dir='ltr'><strong>quo</strong></span> <span class='ocrx_word' id='word_1_866' title='bbox 2487 5272 2662 5340; x_wconf 84' lang='lat' dir='ltr'><strong>populi</strong></span> <span class='ocrx_word' id='word_1_867' title='bbox 2690 5275 2750 5328; x_wconf 80' lang='lat' dir='ltr'><strong>de</strong></span> <span class='ocrx_word' id='word_1_868' title='bbox 2771 5287 2940 5333; x_wconf 82' lang='lat' dir='ltr'><strong>ventre</strong></span> <span class='ocrx_word' id='word_1_869' title='bbox 2967 5289 3055 5335; x_wconf 88' lang='lat' dir='ltr'><strong>tuo</strong></span> <span class='ocrx_word' id='word_1_870' title='bbox 3078 5285 3365 5347; x_wconf 79' lang='lat' dir='ltr'><strong>dividentur</strong></span> <span class='ocrx_word' id='word_1_871' title='bbox 3391 5297 3546 5366; x_wconf 82' lang='lat' dir='ltr'><strong>(Gen.</strong></span> 
     </span>
    </p>
   </div>
   <div class='ocr_carea' id='block_1_116' title="bbox 1972 5352 3544 5454">
    <p class='ocr_par' dir='ltr' id='par_1_116' title="bbox 1972 5352 3544 5454">
     <span class='ocr_line' id='line_1_116' title="bbox 1972 5352 3544 5454; baseline 0.029 -54"><span class='ocrx_word' id='word_1_872' title='bbox 1972 5352 2128 5423; x_wconf 65' lang='grc' dir='ltr'><strong>ην),</strong></span> <span class='ocrx_word' id='word_1_873' title='bbox 2174 5355 2322 5430; x_wconf 82' lang='lat' dir='ltr'><strong>Quod</strong></span> <span class='ocrx_word' id='word_1_874' title='bbox 2351 5358 2394 5414; x_wconf 84' lang='lat' dir='ltr'><strong>si</strong></span> <span class='ocrx_word' id='word_1_875' title='bbox 2433 5357 2500 5414; x_wconf 78' lang='lat' dir='ltr'><strong>de</strong></span> <span class='ocrx_word' id='word_1_876' title='bbox 2523 5365 2736 5429; x_wconf 68' lang='lat' dir='ltr'><strong>pra-lixa</strong></span> <span class='ocrx_word' id='word_1_877' title='bbox 2785 5368 2900 5438; x_wconf 85' lang='lat' dir='ltr'><strong>lege</strong></span> <span class='ocrx_word' id='word_1_878' title='bbox 2929 5375 3150 5444; x_wconf 89' lang='lat' dir='ltr'><strong>originis</strong></span> <span class='ocrx_word' id='word_1_879' title='bbox 3201 5352 3544 5454; x_wconf 73' lang='lat' dir='ltr'><strong>tractaretur,</strong></span> 
     </span>
    </p>
   </div>
   <div class='ocr_carea' id='block_1_117' title="bbox 1975 5443 3545 5544">
    <p class='ocr_par' dir='ltr' id='par_1_117' title="bbox 1975 5443 3545 5544">
     <span class='ocr_line' id='line_1_117' title="bbox 1975 5443 3545 5544; baseline 0.028 -53"><span class='ocrx_word' id='word_1_880' title='bbox 1975 5443 2098 5513; x_wconf 81' lang='lat' dir='ltr'><strong>quid</strong></span> <span class='ocrx_word' id='word_1_881' title='bbox 2125 5457 2258 5512; x_wconf 84' lang='lat' dir='ltr'><strong>opus</strong></span> <span class='ocrx_word' id='word_1_882' title='bbox 2280 5457 2396 5508; x_wconf 79' lang='lat' dir='ltr'><strong>erat</strong></span> <span class='ocrx_word' id='word_1_883' title='bbox 2425 5457 2480 5504; x_wconf 90' lang='lat' dir='ltr'><strong>ut</strong></span> <span class='ocrx_word' id='word_1_884' title='bbox 2504 5452 2724 5522; x_wconf 87' lang='lat' dir='ltr'><strong>majoris</strong></span> <span class='ocrx_word' id='word_1_885' title='bbox 2749 5469 2802 5512; x_wconf 88' lang='lat' dir='ltr'><strong>et</strong></span> <span class='ocrx_word' id='word_1_886' title='bbox 2832 5443 3052 5520; x_wconf 85' lang='lat' dir='ltr'><strong>minoris</strong></span> <span class='ocrx_word' id='word_1_887' title='bbox 3078 5477 3288 5526; x_wconf 62' lang='lat' dir='ltr'><strong>aetatem</strong></span> <span class='ocrx_word' id='word_1_888' title='bbox 3309 5477 3450 5544; x_wconf 85' lang='lat' dir='ltr'><strong>quod</strong></span> 
     </span>
    </p>
   </div>
   <div class='ocr_carea' id='block_1_118' title="bbox 1973 5540 3544 5630">
    <p class='ocr_par' dir='ltr' id='par_1_118' title="bbox 1973 5540 3544 5630">
     <span class='ocr_line' id='line_1_118' title="bbox 1973 5540 3544 5630; baseline 0.026 -46"><span class='ocrx_word' id='word_1_889' title='bbox 1973 5549 2085 5608; x_wconf 84' lang='lat' dir='ltr'><strong>rem</strong></span> <span class='ocrx_word' id='word_1_890' title='bbox 2116 5549 2220 5601; x_wconf 89' lang='lat' dir='ltr'><strong>non</strong></span> <span class='ocrx_word' id='word_1_891' title='bbox 2253 5540 2570 5608; x_wconf 77' lang='lat' dir='ltr'><strong>pertinebat,</strong></span> <span class='ocrx_word' id='word_1_892' title='bbox 2598 5545 2873 5617; x_wconf 89' lang='lat' dir='ltr'><strong>insereret,</strong></span> <span class='ocrx_word' id='word_1_893' title='bbox 2897 5555 2996 5608; x_wconf 88' lang='lat' dir='ltr'><strong>nisi</strong></span> <span class='ocrx_word' id='word_1_894' title='bbox 3020 5561 3141 5626; x_wconf 88' lang='lat' dir='ltr'><strong>quia</strong></span> <span class='ocrx_word' id='word_1_895' title='bbox 3168 5563 3305 5630; x_wconf 89' lang='lat' dir='ltr'><strong>apud</strong></span> <span class='ocrx_word' id='word_1_896' title='bbox 3325 5540 3544 5625; x_wconf 53' lang='lat' dir='ltr'><strong>iudico-</strong></span> 
     </span>
    </p>
   </div>
   <div class='ocr_carea' id='block_1_119' title="bbox 1970 5633 3540 5730">
    <p class='ocr_par' dir='ltr' id='par_1_119' title="bbox 1970 5633 3540 5730">
     <span class='ocr_line' id='line_1_119' title="bbox 1970 5633 3540 5730; baseline 0.024 -50"><span class='ocrx_word' id='word_1_897' title='bbox 1970 5643 2086 5681; x_wconf 91' lang='lat' dir='ltr'><strong>rum</strong></span> <span class='ocrx_word' id='word_1_898' title='bbox 2121 5633 2418 5700; x_wconf 67' lang='lat' dir='ltr'><strong>prosapiam</strong></span> <span class='ocrx_word' id='word_1_899' title='bbox 2450 5651 2660 5706; x_wconf 89' lang='lat' dir='ltr'><strong>semper</strong></span> <span class='ocrx_word' id='word_1_900' title='bbox 2686 5641 2738 5695; x_wconf 90' lang='lat' dir='ltr'><strong>in</strong></span> <span class='ocrx_word' id='word_1_901' title='bbox 2760 5643 2985 5701; x_wconf 89' lang='lat' dir='ltr'><strong>duorum</strong></span> <span class='ocrx_word' id='word_1_902' title='bbox 3009 5653 3286 5709; x_wconf 87' lang='lat' dir='ltr'><strong>vocatione</strong></span> <span class='ocrx_word' id='word_1_903' title='bbox 3313 5663 3540 5730; x_wconf 87' lang='lat' dir='ltr'><strong>p0pulo-</strong></span> 
     </span>
    </p>
   </div>
   <div class='ocr_carea' id='block_1_120' title="bbox 1971 5722 3539 5823">
    <p class='ocr_par' dir='ltr' id='par_1_120' title="bbox 1971 5722 3539 5823">
     <span class='ocr_line' id='line_1_120' title="bbox 1971 5722 3539 5823; baseline 0.02 -51"><span class='ocrx_word' id='word_1_904' title='bbox 1971 5735 2087 5773; x_wconf 89' lang='lat' dir='ltr'><strong>rum</strong></span> <span class='ocrx_word' id='word_1_905' title='bbox 2119 5722 2316 5775; x_wconf 89' lang='lat' dir='ltr'><strong>seniori</strong></span> <span class='ocrx_word' id='word_1_906' title='bbox 2347 5725 2612 5793; x_wconf 89' lang='lat' dir='ltr'><strong>junioretn</strong></span> <span class='ocrx_word' id='word_1_907' title='bbox 2643 5733 2957 5790; x_wconf 83' lang='lat' dir='ltr'><strong>antefertur.</strong></span> <span class='ocrx_word' id='word_1_908' title='bbox 2992 5738 3047 5792; x_wconf 93' lang='lat' dir='ltr'><strong>ln</strong></span> <span class='ocrx_word' id='word_1_909' title='bbox 3077 5755 3176 5809; x_wconf 83' lang='lat' dir='ltr'><strong>qua</strong></span> <span class='ocrx_word' id='word_1_910' title='bbox 3209 5722 3399 5804; x_wconf 44' lang='lat' dir='ltr'><strong>tamen&#39;</strong></span> <span class='ocrx_word' id='word_1_911' title='bbox 3415 5767 3539 5823; x_wconf 88' lang='lat' dir='ltr'><strong>par.</strong></span> 
     </span>
    </p>
   </div>
   <div class='ocr_carea' id='block_1_121' title="bbox 1971 5812 3542 5919">
    <p class='ocr_par' dir='ltr' id='par_1_121' title="bbox 1971 5812 3542 5919">
     <span class='ocr_line' id='line_1_121' title="bbox 1971 5812 3542 5919; baseline 0.025 -53"><span class='ocrx_word' id='word_1_912' title='bbox 1971 5812 2101 5866; x_wconf 89' lang='lat' dir='ltr'><strong>tium</strong></span> <span class='ocrx_word' id='word_1_913' title='bbox 2133 5814 2437 5874; x_wconf 81' lang='lat' dir='ltr'><strong>diversitate</strong></span> <span class='ocrx_word' id='word_1_914' title='bbox 2473 5823 2622 5880; x_wconf 88' lang='lat' dir='ltr'><strong>multi</strong></span> <span class='ocrx_word' id='word_1_915' title='bbox 2655 5827 2795 5898; x_wconf 81' lang='lat' dir='ltr'><strong>etde</strong></span> <span class='ocrx_word' id='word_1_916' title='bbox 2835 5827 3032 5885; x_wconf 64' lang='lat' dir='ltr'><strong>Judaeis</strong></span> <span class='ocrx_word' id='word_1_917' title='bbox 3061 5837 3307 5906; x_wconf 90' lang='lat' dir='ltr'><strong>reprobis</strong></span> <span class='ocrx_word' id='word_1_918' title='bbox 3330 5812 3542 5919; x_wconf 40' lang='lat' dir='ltr'><strong>eligunt</strong></span> 
     </span>
    </p>
   </div>
  </div>
