4068 6348
496 357 599 414 823

1721 359 1780 415 S.
1821 360 2065 416 FAUSTI
2106 359 2509 419 BHEGIENSIS

3662 373 3783 442 Μ

494 486 603 541 tur,
636 484 689 529 et
716 487 782 529 (te
813 476 995 530 electis
1022 474 1267 544 gentibus
1297 476 1670 553 reprobaptur,
1702 488 1757 530 ut
1803 478 2076 546 intelligas
2102 481 2152 535 Λ
2185 480 2443 545 perfectio
2475 481 2639 546 dedit,
2668 498 2771 551 quo
2801 485 3081 544 erudiente
3115 488 3335 558 justitize
3378 505 3611 551 sectator
3655 516 3780 557 etu-

496 568 548 621 in
573 576 796 637 utroque
823 567 1016 636 populo
1034 567 1235 637 justum
1258 567 1490 636 jndiccm
1514 585 1618 623 non
1642 571 1853 625 decreta
1877 570 2069 625 obser-

494 676 641 727 vare,
674 661 763 713 sed
796 659 1001 713 merita.
1031 660 1135 715 Sed
1165 661 1337 715 dicis:
1367 660 1495 716 Cum
1524 664 1693 715 adhuc
1718 680 1819 716 non
1851 664 2077 733 egissent

494 751 687 821 «tibiquid
712 752 829 804 boni
867 762 955 805 aut
993 754 1144 820 inuti,
1171 754 1278 822 jam
1311 754 1587 824 praeﬁnitis
1617 756 1859 835 partibus
1908 756 2079 825 depu-

496 852 691 897 tentur.
717 843 853 909 Quid
884 844 1074 898 mirum
1100 846 1142 898 si
1172 862 1395 913 quorum
1424 855 1578 904 actus
1602 847 1866 917 praevidit,
1888 862 2074 901 eorum

495 936 667 990 exitus
691 925 1059 1006 przesig'navit?
1087 939 1153 991 Et
1184 938 1303 993 ideo
1330 940 1469 994 sicut
1492 955 1584 994 eos
1612 955 1831 994 cursum
1866 940 2080 995 vivendi

494 1044 591 1098 pro
620 1030 842 1085 arbitrio
870 1032 1087 1100 proprio
1116 1032 1476 1101 disposituros
1499 1048 1620 1088 esse
1650 1033 1934 1088 constabat
1960 1076 1975 1100 ,
2008 1035 2080 1088 ita

494 1138 590 1191 pro
622 1124 715 1179 Dei
742 1125 975 1192 potentia
1010 1136 1432 1194 praenoscuntur.
1471 1142 1564 1196 pro
1588 1127 1794 1196 justitia
1823 1128 2082 1196 praeordi-

492 1225 707 1280 nantur,
743 1215 843 1270 hoc
870 1225 1037 1271 totum
1059 1218 1126 1271 de
1147 1219 1226 1272 eis
1253 1218 1585 1287 praedicitur,
1623 1234 1728 1272 non
1760 1218 2077 1287 praefinitur.

492 1307 548 1361 ln
588 1308 755 1363 Jacob
805 1325 934 1379 ergo
982 1310 1153 1365 fidelis
1190 1312 1415 1380 populus
1449 1312 1791 1374 describitur,
1840 1312 1893 1364 in
1936 1311 2077 1365 Esau

494 1401 802 1457 incredulus
827 1403 1139 1473 designatur
1160 1447 1173 1471 ,
1219 1406 1286 1461 de
1308 1406 1501 1475 quibus
1526 1406 1766 1476 utrisque
1802 1406 1870 1458 ita
1903 1403 2036 1457 dicit
2065 1429 2080 1466 ε

499 1493 635 1560 Quid
658 1510 779 1564 ergo
805 1496 1032 1549 dicemus
1051 1537 1066 1562 ,
1097 1499 1234 1567 quod
1271 1507 1443 1568 gentes
1471 1513 1585 1567 qua:
1632 1514 1732 1551 non
1760 1498 2086 1551 sectabantur

493 1588 741 1659 justitiam
791 1588 1233 1657 apprehenderunt
1277 1591 1567 1659 justitiam,
1601 1590 1865 1662 justitiam
1918 1598 2084 1641 autem

494 1693 608 1745 qua:
636 1693 699 1729 ea:
726 1677 830 1745 ﬁde
858 1688 930 1731 est
955 1696 974 1744 ;
1005 1677 1171 1732 Israel
1208 1696 1325 1733 vero
1350 1690 1544 1734 sectans
1577 1682 1737 1749 legem
1754 1680 2000 1750 justitiw,
2028 1679 2084 1730 in

497 1768 653 1837 legem
672 1769 892 1839 justitiw
921 1786 1021 1822 non
1042 1772 1285 1839 pervenit.
1323 1772 1535 1839 Quare?
1564 1772 1683 1839 quia
1726 1787 1825 1825 non
1859 1786 1921 1824 ex
1946 1769 2050 1839 ﬁde
2068 1809 2083 1835 ,

494 1842 582 1911 sed
610 1862 755 1929 quasi
777 1877 839 1914 ex
858 1862 1112 1929 operibus.
1147 1862 1487 1929 Olfenderunt
1508 1863 1643 1916 enim
1669 1863 1721 1916 in
1746 1862 1969 1929 lapidem
1996 1864 2076 1931 of-
2102 1840 2153 1901 Β

495 1952 740 2017 [ειιδὶοηὶδ
783 1951 959 2021 (Rom.
996 1952 1093 2021 ιχ).
1138 1954 1271 2007 Dum
1309 1953 1526 2021 dicitur,
1578 1971 1683 2008 non
1710 1970 1774 2007 ea:
1809 1953 2075 2023 operibus,

494 2042 642 2097 vides
663 2044 785 2112 quia
816 2044 948 2112 legis
978 2058 1138 2113 opera
1170 2044 1543 2112 destruantur,
1575 2056 1629 2101 et
1654 2047 1797 2117 quod
1833 2045 2079 2116 gentibus

495 2134 799 2189 obcdientia
846 2137 985 2190 viam
1016 2138 1228 2204 aperuit
1260 2138 1324 2193 ad
1365 2138 1787 2195 misericordiam
1822 2157 1832 2191 :
1878 2139 2078 2195 Judmis

495 2241 623 2279 vero
649 2228 960 2295 praecedens
994 2228 1245 2299 iniquitas
1287 2240 1342 2285 et
1382 2231 1728 2286 incredulitas
1758 2231 2079 2301 praeparavit

487 2316 791 2372 offensam?
836 2320 965 2373 Non
1003 2338 1066 2374 ea:
1102 2322 1336 2392 aperibus
1384 2324 1624 2396 (inquit),
1667 2325 1754 2376 sed
1780 2339 1841 2376 ex
1870 2332 2078 2377 vocante

498 2410 689 2461 dictum
711 2419 800 2463 est.
835 2410 948 2464 Non
981 2412 1101 2465 illos
1130 2412 1260 2466 dicit
1289 2414 1519 2481 propriis
1549 2414 1801 2481 operibus
1844 2428 2072 2474 vacuos.

497 2499 591 2552 sed
635 2508 792 2567 negat
818 2514 884 2553 ex
912 2502 1166 2566 operibus
1195 2502 1328 2570 legis
1351 2503 1515 2558 fuisse
1538 2505 1791 2558 salvatos.
1836 2505 1989 2558 Absit
2020 2512 2077 2559 ut

478 2576 722 2659 proponi
756 2592 843 2647 hic
868 2593 1140 2647 damnatio
1166 2595 1387 2665 originis
1419 2597 1734 2667 tcStimetur,
1767 2598 1853 2653 ubi
1883 2614 2077 2654 vocan-

498 2686 565 2739 tis
592 2686 893 2755 benignitas
916 2697 969 2741 et
991 2687 1412 2758 obtemperantis
1436 2691 1705 2747 humilitas
1733 2693 2073 2761 prtedicatur,

497 2785 551 2829 et
581 2776 667 2832 ubi
698 2778 817 2833 lidei
844 2779 1054 2834 divitias
1076 2780 1318 2835 doctrina
1344 2784 1609 2851 generalis
1636 2784 1884 2852 inculcat,
1911 2801 1973 2840 ac
1996 2788 2076 2840 lu-

497 2885 621 2924 men
651 2870 985 2927 credulitatis
1015 2872 1266 2927 insinuat.
1304 2873 1420 2929 Non
1449 2890 1577 2945 ergo
1606 2891 1665 2931 sc
1700 2877 1798 2931 hoc
1821 2880 1941 2932 loco
1976 2879 2076 2933 ini-

496 2961 715 3031 quitatis
746 2965 997 3030 assertio,
1029 2982 1147 3035 qua:
1171 2968 1222 3020 in
1256 2968 1370 3037 ipsa
1398 2968 1707 3024 conditione
1739 2979 1945 3038 partem
1979 2970 2075 3024 liti-

496 3055 639 3109 ma‘ni
662 3058 875 3125 generis
906 3058 1211 3114 damnatam
1240 3061 1575 3130 loquebatur,
1602 3064 1908 3118 interserat.
1938 3063 2078 3119 Cau-

418 3203 422 3209 ,
496 3163 583 3202 sas
627 3165 754 3204 vero
811 3167 903 3205 cur
954 3152 1117 3206 Jacob
1147 3153 1397 3210 dilexerit
1447 3154 1621 3223 Deus,
1665 3167 1719 3212 et
1765 3157 1905 3212 Esau
1953 3158 2076 3213 odio

496 3241 766 3309 habuerit,
797 3245 1074 3299 evidenter
1100 3246 1373 3302 Geneseos
1400 3248 1665 3317 expressit
1691 3250 1909 3304 historia
1928 3294 1941 3318 ,
1974 3265 2080 3319 quo

497 3332 762 3401 intelligas
793 3349 896 3389 non
919 3334 1037 3388 sine
1066 3349 1288 3404 cperum
1321 3338 1688 3404 discussione,
1722 3355 1821 3394 nec
1846 3341 1963 3395 sine
1995 3357 2081 3396 ra-

498 3424 643 3477 tione
673 3426 950 3493 perspicua
976 3425 1230 3481 divinitus
1263 3431 1661 3496 pronuntiatum
1686 3440 1744 3484 ut
1768 3430 1909 3485 Esau
1931 3431 2078 3497 odio,

497 3514 661 3569 Jacob
689 3527 871 3571 autem
890 3517 1181 3574 dileCtione
1212 3519 1308 3575 Dei
1331 3521 1525 3591 dignus
1558 3523 1869 3579 haberetur.
1904 3528 2081 3595 Appa-

496 3615 720 3660 ruerunt
763 3607 917 3676 plane
971 3609 1025 3663 in
1064 3611 1170 3665 vita
1209 3611 1375 3667 Jacob
1419 3614 1693 3669 evidentes
1739 3630 1917 3671 causa:
1962 3632 2081 3686 quae

496 3700 750 3767 judicium
784 3702 992 3757 Domini
1018 3714 1222 3760 rectum
1256 3708 1581 3763 omnimodis
1608 3719 1855 3764 asserant
1878 3751 1894 3774 ,
1939 3711 2081 3765 sicut

496 3791 627 3846 Cain
656 3792 851 3848 dicitur
880 3811 892 3846 :
925 3794 1032 3849 Sub
1056 3806 1104 3850 te
1133 3799 1227 3852 erit
1257 3801 1512 3869 appetitus
1537 3802 1649 3871 ejus
1684 3809 1732 3854 et
1763 3811 1816 3853 tu
1847 3802 2081 3855 domina-

497 3887 625 3939 beris
653 3888 793 3941 illius
825 3888 976 3958 (Gen.
1010 3890 1105 3960 ιν).
1139 3891 1253 3947 Non
1285 3896 1628 3964 superposuit
1656 3894 1858 3950 homini
1891 3910 2081 3964 pecca-

498 3987 629 4045 tum,
661 3980 761 4033 sub
792 3979 891 4035 bac
920 3982 1276 4039 ordinationis
1318 3999 1429 4040 sua:
1474 3986 1627 4057 lege,
1675 3987 1769 4043 sed
1817 3987 2076 4043 subdidit.

499 4071 637 4125 Ecce
680 4072 950 4141 piissimus
998 4074 1301 4130 moderator
1346 4093 1663 4147 generosam
1710 4093 1828 4133 esse
1858 4081 2079 4148 cupiens

496 4162 754 4215 facturam
779 4178 963 4232 suam,
997 4166 1156 4219 etiam
1186 4176 1308 4233 post
1337 4166 1543 4222 ruinam
1575 4168 1917 4240 inclinatam,
1951 4170 2078 4226 licet

497 4256 729 4311 hominis
757 4259 1089 4313 voluntatem
1117 4259 1278 4313 totius
1307 4260 1571 4327 passionis
1597 4269 1653 4315 et
1692 4262 2079 4332 concupiscen-

496 4349 605 4415 tiae,
646 4362 753 4401 non
786 4347 1035 4401 famulam
1074 4349 1227 4418 jubet
1257 4364 1395 4415 esse,
1422 4351 1517 4406 sed
1557 4351 1829 4406 dominam
1860 4370 1874 4417 ;
1917 4354 2077 4408 sedu-

493 4443 659 4495 ctoris
703 4442 785 4495 vel
814 4441 1103 4495 amicitiam
1148 4442 1231 4495 vel
1270 4443 1538 4509 repulsam
1565 4444 1618 4497 in
1645 4458 1806 4498 manu
1841 4444 2074 4499 hominis

494 4531 703 4600 posuit,
742 4531 809 4584 ad
849 4545 1005 4594 quem
1059 4530 1176 4599 ejus
1212 4510 1471 4601 judicium
1513 4534 1818 4589 collocavit.
1850 4535 2076 4591 Videtur

495 4622 710 4692 quidem
756 4623 1034 4691 utriusque
1064 4623 1242 4692 Operis
1269 4624 1561 4693 appetitum
1593 4625 1859 4680 electione
1906 4627 2070 4695 ipsius

490 4714 829 4783 permisisse,
862 4715 954 4769 sed
979 4716 1101 4770 ideo
1129 4726 1187 4770 ut
1211 4715 1335 4770 mali
1367 4716 1584 4771 licentia
1624 4717 1749 4771 boni
1771 4716 1925 4773 ﬁeret
1953 4718 2067 4786 glo-

491 4806 588 4858 ria.
619 4805 725 4860 Sed
766 4808 857 4860 sub
884 4818 929 4860 te
956 4809 1051 4862 erit
1081 4810 1335 4879 appetitus
1360 4813 1471 4881 ejus
1491 4852 1507 4877 ,
1554 4820 1601 4867 et
1637 4820 1692 4863 tu
1728 4810 2068 4868 dominaberis

486 4897 647 4952 illius.
682 4898 836 4953 Nulla
887 4902 1138 4968 peccandi
1182 4906 1502 4959 necessitate
1530 4903 1887 4971 concluditur,
1913 4907 2067 4975 cujus

487 4991 796 5046 discretioni
827 4994 1178 5048 committitur
1202 5003 1257 5049 ut
1279 5003 1499 5064 peccato
1521 4996 1799 5065 superiore
1818 4997 2067 5053 libertate

449 5119 453 5123 ν
484 5084 811 5139 dominetur.
851 5084 1093 5156 Degener
1122 5100 1250 5140 vero
1277 5088 1510 5153 animus,
1538 5090 1627 5158 qui
1651 5104 1771 5143 cum
1803 5089 2065 5146 beneficio

486 5175 586 5230 Dei
635 5176 702 5231 de
739 5190 958 5247 peccato
998 5187 1176 5247 potest
1204 5179 1482 5235 victoriam
1522 5183 1811 5251 consequi,
1861 5184 2063 5237 mavult

482 5281 605 5321 cum
651 5268 851 5324 offensa
884 5270 976 5325 Dei
1015 5284 1203 5325 servus
1243 5285 1361 5325 csse
1388 5274 1614 5341 peccati.
1646 5273 1775 5341 Quae
1818 5288 1940 5329 cum
1990 5276 2062 5332 ita

478 5361 610 5426 sint,
648 5371 765 5428 post
794 5361 950 5430 primi
980 5360 1210 5417 hominis
1242 5364 1756 5433 przevaricationem,
1782 5381 1887 5420 non
1916 5382 2061 5422 mors

478 5451 707 5517 arbitrii,
740 5452 835 5506 sed
862 5451 1177 5518 infirmitas;
1213 5469 1313 5510 nec
1344 5456 1767 5525 impossibilitas,
1798 5459 1889 5513 sed
1920 5459 2061 5515 difﬁ-

475 5544 647 5598 cultas
671 5545 942 5613 pr0posito
966 5545 1149 5601 Iab’orc
1179 5551 1463 5603 successit.
1498 5550 1602 5605 Sed
1625 5560 1677 5604 et
1702 5553 1838 5606 Abel
1863 5553 2059 5610 divinis

479 5638 693 5703 placere
723 5640 1097 5708 conspectibus
1124 5681 1138 5704 ,
1173 5656 1265 5709 per
1290 5642 1508 5695 insitum
1537 5657 1567 5696 a
1592 5642 1703 5698 Deo
1729 5646 2060 5712 generaliter

476 5730 698 5793 bunum,
732 5730 783 5784 id
825 5740 926 5799 est,
972 5747 1070 5800 per
1093 5734 1322 5802 propria:
1350 5734 1542 5788 meruit
1572 5736 1859 5791 voluntatis
1888 5737 2050 5793 affec-

477 5828 606 5878 tum.
641 5821 734 5881 llic
780 5839 907 5897 ergo
934 5827 1019 5883 cui
1046 5843 1341 5900 cognomen
1377 5827 1508 5901 justi
1534 5830 1889 5887 immaculatae
1932 5835 2054 5892 vita:

2182 580 2367 639 steret,
2419 574 2519 627 nisi
2544 590 2671 630 eum
2698 578 2785 632 lex
2838 581 3132 639 visceribus
3168 585 3426 658 inscripta
3456 591 3779 651 docuisset?

2180 676 2271 720 aut
2298 667 2439 721 unde
2465 670 2752 738 placituras
2775 672 2893 727 Deo
2919 676 3149 745 hostias,
3195 690 3248 734 et
3280 696 3376 750 per
3407 685 3587 754 ignem
3617 691 3781 746 coeli-

2182 766 2268 813 tus
2291 760 2652 818 absumendas
2696 764 2762 819 de
2788 765 3034 836 adipibus
3065 780 3121 827 et
3150 774 3399 841 primitiis
3442 779 3640 835 scisset
3677 784 3780 838 eli-

2183 869 2331 921 gere,
2354 855 2453 909 nisi
2481 855 2635 922 fides,
2658 874 2778 928 qua:
2801 875 2921 915 eum
2939 873 3235 922 amatorem
3257 869 3515 927 virtutum
3540 874 3774 944 fecerat,

2185 945 2520 1014 inspirasset,
2553 949 2691 1005 sicut
2743 953 2965 1024 legimus
2999 974 3012 1011 :
3054 959 3189 1014 Fide
3228 964 3505 1032 plurimam
3547 970 3779 1028 hostiam

2185 1041 2309 1094 Abel
2332 1059 2484 1111 quam
2511 1043 2637 1099 Cain
2663 1045 2873 1114 obtulit,
2906 1053 3244 1109 testimonium
3263 1062 3555 1128 perhibente
3588 1084 3777 1125 mune—

2186 1138 2323 1191 ribus
2350 1141 2458 1208 ejus
2489 1140 2594 1194 Deo
2623 1141 2805 1210 (Hebr.
2834 1142 2929 1215 XI).
2963 1145 3115 1212 Quod
3159 1166 3497 1226 nequaquam
3522 1164 3781 1227 obtinere

2188 1231 2478 1300 potuisset,
2522 1233 2623 1288 nisi
2665 1238 2730 1289 ad
2764 1236 2974 1293 Domini
3018 1242 3214 1299 donum
3245 1246 3428 1305 famuli
3454 1259 3782 1317 accessisset

2188 1323 2525 1393 obsequium.
2573 1325 2641 1380 Et
2667 1337 2719 1381 tu
2755 1328 2885 1383 nihil
2906 1345 3027 1385 eum
3069 1336 3407 1397 ordinatione
3434 1344 3531 1400 Dei
3574 1348 3782 1407 habere

2184 1418 2393 1485 judicas
2419 1422 2711 1489 proprium,
2745 1424 2897 1493 cujus
2918 1426 3191 1484 devotioni
3222 1431 3316 1488 Dei
3341 1438 3591 1504 perhibet
3624 1448 3780 1501 testi-

2189 1512 2464 1565 monium?
2512 1510 2672 1568 Vides
2728 1513 2928 1569 bonum
2969 1519 3301 1578 credulitatis
3339 1540 3447 1583 non
3498 1535 3779 1591 novellum

2189 1617 2311 1658 esse
2344 1605 2702 1675 privilegium,
2734 1609 2835 1663 sed
2859 1622 3149 1681 vetustum,
3174 1623 3230 1669 et
3274 1616 3415 1674 inter
3442 1622 3557 1691 ipsa
3588 1629 3778 1683 mundi

2189 1697 2541 1753 coalescentis
2562 1700 2788 1755 exordia
2818 1713 3053 1760 mentem
3082 1707 3314 1765 hominis
3336 1713 3477 1769 sicut
3496 1716 3777 1777 intellectu

2189 1796 2348 1857 atque
2372 1789 2610 1859 ratione,
2642 1792 2713 1846 ita
2741 1792 2901 1848 etiam
2932 1796 3039 1852 fide
3068 1814 3096 1852 a
3127 1812 3339 1857 summo
3367 1817 3594 1865 auctore
3620 1811 3778 1869 dota-

2188 1882 2332 1934 tam?
2364 1882 2549 1952 itaque
2574 1884 2684 1953 jam
2734 1895 2843 1941 tum
2882 1887 3031 1944 dedit
3066 1892 3261 1947 anima:
3290 1895 3533 1954 notitiam
3583 1918 3773 1973 suam,

2186 1972 2400 2041 quando
2438 1975 2487 2029 ci
2519 1977 2860 2034 committere
2888 1980 3134 2050 dignatus
3158 1993 3240 2040 est
3274 1985 3563 2060 imaginem
3594 1972 3773 2054 suam.

2790 2092 3018 2150 CAPUT
3060 2096 3166 2152 νη.

2186 2179 2266 2232 Ad
2302 2184 2448 2252 cujus
2482 2183 2752 2253 imaginem
2788 2197 2835 2241 et
2864 2190 3249 2311 sinjlitudinem
3292 2199 3487 2266 primus
3515 2208 3672 2260 homo
3707 2210 3773 2263 sit

2846 2275 2937 2311 con
2980 2271 3100 2311 ilus.

2846 2271 3100 2314 τονιαιιηε.

2257 2344 2361 2398 Sed
2392 2345 2524 2400 dicis
2550 2366 2561 2401 :
2593 2349 2725 2417 Quid
2758 2352 2885 2431 mihi
2921 2354 2988 2408 ad
3016 2354 3317 2414 libertatem
3356 2364 3564 2421 arbitrii
3588 2368 3769 2439 jungis

2185 2433 2468 2503 imaginem
2523 2438 2636 2501 Dei.
2688 2456 2809 2497 cum
2857 2444 2945 2499 ille
2985 2448 3220 2504 eximius
3263 2455 3510 2511 conditor
3561 2433 3770 2519 futurus

2184 2529 2447 2583 secuturis
2475 2533 2687 2586 sarculis
2727 2544 2781 2588 et
2808 2537 3134 2609 redemptor,
3166 2542 3233 2596 ad
3272 2545 3415 2601 illam
3446 2553 3616 2620 magis
3638 2555 3771 2609 ima-

2183 2618 2361 2684 ginem
2415 2620 2600 2676 fecerit
2643 2625 2931 2693 hominem,
2991 2647 3148 2701 quam
3195 2649 3291 2703 per
3338 2618 3603 2708 virginem
3653 2658 3771 2702 erat

2183 2722 2557 2782 assumpturus
2587 2733 2651 2772 ex
2685 2720 2937 2778 homine?
2972 2725 3251 2783 Persuasio
3282 2730 3396 2803 haec
3425 2749 3455 2787 a
3498 2738 3769 2809 plerisque

2183 2806 2469 2872 profertur,
2515 2810 2608 2864 sed
2658 2814 2802 2868 omni
2856 2816 3061 2873 ratione
3101 2820 3350 2889 nudatur,
3393 2828 3516 2896 quia
3568 2806 3765 2899 prio—ris

2182 2897 2331 2951 initia
2384 2899 2665 2970 imaginem
2730 2906 2894 2960 multo
2953 2911 3265 2976 posterioris
3326 2897 3579 2973 induere
3620 2923 3769 2977 nullo

2183 2990 2344 3044 modo
2377 3003 2616 3059 possunt.
2668 2997 2774 3050 Aut
2802 3002 3069 3066 quomodo
3103 2989 3339 3061 nondum
3370 3014 3531 3066 creati
3571 3014 3771 3071 simili-

2184 3081 2420 3137 tudinem
2470 3085 2513 3139 is
2560 3086 2652 3156 qui
2706 3089 2908 3156 primus
2960 3094 3243 3151 creabatur
3283 3100 3563 3170 acciperet.
3616 3104 3770 3161 inter

2108 3215 2154 3277 Ο
2186 3174 2301 3230 haec
2333 3177 2540 3233 facilius
2566 3180 2667 3235 hoc
2695 3183 2842 3237 credi
2876 3187 3065 3253 possit,
3098 3198 3156 3243 ut
3185 3190 3250 3244 ad
3272 3194 3559 3249 secundum
3586 3198 3769 3255 Adam

2188 3270 2390 3337 primus
2420 3271 2591 3326 Adam
2639 3274 2921 3343 imaginem
2953 3292 3126 3349 suam,
3181 3298 3278 3351 pro
3308 3286 3511 3342 ordinis
3536 3305 3600 3346 ac
3631 3301 3769 3348 tem-

2187 3361 2332 3427 poris
2372 3362 2580 3418 ratione
2621 3370 3029 3424 transmitteret.
3073 3370 3287 3430 Minime
3314 3388 3491 3433 autem
3526 3380 3641 3436 fieri
3672 3399 3767 3453 po-

2186 3460 2321 3506 terat
2349 3464 2405 3507 ut
2434 3456 2610 3525 imago
2642 3459 2877 3515 nondum
2905 3464 3181 3520 existentis
3220 3469 3767 3533 substantimdicere-

2189 3552 2272 3598 tur
2297 3546 2342 3597 is
2373 3547 2461 3616 qui
2504 3558 2627 3603 ante
2654 3559 2729 3603 tot
2758 3554 2954 3607 saecula
2986 3552 3343 3615 formabatur:
3372 3572 3427 3617 ct
3452 3564 3765 3635 imprudens

2184 3639 2410 3691 assertio
2438 3638 2770 3707 probaretur,
2802 3653 2859 3698 ut
2886 3645 3024 3701 sicut
3051 3649 3236 3704 dicunt
3276 3652 3642 3715 similitudinis
3670 3676 3766 3715 au-

2184 3736 2384 3784 ctorem
2417 3746 2481 3786 ex
2526 3733 2730 3804 virgine
2775 3740 3186 3810 procreandum,
3237 3745 3598 3816 antiquissimi
3640 3767 3766 3821 pro-

2187 3821 2398 3887 IOpIasti
2430 3838 2656 3892 persona
2689 3828 3035 3894 prazcederet.
3069 3831 3184 3887 lluc
3213 3835 3419 3890 accedit
3451 3839 3595 3907 quod
3628 3843 3765 3895 mul-

2186 3923 2294 3967 tum
2325 3929 2411 3969 res
2438 3914 2527 3968 illa
2556 3917 2859 3974 humiliarct
2888 3920 2941 3975 in
2984 3924 3197 3978 homine
3231 3928 3415 3994 prima:
3442 3928 3766 3988 innocentia:

2183 4004 2367 4070 decus,
2417 4006 2461 4059 si
2493 4007 2865 4065 immaculatus
2892 4012 2956 4065 ad
2988 4016 3262 4084 exemplar
3306 4017 3448 4074 illius
3475 4021 3766 4091 fingeretur

2182 4096 2269 4163 qui
2302 4097 2571 4164 peccaturi
2601 4110 2715 4153 erat
2744 4104 2981 4157 maculas
3012 4115 3323 4173 curaturus;
3354 4120 3550 4166 utcum
3583 4122 3765 4167 trans-

2182 4186 2387 4253 gressio
2418 4187 2653 4242 nondum
2677 4191 2951 4260 existeret,
2978 4194 3087 4261 jam
3112 4204 3289 4252 tamen
3322 4204 3766 4270 transgressionis

2180 4276 2387 4344 culpam
2434 4276 2595 4333 futuri
2628 4280 2999 4339 intercessoris
3028 4285 3195 4341 forma
3224 4291 3519 4357 praeferret.
3563 4294 3764 4350 Conse-

2180 4381 2351 4436 quens
2372 4368 2549 4440 itaque
2572 4387 2677 4425 non
2699 4382 2817 4426 erat
2838 4389 3260 4433 consummatum
3282 4392 3441 4452 atque
3464 4384 3764 4452 perfectum

2179 4457 2244 4511 ad
2274 4458 2559 4528 imaginem
2594 4462 2756 4530 illius,
2792 4481 2885 4533 per
2914 4482 3070 4536 quem
3101 4485 3320 4526 necesse
3347 4483 3464 4528 erat
3492 4476 3763 4544 perditum

2098 4576 2155 4636 Β
2182 4551 2438 4616 reparari,
2460 4568 2526 4607 ne
2557 4554 2657 4608 sub
2675 4558 2891 4612 nomine
2916 4560 3125 4613 venturi
3154 4561 3490 4633 mediriipso
3518 4577 3765 4637 tempore

2181 4640 2351 4697 felicis
2379 4645 2605 4710 exordii,
2625 4649 2996 4717 supplantandi
3022 4654 3293 4709 videretur
3320 4656 3471 4711 ruina
3501 4661 3763 4728 praedici?

2184 4735 2237 4789 ld
2266 4750 2392 4805 ergo
2424 4739 2617 4793 rationi
2649 4740 2814 4810 magis
2839 4745 3104 4813 congruit,
3140 4755 3196 4800 ut
3222 4747 3273 4801 in
3320 4748 3556 4814 homine,
3586 4753 3671 4805 cui
3706 4753 3761 4806 in

2181 4827 2293 4895 ipsa
2325 4828 2674 4886 similitudine
2700 4848 2727 4884 a
2761 4832 2867 4888 Deo
2911 4839 3094 4902 gratia:
3134 4852 3222 4891 res
3254 4839 3481 4913 traditur
3527 4857 3634 4896 non
3665 4859 3761 4898 na-

2181 4931 2331 4985 turzc,
2385 4922 2559 4991 imago
2592 4922 2691 4977 hoc
2723 4924 2896 4991 potius
2928 4938 3283 4995 nuncupetur,
3335 4931 3477 4997 quod
3516 4948 3547 4985 a
3579 4934 3761 5000 priore
3821 4974 3827 4984 .

2176 5023 2232 5070 et
2275 5015 2549 5085 superiore
2600 5017 2905 5085 suscipitur.
2968 5020 3031 5073 Et
3077 5020 3145 5076 tie
3192 5022 3413 5078 veritate
3462 5024 3760 5080 similitudo

2174 5105 2340 5161 fuisse
2383 5108 2576 5161 collata
2618 5108 2829 5176 plenius
2874 5109 3165 5178 judicetur,
3214 5129 3371 5182 quam
3414 5124 3591 5169 tamen
3630 5132 3755 5171 cum

2174 5196 2282 5250 filio
2313 5198 2536 5251 naturali
2571 5210 2718 5267 pater
2740 5201 2861 5269 jure
2906 5205 3282 5257 communicat.
3314 5204 3517 5262 Deinde
3542 5216 3598 5261 et
3624 5208 3757 5263 illud

2171 5291 2448 5345 sollicitius
2494 5294 2877 5348 advertendum
2929 5304 3030 5361 est,
3081 5297 3221 5367 quod
3266 5298 3525 5355 Dominus
3571 5311 3759 5355 noster

2171 5383 2325 5437 Jesus
2351 5381 2594 5438 Christus
2622 5386 2671 5437 in
2700 5390 2869 5454 primo
2892 5396 3132 5457 tempore
3158 5389 3225 5445 de
3252 5406 3350 5445 suo
3380 5392 3601 5446 meliora
3626 5409 3757 5446 con-

2173 5475 2309 5527 tulit.
2344 5474 2398 5528 ln
2428 5476 2666 5529 secundo
2697 5486 2875 5532 autem
2906 5480 2971 5534 de
2996 5491 3179 5535 nostro
3201 5482 3472 5538 deteriora
3493 5486 3751 5554 suscepit.

2170 5566 2233 5618 Et
2263 5575 2543 5635 prepterca
2566 5568 2779 5636 quando
2803 5585 2864 5623 ex
2890 5571 3055 5626 nihilo
3078 5587 3176 5626 nos
3204 5576 3431 5642 paravit,
3463 5576 3751 5645 imaginem

2167 5672 2318 5709 suam
2350 5657 2520 5712 factor
2550 5661 2817 5729 apposuit.
2858 5663 3081 5730 Quando
3113 5681 3237 5720 vero
3264 5682 3361 5722 nos
3399 5667 3637 5736 perditos
3666 5684 3752 5722 re-

2168 5751 2393 5818 paravit,
2432 5752 2653 5807 formam
2683 5757 2823 5809 servi
2850 5758 3126 5811 restitutor
3166 5761 3477 5827 assumpsit,
3508 5761 3648 5813 sicut
3676 5762 3754 5815 ait

2164 5843 2459 5911 Apostolus
2494 5864 2505 5902 ;
2549 5842 2792 5901 Formam
2820 5850 2946 5904 servi
2991 5849 3244 5915 accipiens
3282 5851 3335 5906 iu
3363 5851 3753 5909 similitudinem
