4068 6348
341 384 445 443 θεῖ’»

1446 375 1531 430 DE
1570 373 1831 433 GRATIA,
1864 369 2006 436 DEI,
2054 370 2225 438 ETC.,
2272 376 2395 431 LIB.
2441 378 2499 431 ΙΙ.

3499 375 3603 433 8‘26

344 500 607 554 hominum
630 493 818 564 flictus,
840 502 884 545 et
907 492 1081 545 habitu
1099 492 1322 544 inventus
1346 501 1399 543 ut
1418 489 1808 559 Itomo(P/tilip.
1838 488 1918 555 ll).
1952 488 2003 543 Δ
2031 492 2400 558 substantiam,
2451 496 2565 549 sine
2613 496 2803 566 quibus
2840 504 3114 566 utcunque
3162 505 3337 565 potest
3376 497 3521 551 Vttaii
3553 498 3605 551 in

340 589 497 657 Quod
526 590 568 642 si
596 586 661 640 ad
692 585 839 639 illam
870 584 1162 638 exterioris
1194 583 1419 637 hominis
1447 583 1680 652 speciem
1713 582 1921 637 formati

343 697 550 748 sumus,
595 680 647 734 in
693 679 847 748 cujus
894 677 1169 745 membris,
1214 678 1380 744 visus,
1434 678 1668 746 auditus,
1714 687 1922 749 gustus,

343 779 597 834 odoratus
625 785 680 831 et
709 772 882 831 tactus
909 784 1013 841 est,
1045 774 1171 844 quid
1202 774 1304 828 erit
1352 773 1571 829 honoris
1598 782 1690 828 aut
1716 774 1923 843 gratiae,

343 874 388 928 si
418 871 486 926 de
513 869 603 924 illa
627 868 1006 938 participemus
1034 866 1283 935 imagine,
1309 880 1468 936 quam
1497 864 1650 920 nobis
1680 880 1746 920 ex
1773 872 1925 934 parte

344 962 575 1019 maxima
605 972 944 1014 communem
972 958 1169 1010 scimus
1199 969 1319 1010 esse
1366 969 1487 1009 cum
1532 954 1767 1023 pecude?
1799 952 1926 1007 Gra-

345 1055 427 1108 vis
466 1066 593 1121 ergo
627 1064 810 1105 eorum
853 1062 1007 1103 error
1050 1056 1134 1102 est
1185 1047 1276 1115 qui
1326 1045 1651 1100 arbitrantur
1698 1045 1924 1114 primum

344 1146 619 1201 hominem
661 1143 811 1212 juxta
860 1141 1008 1196 illum
1039 1140 1128 1211 qui
1159 1148 1275 1195 erat
1310 1139 1602 1194 sumendus
1641 1153 1711 1193 ex
1742 1137 1926 1203 Maria,

342 1240 413 1295 ab
458 1238 777 1306 incorporea
824 1233 1084 1289 Trinitate
1123 1234 1494 1304 compositum.
1544 1232 1726 1303 Neque
1784 1233 1928 1288 enim

348 1334 510 1388 Pater
538 1331 623 1386 vel
654 1328 885 1399 Spiritus
911 1334 1130 1382 sanetus
1155 1335 1305 1382 veste
1323 1326 1501 1382 carnis
1529 1335 1583 1382 et
1605 1325 1789 1380 habitu
1815 1334 1930 1380 erat

343 1427 581 1484 hominis
630 1424 950 1491 induendos,
993 1432 1050 1477 ut
1093 1421 1161 1477 ad
1204 1422 1320 1491 ejus
1346 1421 1498 1491 quasi
1541 1420 1785 1491 imaginis
1815 1434 1929 1474 sua:

343 1519 581 1589 speciem
617 1531 681 1572 ac
711 1516 969 1571 facturam
1006 1513 1165 1583 primi
1206 1512 1438 1568 hominis
1468 1512 1787 1567 lineamenta
1819 1510 1923 1565 dis-

344 1619 590 1681 poneret,
637 1623 700 1663 ac
740 1606 980 1662 membra
1028 1606 1341 1677 plasmaret,
1387 1613 1445 1658 ut
1492 1603 1663 1674 possit
1706 1603 1924 1657 dicere:

347 1702 632 1757 Faciamus
676 1700 947 1754 hominem
994 1698 1060 1752 ad
1105 1698 1392 1767 imaginem
1423 1706 1480 1751 et
1524 1693 1929 1750 similitudinem

346 1810 508 1867 quam
534 1792 797 1863 sumpturi
823 1805 1009 1846 sumus
1034 1806 1099 1845 ex
1130 1789 1369 1859 Virgine.
1400 1788 1630 1857 Ideoque
1655 1802 1722 1842 ex
1752 1786 1930 1841 Deita-

348 1891 417 1946 tis
443 1886 790 1945 similitudine
816 1885 1088 1941 derivatur
1108 1881 1367 1954 quidquid
1396 1880 1598 1936 homini
1619 1878 1854 1935 Trinitas
1875 1878 1929 1934 in

348 1996 634 2038 commune
664 1979 904 2049 largitur.
950 1977 1059 2032 Nec
1103 1976 1181 2030 sic
1234 1974 1454 2045 quidem
1508 1973 1710 2042 primus
1769 1971 1930 2025 homo

348 2074 568 2132 secundi
615 2073 746 2127 Adae
810 2069 1111 2139 suscepisse
1179 2066 1461 2137 imaginem
1531 2064 1635 2119 dici
1708 2072 1926 2133 posset,

347 2168 509 2223 etiam
536 2167 583 2221 si
611 2164 779 2220 Filius
809 2161 903 2217 Dei
929 2160 1075 2217 solus
1108 2160 1379 2214 hominem
1417 2156 1762 2212 condidisset.
1793 2154 1929 2209 Cum

346 2273 478 2314 vero
500 2256 644 2312 unita
672 2253 906 2309 Trinitas
932 2253 1106 2307 dicat:
1127 2250 1403 2305 Faciamus
1430 2249 1683 2303 hominem
1708 2248 1774 2300 ad
1799 2248 1929 2299 ima-

345 2352 515 2423 ginem
563 2359 609 2403 et
654 2346 1043 2401 similitudinem
1088 2352 1314 2398 nostram
1362 2338 1513 2411 (Gen.
1556 2340 1689 2411 Vill),
1738 2338 1930 2409 plurali

345 2444 639 2515 singulare,
659 2450 714 2497 et
738 2440 993 2509 singulari
1010 2436 1213 2508 plurale
1236 2434 1591 2505 permiscens;
1621 2443 1675 2488 et
1703 2434 1924 2486 iterum:

345 2538 416 2592 Et
442 2539 562 2610 fecit
584 2536 727 2591 Deus
749 2534 1005 2588 hominem
1024 2532 1093 2584 ad
1115 2530 1499 2584 similitudinem
1525 2543 1691 2593 suam,
1715 2527 1781 2578 ad
1801 2526 1929 2578 ima-

346 2633 515 2702 ginem
548 2628 647 2683 Dei
674 2627 792 2693 fecit
832 2625 1005 2691 illum,
1040 2623 1199 2679 toties
1231 2621 1363 2692 legis
1400 2619 1672 2674 hominem
1701 2618 1767 2671 ad
1796 2618 1928 2670 ima-

346 2725 524 2795 ginem
549 2720 642 2776 Dei
662 2718 968 2782 conditum;
996 2725 1051 2771 et
1074 2729 1175 2784 qua
1201 2714 1517 2767 austeritate
1536 2718 1721 2766 contra
1750 2708 1927 2762 divina

346 2817 559 2887 eloquia
586 2811 868 2885 praesumis
897 2823 1140 2864 asserere
1162 2807 1321 2877 juxta
1346 2804 1486 2860 servi
1515 2804 1738 2858 formam
1762 2801 1929 2856 fuisse

350 2907 739 2981 compositum?
770 2907 904 2961 Cum
933 2919 1061 2973 ergo
1092 2904 1267 2971 imago
1299 2900 1412 2953 haec
1440 2914 1470 2951 a
1503 2897 1662 2951 Patre
1687 2904 1742 2950 et
1769 2894 1926 2961 Filio;

349 3014 404 3060 et
423 3004 625 3074 Spiritu
654 3010 840 3056 sancto
855 2997 1189 3067 conferatur,
1207 2995 1409 3064 absque
1433 2992 1595 3047 dubio
1622 2990 1781 3044 trium
1810 3004 1929 3058 per-

346 3111 603 3153 sonarum
641 3108 746 3148 una
776 3090 1034 3146 Divinitas
1079 3088 1253 3157 primo
1287 3085 1489 3140 homini
1528 3098 1641 3138 suae
1684 3079 1930 3149 imaginis

347 3187 529 3245 tribuit
558 3185 893 3256 dignitatem.
926 3182 1055 3249 Quae
1098 3195 1218 3235 cum
1250 3179 1322 3233 ita
1362 3176 1487 3241 sint,
1521 3176 1697 3229 inesse
1726 3172 1927 3227 homini

351 3286 479 3339 licet
506 3286 832 3335 attenuatam
860 3275 1147 3330 voluntatis
1179 3272 1410 3343 propriae
1440 3270 1742 3325 libertatem
1775 3266 1928 3321 mini-

350 3389 440 3428 me
484 3371 773 3435 dubitabis,
821 3368 868 3423 si
911 3368 1139 3437 primam
1189 3365 1437 3435 gratiam,
1487 3376 1590 3433 qua
1639 3376 1670 3415 a
1714 3362 1934 3415 De0'est

349 3460 667 3527 honoratus,
708 3461 1022 3530 inspexeris.
1057 3456 1237 3526 imago
1262 3470 1391 3525 ergo
1430 3454 1525 3510 Dei
1551 3453 1765 3517 dicitur,
1810 3452 1932 3522 quia

348 3557 398 3613 ei
425 3555 763 3625 indulgenter
789 3567 851 3606 ac
873 3550 1155 3618 dignanter
1178 3548 1405 3603 inseruit
1427 3547 1624 3602 veritas
1648 3545 1929 3614 justitiam,

348 3650 488 3705 ratio
502 3647 840 3717 sapientiam,
865 3642 1176 3715 perennitas
1204 3643 1582 3697 aeternitatem.
1602 3639 1678 3694 De
1702 3638 1935 3708 imagine

351 3740 446 3796 Dei
496 3747 600 3804 est,
653 3738 796 3808 quod
845 3734 1111 3804 intelligit,
1164 3732 1306 3804 quod
1347 3742 1552 3789 rectum
1591 3732 1751 3801 sapit,
1794 3730 1936 3798 quod

352 3835 492 3889 inter
512 3832 712 3887 malum
739 3839 794 3885 et
829 3830 1026 3885 bonum
1050 3827 1253 3898 judicio
1280 3825 1628 3881 examinante
1661 3823 1935 3878 discrimi—

357 3936 464 3979 nat.
494 3925 708 3979 Etcum
736 3922 829 3979 Dei
853 3920 1094 3986 bonitas,
1141 3917 1533 3983 misericordia,
1568 3914 1821 3986 patientia
1856 3925 1936 3968 at-

354 4032 459 4088 que
506 4016 709 4086 justitia
766 4016 854 4080 sit,
912 4022 1113 4082 quanto
1164 4011 1389 4082 quisque
1438 4009 1611 4078 magis
1654 4007 1830 4077 justus
1874 4020 1938 4061 ac

355 4111 564 4181 patiens
591 4108 877 4176 invenitur,
912 4116 1060 4162 tanto
1090 4104 1260 4177 magis
1295 4103 1408 4159 Deo
1442 4102 1634 4158 similis
1674 4099 1939 4171 approba-

357 4213 462 4259 tur.
492 4201 660 4273 Cujus
689 4205 873 4271 utique
896 4198 1212 4263 similitudo,
1246 4211 1355 4252 non
1384 4196 1439 4249 in
1462 4193 1717 4258 vultibus,
1764 4191 1860 4246 sed
1885 4190 1940 4245 in

358 4297 640 4352 virtutibus
684 4294 1006 4364 possidetur.
1056 4292 1124 4347 Et
1172 4299 1457 4361 propterea
1484 4287 1554 4343 de
1581 4286 1694 4341 Deo
1720 4284 1940 4349 dicitur,

357 4388 591 4454 subtilis,
645 4387 894 4455 simplex,
946 4385 1206 4440 sincerus.
1262 4379 1502 4451 Simplex
1555 4376 1760 4447 utique,
1818 4375 1943 4445 quia

357 4481 487 4535 nihil
511 4480 585 4535 illi
617 4479 956 4535 extrinsecus
981 4476 1336 4548 adjectitium,
1359 4472 1490 4553 nihil
1522 4470 1739 4543 aliunde
1772 4468 1942 4524 colla-

360 4586 491 4641 tum,
542 4573 637 4628 sed
669 4573 721 4626 in
760 4572 854 4627 illo
892 4571 1084 4636 virtus,
1128 4569 1385 4635 essentia,
1433 4575 1595 4637 atque
1643 4563 1942 4619 substantia

359 4676 462 4739 est.
496 4667 572 4720 Ac
600 4665 678 4721 sic
706 4665 849 4720 Deus
895 4663 1036 4733 quod
1075 4661 1261 4727 habet,
1305 4669 1416 4725 est;
1470 4658 1631 4713 homo
1670 4670 1800 4711 vero
1831 4656 1945 4709 hazc

358 4758 500 4812 dona
530 4756 629 4811 nisi
660 4756 951 4826 acceperit,
997 4769 1100 4808 non
1132 4753 1313 4808 habet.
1356 4750 1490 4807 Cum
1534 4766 1664 4821 ergo
1693 4749 1834 4803 Deus
1856 4746 1945 4816 ju-

356 4860 473 4905 stus
500 4864 563 4905 ac
601 4849 833 4921 justitia,
888 4848 1199 4904 misericors
1227 4856 1281 4901 et
1308 4844 1710 4909 misericordia,
1748 4843 1866 4913 pius
1894 4851 1949 4897 et

355 4944 531 5012 pictas
562 4942 653 5010 sit,
684 4944 846 4997 homo
875 4941 1054 5011 justus
1080 4953 1200 4994 esse
1225 4946 1422 5008 potest,
1459 4937 1662 5006 justitia
1691 4950 1811 4991 esse
1842 4949 1948 4988 non

359 5044 565 5104 potest;
594 5035 903 5089 misericors
923 5047 1045 5087 esse
1071 5038 1266 5101 potest,
1299 5028 1669 5082 misericordia
1696 5041 1816 5081 esse
1840 5040 1947 5080 non

359 5137 573 5199 potest;
608 5128 726 5198 pius
756 5142 876 5183 esse
906 5134 1101 5196 potest,
1135 5123 1302 5195 pietas
1321 5135 1442 5177 esse
1471 5136 1574 5175 non
1602 5128 1795 5190 potest,
1828 5119 1950 5189 quia

363 5236 473 5275 non
503 5220 817 5275 naturaliter
841 5219 1001 5274 habet
1025 5218 1148 5283 ista,
1172 5214 1265 5272 sed
1288 5214 1528 5284 largiter.
1566 5212 1725 5268 Verbi
1757 5212 1948 5282 gratia,

361 5311 455 5366 ille
502 5328 694 5367 aurum
744 5320 845 5377 est,
898 5310 1061 5365 homo
1106 5324 1235 5364 vero
1279 5307 1593 5362 deauratum
1642 5318 1738 5358 vas
1779 5303 1953 5359 videri

364 5412 573 5471 potest;
618 5412 673 5459 et
716 5403 769 5457 in
799 5402 1015 5458 homine
1043 5401 1213 5473 gratia
1245 5408 1347 5467 est,
1380 5398 1521 5471 quod
1544 5399 1597 5452 in
1628 5398 1740 5451 Deo
1764 5405 1950 5451 natura

364 5504 480 5559 est;
538 5504 595 5551 et
642 5497 695 5550 in
730 5496 833 5551 hoc
862 5504 1101 5551 creatum
1133 5504 1235 5563 est,
1288 5494 1431 5566 quod
1473 5493 1525 5547 in
1568 5491 1661 5547 illo
1703 5491 1957 5560 probatur

365 5588 679 5657 ingenitum.
737 5589 805 5644 Et
848 5590 970 5645 ideo
1005 5589 1162 5659 juxta
1194 5590 1332 5644 hanc
1368 5588 1631 5643 rationem
1661 5584 1831 5654 magis
1861 5582 1960 5636 du-
2012 5616 2026 5635 .

363 5681 491 5751 plex
513 5690 683 5737 status
709 5682 946 5739 hominis
971 5692 1215 5753 apparet,
1255 5684 1341 5737 cui
1379 5681 1496 5736 haec
1526 5681 1595 5734 ita
1624 5680 1953 5743 inseruntur,

370 5780 426 5826 ut
453 5785 771 5843 separentur
800 5776 996 5845 saepius
1021 5785 1076 5831 et
1106 5774 1436 5828 auferantur.
1478 5773 1671 5827 Errant
1713 5786 1840 5840 ergo
1866 5770 1955 5839 qui

368 5862 628 5937 justitiam
687 5867 1029 5940 reliquasque
1078 5866 1305 5922 virtutes
1352 5866 1544 5921 anima:
1603 5872 1788 5936 putant
1833 5876 1953 5916 esse

1952 3225 2001 3291 C

2022 595 2217 639 natura
2248 600 2342 640 sua
2369 588 2548 657 vigore
2576 589 2892 656 subsistere,
2918 589 3033 643 sine
3057 588 3247 658 quibus
3282 598 3337 644 et
3361 588 3606 643 diabolus

2028 680 2084 733 in
2112 690 2300 734 natura
2341 696 2437 735 sua
2479 696 2696 736 manere
2740 682 3089 752 dignoscitur.
3140 682 3422 738 Manifeste
3465 684 3607 737 enim

2031 774 2373 830 inveniuntur
2401 776 2667 846 apposita,
2708 776 2833 832 dum
2862 777 3034 847 culpis
3065 777 3459 833 invenientibus
3482 792 3611 833 exu-

2032 873 2212 920 untur.
2265 866 2450 921 Solum
2494 882 2624 923 vero
2650 868 2931 924 arbitrium
2963 879 3018 924 et
3046 869 3443 935 immortalitas,
3493 884 3612 939 qua:

2032 961 2193 1013 etiam
2225 958 2378 1015 malis
2408 960 2565 1014 insita
2602 969 2705 1026 est,
2734 976 2841 1016 non
2868 962 3126 1028 aufertur,
3157 962 3281 1018 licet
3309 962 3541 1033 dignitas
3560 970 3615 1018 et

2032 1050 2306 1107 beatitudo
2356 1051 2774 1107 immortalitatis
2829 1056 3000 1122 possit
3051 1054 3270 1111 auferri.
3344 1054 3613 1122 Quantum

2032 1158 2160 1214 ergo
2189 1144 2255 1198 ad
2286 1145 2586 1201 libertatem
2638 1145 2844 1201 arbitrii
2884 1156 2939 1202 et
2969 1146 3422 1203 immortalitatem
3445 1150 3613 1218 perti-

2032 1244 2145 1299 net,
2176 1236 2461 1308 imaginem
2500 1238 2612 1304 Dei,
2663 1236 2789 1293 licet
2817 1247 3007 1305 eseet
3036 1239 3089 1293 in
3131 1254 3190 1293 se
3228 1240 3610 1305 decoloratam,

2032 1330 2193 1385 etiam
2227 1329 2349 1385 mali
2380 1330 2575 1385 habere
2619 1338 2865 1401 possunt,
2909 1330 3312 1387 similitudinem
3359 1333 3460 1387 nisi
3486 1333 3615 1388 boni

2035 1422 2231 1478 habere
2253 1438 2359 1478 non
2383 1434 2627 1494 possunt.
2660 1423 2792 1491 Quae
2818 1439 2940 1479 cum
2968 1424 3042 1479 ita
3070 1426 3199 1493 sint,
3242 1440 3338 1481 cur
3367 1425 3616 1481 homines

2034 1515 2261 1586 imagine
2287 1525 2342 1571 et
2365 1516 2719 1591 similitudine,
2750 1516 2843 1572 Dei
2878 1517 3136 1583 decorati,
3178 1518 3351 1588 angeli
3394 1534 3490 1574 seu
3523 1518 3617 1574 filii

2035 1607 2128 1662 Dei
2150 1608 2443 1663 meruerint
2470 1608 2787 1677 nuncupari,
2832 1608 2916 1663 vel
2947 1610 3129 1678 paucis
3158 1608 3331 1663 adhuc
3356 1610 3617 1678 exemplis

2034 1702 2410 1769 praestringere
2439 1716 2538 1755 nos
2569 1709 2801 1771 oportet,
2834 1703 3018 1772 quanti
3049 1710 3172 1767 ante
3199 1702 3370 1772 legem
3400 1703 3616 1769 litterae,

2036 1790 2312 1847 erudiente
2360 1792 2479 1862 lege
2505 1801 2729 1859 naturre,
2773 1808 2892 1863 quae
2928 1794 3096 1861 prima
3130 1796 3209 1863 (ut
3238 1792 3495 1862 diximus)
3526 1793 3617 1848 Dei

2034 1882 2201 1952 gratia
2234 1892 2337 1947 est,
2356 1884 2615 1939 vestibula
2645 1884 2834 1939 salutis
2862 1884 3203 1949 intraverint,
3229 1900 3325 1954 per
3341 1884 3617 1939 Christum

2033 1976 2099 2030 ad
2128 1976 2237 2045 ipsi
2272 1977 2394 2031 vita:
2421 1978 2714 2047 penetralia
2744 1977 3096 2047 perducendi.
3130 1977 3235 2033 Sed
3278 1978 3379 2033 hoc
3408 1992 3619 2049 quoque

2032 2071 2087 2125 in
2120 2071 2239 2125 loco
2263 2070 2395 2125 Abel
2425 2085 2634 2125 morum
2662 2085 2725 2125 ac
2762 2071 3074 2125 meritorum
3102 2071 3453 2126 similitudine
3491 2070 3619 2143 sub-

2033 2164 2271 2227 sﬁtutus,
2326 2162 2465 2217 unde
2523 2161 2743 2231 profana
2794 2162 2975 2217 fratris
3028 2162 3267 2217 instituta
3316 2170 3617 2232 respueret,

2034 2256 2158 2311 inde
2204 2255 2427 2311 meliora
2460 2256 2723 2324 potuisset
2771 2255 2991 2325 eligere,
3047 2255 3151 2309 nisi
3200 2270 3321 2309 eum
3371 2256 3424 2310 in
3475 2255 3618 2311 viam

2034 2358 2234 2404 rectam
2268 2347 2572 2402 intellectus
2600 2356 2653 2401 et
2681 2347 2820 2401 ratio
2851 2346 3157 2415 direxisset,
3199 2362 3302 2416 qua
3334 2347 3469 2402 duce
3494 2361 3618 2401 san-

2032 2451 2149 2501 ctas
2177 2428 2493 2496 traditiones
2523 2449 2578 2496 et
2607 2439 2976 2510 prmdicabiles
3003 2440 3316 2510 disciplinas
3340 2440 3484 2497 velut
3510 2440 3619 2495 ha:-

2034 2535 2345 2590 reditarium
2389 2549 2582 2588 munus
2620 2533 2916 2588 transmisit
2946 2532 3013 2587 ad
3042 2543 3307 2602 posteros,
3362 2543 3418 2587 ut
3450 2549 3615 2603 ange-

2033 2628 2207 2681 lorum
2233 2624 2321 2680 vei
2353 2624 2580 2679 filiorum
2604 2623 2699 2678 Dei
2737 2623 2953 2678 nomine
2983 2638 3077 2693 per
3106 2623 3303 2678 multas
3332 2638 3620 2678 censeren—

2033 2729 2121 2773 tur
2151 2718 2371 2774 astates?
2388 2718 2519 2785 Quis
2540 2716 2748 2772 dubitet
2776 2717 3085 2773 innumeras
3111 2717 3228 2787 ejus
3257 2717 3485 2773 familias
3507 2718 3620 2774 Deo

2032 2812 2279 2883 placitas,
2328 2810 2577 2866 libertate
2616 2809 2823 2864 arbitrii
2863 2810 3133 2879 praeditas,
3167 2818 3220 2865 et
3268 2826 3332 2864 ex
3371 2810 3620 2881 gentibus

2034 2906 2201 2960 fuisse
2227 2905 2479 2971 salvatas,
2512 2903 2579 2958 de
2604 2903 2796 2972 quibus
2820 2904 2971 2972 pauci
3000 2903 3309 2967 admodum,
3354 2904 3448 2958 sed
3486 2905 3619 2959 clari

2033 3007 2192 3066 atque
2220 2995 2440 3065 perfecti
2470 2994 2535 3048 ad
2572 2993 3017 3047 illuminationem
3060 2994 3241 3049 saeculi
3289 2995 3452 3049 sacris
3488 3009 3615 3065 pro-

2032 3092 2230 3145 duntur
2255 3088 2519 3157 eloquiis?
2564 3086 2713 3142 Unde
2752 3086 2895 3140 enim
2930 3086 3111 3142 Enoch
3140 3102 3263 3142 cum
3295 3087 3405 3142 Deo
3430 3088 3619 3143 ambu-

2034 3182 2167 3245 lare,
2196 3180 2282 3234 vel
2314 3178 2428 3234 Deo
2456 3177 2668 3247 placere
2696 3177 2977 3247 potuisset,
3008 3176 3110 3231 nisi
3140 3192 3261 3231 eum
3290 3179 3375 3232 lex
3402 3178 3618 3233 visceri-

2036 3273 2137 3328 bus
2166 3271 2339 3326 infusa
2382 3279 2591 3326 secreto
2628 3268 2937 3338 magisterio
2978 3268 3353 3334 illuminasset,
3399 3269 3452 3323 in
3500 3279 3619 3324 tan-

2039 3375 2172 3429 tum,
2220 3372 2280 3419 ut
2327 3361 2460 3417 nihil
2492 3372 2769 3417 terrenum
2810 3361 3028 3431 sapiens
3071 3362 3389 3417 mirabiliter
3415 3377 3443 3415 a
3472 3370 3620 3417 terra
3670 3398 3675 3405 ι

2040 3458 2151 3514 Deo
2181 3465 2491 3513 assumente
2530 3454 2845 3525 raperetur?
2886 3452 2986 3521 Qui
3018 3452 3145 3507 dum
3195 3453 3316 3509 fidei
3349 3455 3537 3509 merito
3566 3455 3618 3509 in

2038 3554 2207 3622 prima
2261 3550 2444 3606 saeculi
2492 3549 2633 3603 illius
2679 3556 3101 3610 tetatecreteros
3129 3546 3423 3612 antecellit,
3461 3546 3620 3603 ﬁdem

2039 3647 2209 3714 ipsam
2230 3658 2351 3698 eum
2377 3643 2494 3712 lege
2522 3651 2725 3711 natura:
2754 3640 2855 3695 sibi
2884 3639 3131 3694 traditam
3158 3640 3323 3694 fuisse
3342 3638 3615 3708 perdocet.

2040 3738 2190 3793 Sicut
2216 3737 2441 3806 legimus
2466 3752 2475 3786 :
2512 3731 2645 3787 Fide
2674 3730 2850 3785 Enoch
2881 3732 3159 3785 translatus
3185 3740 3278 3798 est,
3320 3742 3375 3784 ut
3418 3748 3518 3785 non
3547 3733 3619 3785 vi-

2042 3828 2181 3882 deret
2221 3837 2453 3880 ntortem.
2518 3826 2645 3877 Ante
2680 3822 3065 3876 translationem
3105 3823 3238 3875 enim
3278 3824 3621 3877 testimonium

2044 3919 2220 3973 habuit
2249 3918 2503 3989 placuisse
2526 3916 2651 3969 Deo.
2704 3915 2829 3968 Sine
2868 3914 2972 3982 [ide
3001 3922 3173 3966 autem
3212 3914 3522 3981 impossibile
3548 3924 3622 3967 est

2042 4012 2242 4083 placere
2286 4008 2416 4063 Deo.
2469 4005 2684 4061 Credere
2728 4013 2899 4056 autem
2949 4011 3145 4073 Oportet
3193 4004 3510 4056 accedentem
3554 4002 3623 4055 ad

2045 4106 2230 4169 Deum,
2282 4104 2402 4173 quia
2447 4110 2539 4167 est,
2589 4109 2634 4153 et
2676 4094 3047 4166 inquirentibus
3084 4112 3138 4148 se
3178 4096 3243 4147 sit
3280 4106 3624 4149 remunerator

2046 4198 2230 4268 (Hebr.
2262 4193 2362 4261 χι).
2409 4193 2517 4247 Nisi
2565 4188 2921 4246 voluntariam
2954 4186 3297 4242 devotionem
3347 4197 3399 4240 et
3442 4186 3619 4240 iuten-

2049 4295 2248 4347 tionem
2279 4295 2562 4361 qutereret,
2594 4283 3087 4340 remunerationem
3138 4279 3339 4334 homini
3385 4294 3490 4333 non
3532 4279 3626 4333 de-

2047 4385 2233 4448 ferret,
2273 4390 2328 4438 et
2371 4380 2473 4435 nisi
2502 4380 2551 4434 ei
2592 4375 2791 4445 aliquid
2823 4375 2969 4445 prius
3014 4372 3156 4428 unde
3200 4371 3369 4441 possit
3416 4373 3627 4442 placere

2049 4480 2339 4535 tribuisset.
2378 4475 2511 4529 Dum
2543 4482 2718 4527 autem
2745 4469 2893 4533 dicit,
2940 4476 3059 4521 ante
3083 4466 3467 4520 translationem
3498 4464 3653 4517 eniut'

2051 4571 2388 4628 testimonium
2426 4566 2615 4630 (tabuit,
2667 4563 2922 4631 placuisse
2960 4558 3093 4625 Deo,
3136 4556 3358 4613 dubium
3400 4572 3507 4609 non
3548 4563 3631 4609 est

2050 4661 2191 4733 quod
2225 4660 2370 4730 prius
2403 4658 2505 4711 vita
2534 4656 2892 4719 examinetur,
2919 4660 2975 4705 et
3008 4650 3086 4705 sic
3122 4648 3317 4704 electio
3342 4647 3632 4714 subsequa-

2053 4766 2157 4808 tur.
2183 4754 2238 4807 lu
2266 4747 2614 4819 persuasione
2641 4742 3129 4815 praedestinationis
3157 4740 3313 4795 facile
3341 4737 3633 4793 declinabi-

2053 4856 2139 4901 tur
2161 4860 2312 4900 error
2334 4839 2615 4905 accedens,
2653 4838 2697 4891 si
2726 4836 3086 4906 interrogetur
3113 4847 3273 4889 causa
3302 4828 3629 4899 praecedens.

2052 4934 2436 5005 Inquirentibus
2483 4948 2535 4985 se
2582 4936 2928 4983 remuneratur
2979 4927 3066 4993 sit,
3116 4940 3237 4979 cum
3285 4936 3479 4991 tttagno
3527 4933 3635 4974 non

2056 5030 2208 5085 deest
2234 5025 2460 5081 crimine
2511 5037 2615 5076 non
2653 5020 2935 5089 quaerenti,
2982 5017 3104 5089 quia
3147 5015 3293 5071 dedit
3342 5012 3483 5066 unde
3526 5024 3636 5064 non

2058 5120 2220 5191 possit
2245 5115 2460 5187 inquiri.
2511 5112 2731 5179 Qualem
2778 5120 3134 5178 quantamque
3165 5107 3325 5160 homo
3360 5119 3390 5158 a
3423 5103 3533 5157 Deo
3560 5102 3638 5157 le-

2056 5230 2174 5285 gem
2204 5211 2375 5282 prima
2401 5206 2706 5262 conditione
2732 5202 3047 5272 susceperit,
3081 5198 3316 5269 perfecta
3338 5196 3498 5252 etiam
3521 5195 3635 5251 Noe

2057 5304 2259 5378 justitia
2286 5299 2600 5362 declaravit,
2631 5298 2750 5367 quia
2782 5295 3045 5365 generalia
3080 5292 3203 5347 fidei
3238 5292 3378 5347 dona
3417 5290 3637 5361 speciali

2060 5400 2113 5453 in
2144 5413 2202 5451 se
2231 5393 2408 5449 studio
2437 5392 2688 5446 virtutum
2738 5398 2971 5443 sectator
3002 5385 3253 5441 excoluit.
3304 5385 3471 5454 Cujus
3501 5392 3637 5435 tem-

2062 5502 2191 5559 pore
2221 5501 2339 5541 cum
2380 5482 2711 5551 corrupisset
2739 5479 2913 5533 omnis
2962 5491 3088 5532 caro
3112 5476 3250 5531 viam
3294 5488 3443 5530 suam
3475 5468 3638 5538 super

2062 5594 2283 5646 terram,
2323 5576 2593 5631 damnatio
2634 5581 2814 5629 secuta
2863 5586 2967 5625 non
3017 5578 3181 5634 esset,
3239 5567 3339 5621 nisi
3385 5561 3638 5646 praevari—

2060 5673 2199 5728 catio
2244 5687 2310 5725 ex
2356 5668 2579 5724 arbitrio
2623 5666 2856 5721 hominis
2898 5661 3280 5734 przeeessisset.
3333 5656 3483 5711 Sicut
3509 5640 3640 5724 ergo

2036 5743 2214 5833 {culpa
2244 5776 2453 5831 poenam
2505 5767 2761 5822 meretur,
2811 5756 2878 5809 ita
2924 5754 3077 5822 culpa
3125 5763 3337 5821 poenam
3387 5756 3631 5813 testatur,

2060 5875 2177 5931 (μω
2208 5872 2305 5928 pro
2332 5856 2583 5927 aequitate
2610 5849 2958 5907 moderatoris
2996 5846 3241 5903 infertur.
3287 5844 3422 5902 Dum
3453 5850 3636 5904 autent
