4068 6348
388 331 488 384 827

1613 315 1669 369 S.
1713 310 1960 369 FAUSTI
2000 307 2402 364 RIIEGIENSIS

3551 289 3667 353 828

389 443 515 495 dicit
560 454 738 498 sermo
781 438 987 494 divinus
1049 452 1057 482 2
1109 431 1286 484 Omnis
1328 446 1446 482 caro
1493 437 1789 496 corruperat
1834 442 1963 478 viam
1993 430 2040 488 Α
2073 426 2358 478 hilominus
2384 420 2619 490 potuisse
2647 431 2739 485 per
2770 413 3024 468 studium.
3076 419 3234 480 certe
3263 410 3464 465 nullum
3493 407 3661 464 iniha

391 538 534 592 suam
559 520 712 590 (Gen.
743 518 839 586 vi),
882 513 1185 593 iniquitates
1217 510 1356 584 illius
1385 508 1638 578 temporis
1669 523 1773 562 non
1803 509 1974 574 impo-

393 615 507 666 sitce
550 608 873 680 definitioni,
923 604 1016 680 sed
1062 603 1378 672 voluntaria:
1429 602 1655 668 imputat
1703 599 1968 667 pravitati.

399 704 588 770 Legem
621 677 810 767 itaque.
843 677 1035 764 litterae
1065 698 1266 770 absque
1293 693 1455 770 dubio
1499 693 1732 764 ccelestis
1762 691 1976 760 dispen-

397 769 531 846 satio
562 807 662 854 non
696 769 950 850 dedisset,
987 787 1087 840 nisi
1138 769 1304 864 legem
1330 769 1541 847 rnaturre
1587 782 1977 850 interpellasset

396 899 563 956 usque
591 884 654 935 ad
687 884 816 954 iram
847 881 1027 945 diluvii
1060 879 1309 958 perducta
1339 877 1716 946 transgressio.
1743 874 1976 944 Ideoque

391 955 636 1046 Ἰιίρξιρκ
670 972 862 1041 Moysi,
901 987 1030 1040 gnte
1064 955 1239 1042 prima
1289 968 1544 1046 creditur,
1590 968 1698 1038 jam
1746 963 1975 1034 secunda

391 1043 493 1143 est.
525 1046 670 1145 Utilis
702 1070 876 1142 itaque
909 1051 1163 1132 naturalis
1189 1065 1320 1134 legis
1345 1065 1393 1116 in
1427 1062 1676 1134 cordibus
1705 1060 1976 1116 hominum

398 1164 564 1228 fuisse
589 1161 972 1228 eon~criptun_i,
995 1159 1154 1227 etiam
1183 1155 1519 1210 beatissimus
1538 1152 1775 1230 pontifex
1793 1152 1979 1220 Angu-

399 1254 572 1306 stinus
601 1237 920 1306 doctissimo.
954 1261 1200 1322 sermone
1248 1245 1600 1313 prosequitur,
1647 1244 1714 1296 ita
1754 1241 1974 1294 dicens:

402 1323 702 1413 Utrumque
730 1342 888 1416 simul
929 1339 1094 1412 currit
1135 1337 1186 1403 in
1220 1338 1318 1408 isto
1358 1335 1512 1388 alveo
1552 1343 1711 1410 atque
1747 1341 1982 1388 torrente

401 1435 614 1504 generis
651 1432 889 1505 humani,
940 1432 1133 1496 malum
1179 1426 1318 1502 quod
1347 1441 1377 1504 la
1404 1431 1621 1496 parente
1654 1423 1901 1493 trahitur,
1931 1429 1984 1473 et

407 1529 602 1581 bonum
632 1523 773 1594 quod
806 1539 831 1574 a
865 1530 1079 1594 creante
1104 1519 1368 1590 tribuitur.
1406 1518 1532 1589 Item
1564 1515 1763 1578 nullius
1785 1515 1981 1582 quippe

407 1621 587 1671 vitium
635 1617 705 1669 ita
752 1623 935 1682 contra
988 1622 1229 1666 naturam
1281 1619 1391 1675 est,
1458 1617 1514 1661 ut
1562 1616 1763 1660 naturae
1809 1606 1987 1662 deleat

404 1713 562 1765 etiam
616 1717 853 1774 extrema
905 1705 1148 1772 vestigia.
1206 1702 1335 1776 Nam
1386 1701 1508 1754 hinc
1543 1709 1597 1754 et
1640 1698 1778 1766 quod
1823 1697 1981 1751 etiam

2076 526 2232 572 aetate
2261 516 2433 569 fatalis
2462 514 2773 568 constitutio
2802 513 2973 566 locum
3003 509 3208 564 habuit.
3241 508 3372 562 Nam
3395 507 3518 575 quia
3541 508 3665 570 uni—

2075 609 2297 668 versalis
2325 606 2496 675 fuerat
2525 607 2797 674 praetmssa
2829 602 3202 672 transgressio,
3237 596 3558 652 universalis
3579 605 3665 652 est

2075 708 2258 764 secuta
2308 697 2598 752 damnatio.
2652 695 2931 762 Quomodo
2976 692 3109 754 dicis
3158 690 3298 758 quod
3353 696 3664 745 assumatur

2081 805 2214 850 unus
2248 798 2299 848 et
2329 789 2462 843 alius
2508 788 2876 854 relinquatur?
2929 785 3059 843 Vide
3087 780 3539 852 quemadmodum
3573 794 3666 834 ex-

2081 891 2233 947 cepta
2279 880 2408 948 justi
2458 879 2676 945 familia,
2726 887 2867 932 totus
2916 875 3062 930 orbis
3109 882 3334 942 cogente
3380 871 3668 940 iniquitate

2082 971 2307 1025 deletur.
2363 970 2494 1026 Illud
2526 984 2655 1036 ergo
2689 967 2826 1035 quod
2860 967 3059 1020 asseris
3097 965 3330 1034 Speciale
3361 964 3664 1024 decretum,

2084 1061 2381 1114 excluditur
2415 1075 2507 1126 per
2536 1058 2785 1126 generale
2813 1057 3092 1125 judicium.
3121 1055 3188 1116 Et
3211 1055 3302 1123 qui
3338 1069 3435 1122 pro
3466 1055 3668 1121 impro-

2081 1154 2247 1221 bitate
2278 1153 2579 1219 damnatur,
2615 1151 2807 1206 bonum
2843 1149 3016 1203 facere
3047 1149 3280 1216 potuisse
3307 1146 3664 1208 convincitur.

2666 1285 2892 1341 CAPUT
2933 1286 3065 1339 VIII.

2089 1382 2164 1434 De
2192 1398 2250 1433 eo
2279 1383 2413 1446 quod
2442 1390 2638 1434 natura’
2687 1373 2843 1449 legent
2885 1381 2937 1432 in
2989 1381 3150 1446 primo
3191 1381 3390 1432 homine
3433 1389 3668 1433 asserunt

2156 1454 2424 1513 interiisse,
2449 1468 2537 1503 nec
2561 1467 2650 1520 per
2673 1459 2898 1518 posteros
2927 1451 3165 1520 viguisse,
3193 1467 3345 1517 usque
3365 1453 3444 1502 'ad
3479 1451 3669 1504 Salta-

2161 1523 2281 1586 toris
2310 1523 2597 1596 adventum.

2161 1613 2266 1668 Sed
2293 1613 2425 1679 dicis
2456 1612 2714 1675 naturalia
2741 1611 2874 1674 bona
2898 1611 3364 1674 commemoranda
3391 1626 3495 1673 non
3524 1626 3667 1675 CSSe,

2089 1706 2208 1774 quia
2239 1713 2359 1772 ante
2405 1703 2688 1771 adventum
2736 1702 2933 1758 Christi
2986 1718 3316 1772 nequaquam
3370 1712 3557 1770 gentes
3601 1704 3671 1758 ad

405 1802 548 1870 impii
578 1799 809 1869 cogitant
839 1809 1058 1859 amerina,
1105 1811 1167 1848 ac
1199 1787 1537 1863 prtedicanda
1564 1792 1726 1845 etiam
1777 1791 1825 1858 in
1857 1804 1986 1859 prae-

2096 1796 2315 1866 salntem
2351 1795 2670 1866 pertinuisse
2702 1794 3039 1848 manifestum
3067 1805 3168 1847 est.
3218 1793 3316 1860 Qui
3346 1803 3586 1860 naturam
3619 1793 3672 1844 in

405 1892 539 1945 senti
569 1888 765 1942 saeculo
802 1889 920 1962 jura
947 1885 1297 1962 constituunt,
1343 1893 1395 1938 et
1426 1884 1590 1938 multa
1631 1891 1775 1944 recte
1806 1895 1985 1950 repre-

414 1980 688 2041 hendunt,
737 1989 988 2046 recteque
1035 1975 1249 2028 laudant
1299 1975 1350 2026 in
1401 1974 1673 2026 hominum
1723 1971 1982 2026 moribus.

407 2072 610 2137 Quibus
640 2085 698 2122 ea
731 2055 944 2135 tandem
979 2066 1179 2139 regulis
1206 2066 1466 2130 judicant,
1506 2064 1603 2117 nisi
1635 2062 1984 2127 naturalibus,

410 2163 460 2214 in
495 2141 682 2229 quibus
713 2159 895 2211 vident
941 2155 1392 2226 quemadmodum
1439 2156 1663 2224 quisque
1693 2156 1870 2207 vivere
1898 2153 1988 2207 de-

410 2255 551 2318 beat,
583 2253 740 2305 etiam
774 2238 816 2305 si
846 2266 942 2304 nec
975 2250 1070 2328 ipsi
1105 2248 1294 2328 eodem
1325 2231 1481 2322 IlItht
1509 2247 1723 2324 vivant?
1757 2246 1904 2317 Quod
1938 2254 1992 2300 et

409 2325 781 2413 Apostoluslad
811 2326 1077 2394 Rullianus
1097 2339 1395 2394 evidentius
1429 2348 1750 2416 proteSIatur
1771 2338 1987 2390 dicens:

412 2434 682 2489 Revelatur
714 2435 842 2485 enim
886 2419 961 2484 ira
998 2431 1093 2498 Dei
1122 2433 1182 2484 de
1205 2432 1326 2483 coelo
1359 2447 1506 2504 super
1537 2445 1731 2502 omnem
1763 2428 1993 2504 impieta-

410 2537 507 2580 tem
540 2537 581 2578 et
612 2527 912 2589 iniustitiam
947 2509 1204 2574 hominum
1227 2509 1401 2574 eorum
1435 2522 1515 2591 qui
1545 2522 1801 2592 veritatem
1828 2521 1877 2592 in
1908 2521 1990 2571 in-

412 2616 610 2689 justitia
628 2615 871 2682 detinent,
891 2615 1011 2683 quia
1034 2613 1166 2682 quod
1184 2628 1354 2665 uatum
1372 2622 1445 2664 est
1466 2612 1558 2664 Dei
1582 2612 1903 2692 manifestum
1921 2621 1993 2664 est

412 2709 533 2761 illis.
582 2705 717 2760 Deus
765 2708 892 2758 enim
944 2706 1046 2758 illis
1096 2707 1436 2780 nutnifestavit
1476 2693 1810 2758 {invisibilia
1863 2707 1994 2759 enim

406 2805 572 2873 ipsius
595 2819 625 2854 a
653 2787 886 2874 creatura
920 2801 1092 2852 mumii
1143 2817 1229 2866 per
1257 2818 1312 2852 ea
1343 2816 1454 2869 qua:
1485 2803 1623 2870 facta
1654 2809 1772 2874 sunt
1799 2800 1996 2853 intelle-

414 2885 495 2947 cta
541 2877 945 2962 conspiciuntur.
1001 2877 1316 2968 Sempiterna
1358 2908 1552 2968 quoque
1596 2893 1704 2959 ejus
1745 2894 1902 2943 virtus
1948 2902 1995 2968 et

416 2985 670 3045 divinitas,
705 2991 755 3034 ut
797 2973 898 3034 sint
930 2963 1313 3048 irtca'cusa‘biles.
1353 2967 1486 3044 Quia
1514 2998 1626 3033 cunt
1656 2981 1997 3052 cognovissent

417 3075 599 3137 Deum,
628 3091 726 3125 non
755 3062 878 3124 sicut
906 3063 1064 3123 Dicunt
1094 3062 1524 3142 gloriﬁcaverunt,
1544 3082 1629 3123 aut
1661 3073 1854 3142 gratias
1885 3087 1994 3140 ege-

2093 1890 2243 1943 bonis
2272 1888 2382 1942 suis
2420 1896 2574 1957 negat
2625 1886 2899 1954 praedicari
2944 1885 3161 1949 debere,
3215 1885 3383 1950 nescit
3431 1885 3676 1955 profecto

2085 1981 2261 2053 ipsum
2295 1990 2494 2033 natura:
2522 1988 2791 2032 auctorem
2818 1991 2935 2032 esse
2964 1977 3051 2046 qui
3077 1978 3262 2047 gratia:
3293 1985 3396 2044 est.
3442 1976 3553 2047 Iloc
3580 1976 3674 2046 qui

2093 2071 2586 2141 imprudentissimo
2618 2078 2794 2139 negat,
2846 2079 3002 2137 negat
3049 2078 3249 2130 natura:
3294 2068 3491 2144 bonum
3523 2075 3676 2138 egra

2091 2164 2184 2226 Dei
2216 2165 2503 2234 opificium,
2529 2173 2582 2218 et
2611 2173 2700 2238 aut
2730 2179 2922 2220 numen
2956 2165 3093 2232 quod
3126 2179 3243 2230 esse
3267 2164 3558 2228 arbitratur
3579 2173 3672 2230 aut

2093 2255 2282 2326 fatum.
2326 2256 2458 2309 Cum
2511 2270 2638 2310 vero
2687 2257 2799 2324 ipse
2842 2256 2910 2310 sit
2951 2256 3195 2322 conditor
3239 2257 3330 2323 qui
3375 2265 3673 2324 reparator,

2093 2362 2230 2416 unus
2260 2346 2506 2414 idemque
2533 2349 2582 2400 in
2608 2347 2886 2417 utriusque
2929 2347 3107 2416 operis
3141 2349 3406 2418 przeconio
3437 2347 3678 2418 celebra-

2089 2445 2198 2508 tur.
2223 2435 2349 2490 .Iure
2379 2438 2553 2505 itaque
2579 2438 2859 2509 utriusque
2885 2439 2959 2507 rei
2989 2452 3179 2508 munus
3205 2452 3413 2509 assero,
3443 2436 3564 2510 quia
3588 2450 3677 2510 [ne

2093 2529 2206 2592 scio
2238 2528 2310 2580 illi
2342 2527 2540 2582 debere
2567 2529 2706 2600 quod
2736 2538 2889 2602 natus
2918 2543 3055 2593 sum,
3101 2531 3184 2599 cui
3215 2530 3386 2583 debeo
3415 2529 3557 2602 quod
3587 2544 3678 2584 res

2093 2628 2250 2690 natus
2281 2634 2417 2672 sum.
2454 2620 2518 2672 Et
2555 2629 2833 2694 propterea
2867 2637 2970 2674 non
3002 2621 3122 2674 ideo
3152 2621 3354 2691 negabo
3383 2620 3677 2692 conditoris

2096 2707 2233 2776 dona
2264 2711 2382 2780 quia
2419 2710 2645 2782 perdidi,
2681 2711 2771 2764 sed
2806 2713 2978 2781 priora
3028 2711 3145 2783 ideo
3188 2712 3537 2787 sequentibus
3570 2729 3676 2784 non

2095 2803 2405 2883 exaequatio,
2451 2805 2571 2869 quia
2605 2805 2965 2881 multipliciter
2997 2805 3046 2858 in
3078 2805 3267 2879 melius
3297 2817 3540 2876 reparata
3581 2822 3678 2878 su-

2097 2896 2262 2954 scepi.
2296 2894 2554 2949 Extollam
2586 2896 2842 2951 beneficia
2867 2899 3116 2964 creantis,
3147 2899 3238 2962 sed
3273 2900 3321 2970 in
3357 2899 3678 2952 immensum

2099 2991 2376 3057 prteleram
2419 2988 2750 3065 redimentis.
2801 2991 2906 3044 Nec
2949 2990 3047 3062 hoc
3091 2990 3300 3063 quidem
3333 2991 3549 3044 videbor
3593 2992 3680 3061 in-

2100 3090 2305 3140 cautus,
2339 3081 2382 3133 si
2414 3081 2688 3150 profitear,
2736 3082 2873 3152 quod
2908 3082 3192 3154 aliquoties
3237 3083 3290 3135 in
3315 3081 3679 3154 dispositioni-

416 3176 556 3229 runt,
589 3167 677 3218 8_‘(l
705 3174 1014 3217 evanuerunt
1046 3165 1097 3214 in
1127 3154 1512 3232 cogitationibus
1541 3155 1668 3225 suis,
1690 3173 1734 3214 et
1759 3154 1990 3215 obscura-

2099 3171 2200 3242 bus
2231 3174 2446 3239 nostris,
2498 3189 2600 3225 non
2634 3172 2847 3242 quidem
2881 3174 2930 3242 in
2975 3176 3096 3225 vitae
3128 3183 3323 3248 nostrae
3353 3172 3678 3249 primordiis,

417 3272 522 3308 Iunt
553 3267 624 3308 est
657 3255 897 3321 insipiens
924 3271 1009 3306 cor
1037 3241 1231 3306 eorum.
1267 3254 1502 3306 Dicentes
1532 3245 1662 3306 enim
1694 3271 1746 3306 se
1773 3272 1882 3307 esse
1909 3272 1995 3306 sa-

418 3353 630 3414 pientes.
663 3347 803 3398 stulti
836 3335 955 3414 facti
987 3335 1200 3414 sunt,ct
1234 3354 1548 3395 mutaverunt
1586 3346 1800 3413 gloriam
1829 3347 1995 3396 incor-

417 3437 670 3504 ruptibilis
712 3433 806 3488 Dei
852 3437 904 3487 in
960 3433 1343 3487 similitudinem
1387 3423 1623 3506 imaginis
1659 3435 1996 3503 corruptibilis

419 3529 643 3583 hominis
675 3527 848 3595 (Rom.
881 3530 941 3596 ι).
977 3516 1084 3579 Nisi
1136 3509 1274 3580 enim
1309 3511 1341 3580 ᾖ
1388 3527 1503 3596 lege
1546 3527 1638 3581 Dei
1693 3510 1998 3581 recessiSset

423 3622 688 3683 voluntas.
723 3619 853 3672 iram
888 3603 994 3672 Dei
1022 3635 1125 3672 non
1159 3603 1428 3674 sensisset.
1457 3607 1723 3688 impietas:
1769 3619 1832 3674 Et
1876 3638 1993 3674 cum

421 3714 595 3768 dicat:
632 3713 763 3779 Quia
803 3714 937 3781 quod
977 3704 1148 3782 notum
1187 3723 1257 3765 est
1292 3710 1405 3775 Dei,
1456 3713 1778 3780 manifestum
1826 3723 1898 3788 est
1944 3701 1996 3764 in

420 3806 559 3870 illis;
593 3804 726 3859 Deus
756 3806 884 3856 enim
916 3803 1018 3856 illis
1045 3796 1402 3874 manifestavit,
1436 3803 1708 3857 evidenter
1739 3801 1838 3856 hoc
1886 3802 1997 3882 dis-

421 3898 567 3962 serit,
598 3915 688 3966 per
719 3898 978 3951 internam
1012 3897 1302 3950 doctrinam
1337 3896 1539 3965 paginis
1571 3897 1764 3949 mentis
1809 3895 1996 3948 inscri-

422 4000 587 4059 ptam,
618 3990 949 4045 manifestam
983 3990 1084 4062 illis
1114 3979 1231 4043 esse
1263 3983 1508 4042 debuisse
1535 3987 1773 4041 notitiam
1803 3987 1916 4049 Dei,
1947 3997 1999 4062 et

422 4100 517 4153 per
566 4075 823 4139 creatum
891 4073 1334 4152 magnificentiam
1403 4093 1699 4136 creatorem
1766 4083 1998 4150 potuisse

423 4176 689 4245 cognosci.
743 4175 1137 4228 lnexcusabiles
1166 4154 1359 4241 quippe
1405 4173 1542 4240 apud
1576 4171 1741 4226 Deum
1778 4189 1879 4226 non
1912 4190 1996 4225 es-

422 4281 562 4329 sent,
607 4265 706 4319 nisi
750 4276 801 4318 et
831 4256 1164 4318 extrinsecus
1194 4273 1246 4316 et
1275 4253 1831 4330 intrinsecus'mpiam
1883 4279 1996 4330 per-

422 4357 680 4424 cipiendae
724 4351 960 4408 veritatis
992 4353 1322 4416 habuissent,
1372 4355 1657 4421 adjiciente
1705 4353 1996 4419 Apostolo:

427 4447 584 4511 Quia,
615 4446 802 4512 inquit,
834 4461 947 4495 cum
974 4441 1318 4512 cognovissent
1347 4442 1529 4506 Deum,
1557 4460 1653 4495 non
1685 4445 1812 4496 sicut
1839 4441 1998 4495 Deum

2099 3264 2193 3342 sed
2226 3265 2478 3318 duntaxat
2509 3265 2559 3319 in
2591 3265 2799 3332 mediis,
2838 3265 3034 3334 gratias
3061 3265 3318 3342 speciales
3360 3275 3411 3338 et
3441 3281 3502 3318 ex
3527 3280 3679 3336 accc-

2102 3339 2245 3408 denti
2278 3357 2515 3421 largitate
2559 3341 2855 3432 venientes,
2908 3339 3168 3433 voluntas
3201 3366 3400 3432 nostra,
3453 3358 3559 3412 Deo
3606 3358 3678 3428 ita

2102 3444 2401 3508 ordinante.
2439 3446 2721 3524 praecedat.
2761 3447 2942 3516 Utrum
2975 3448 3043 3502 ita
3074 3447 3160 3511 sit,
3206 3433 3679 3524 sacra-interroge—

2097 3527 2220 3609 ξυιυς
2248 3535 2480 3608 eloquia.
2515 3521 2759 3606 Legimus
2801 3538 2850 3590 in
2885 3537 3170 3610 Evangelia
3197 3521 3458 3611 dicentem
3504 3521 3681 3611 Domi-

2102 3644 2226 3683 num
2257 3629 2420 3694 :Quid
2451 3628 2536 3679 tibi
2564 3630 2633 3682 vis
2656 3630 2878 3697 faciam?
2909 3637 2961 3682 et
2990 3631 3211 3700 iterum:
3240 3629 3324 3683 Vis
3347 3631 3460 3699 ﬁeri
3489 3633 3680 3707 sanus?

2105 3718 2262 3796 'v'ides
2308 3720 2428 3790 quia
2474 3735 2575 3772 non
2630 3719 2877 3772 tribuitur
2909 3703 3099 3774 munus
3135 3705 3352 3788 salutis,
3403 3723 3502 3774 nisi
3536 3703 3681 3792 prius

2103 3811 2462 3879 interrogetur
2494 3809 2820 3888 desiderium
2854 3810 3162 3864 voluntatis.
3214 3811 3316 3865 Sed
3368 3819 3566 3865 etcum
3595 3828 3684 3864 ve-

2097 3887 2247 3972 nitur
2277 3891 2340 3954 ad
2369 3903 2714 3979 baptismum,
2740 3893 2893 3979 prius
2915 3904 3218 3959 accedentia
3241 3891 3484 3958 voluntas
3512 3906 3685 3976 inq'ii-

2099 3995 2256 4076 ritur,
2293 4003 2346 4047 ut
2368 3977 2734 4064 regenerantis
2757 3977 2932 4071 gratia
2962 3980 3333 4064 subsequatur.
3391 3996 3451 4049 Et
3475 3997 3526 4071 in
3559 4013 3684 4050 ceu-

2105 4085 2314 4138 turione
2357 4085 2628 4160 Cornelio,
2681 4087 2800 4154 quia
2836 4087 3102 4154 prmeessit
3147 4079 3391 4160 voluntas
3434 4089 3681 4156 gratiam,

2104 4175 2222 4231 ideo
2251 4161 2506 4252 prmvenit
2528 4188 2579 4232 et
2607 4179 2774 4250 gratia
2805 4159 3284 4252 regenerationem.
3319 4163 3459 4232 Nihil
3491 4169 3595 4245 hic,
3627 4193 3686 4250 ut

2105 4270 2313 4336 opinor,
2356 4253 2561 4322 redolet
2602 4253 3064 4346 'prmSUrnptionis,
3110 4251 3241 4323 cum-
3268 4280 3319 4323 et
3360 4271 3458 4322 huc
3511 4272 3683 4340 ipsum

2107 4364 2497 4417 incessabiliter
2529 4355 2787 4429 asseram,
2823 4355 2961 4433 quod
2998 4365 3110 4419 Deo
3142 4358 3306 4444 ipsam
3342 4368 3561 4446 debeam
3595 4383 3686 4417 vo-

2107 4456 2383 4524 luntatem,
2439 4451 2732 4530 praesertim
2780 4472 2900 4512 cum
2942 4459 2992 4512 in
3025 4443 3270 4513 omnibus
3310 4459 3425 4526 ejus
3454 4443 3686 4526 metilius

420 4536 856 4614 gloriﬁcaverunt.
891 4534 1082 4600 Impios
1104 4547 1233 4601 ergo
1256 4532 1393 4585 etde
1425 4532 1693 4586 intellectu
1718 4548 1821 4600 quo
1849 4531 1996 4585 abusi
2025 4533 2080 4594 Ι)
2106 4547 2170 4599 ad
2202 4563 2334 4618 opus
2361 4550 2546 4616 gratim
2576 4546 2822 4617 referam,
2879 4550 2962 4604 vel
2997 4550 3353 4606 indmalionis
3384 4535 3557 4618 (nim;
3595 4539 3686 4604 “.0!

423 4634 544 4678 sunt
594 4625 859 4688 damnat,
893 4639 1119 4692 quorum
1171 4622 1480 4690 injustitiam
1533 4619 1584 4675 in
1636 4633 1996 4691 contemptum

425 4715 722 4768 Ilivinitatis
765 4698 994 4769 accusat.
1040 4709 1471 4770 Famosiautem
1519 4715 1805 4770 exundatio
1851 4725 1996 4770 vasta

422 4809 625 4871 diluvii,
659 4807 781 4878 quid
809 4809 946 4861 aliud
981 4811 1080 4862 nisi
1114 4809 1387 4863 arbitrium
1420 4810 1632 4864 humani
1664 4812 1873 4879 generis
1906 4826 1999 4878 per

424 4909 626 4958 reatum
661 4904 892 4980 damnati
925 4905 1066 4956 orbis
1093 4904 1361 4958 asseruit?
1410 4909 1483 4957 Ac
1514 4905 1590 4958 sic.
1621 4904 1732 4958 Noe
1762 4896 1994 4980 perfecta

421 4997 617 5066 justitia
666 4977 989 5066 Spo'ntaneos
1032 4993 1216 5047 sazculi'
1245 4991 1395 5048 illius
1433 5005 1484 5049 et
1515 4997 1749 5050 ostendit
1784 5006 1835 5050 et
1873 4977 2000 5050 eun-

422 5091 689 5144 demnavit
717 5105 944 5154 errores,
993 5089 1129 5142 sicut
1165 5083 1422 5155 legimus:
1462 5087 1596 5141 Fide
1626 5089 1738 5142 Noe
1760 5107 1999 5156 responso

423 5189 627 5250 accepto
668 5183 728 5232 dc
771 5180 848 5232 his
891 5197 1004 5251 qua:
1029 5180 1195 5231 adhuc
1247 5197 1346 5231 non
1378 5180 1698 5243 videbantur,
1747 5189 1996 5244 metuens,

423 5272 608 5337 aptarit
634 5286 805 5320 arcam
837 5270 888 5321 in
911 5269 1124 5322 salutem
1154 5270 1334 5322 domus
1367 5287 1473 5323 sua?
1501 5287 1519 5323 .·
1551 5288 1639 5340 per
1661 5287 1811 5338 quam
1856 5271 2000 5322 dam-

423 5364 558 5434 nnrit
587 5361 849 5428 mundum,
900 5373 945 5415 et
963 5364 1202 5433 justitirc,
1251 5381 1362 5431 qua:
1401 5384 1488 5435 per
1519 5368 1672 5434 fidem
1698 5378 1793 5432 est,
1842 5368 1999 5420 lta’res

424 5467 494 5509 est
543 5458 802 5509 institutus
852 5454 1034 5526 (llebr.
1077 5459 1171 5524 χι).
1215 5459 1390 5524 Quare
1437 5461 1811 5514 condemnavit
1850 5478 2002 5515 mun-

425 5547 586 5612 dum?
617 5548 735 5615 quia
770 5547 915 5615 sequi
949 5547 1130 5600 mundi
1168 5549 1479 5616 improbitas
1507 5549 1727 5617 justitia:
1758 5555 2001 5621 neglexe-

425 5640 491 5690 rit
517 5639 840 5705 exemplum.
888 5639 964 5692 Ae
1003 5640 1079 5693 sic
1112 5641 1464 5694 inobellientis
1509 5629 1725 5695 accusat
1770 5655 1998 5708 reatum,

424 5736 481 5785 et
506 5727 700 5798 placuit
732 5746 823 5800 per
853 5734 1185 5805 obsequium,
1236 5741 1286 5787 et
1319 5727 1487 5803 arguit
1518 5734 1623 5786 alio
1677 5735 1886 5804 placere
1917 5737 1998 5790 ni-

2109 4640 2582 4712 consummationis
2611 4637 2869 4694 extrema.
2896 4639 3161 4695 Abraham
3182 4658 3392 4714 quoque
3420 4660 3481 4697 ex
3514 4646 3687 4697 media

2107 4730 2401 4798 gentilitate
2429 4718 2792 4800 progrediens,
2826 4749 2929 4786 non
2961 4734 3131 4786 solum
3161 4749 3281 4787 eum
3312 4736 3455 4787 onmi
3489 4736 3684 4788 familia

2103 4813 2198 4874 sila
2227 4822 2289 4874 ad
2324 4824 2543 4875 salutem
2580 4834 2816 4886 vocatur,
2849 4813 2959 4878 sed
3012 4827 3170 4878 etiam
3214 4838 3355 4896 pater
3406 4826 3686 4880 multarum

2107 4912 2328 4980 gentium
2355 4913 2656 4967 testimonio
2681 4897 2868 4982 ipsius
2911 4915 3149 4969 veritatis
3185 4916 3433 4970 efficitur.
3485 4920 3556 4982 De
3593 4920 3684 4972 Ilei

2105 5003 2343 5056 bonitate
2371 5010 2453 5056 est
2484 5004 2623 5072 quod
2657 4987 2895 5069 vocator,
2921 5004 2986 5058 de
3017 5006 3227 5074 propria
3250 5006 3520 5077 voluntate
3544 5008 3685 5076 quod

2111 5104 2382 5162 promptus
2410 5096 2735 5163 ob~equitur.
2760 5096 2859 5149 .Iob
2883 5112 3092 5166 quoque
3115 5098 3229 5150 sine
3251 5098 3413 5150 animi
3445 5097 3684 5151 libertate.

2107 5187 2432 5239 ncmnbenti
2478 5188 2526 5239 in
2577 5202 2633 5240 se
2667 5190 2801 5240 hosti
2848 5205 2950 5241 non
2988 5171 3220 5256 potuisse
3269 5190 3550 5253 obsistere,
3593 5193 3686 5244 sed

2106 5275 2277 5344 jungit
2322 5279 2662 5346 magnitatem
2711 5282 2887 5333 cordis
2936 5298 3054 5335 eum
3107 5283 3302 5335 auxilio
3348 5287 3680 5351 protectoris.

2112 5373 2188 5421 Ac
2227 5370 2301 5422 sic
2337 5369 2537 5438 justitia
2583 5377 2972 5427 remunerantis
3020 5360 3363 5428 devotionem
3406 5361 3685 5444 pugnantis

2111 5463 2358 5515 ostendit.
2396 5463 2449 5515 In
2497 5463 2719 5530 spiritali
2764 5465 2919 5530 bello,
2971 5468 3042 5519 i=a
3090 5466 3153 5518 ad
3190 5466 3419 5518 hominis
3451 5468 3683 5519 laborem

2111 5555 2322 5607 videtur
2352 5557 2614 5622 pertinere
2643 5557 2942 5621 conflictus,
2987 5559 3123 5611 sicut
3154 5559 3216 5610 ad
3254 5557 3417 5610 Deum
3461 5559 3684 5611 refertur

2111 5657 2350 5700 eventus.
2408 5647 2620 5699 Amicos
2671 5664 2880 5717 quoque
2925 5648 3023 5702 Job
3073 5666 3135 5701 ex
3179 5651 3426 5717 gentibus
3477 5653 3682 5700 VUIIISSC

2077 5735 2341 5810 .‘noudum
2374 5737 2715 5807 promulgat-.c
2747 5738 2874 5806 legis
2902 5737 3152 5800 ostendit.
3207 5748 3257 5792 et
3303 5740 3425 5793 dum
3456 5755 3547 5795 tiro
3577 5740 3678 5794 eis-

3738 958 3771 1186 ξ
