4068 6348
506 340 600 395 851

1738 330 1786 386 S.
1831 327 2072 385 FAUSTI
2113 327 2534 385 RHEGIENSIS.

2683 285 2796 330 ἓί

3659 325 3764 382 852

507 424 744 522 possunt,
777 452 1112 506 testimonium
1137 445 1373 500 reddente
1398 445 1501 497 illis
1525 445 1855 506 conscientia,
1880 451 1922 495 el
1945 443 2074 494 inter
2102 445 2154 503 Α
2184 441 2397 495 Darium
2420 443 2537 510 quis
2572 441 2641 495 ita
2665 441 2732 495 de
2759 443 2867 496 Deo
2897 440 3100 495 sentire
3130 447 3183 494 et
3215 438 3388 507 eloqui
3421 437 3625 503 docuit,
3664 439 3744 493 nis

508 559 557 597 se
582 543 965 614 cogitationibus
994 537 1343 592 accusantibus
1372 545 1458 588 aut
1494 531 2073 602 etiatndcfendentibns.

507 635 646 688 lnter
675 635 787 687 haec
818 633 860 684 si
889 630 1130 699 requiras
1174 628 1260 682 ubi
1305 633 1374 681 sit
1401 625 1616 680 libertas
1644 624 1850 678 arbitrii
1885 624 2075 692 posita,

505 726 594 779 ubi
639 725 709 778 sit
754 723 996 776 voluntas
1041 721 1271 775 hominis
1315 719 1626 785 constituta,
1656 725 1711 772 et
1753 717 1844 771 ubi
1877 717 1978 770 nisi
2024 717 2078 770 in

504 815 800 878 intellectu,
829 813 879 866 in
913 813 1119 866 ratione
1163 823 1322 880 atque
1351 808 1651 875 sapientia?
1687 808 1816 874 Qua:
1857 820 1976 861 cum
2005 805 2078 860 ita

504 908 633 971 sint,
665 905 810 974 prius
849 917 1071 957 necesse
1115 901 1335 956 habebis
1371 899 1573 954 homini
1615 913 1815 968 negare
1861 897 2075 966 sapien-

507 999 658 1061 tiam,
691 996 902 1050 aulerre
940 995 1223 1065 rationem,
1252 1003 1310 1046 ut
1359 991 1596 1046 adimere
1645 989 1867 1044 liberam
1899 988 2079 1042 valeas

505 1088 852 1143 voluntatem.
874 1085 1232 1151 Quamobrem
1267 1084 1310 1137 si
1339 1083 1551 1152 quando
1581 1082 1833 1136 delictum
1864 1081 2079 1150 aliquod

505 1179 678 1259 anima
709 1177 846 1232 intra
869 1176 1200 1231 domicilium
1223 1181 1377 1228 ‘suum
1405 1174 1613 1243 captiva
1643 1173 1958 1237 meditatur,
1984 1188 2076 1226 re-

505 1272 738 1324 clamant
765 1269 816 1324 ei
858 1269 1233 1339 cogitationum
1276 1276 1504 1334 secreta,
1550 1267 1877 1320 interdicunt
1906 1265 1954 1319 ei
1999 1265 2080 1319 in-

507 1362 769 1415 trinsecus
802 1360 974 1413 ofﬁcia
1015 1374 1108 1413 sua
1129 1399 1144 1424 ,
1177 1358 1270 1413 sed
1309 1357 1451 1412 vires
1481 1357 1749 1411 subtrahit
1795 1355 2080 1411 resistendi

506 1452 833 1507 consuetudo
865 1450 1144 1520 peccandi.
1197 1449 1303 1504 Sed
1357 1449 1609 1510 revolvis,
1660 1456 1714 1503 et
1760 1447 1894 1503 dicis
1936 1445 2079 1516 quod

508 1543 634 1597 mali
673 1553 726 1596 et
771 1540 859 1610 qui
903 1542 966 1594 ad
1009 1538 1362 1608 perditionem
1398 1538 1678 1594 trahuntur
1714 1553 1822 1593 non
1861 1552 2082 1607 accepe-

507 1635 614 1688 rint
643 1633 849 1687 arbitrii
880 1632 1201 1686 libertatem.
1228 1632 1461 1685 Primum
1510 1631 1649 1686 scire
1674 1631 1930 1686 debemus
1959 1630 2080 1700 quia

509 1724 724 1778 libertas
745 1723 977 1790 arbitrii,
1005 1723 1198 1793 duplici
1231 1722 1524 1777 ministerio
1555 1722 1774 1791 praedita
1804 1733 1910 1788 est,
1940 1736 2081 1777 nunc

2185 534 2264 586 vis
2296 532 2519 586 rationis
2548 546 2602 587 et
2632 533 2786 602 legis,
2823 548 2943 587 cum
2974 532 3161 586 Daniel
3210 531 3376 584 Deum
3408 530 3764 586 conversione

2183 638 2342 694 posse
2390 624 2587 693 placari
2640 624 2888 681 edocuit?
2914 623 3065 695 Unde
3106 623 3202 676 fuit
3253 621 3396 692 quod
3441 622 3614 677 Deum
3642 639 3764 679 cum

2180 716 2488 771 conditione
2517 717 2770 786 cognovit
2800 717 2976 771 irasci.
3008 715 3125 769 Non
3155 715 3299 769 enim
3332 729 3522 786 magna
3562 717 3651 770 illa
3683 717 3764 772 ci-

2182 807 2318 862 vitas
2342 808 2492 862 dona:
2519 807 2820 863 eruditione
2859 807 3105 876 resipuit,
3128 820 3231 861 nec
3270 805 3388 874 ejus
3433 806 3654 862 monitis
3682 807 3765 862 in-

2183 898 2452 953 tellectum
2478 899 2720 968 petenda
2733 897 2918 952 salutis
2939 897 3280 966 accepit,uec
3305 895 3489 950 docuit
3510 897 3765 966 populum

2183 990 2470 1060 prepheta,
2501 991 2595 1045 sed
2627 991 2852 1045 terruit:
2887 1005 2984 1044 nec
3020 988 3439 1044 misericordiam
3492 991 3761 1058 promisit,

2182 1082 2275 1137 sed
2328 1083 2711 1138 immutabilem
2759 1083 3079 1137 sententiam
3133 1083 3428 1148 nuntiavit,
3481 1094 3536 1138 et
3588 1092 3765 1139 tamen

2184 1171 2310 1226 urbs
2341 1173 2429 1226 illa
2464 1173 2482 1243 (
2507 1173 2642 1226 sicut
2696 1172 2952 1242 scriptum
2981 1171 3096 1240 est)
3144 1181 3325 1226 contra
3374 1188 3516 1241 spem
3545 1173 3600 1226 in
3629 1189 3768 1243 spem

2181 1266 2394 1319 credidit
2413 1266 2588 1335 (Rom.
2615 1265 2712 1336 tv),
2728 1275 2885 1335 atque
2897 1265 3008 1334 ipsa
3029 1265 3241 1319 sibimet
3256 1265 3490 1321 remedia
3504 1265 3767 1335 quodam-

2183 1357 2344 1411 modo
2406 1356 2688 1412 interdicta
2740 1358 2985 1424 promisit
3029 1357 3254 1413 multum
3299 1357 3562 1428 placitura
3618 1357 3763 1424 Deo,

2151 1458 2160 1466 ‘
2183 1449 2390 1504 etiamsi
2409 1449 2671 1520 promissa
2687 1449 3352 1519 quaesisset.Qua3.quidem
3369 1449 3628 1519 remedia,
3645 1450 3766 1505 ideo

2184 1543 2450 1598 interdum
2481 1559 2511 1599 a
2541 1543 2769 1600 Domino
2798 1543 3223 1613 supprimuntur,
3255 1551 3315 1597 ut
3344 1542 3632 1599 violentius
3674 1557 3761 1598 ac-

2184 1637 2378 1703 quisita
2424 1647 2728 1693 serventur.
2774 1637 3053 1706 Simulque
3109 1635 3424 1712 interposita
3485 1635 3762 1690 obtinendi

2185 1729 2519 1796 dillieultate,
2547 1728 2673 1783 dum
2703 1727 3070 1782 muniﬁcentia
3092 1726 3462 1788 absconditur,
3489 1726 3622 1781 ﬁdes
3642 1741 3766 1795 pro-

475 1875 480 1878 _
508 1817 574 1870 ad
606 1816 856 1879 salutem.
907 1831 1046 1870 nunc
1092 1815 1156 1869 ad
1191 1814 1541 1884 perditionem
1594 1816 1673 1870 sui
1704 1824 1945 1884 prompta
1973 1825 2076 1870 est.
2108 1811 2157 1871 B
2188 1819 2360 1883 batur,
2407 1827 2689 1873 exercetur
2717 1817 2969 1880 ambitus,
3004 1815 3371 1870 manifestatur
3399 1815 3646 1883 allectus,
3681 1826 3762 1871 to-

457 1975 474 1988 __
511 1912 616 1968 Sed
651 1913 878 1982 opponis
910 1912 1051 1981 quod
1077 1912 1366 1967 voluntatis
1393 1913 1612 1968 libertas
1640 1914 1768 1968 solis
1795 1913 2084 1969 liberandis

511 2012 819 2071 competat,
851 2011 906 2058 et
953 2003 1006 2056 in
1051 2003 1436 2071 redemptionis
1466 2003 1726 2058 beneﬁcio
1756 2003 2081 2059 constitutis.

511 2092 625 2148 Non
659 2093 731 2147 ita
779 2101 882 2148 est.
922 2093 1192 2147 Liberatio
1231 2093 1298 2146 ad
1337 2093 1532 2146 donum
1572 2093 1755 2162 gratia:
1785 2102 1838 2148 et
1866 2094 1932 2148 ad
1961 2109 2086 2162 pro-

515 2184 752 2254 positum
806 2182 1192 2238 consentientis
1238 2185 1471 2251 pertinet
1495 2184 1617 2237 vita:
1646 2201 1659 2236 :
1690 2184 1909 2239 libertas
1956 2200 2085 2240 vero

507 2277 712 2330 arbitrii
743 2291 849 2330 non
881 2285 962 2330 est
991 2290 1078 2330 res
1108 2275 1412 2330 aceedentis
1443 2276 1842 2342 muniﬁcentiae,
1871 2277 1964 2332 sed
1993 2295 2086 2350 np-

509 2377 660 2421 turaa.
692 2367 1070 2434 Quaerentibus
1117 2368 1280 2432 illam,
1315 2368 1394 2421 vel
1433 2368 1706 2436 tribuitur,
1737 2370 1819 2424 vel
1863 2384 2114 2442 οοηερτκ

508 2470 680 2525 vatur,
721 2459 882 2513 etiam
930 2475 1034 2512 non
1081 2458 1475 2527 requirentibus
1516 2460 1614 2514 ista
1668 2460 1962 2514 confertur.
1993 2461 2083 2515 llla

508 2548 913 2602 renascentibus
956 2548 1312 2613 ministratur,
1343 2549 1412 2602 ita
1446 2549 1804 2602 nascentibus.
1840 2549 2085 2605 Libertas

511 2636 577 2689 ad
611 2637 779 2691 solam
815 2637 905 2692 Dei
935 2637 1170 2705 pertinet
1210 2638 1599 2706 operationem,
1645 2638 1892 2694 liberatio
1919 2649 1974 2694 et
2017 2642 2082 2695 ad

510 2727 709 2780 subditi
767 2727 998 2781 hominis
1044 2727 1385 2783 servitutem.
1423 2729 1510 2782 llla
1557 2730 1711 2785 bonis
1750 2731 2078 2796 conﬁrmata,

508 2817 606 2870 ista
634 2827 686 2873 et
713 2817 866 2872 malis
893 2818 1048 2871 insita
1080 2829 1180 2872 est.
1211 2817 1300 2872 llla
1346 2819 1618 2888 acquisitis
1649 2829 1703 2874 et
1731 2834 2082 2889 perseveran-

509 2909 648 2964 tibus
690 2910 966 2979 competit,
988 2911 1086 2964 ista
1109 2919 1162 2964 et
1193 2909 1414 2979 perditis
1436 2912 1691 2980 suppetit.
1721 2911 1815 2966 Illa
1841 2913 2083 2967 conden-

505 3001 596 3066 tis,
629 3002 724 3054 ista
759 3011 814 3056 et
835 3002 1141 3057 obedientis
1171 3012 1272 3057 est.
1320 3002 1410 3056 llla
1442 3005 1717 3072 potentiae,
1741 3004 1840 3058 ista
1865 3014 1948 3060 est
1978 3006 2082 3058 mi-

507 3091 832 3148 sericordiae.
868 3093 960 3147 Illa
993 3093 1213 3164 originis
1249 3103 1302 3148 et
1337 3096 1569 3163 generis.
1599 3095 1695 3149 ista
1728 3103 1809 3150 est
1849 3095 2084 3151 muneris

507 3193 558 3239 et
586 3184 818 3239 virtutis.

1158 3253 1384 3308 CAPUT
1424 3253 1492 3306 X.

786 3342 970 3396 Gentes
1007 3343 1170 3396 Deum
1209 3343 1510 3396 naturaliter
1541 3343 1792 3411 sapuisse.

582 3460 776 3514 Plenus
829 3459 1031 3528 Spiritu
1085 3471 1270 3514 saneto
1322 3459 1579 3530 propheta
1644 3460 1850 3527 Daniel,
1905 3461 2081 3524 sciens

513 3553 678 3606 Deum
717 3553 770 3606 in
813 3566 972 3606 sensu
1015 3552 1247 3606 hominis
1284 3552 1576 3622 appetitum
1604 3552 1726 3605 boni
1771 3552 1963 3606 malive
1988 3567 2082 3621 po-

507 3646 700 3711 suisse,
719 3646 789 3698 ita
806 3643 1297 3699 Nabuchodonosor
1317 3643 1605 3712 alloquitur
1627 3642 1812 3698 dicens
1840 3661 1852 3697 :
1880 3643 2078 3710 Quant-

509 3737 676 3792 obrem
724 3738 994 3791 consilium
1041 3753 1205 3790 meum
1234 3737 1426 3806 placeat
1473 3737 1583 3804 tibi,
1612 3753 1641 3791 0
1663 3753 1772 3800 rex,
1802 3746 1849 3790 et
1875 3745 2081 3807 peccata

507 3839 596 3882 tua
625 3829 952 3899 elveetnosynis
974 3829 1186 3894 redime,
1213 3838 1259 3882 et
1287 3829 1576 3898 iniquitates
1602 3838 1714 3881 tuas
1737 3829 2081 3880 miserationi-

507 3920 595 3973 bus
623 3937 901 3990 pauperum
927 3918 1096 3990 (Dan.
1121 3920 1228 3991 tv).
1264 3919 1328 3973 Et
1350 3930 1576 3990 peccata,
1607 3919 1792 3988 inquit,
1821 3930 1909 3973 tua
1953 3919 2080 3974 elec-

505 4013 732 4080 ntosynis
759 4011 969 4064 redime.
1000 4011 1282 4066 Prteﬁxum
1312 4010 1478 4065 videri
1503 4024 1606 4065 non
1632 4019 1807 4080 potest
1827 4010 2079 4081 quidquid

505 4103 691 4157 redimi
723 4111 914 4165 potest.
945 4108 980 4154 Λ
1017 4103 1242 4156 sanitate
1287 4103 1465 4172 itaque
1498 4119 1602 4158 non
1644 4102 1967 4165 excluditur,
1995 4101 2080 4156 cui

509 4195 802 4248 remedium
858 4196 1228 4264 persuadetur.
1263 4195 1541 4264 Simulque
1571 4197 1620 4250 ci
1649 4195 1925 4249 arbitrium
1973 4210 2079 4249 non

507 4295 730 4355 negatur
760 4285 910 4354 cujus
949 4298 1242 4339 consensus
1284 4285 1532 4355 exigitur.
1564 4287 1738 4341 Liberi
1771 4287 1931 4340 animi
1961 4286 2080 4341 olli-

507 4375 644 4427 cinm
673 4391 778 4427 non
800 4373 996 4438 amisit,
1016 4374 1379 4443 quiprobatur
1402 4379 1674 4443 suscipere
1696 4379 1932 4445 potuisse
1954 4392 2083 4431 con-

509 4465 705 4517 silium.
736 4468 774 4516 A
806 4465 975 4516 salute
1028 4465 1235 4520 alienus
1268 4480 1372 4518 non
1406 4467 1693 4535 invenitur,
1724 4466 1807 4519 cui
1855 4469 2076 4520 materia

509 4556 697 4610 salutis
729 4557 1004 4624 ingeritur.
1038 4555 1103 4610 Et
1132 4559 1215 4611 ctti
1245 4557 1402 4612 oll‘ert
1425 4558 1684 4627 propheta
1713 4561 2082 4627 comparanda:

509 4650 852 4720 indulgentia:
881 4652 1240 4718 occasionem,
1269 4652 1456 4712 inesse
1495 4654 1544 4707 ei
1575 4654 1863 4708 voluntatis
1891 4657 2082 4710 asscvit

510 4751 845 4812 potestatem.
878 4744 980 4799 Sed
1007 4755 1060 4799 et
1089 4747 1188 4801 hoc
1217 4746 1356 4816 quod
1392 4747 1635 4820 Baltasar
1662 4747 1879 4817 gentilis
1902 4749 2078 4818 argui-

514 4843 615 4896 tur,
656 4832 867 4888 dicente
915 4835 1170 4904 propheta
1205 4853 1217 4889 :
1257 4835 1508 4889 Laudasti
1549 4837 1669 4891 deos
1717 4850 1998 4907 argenteas,
2035 4850 2080 4893 et

509 4940 708 4992 aureos,
741 4935 786 4978 et
809 4926 1022 4996 ligneos,
1053 4936 1100 4979 et
1128 4927 1374 4996 lapideos,
1406 4929 1459 4981 et
1481 4927 1639 4981 Deum
1667 4931 1718 4983 in
1741 4935 1888 5002 cujus
1926 4949 2078 4985 ntanu

511 5019 812 5087 ﬂatus_tuus
846 5027 1037 5071 estnon
1067 5019 1291 5072 laudasti
1320 5019 1492 5088 (Dan.
1524 5021 1610 5091 v).
1644 5021 1809 5076 Vides
1841 5024 1962 5093 quia
1997 5024 2081 5078 hic

511 5110 805 5180 alienigena
834 5111 995 5165 Deum
1032 5123 1087 5166 et
1115 5113 1253 5168 scire
1300 5115 1467 5183 potuit
1496 5127 1548 5170 et
1579 5116 1816 5182 laudare,
1863 5119 1954 5172 sed
1987 5133 2080 5172 no~

513 5201 640 5255 luit?
681 5203 856 5258 lnesse
899 5203 1100 5259 homini
1129 5205 1462 5262 intellectum
1509 5209 1602 5264 Dei
1645 5212 1843 5280 pariter
1867 5222 1924 5266 et
1965 5215 2082 5268 cul-

513 5303 624 5347 tum
667 5295 786 5349 ideo
832 5296 1087 5365 propheta
1133 5301 1470 5367 memoravit,
1501 5302 1623 5369 quia
1661 5302 1830 5371 legem
1880 5315 2081 5360 natura:

514 5387 798 5443 indiscrete
819 5389 955 5443 intra
979 5390 1149 5446 omnis
1178 5393 1408 5447 hominis
1435 5408 1650 5448 sensum
1681 5397 1860 5464 vigere
1885 5412 2080 5467 cogno-

513 5486 607 5539 vit.
633 5486 699 5540 Et
725 5497 1001 5555 propterea
1045 5504 1165 5542 eum
1201 5489 1424 5557 pratfato
1459 5489 1946 5545 Nabuchodonosor
1973 5495 2079 5560 regi

511 5578 692 5634 Daniel
723 5579 830 5632 vim
856 5580 1046 5634 somnii
1074 5580 1388 5643 revelasset,
1415 5581 1582 5634 Deum
1614 5594 1672 5635 se
1700 5596 1805 5635 non
1838 5582 2082 5651 ignorare

511 5672 798 5742 quamlibet
828 5673 1076 5741 prolanus
1119 5672 1376 5736 ostendit,
1410 5672 1480 5724 ita
1531 5672 1715 5728 dicens
1741 5690 1753 5726 :
1785 5672 1916 5727 Vere
1945 5672 2082 5726 Deus

511 5777 665 5819 t‘eslcr
710 5763 848 5819 Deus
881 5767 1091 5816 deorum
1137 5771 1226 5824 est,
1272 5773 1316 5815 et
1370 5762 1616 5820 Dominus
1668 5784 1861 5837 regum.
1898 5766 2000 5821 Sed
2031 5776 2084 5820 et

2187 1917 2406 1978 tomqne
2437 1910 2535 1964 hoc
2583 1909 2638 1962 in
2671 1908 2888 1964 homine
2918 1909 3054 1978 ignis
3084 1907 3304 1962 interior
3327 1922 3357 1961 a
3389 1908 3498 1962 Deo
3549 1908 3760 1974 insitus,

2188 2011 2245 2056 et
2267 2001 2333 2055 ab
2366 1999 2582 2054 homine
2619 2015 2740 2054 cum
2781 1999 2876 2054 Dei
2915 1998 3082 2069 gratia
3110 1999 3342 2052 nutritus
3366 2007 3642 2068 operatur.
3667 1998 3764 2052 Os—

2192 2092 2360 2147 tendit
2387 2091 2562 2161 itaque
2587 2105 2720 2160 gens
2752 2090 2840 2144 illa
2871 2104 2935 2143 ea
2960 2103 3077 2157 quae
3104 2087 3260 2143 saluti
3289 2087 3523 2142 hominis
3548 2102 3764 2156 compe-

2191 2193 2328 2251 tunt,
2352 2184 2462 2252 ipsa
2493 2182 2843 2242 ordinatione
2865 2180 3084 2235 factura:
3126 2181 3291 2235 Deum
3323 2179 3460 2250 intra
3492 2178 3765 2234 hominem

2188 2278 2504 2339 collocasse.
2534 2285 2586 2331 et
2610 2287 2734 2331 ante
2756 2289 2976 2329 munera
3008 2272 3399 2341 Redemptoris.
3423 2272 3570 2326 circa
3602 2273 3761 2326 ratio-

2191 2369 2418 2424 nabilem
2444 2375 2742 2422 creaturam
2798 2379 3011 2435 semper
3040 2363 3274 2418 auctoris
3311 2363 3448 2418 d0na
3488 2363 3760 2432 viguisse;

2187 2474 2217 2512 a
2259 2458 2532 2514 conditore
2571 2458 2783 2526 quidem
2821 2470 3034 2511 summo
3065 2454 3308 2524 prmscita
3349 2469 3442 2522 per
3488 2462 3759 2520 naturam,

2188 2549 2283 2604 sed
2313 2549 2673 2604 conﬁrmanda
2705 2564 2798 2618 per
2832 2548 3076 2617 gratiam.
3111 2546 3213 2600 Per
3239 2546 3761 2615 gratiam,'inquam,

2187 2642 2239 2697 in
2277 2641 2428 2710 cujus
2463 2650 2702 2710 tempore
2726 2639 3112 2709 pratteritorum
3153 2637 3295 2692 salus
3342 2643 3458 2693 erat
3506 2652 3760 2690 consum-

2192 2736 2382 2790 manda
2414 2734 2750 2798 sa-culorum,
2783 2733 2905 2802 quia
2937 2731 3066 2786 nihil
3105 2730 3171 2784 ad
3220 2731 3518 2800 perlectum
3545 2729 3762 2783 adduxit

2188 2828 2270 2882 les
2303 2825 2386 2881 vel
2416 2826 2627 2890 litterae,
2667 2824 2751 2879 vel
2781 2833 3002 2890 natura.
3036 2821 3282 2876 Ninivitis
3327 2835 3456 2890 ergo
3487 2820 3761 2875 evidenter

2189 2917 2524 2972 manifestata
2555 2925 2634 2972 est
2672 2915 2969 2970 clementiae
2994 2923 3048 2968 et
3065 2913 3314 2968 bonitatis
3342 2913 3497 2982 plena
3523 2927 3626 2966 vox
3650 2911 3756 2966 Do-

2191 3010 2316 3064 tnini
2348 3009 2417 3063 ita
2441 2991 2668 3064 dicentis
2689 3025 2703 3062 :
2726 3009 2946 3076 Repente
2965 3008 3148 3076 loquar
3163 3006 3231 3058 ad
3245 3014 3438 3076 gentem
3451 3015 3498 3057 et
3523 3020 3764 3072 regnum:

2190 3111 2245 3153 ut
2272 3100 2501 3167 evellam,
2531 3112 2578 3154 et
2607 3100 2885 3164 destruant,
2917 3109 2964 3153 et
2993 3099 3266 3152 eradicent.
3302 3097 3361 3154 Si
3385 3113 3501 3168 gens
3534 3097 3626 3149 illa
3655 3115 3764 3167 pa:-

2108 3173 2156 3236 C
2189 3194 2453 3248 nitentium
2481 3195 2636 3263 egerit
2684 3210 2777 3263 pro
2816 3202 3020 3263 peccato
3060 3209 3174 3261 suo,
3208 3200 3254 3245 et
3299 3207 3388 3261 ego
3418 3191 3764 3261 paenitentiam

2185 3303 2332 3356 agant
2376 3301 2527 3356 super
2571 3286 2705 3338 malo
2749 3285 2894 3352 quod
2937 3284 3136 3337 locutus
3178 3299 3292 3336 sum
3337 3291 3392 3335 ut
3439 3282 3663 3351 facerem
3713 3282 3759 3335 ei

2188 3375 2336 3447 (Jer.
2387 3376 2561 3443 xvnt).
2618 3375 2779 3444 Optat
2822 3373 2980 3442 judex
3032 3373 3337 3428 misericors
3381 3372 3618 3428 caelestis
3664 3373 3756 3428 de-

2186 3475 2330 3520 creta
2360 3467 2566 3522 consilii
2593 3469 2680 3536 pio
2709 3467 2987 3520 immutare
3027 3465 3327 3530 mendacio,
3352 3464 3395 3518 si
3436 3479 3560 3520 reus
3596 3464 3736 3519 medi

2185 3559 2356 3612 cinam
2374 3559 2581 3612 festinet
2602 3558 2857 3612 adhibere
2875 3567 3115 3628 peccato,
3133 3559 3328 3612 invitus
3343 3558 3544 3612 homini
3562 3557 3763 3627 pondus

2185 3648 2542 3702 damnationis
2566 3647 2810 3717 imponit,
2835 3651 2923 3717 qui
2955 3647 3249 3703 remedium
3276 3647 3658 3702 satisfactionis
3681 3662 3762 3701 os-

2188 3744 2374 3810 tendit,
2403 3752 2458 3799 et
2501 3744 2700 3798 sellula:
2725 3743 3037 3812 obsequium
3068 3727 3340 3796 servitutis
3364 3750 3660 3810 exspectat.
3697 3742 3760 3796 Et

2187 3838 2306 3891 ideo
2350 3837 2580 3906 perfecta
2628 3837 2715 3890 illa
2760 3835 3115 3905 providentia,
3155 3849 3274 3904 quae
3314 3836 3369 3888 in
3417 3835 3520 3889 hoc
3563 3835 3762 3889 smculo

2185 3930 2438 3984 virtutum
2463 3929 2734 3984 exercitiis
2761 3929 3078 3994 delectatur,
3107 3927 3564 3982 ordinatissimum
3602 3935 3657 3982 et
3675 3942 3755 3979 sa-

2185 4023 2383 4092 pientia
2413 4036 2507 4073 sua
2549 4020 2914 4089 dignissimum
2942 4019 3202 4087 judicavit
3233 4027 3290 4073 ut
3328 4018 3603 4073 hominem
3633 4034 3760 4072 con-

2185 4113 2353 4166 ditum
2391 4111 2458 4165 ad
2504 4125 2672 4166 sacrae
2711 4111 2956 4180 imaginis
2985 4109 3300 4180 dignitatem
3333 4111 3422 4166 hic
3462 4111 3609 4180 prius
3640 4127 3759 4180 ago-

2187 4205 2342 4258 nibus
2366 4212 2420 4258 et
2448 4201 2843 4256 conditionibus
2872 4201 3200 4270 exploraret,
3234 4201 3344 4255 illic
3373 4216 3500 4255 vero
3523 4201 3680 4254 donis
3712 4213 3760 4256 et

2187 4296 2625 4351 retributionibus
2672 4295 2990 4362 adimpleret
3021 4313 3032 4347 :
3069 4303 3125 4348 ut
3171 4309 3293 4349 cum
3345 4295 3576 4349 famulus
3615 4296 3760 4350 exhi-

2191 4388 2392 4441 buisset
2419 4387 2469 4440 in
2490 4387 2670 4441 labore
2697 4385 3078 4448 obedientiam,
3101 4385 3354 4440 Dominus
3384 4386 3691 4441 ostenderet
3713 4386 3761 4439 in

2190 4477 2621 4532 remuneratione
2644 4477 2941 4546 justitiam;
2975 4487 3032 4531 ut
3066 4492 3187 4531 cum
3219 4476 3501 4530 inﬁrmitas
3534 4477 3760 4530 humana

2187 4569 2466 4623 obtulisset
2515 4570 2768 4623 humilem
2822 4568 3183 4634 devotionem,
3217 4568 3534 4624 inell'abilem
3585 4569 3758 4622 divina

2187 4662 2420 4730 potentia
2443 4669 2717 4716 exerceret
2766 4661 3086 4730 largitatem.
3115 4661 3319 4731 Jugiter
3361 4675 3491 4730 ergo
3517 4660 3750 4714 laboran-

2186 4755 2331 4820 dum,
2361 4753 2452 4808 sed
2488 4768 2516 4806 a
2557 4756 2726 4823 gratia
2759 4768 2865 4808 non
2916 4753 3296 4819 recedendum,
3329 4764 3381 4808 et
3427 4753 3711 4808 dicendum
3741 4771 3752 4804 :

2185 4844 2346 4910 Deus,
2364 4845 2417 4897 in
2435 4845 2754 4913 adiutorium
2775 4860 2939 4898 meum
2958 4845 3160 4896 intende
3180 4843 3198 4912 (
3216 4842 3360 4897 Psal.
3384 4858 3500 4896 LXIX
3521 4843 3561 4912 ).
3582 4842 3756 4910 Ipsum

2185 4950 2311 5005 ergo
2363 4934 2606 5003 adjutorii
2659 4935 2972 4989 vocabulum
3018 4933 3305 4988 laborantis
3360 4935 3587 5003 requirit
3636 4933 3755 4987 orti-

2185 5028 2344 5082 cium.
2375 5026 2639 5096 Adjutorii
2688 5028 2867 5096 itaque
2905 5039 3085 5080 sermo
3113 5025 3251 5080 duos
3281 5025 3497 5090 indicat,
3530 5039 3759 5094 operan-
3805 5013 3809 5016 ’
3845 5013 3858 5070 ';

2185 5129 2291 5174 tem
2321 5126 2376 5174 et
2403 5126 2804 5188 cooperantem,
2823 5126 3087 5187 petentem
3117 5126 3170 5171 ct
3200 5117 3752 5186 promittentem,pul-

2184 5222 2390 5268 santem
2404 5221 2459 5267 et
2475 5210 2827 5280 aperientem,
2841 5220 3165 5279 quaerentem
3178 5209 3380 5279 pariter
3391 5217 3444 5262 et
3461 5207 3759 5263 retribuen-

2188 5316 2313 5362 tem.
2347 5306 2457 5362 Hoc
2485 5305 2656 5359 solum
2707 5311 2947 5358 nostrum
2989 5312 3091 5368 est,
3125 5312 3183 5356 ut
3208 5303 3297 5371 qui
3346 5316 3441 5371 pro
3474 5301 3761 5372 fragilitate

2183 5397 2360 5452 idonei
2392 5411 2495 5450 non
2527 5408 2731 5458 sumus,
2774 5394 2959 5447 saltem
3002 5393 3275 5461 quaerendi
3306 5403 3360 5446 et
3391 5391 3636 5461 pulsandi
3662 5391 3760 5444 im-

2185 5468 2512 5558 portunitate
2542 5488 2866 5556 placeamus.
2899 5485 3002 5541 Ubi
3031 5486 3140 5540 erit
3165 5485 3424 5540 sedulitas
3456 5481 3763 5539 miserentis

2188 5579 2300 5639 Dei,
2349 5577 2391 5629 si
2425 5592 2545 5630 cum
2596 5589 2823 5645 persona
2866 5575 2997 5630 nihil
3040 5584 3311 5629 mereatur
3359 5573 3580 5643 indigni,
3613 5583 3666 5627 et
3698 5573 3763 5626 ad

2186 5669 2287 5722 hoc
2329 5666 2595 5721 desideria
2647 5665 2898 5720 accedant
2943 5665 3136 5724 otiosi?
3182 5665 3249 5719 Et
3288 5665 3410 5721 ideo
3457 5665 3557 5719 nisi
3599 5665 3761 5718 obsc-

2185 5759 2380 5832 quendi
2405 5759 2639 5816 studium
2671 5757 2974 5815 obedientia
3018 5756 3287 5816 indefessa
3319 5756 3639 5830 prattulerit,
3679 5755 3763 5811 lo-
