4068 6348
298 382 403 437 835

1413 373 1501 428 DE
1542 367 1799 427 GRATlA
1841 364 1985 430 DEI,
2028 364 2199 432 ETC.,
2242 365 2367 420 LIB.
2412 367 2474 421 ll.

3463 368 3528 419 85
3538 365 3563 419 ι

295 508 419 551 cum
457 492 769 549 remanendi
814 486 1018 559 jnstitia
1053 504 1155 542 non
1191 488 1426 542 habebit.
1479 488 1545 539 Et
1594 493 1874 553 propterea
1907 483 1957 540 Α
1988 478 2243 534 faciamus
2298 490 2553 559 astutum.
2589 480 2923 550 Simplicem,
2976 494 3041 533 ne
3094 479 3288 533 malum
3336 479 3565 535 callidus

296 603 479 645 sermo
509 585 722 641 divinus
764 584 818 638 in
866 599 961 652 spe
993 581 1189 636 laboris
1217 582 1297 634 sui
1348 580 1577 649 positum
1626 575 1884 631 describit

303 678 616 748 agricolam,
652 677 723 730 ita
746 675 929 729 dicens
954 689 969 727 :
999 671 1131 725 Ecce
1153 670 1383 741 agricola
1411 676 1665 739 exspectat
1691 666 1882 735 pretio-

300 788 414 827 sum
430 781 581 824 terrae
601 769 844 837 fructum,
862 776 916 819 ut
930 765 1139 833 recipiat
1169 764 1520 833 temporivum,
1537 770 1582 815 et
1600 753 1881 813 serotinum

302 861 451 931 (Jac.
478 858 719 931 v).Quid
731 868 814 914 est
833 855 1357 926 temporivum?quid
1380 851 1883 910 serotinum?’l‘em-

306 952 482 1025 porivi
508 952 712 1006 fructus
743 958 868 1004 sunt
894 962 1030 1018 quos
1051 946 1332 1016 stipendiis
1375 944 1577 998 militiae
1606 941 1883 1013 prmsentis

302 1046 652 1117 acquirimus.
687 1040 922 1098 Serotini
952 1050 1076 1095 sunt
1104 1028 1236 1109 qu'os
1261 1048 1381 1107 post
1408 1037 1685 1091 emeritam
1714 1034 1883 1088 servi-

308 1147 479 1195 tutem
504 1136 556 1190 in
586 1136 728 1189 illius
758 1133 938 1188 smculi
964 1132 1313 1191 retributione
1336 1130 1627 1199 capiemus.
1654 1126 1885 1192 Tempo-

305 1230 408 1286 rivi
435 1237 562 1284 sunt
588 1228 721 1282 ﬁdes
761 1235 921 1295 atque
950 1224 1228 1279 sinceritas
1257 1223 1457 1287 cordis,
1491 1215 1883 1283 benevolentia,

313 1322 557 1390 corporis
606 1318 991 1389 temperantia,
1040 1324 1375 1384 contemptus
1429 1312 1574 1379 mali,
1621 1312 1887 1381 appetitus

308 1413 461 1481 boni,
510 1411 863 1481 tranquillitas
902 1407 1347 1471 mansuetudinis,
1381 1406 1579 1475 puritas
1608 1405 1886 1459 castitatis.

308 1504 541 1561 Serotini
576 1502 777 1555 fructus
808 1508 931 1555 sunt
966 1498 1247 1567 acquisitio
1273 1512 1449 1553 rerum
1482 1495 1882 1559 immortalium,

307 1595 598 1650 hrereditas
622 1594 944 1656 cmlestium,
977 1593 1271 1661 proprietas
1296 1602 1639 1645 aeternorum.
1663 1589 1736 1641 De
1764 1587 1885 1657 qui-

307 1688 410 1741 bus
442 1686 676 1741 dicitur:
713 1683 822 1737 Nec
853 1683 1026 1737 oculus
1054 1683 1202 1747 vidit,
1244 1698 1333 1735 nec
1377 1682 1517 1735 auris
1546 1680 1764 1741 audivit,
1798 1693 1888 1731 uec

308 1780 358 1831 in
382 1794 471 1831 cor
495 1777 715 1831 hominis
744 1775 993 1840 ascendit,
1024 1791 1136 1842 qua:
1165 1774 1470 1844 prwparavit
1518 1772 1658 1825 Deus
1705 1771 1783 1823 Itis
1803 1771 1889 1838 qui

1988 572 2476 636 inferat;astutum
2524 588 2589 625 ne
2640 574 2883 627 incautus
2933 571 3189 625 incurrat.
3226 571 3561 626 lnsiuuctnus

1984 666 2032 719 ei
2062 665 2311 720 affectum
2345 665 2489 729 boni,
2530 664 2861 719 intellectum
2917 664 3066 726 mali,
3100 674 3153 717 ct
3190 665 3339 731 juxta
3371 664 3565 731 guber-

1986 758 2261 813 nationem
2293 766 2533 811 nostram
2565 756 2936 826 permittamus
2957 770 3077 809 eum
3112 757 3162 808 in
3196 770 3355 809 manu
3383 756 3562 810 eonsi-

1988 854 2045 908 lii
2075 854 2159 908 sui
2200 868 2263 907 ac
2292 852 2491 922 proprii
2532 852 2583 906 in
2627 850 2869 906 libertate
2911 849 3118 918 judicii.
3164 848 3381 905 Tractat
3426 850 3565 905 inter

1988 952 2104 1007 hinc
2134 966 2315 1007 secum
2350 950 2634 1019 sapientia,
2680 949 2764 1003 cui
2802 949 2941 1002 inest
2969 958 3021 1001 et
3047 945 3401 1015 przescientia.
3425 943 3564 1011 Quid

1988 1045 2215 1115 agimus,
2237 1043 2376 1112 quod
2402 1056 2526 1097 eum
2554 1039 2777 1094 arbitrio
2798 1055 2895 1094 suo
2919 1038 3276 1109 permittimus
3300 1036 3565 1090 liberum?

1988 1135 2044 1189 In
2076 1134 2279 1203 peccati
2309 1133 2461 1188 devia
2513 1131 2900 1200 prmnoscimus
2937 1130 3303 1192 transiturum,
3348 1136 3401 1181 et
3428 1143 3569 1195 pra:—

1989 1226 2136 1279 tiosze
2163 1224 2302 1278 dona
2328 1224 2547 1278 facturae
2578 1236 2963 1277 conversurum
2982 1235 3102 1274 esse
3128 1218 3483 1288 praevidemns
3501 1217 3566 1271 ad

1990 1316 2343 1371 instrumenta
2369 1314 2637 1384 nequitia’.
2675 1314 2739 1366 Et
2772 1312 2893 1367 ideo
2918 1313 2960 1365 si
2991 1325 3124 1380 opus
3146 1311 3197 1365 in
3229 1325 3295 1365 eo
3324 1318 3565 1364 nostrum

1990 1407 2235 1463 volumus
2283 1421 2402 1462 esse
2453 1415 2791 1475 perpetuum,
2827 1403 3077 1457 tollamus
3125 1401 3173 1457 ei
3205 1401 3272 1456 de
3306 1409 3568 1471 potestate

1990 1506 2287 1569 peccatum.
2326 1497 2727 1566 Dicitjusdtia:
2765 1494 2879 1549 Non
2910 1496 2978 1549 ita
3019 1503 3119 1548 est.
3149 1494 3263 1547 Non
3310 1492 3570 1562 competit

1989 1590 2196 1658 legibus
2234 1589 2432 1643 nostris
2468 1598 2524 1641 ut
2556 1590 2601 1641 is
2627 1602 2784 1657 quem
2823 1602 2852 1640 a
2880 1584 3162 1640 contrariis
3206 1591 3419 1652 Oportet
3450 1597 3573 1651 pro-

1990 1683 2125 1748 bari,
2158 1681 2226 1736 de
2259 1682 2463 1736 viribus
2494 1679 2621 1734 'suis
2664 1696 2768 1733 non
2802 1679 2973 1748 possit
3002 1678 3239 1748 agnosci.
3273 1675 3387 1729 Non
3421 1689 3570 1728 com-

1994 1775 2150 1841 petit,
2178 1772 2537 1841 inquam,hoc
2559 1772 2763 1841 legibus
2792 1771 3014 1838 nostris,
3039 1779 3095 1823 ut
3117 1783 3239 1823 eum
3270 1781 3426 1837 quem
3456 1766 3570 1835 glo-

308 1871 531 1940 diligunt
552 1869 700 1922 illum
727 1868 787 1937 (ι
819 1868 937 1920 (lor.
972 1866 1068 1935 ιι).
1110 1866 1185 1920 De
1211 1865 1401 1934 quibus
1429 1880 1518 1932 per
1544 1863 1815 1933 apostolos
1836 1871 1889 1917 et
1919 1851 1967 1911 Β
1998 1866 2192 1920 rilicari
2220 1868 2380 1920 etiam
2409 1880 2475 1919 ex
2511 1864 2691 1918 ofﬁcio
2732 1878 2829 1917 suo
2866 1862 3129 1927 volumus,
3184 1858 3465 1913 materiam
3516 1864 3571 1911 et

309 1972 575 2033 martyres
605 1958 971 2015 dicitur:Nou
1001 1968 1118 2012 sunt
1146 1958 1415 2027 condigna:
1442 1957 1703 2026 passiones
1732 1956 1888 2026 hujus

313 2053 554 2122 temporis
592 2052 658 2104 ad
694 2054 921 2121 futuram
955 2050 1171 2119 gloriam
1208 2064 1321 2118 qua:
1361 2048 1665 2102 revelabitur
1701 2048 1755 2100 in
1798 2064 1892 2100 uo-

312 2145 387 2198 bis
416 2143 436 2215 (
462 2143 609 2197 Rom.
639 2144 766 2210 vn).
791 2141 1095 2210 Temporivi
1144 2141 1322 2207 itaque
1361 2138 1563 2193 fructus
1607 2139 1659 2191 in
1689 2139 1896 2190 virtuti-

312 2237 413 2291 bus
440 2244 586 2299 sunt,
612 2234 833 2290 serotini
860 2233 912 2287 in
945 2232 1375 2287 remuneratione
1411 2233 1692 2285 virtutum.
1728 2230 1893 2283 Tem-

312 2331 482 2401 porivi
531 2339 656 2383 sunt
693 2343 828 2398 quos
876 2327 962 2381 hic
991 2341 1153 2395 opera
1203 2326 1421 2394 capiunt
1468 2324 1519 2377 in
1578 2324 1892 2391 praeceptis;

315 2422 534 2478 serotini
590 2435 724 2489 quos
780 2418 887 2473 illic
940 2428 1064 2471 vota
1115 2424 1512 2483 consequentur
1558 2415 1609 2468 iu
1641 2415 1892 2483 przemiis.

319 2515 585 2581 Quantum
612 2525 740 2581 ergo
767 2510 1062 2565 delectetur
1094 2509 1233 2563 Deus
1278 2507 1391 2562 ﬁeri
1436 2523 1666 2570 murum,
1700 2507 1751 2559 id
1792 2518 1895 2574 θμι,

323 2603 710 2658 validissimum
740 2610 923 2655 contra
960 2600 1215 2654 olfensam
1243 2599 1332 2653 Dei
1373 2597 1777 2667 supplicationis
1804 2599 1901 2651 ob-

330 2697 615 2760 staculum,
646 2694 784 2750 sicut
815 2693 937 2748 fecit
968 2692 1054 2746 ille
1077 2692 1143 2746 de
1173 2708 1278 2761 quo
1303 2691 1529 2760 legimus
1559 2707 1573 2744 :
1604 2689 1900 2759 Properavit

286 2840 287 2843 η
327 2790 459 2843 enim
483 2790 630 2841 homo
649 2788 757 2841 sine
779 2787 985 2850 querela
1009 2784 1269 2857 deprecari
1290 2800 1380 2849 pro
1402 2784 1612 2853 populo,
1639 2789 1900 2853 proferens

330 2881 579 2934 servitutis
600 2894 702 2932 sua?
730 2888 954 2940 scutum,
972 2877 1163 2930 "restitit
1193 2876 1282 2929 ira:
1297 2885 1343 2928 et
1365 2876 1520 2942 linem
1543 2876 1785 2943 imposuit
1813 2892 1903 2929 ue-

327 2971 550 3024 ressitati
580 2969 730 3039 (Sap.
756 2967 871 3039 xv).
905 2966 1003 3033 Qui
1031 2974 1207 3031 staret,
1236 2967 1423 3036 inquit,
1445 2968 1705 3037 oppositus
1726 2978 1904 3020 contra

325 3081 424 3130 me,
452 3072 736 3135 prapterea,
774 3079 835 3116 ne
883 3062 1226 3129 disperderem
1271 3078 1382 3114 eam
1436 3060 1557 3131 (Es.
1612 3061 1765 3131 xin).
1800 3062 1899 3128 Qui

324 3155 558 3211 ostendit
571 3154 838 3223 quomodo
850 3154 965 3221 ejus
982 3153 1055 3206 ira
1073 3162 1367 3221 separetur,
1384 3152 1778 3221 quodammodo
1794 3153 1906 3222 pla-

1995 1972 2211 2011 causam
2244 1957 2430 2026 gloria:
2474 1956 2830 2025 denegemus;
2864 1965 2920 2009 ut
2958 1969 3078 2008 cum
3123 1968 3282 2022 quem
3326 1951 3572 2020 cupimus

1998 2049 2265 2103 munerari
2314 2063 2407 2116 per
2440 2048 2636 2101 nudam
2684 2048 2930 2116 gratiam,
2968 2044 3225 2101 faciamus
3275 2044 3341 2098 dc
3391 2042 3576 2096 labore

1998 2147 2213 2216 proprio
2243 2146 2314 2199 nil
2346 2145 2561 2199 mereri.
2597 2144 2838 2199 Exerant
2870 2143 3046 2213 potius
3077 2144 3128 2196 iu
3162 2156 3227 2196 eo
3266 2140 3575 2209 singillatim

1998 2239 2159 2293 socia:
2188 2240 2301 2291 istae
2328 2252 2703 2307 germanaeque
2719 2238 3203 2301 virtutes,exerant
3226 2243 3403 2304 partes
3424 2247 3572 2288 suas.

2000 2330 2258 2385 Potentia:
2284 2332 2354 2384 sit
2384 2334 2522 2385 inter
2567 2336 2755 2384 cuncta
2807 2329 3061 2394 visibilia,
3095 2327 3389 2397 praesertim
3437 2327 3575 2380 inter

2004 2423 2185 2477 hostes
2234 2424 2595 2477 habitaturum
2626 2436 2812 2476 creare
2842 2420 3145 2487 sublimem,
3184 2418 3459 2487 sapientiae
3491 2432 3578 2471 or-

2002 2514 2191 2568 dinare
2218 2513 2559 2582 prudentem,
2585 2512 2837 2567 bonitatis
2863 2512 3117 2580 adjuvare
3149 2518 3469 2572 certantem,
3505 2510 3577 2576 ju«

2006 2608 2169 2661 stitia:
2192 2622 2454 2662 coronare
2480 2607 2807 2661 vincentem.
2834 2604 3015 2659 Talem
3041 2620 3171 2673 ergo
3188 2603 3462 2657 hominem
3488 2618 3581 2671 pro

2006 2700 2235 2754 utilitate
2264 2701 2364 2765 sui,
2397 2715 2458 2758 ac
2484 2716 2577 2769 pro
2607 2698 2777 2753 nostri
2808 2697 3065 2767 dignitate
3100 2698 3379 2765 faciamus,
3418 2712 3575 2767 quem

2002 2793 2057 2847 in
2084 2791 2358 2847 dexteram
2387 2800 2591 2862 partem
2620 2806 2723 2845 non
2750 2790 2923 2844 trahat
2950 2790 3258 2855 necessitas,
3278 2789 3371 2844 sed
3398 2790 3581 2843 volun-

2009 2893 2119 2948 tas;
2145 2887 2232 2953 qui
2258 2884 2454 2938 malum
2484 2884 2691 2938 ratione
2719 2882 3001 2951 intelligat,
3024 2882 3220 2935 bonum
3245 2882 3438 2935 virtute
3464 2896 3581 2949 per<

2011 2975 2171 3029 liciat.
2202 2959 2382 3029 Talem
2419 2975 2694 3038 iaciamus,
2726 2972 2810 3027 cui
2843 2973 3054 3027 bonitas
3093 2975 3144 3026 in
3186 2981 3395 3037 natura,
3429 2970 3581 3025 ntali-

2010 3068 2079 3121 tia
2108 3082 2237 3122 vero
2267 3077 2417 3121 extra
2442 3076 2686 3121 naturam
2723 3066 2822 3131 sit;
2851 3067 2941 3136 qui
2972 3066 3169 3120 bonum
3201 3066 3252 3119 in
3287 3066 3582 3133 voluntate,

2012 3160 2207 3213 malum
2247 3160 2439 3215 habeat
2471 3160 2523 3212 in
2563 3167 2860 3229 potestate;
2887 3161 2977 3229 qui
3020 3161 3216 3215 bonum
3270 3160 3582 3215 naturaliter

325 3258 479 3301 catus
507 3246 775 3301 irascitur.
806 3246 945 3300 Inter
973 3246 1107 3311 hzec,
1141 3246 1445 3315 quicunque
1470 3261 1499 3299 a
1529 3246 1902 3314 potentissimo
1929 3222 1976 3284 Ο
2011 3251 2159 3315 velit,
2188 3251 2388 3304 malum
2420 3252 2701 3305 actualiter
2729 3252 2923 3321 possit;
2954 3252 3043 3320 qui
3097 3254 3344 3306 mandata
3397 3262 3578 3307 nostra

331 3352 397 3391 ac
420 3337 721 3407 justissimo
755 3338 1029 3392 conditore
1054 3338 1125 3392 ita
1150 3340 1342 3393 factum
1373 3338 1642 3393 hominem
1667 3339 1813 3406 dicit,
1845 3348 1905 3394 ut

324 3444 463 3484 unus
516 3429 569 3483 in
635 3429 905 3483 sinistram
953 3430 1070 3484 sine
1112 3433 1327 3500 proprio
1371 3431 1628 3498 crimine,
1671 3430 1901 3500 impulsu

321 3530 525 3574 tantum
574 3521 920 3589 pr.cscientiae
969 3520 1284 3589 deputetur;
1328 3521 1464 3576 alter
1513 3521 1564 3575 in
1620 3521 1899 3576 dexteram

331 3611 643 3666 indiscussis
685 3612 888 3665 meritis
919 3612 1240 3679 attrahatur,
1276 3612 1375 3667 hoc
1424 3621 1608 3681 aperte
1656 3627 1902 3669 asserere

322 3704 758 3773 deprehenditur,
787 3703 1115 3759 inordinatas
1164 3704 1247 3759 vel
1272 3705 1478 3774 iniquas
1511 3721 1631 3760 esse
1674 3705 1902 3775 disposi-

324 3799 495 3853 tiones
522 3806 577 3851 et
602 3796 821 3851 factoris
863 3806 917 3851 et
958 3797 1174 3867 judicis.
1209 3798 1315 3868 Sed
1355 3799 1456 3853 hoc
1497 3799 1614 3853 loco
1642 3800 1902 3855 sollicitus

322 3888 467 3943 indat
512 3888 722 3944 auditor
761 3890 964 3945 auctori
1006 3905 1238 3957 summo,
1269 3906 1389 3945 cum
1440 3892 1709 3946 hominem
1758 3894 1901 3961 plas-

323 3996 474 4035 ruare
504 3980 836 4050 disponeret,
865 3982 1091 4047 auctori,
1137 3984 1373 4051 inquam,
1407 3998 1617 4037 summo
1662 3984 1713 4037 in
1745 3983 1902 4037 mini-

323 4072 543 4128 slerium
598 4081 653 4127 et
706 4073 989 4127 consilium
1037 4074 1266 4128 hominis
1310 4074 1634 4141 fabricandi,
1675 4085 1902 4143 quatuor

321 4162 542 4216 astitere
598 4163 840 4218 virtutes.
893 4164 1023 4231 Qum
1076 4166 1336 4234 quatuor?
1385 4165 1629 4219 Potentia
1694 4168 1898 4235 utique,

324 4254 552 4321 bonitas,
585 4254 868 4323 sapientia,
897 4266 1057 4323 atque
1083 4256 1310 4325 justitia.
1339 4257 1419 4310 'l‘u
1442 4256 1563 4310 vide
1592 4271 1748 4325 quam
1783 4258 1895 4311 Deo

324 4355 392 4401 cx
419 4345 501 4400 his
540 4356 770 4415 quatuor
796 4348 1031 4403 defuisse
1067 4364 1356 4418 prmsumas
1401 4364 1666 4404 asserere.
1717 4350 1898 4419 Itaque

323 4435 390 4489 ad
424 4436 754 4491 intellectum
785 4438 1087 4494 evidentius
1115 4440 1493 4510 colligendum,
1526 4440 1824 4508 proferant,
1856 4441 1901 4495 si

326 4527 517 4596 placet,
544 4528 769 4595 singulae
806 4529 919 4583 istae
939 4531 1183 4595 virtutes,
1215 4526 1367 4600 quasi
1401 4539 1654 4585 tractatus
1679 4540 1731 4585 et
1769 4532 1899 4584 allo.

324 4618 569 4673 cutioncs
610 4635 754 4675 suas.
784 4622 1026 4677 Potentia
1069 4624 1253 4678 dicat:
1284 4624 1562 4678 Faciamus
1609 4634 1728 4692 post
1775 4624 1896 4678 coeli
1928 4592 1982 4652 Β

324 4725 549 4780 regnum
578 4712 629 4767 in
655 4714 904 4769 secundis
935 4716 1227 4771 mirabilem
1258 4726 1580 4780 creaturam,
1616 4733 1682 4771 ne
1709 4718 1760 4771 in
1792 4719 1894 4771 im-

323 4801 456 4869 perii
489 4804 657 4857 nostri
686 4806 1179 4875 possessione,quae
1206 4808 1375 4874 prima
1407 4818 1560 4873 sunt,
1596 4810 1708 4862 haec
1737 4810 1897 4863 etiam

325 4892 605 4950 videantur
632 4906 893 4952 extrema.
924 4898 1082 4952 Istam
1117 4888 1425 4968 speciosam
1472 4902 1652 4955 mundi
1700 4903 1900 4956 machi-

321 4999 443 5039 nam
472 5002 929 5056 consummemus,
962 4999 1019 5044 ut
1047 4992 1100 5045 in
1132 5006 1195 5046 ea
1226 4992 1491 5046 hominem
1535 4993 1813 5058 faciamus,
1848 5005 1901 5047 et

278 5152 285 5155 ν
320 5082 674 5148 pradiciamus
709 5098 803 5153 per
830 5100 989 5153 quem
1036 5086 1266 5140 mundus
1296 5085 1594 5153 ordinetur,
1626 5088 1899 5155 possidea-

321 5186 428 5242 tur,
461 5188 707 5234 ornetur.
767 5181 984 5238 Bonitas
1024 5182 1169 5238 dicat
1210 5199 1224 5238 :
1260 5182 1360 5237 Fas
1404 5197 1508 5237 non
1552 5192 1637 5236 est
1678 5191 1737 5236 ut
1788 5185 1899 5238 sola

321 5266 598 5326 beneﬁciis
630 5273 831 5327 nostris
855 5274 1095 5330 coelestia
1127 5274 1492 5343 perfruantur.
1523 5274 1803 5330 Faciamus
1847 5287 1900 5331 et

320 5358 373 5412 in
403 5368 547 5415 terra
576 5361 867 5428 hominem,
914 5366 1055 5420 circa
1106 5382 1265 5435 quem
1299 5366 1674 5422 abundantiam
1715 5368 1898 5437 gratiae

321 5462 524 5509 nostra;
570 5471 937 5523 exerceamus,
970 5461 1110 5515 circa
1156 5476 1312 5530 quem
1345 5461 1735 5516 benevolentiae
1780 5477 1897 5514 mu-

320 5559 452 5600 nera
482 5546 787 5615 dilatemus,
836 5549 887 5603 in
934 5564 1091 5618 quem
1134 5553 1348 5620 pietatis
1398 5554 1644 5619 ingenitae
1686 5552 1899 5606 divitias

321 5638 728 5708 profundamus.
765 5642 1035 5711 Sapientia
1068 5642 1209 5698 dicat
1237 5661 1247 5697 :
1284 5644 1392 5699 Non
1420 5646 1591 5699 solum
1618 5646 1895 5711 faciamus,

321 5730 419 5785 sed
441 5732 602 5785 etiam
630 5748 790 5787 sensu
826 5733 1049 5787 rationis
1080 5748 1141 5785 ac
1177 5734 1511 5788 discretionis
1546 5735 1893 5795 honorcmus,

320 5820 619 5887 prudentia:
666 5824 867 5879 inmitte
911 5824 1227 5891 repleamus,
1265 5826 1541 5881 faciamus.
1572 5827 1887 5894 simplicem.

2007 3341 2275 3397 custodiat
2300 3341 2653 3406 voluntarius,
2684 3352 2737 3395 et
2769 3343 3054 3411 periclitari
3091 3359 3195 3397 non
3227 3343 3393 3412 possit
3438 3344 3580 3396 invi-

2009 3439 2123 3497 tus;
2153 3432 2236 3486 cui
2272 3432 2439 3501 prima
2472 3432 2571 3485 ista
2601 3432 2671 3487 sit
2706 3432 2876 3486 laudis
2912 3432 3146 3498 occasio,
3182 3441 3239 3488 ut
3276 3448 3497 3503 peccare
3526 3442 3581 3488 et

2007 3526 2175 3594 possit
2204 3533 2259 3579 et
2289 3526 2440 3579 nolit.
2476 3525 2723 3580 Sufficiat
2757 3534 2956 3591 autem,
3002 3525 3143 3596 quod
3186 3526 3237 3579 in
3276 3525 3584 3594 quadrupe»

2006 3623 2161 3677 dibus
2186 3630 2239 3676 et
2263 3621 2432 3676 brutis
2450 3620 2789 3689 subjicienda
2825 3629 2945 3674 sunt
2977 3620 3204 3685 homini,
3231 3620 3340 3688 jam
3367 3619 3586 3675 fecimus

2007 3713 2109 3765 tale
2156 3712 2386 3776 animal,
2423 3711 2563 3780 quod
2609 3712 2733 3764 dum
2786 3726 2888 3764 non
2931 3720 3010 3764 est
3050 3711 3339 3764 obnoxium
3391 3712 3582 3780 culpat,

2005 3805 2229 3860 fructum
2263 3820 2366 3858 non
2398 3812 2574 3872 potest
2605 3803 2805 3857 habere
2830 3803 3072 3870 justitize.
3106 3803 3253 3857 Hunc
3275 3815 3451 3859 autem
3482 3820 3585 3858 non

2004 3904 2214 3963 Oportet
2240 3910 2359 3950 esse
2390 3895 2608 3963 pecudis
2638 3894 2886 3956 similem,
2914 3894 3000 3947 cui
3034 3896 3370 3948 commis’suri
3404 3910 3586 3949 sumus

2005 4000 2202 4040 nostra:
2250 3986 2495 4055 imaginis
2548 3984 2879 4054 dignitatem.
2933 3985 3329 4053 lnterrogemus
3375 3998 3434 4037 ea
3468 3999 3587 4052 quae

2006 4080 2206 4149 peccati
2233 4080 2431 4145 nescia,
2454 4095 2514 4133 ac
2540 4079 2763 4133 rationis
2784 4077 2985 4146 ignara,
3009 4079 3207 4145 absque
3228 4078 3335 4131 ullo
3356 4077 3586 4147 pruden-

2007 4175 2088 4226 tia:
2140 4172 2342 4227 honore
2398 4171 2766 4225 formavimus.
2812 4169 3056 4237 Nunquid
3111 4169 3349 4237 proderit
3397 4169 3585 4238 pecudi

2003 4265 2315 4334 simplicitas
2344 4280 2459 4329 sua,
2494 4272 2586 4317 aut
2613 4263 2789 4318 arbori
2832 4262 3130 4317 fecunditas
3159 4264 3289 4317 sua?
3326 4263 3457 4333 Erga
3489 4264 3585 4317 ho—

2006 4357 2201 4410 minem
2234 4365 2472 4410 nostrum
2523 4369 2628 4407 non
2670 4353 2964 4423 poterimus
3015 4354 3156 4407 laudi
3189 4352 3433 4409 conferre
3475 4354 3584 4422 pal-

2004 4464 2166 4513 mam,
2200 4448 2244 4502 si
2278 4448 2522 4502 volumus
2554 4446 2858 4500 necessitati
2910 4445 3113 4499 servire
3143 4454 3407 4499 naturam.
3438 4445 3587 4499 llune

2004 4555 2129 4610 ergo
2159 4539 2465 4595 conditione
2505 4538 2799 4603 subditum,
2852 4537 3174 4590 discretione
3208 4536 3454 4600 liberum,
3496 4551 3585 4591 ra-

2011 4633 2153 4687 tione
2208 4622 2498 4700 petfectum
2528 4673 2541 4695 ,
2586 4633 2654 4684 ita
2686 4630 2936 4684 ordinare
2976 4645 3073 4684 nos
3118 4645 3325 4698 aequum
3358 4641 3437 4683 est
3488 4632 3587 4683 sub

2008 4731 2272 4793 potestate
2321 4722 2611 4791 permissa,
2655 4730 2709 4773 et
2740 4720 2853 4785 lege
2904 4722 3208 4787 proposita,
3245 4731 3298 4774 ut
3345 4721 3584 4774 custodia

2010 4814 2291 4881 prmccpti,
2327 4813 2500 4865 aditus
2547 4820 2600 4864 et
2650 4824 2807 4863 causa
2855 4809 2927 4863 sit
2971 4810 3193 4878 praemii.
3231 4813 3358 4862 Nam
3388 4815 3429 4863 si
3463 4812 3583 4865 mali

2009 4906 2216 4971 copiam
2248 4919 2309 4956 ac
2340 4902 2604 4956 licentiam
2639 4916 2742 4953 non
2774 4900 3042 4966 habuerit,
3078 4902 3198 4954 boni
3225 4902 3447 4970 gloriam
3481 4918 3584 4955 non

2008 4995 2242 5049 habebit.
2280 4994 2333 5049 Si
2360 4994 2515 5062 juxta
2552 4993 2978 5047 benevolentiam
3014 5003 3247 5049 nostram
3290 5011 3393 5048 non
3422 4997 3583 5048 etiam

2003 5103 2101 5141 suo
2131 5085 2419 5139 Studiovel
2450 5084 2635 5138 labore
2689 5085 3084 5153 prtcdicabilem
3119 5086 3343 5139 tenuerit
3389 5086 3585 5139 sanita-

2005 5189 2133 5245 tem,
2169 5194 2273 5231 uon
2324 5178 2425 5231 erit
2473 5178 2811 5243 innocentia,
2848 5177 2940 5232 sed
2973 5178 3160 5231 inertia
3189 5195 3201 5242 ;
3244 5186 3296 5231 et
3326 5186 3581 5244 przeterca

2004 5272 2279 5341 pratmium
2311 5269 2471 5338 perit,
2499 5270 2585 5323 ubi
2612 5272 2858 5324 meritum
2887 5284 2988 5323 non
3016 5269 3286 5339 przecedit.
3318 5269 3461 5325 Bona
3488 5286 3584 5324 no-

2003 5375 2111 5419 stra
2145 5380 2250 5417 non
2277 5371 2450 5431 potest
2471 5377 2685 5417 servare
2714 5364 2804 5431 qui
2835 5363 3000 5419 nescit
3027 5364 3326 5432 acquirere.

2081 5455 2189 5509 Nisi
2214 5456 2370 5509 luerit
2396 5455 2714 5509 ohedientia:
2738 5456 3011 5524 praemissa
3037 5456 3269 5521 devotio,
3295 5457 3478 5526 gratia:
3514 5455 3581 5506 vi-

2007 5549 2159 5603 lescit
2180 5548 2398 5603 oblatio.
2421 5546 2697 5617 Simulque
2715 5549 3032 5605 verecundia
3058 5548 3445 5603 remuneran'is
3474 5555 3576 5610 est,

2006 5640 2049 5695 si
2083 5641 2374 5694 honoratur
2404 5642 2605 5694 otiosus
2628 5684 2641 5706 ,
2676 5642 2720 5694 si
2767 5652 3137 5695 remuneretur
3166 5642 3401 5709 ignavus.
3442 5639 3579 5705 Quin

2006 5733 2181 5797 potius
2232 5740 2549 5799 cooperante
2597 5732 2864 5797 adjutorio
2914 5732 3073 5784 etiam
3129 5744 3227 5782 suo
3276 5744 3441 5797 opere
3491 5732 3581 5783 1ί.ιι

2005 5827 2213 5891 dignus,
2244 5834 2436 5880 etcum
2464 5827 2594 5879 bona
2628 5826 2953 5881 conscientia
2989 5825 3054 5879 sit
3084 5826 3285 5877 beatus.
3320 5821 3449 5875 Nam
3478 5825 3579 5876 nisi
