4068 6348
493 416 594 472 835

1721 413 1774 468 S.
1819 413 2060 468 FAUSTI
2099 413 2500 469 RIIEGIENSIS

3640 412 3748 478 836

495 531 645 586 fuerit
675 529 949 584 tribuentis
968 531 1107 596 justa
1137 527 1446 595 liberalitas,
1483 542 1584 581 non
1609 527 1709 581 erit
1743 527 2059 595 accipientis
2088 532 2141 590 Α
2165 543 2288 582 cum
2319 529 2389 581 ita
2414 528 2540 590 sint,
2567 541 2670 583 non
2700 527 2893 582 audeat
2923 538 3167 583 creatura
3196 528 3263 584 de
3284 527 3553 583 Creatoris
3581 543 3746 599 opere

495 623 722 692 perfecta
763 621 1024 682 felicitas;
1069 628 1122 673 et
1151 619 1250 672 nisi
1283 619 1427 686 prius
1458 618 1734 685 explorata
1772 618 1947 688 fuerit
1979 619 2059 670 itt-

495 713 748 782 quirentis
785 711 1007 770 aviditas
1035 749 1048 773 ,
1079 711 1129 762 in
1182 722 1285 776 quo
1331 709 1702 776 jocnndabitur
1752 708 2053 777 benignitas

493 803 799 873 largienlis?
829 802 999 856 adhuc
1042 817 1160 854 cum
1188 801 1392 867 justitia
1442 799 1600 854 verba
1629 801 1866 855 conserit
1927 813 2063 867 prae-

491 895 732 959 scienlia,
766 903 816 947 et
839 893 946 960 ipsa
979 893 1046 945 ita
1066 892 1195 944 dicit
1221 910 1232 942 :
1259 891 1444 945 Melius
1463 900 1617 944 estut
1647 906 1752 945 non
1781 891 1867 945 fiat
1891 905 2058 958 genus

494 969 800 1049 humanum,
828 1001 982 1053 quam
1003 987 1069 1038 ita
1094 984 1207 1037 fieri
1235 980 1555 1044 videaturut
1583 992 1788 1051 pereat.
1820 983 2064 1051 Respon-

493 1077 580 1127 det
621 1061 827 1128 bonitas
857 1084 1012 1143 atque
1035 1074 1276 1144 justitia:
1325 1072 1438 1126 Non
1473 1075 1539 1125 ita
1573 1081 1673 1126 est.
1710 1072 1937 1140 Propter
1965 1073 2064 1126 im-

494 1171 636 1239 pium
665 1166 796 1232 Cain
820 1167 951 1221 Abel
975 1167 1089 1235 pius
1117 1181 1240 1219 reus
1270 1181 1371 1218 non
1395 1166 1538 1218 erit?
1565 1166 1788 1234 Propter
1809 1180 2062 1219 crescens

497 1277 600 1322 tem
655 1261 908 1314 malitiam
963 1259 1188 1320 mundus
1237 1257 1345 1311 Noe
1385 1259 1640 1326 justitiam
1685 1273 1789 1310 non
1825 1257 2062 1312 videbit?

496 1359 719 1425 Propter
746 1354 932 1407 Judam
969 1335 1071 1404 non
1098 1351 1410 1403 habebimus
1439 1349 1691 1402 Petrum?
1721 1349 1942 1416 Propter
1972 1362 2064 1402 eos

452 1461 455 1466 '
496 1453 583 1521 qui
615 1451 742 1504 vitio
768 1447 1072 1503 blandiente
1107 1444 1351 1498 vincendi
1385 1452 1527 1508 sunt,
1562 1443 1611 1495 in
1643 1443 1802 1502 vitam
1838 1456 1941 1494 non
1974 1455 2063 1493 ve-

495 1544 646 1599 nient
683 1544 771 1612 qui
821 1556 916 1610 per
953 1539 1173 1608 rigidam
1209 1537 1694 1605 maguat‘iimitatem
1728 1535 1932 1589 virtutis
1971 1551 2064 1588 au-

497 1648 653 1691 sterze
685 1637 826 1703 justo
854 1631 1054 1700 judicio
1079 1629 1368 1684 coronandi
1418 1628 1580 1680 sunt?
1612 1628 1834 1694 Pi0pter
1862 1640 2065 1694 praeva-

497 1732 780 1784 riCatorum
809 1724 1221 1785 multitudinem,
1254 1720 1731 1790 prastermittentur
1761 1720 1812 1772 in
1840 1718 2062 1771 nihilum

495 1825 755 1891 iustorum
787 1817 1002 1879 saecula,
1049 1815 1208 1869 millia
1243 1823 1554 1883 martyrum,
1592 1826 1914 1880 regnumque
1942 1825 2064 1864 san-

497 1927 699 1971 ctorum
726 1915 747 1966 ‘?
779 1913 1000 1979 Propter
1031 1926 1122 1962 eos
1153 1922 1283 1974 quos
1309 1923 1403 1959 suo
1433 1906 1652 1959 crimine
1683 1905 2062 1971 praenoscitnus

497 2017 821 2077 peccatores,
855 2020 955 2056 non
987 2003 1238 2056 faciemus
1268 2014 1360 2054 eos
1391 2014 1522 2066 quos
1562 1999 1872 2066 praescimus
1902 1997 2060 2050 etiam

498 2117 594 2156 suo
624 2099 814 2154 merito
845 2095 1167 2167 placituros?
1216 2093 1272 2146 Si
1304 2093 1371 2148 ita
1403 2101 1502 2154 est,
1539 2093 1654 2159 plus
1683 2089 1945 2144 frandabit
1971 2105 2063 2157 po-

499 2193 675 2248 tentiae
698 2199 893 2244 nostrze
917 2186 1234 2256 praecognita
1255 2198 1408 2251 quam
1440 2192 1804 2236 consummata
1838 2181 2058 2234 malitia.

499 2283 717 2340 Noccbit
748 2280 1002 2348 siquidem
1030 2277 1182 2342 bonis
1211 2276 1469 2328 malormn
1495 2273 1733 2340 praescita
1756 2270 2062 2341 generato?

501 2373 708 2428 noeebit
739 2372 908 2432 bouis,
937 2370 1022 2436 qui
1057 2376 1334 2435 propterea
1363 2363 1579 2442 creandi
1610 2378 1713 2417 non
1740 2372 1917 2424 erunt,
1943 2362 2065 2432 quia

500 2475 676 2519 creata
704 2461 1021 2531 quandoque
1052 2459 1148 2511 soli
1183 2457 1280 2509 sibi
1315 2469 1508 2508 nocere
1541 2454 1831 2518 potuisset?
1855 2453 1959 2507 Sed
1991 2453 2069 2506 di-

501 2567 582 2610 cat
612 2557 817 2609 bonitas
858 2571 870 2604 :
906 2554 976 2603 lia
1009 2549 1259 2605 faciamus
1313 2546 1599 2616 humanum
1637 2559 1821 2614 genus,
1861 2554 1919 2598 ut
1945 2559 2069 2612 pee-

507 2663 629 2701 cnre
650 2662 753 2699 non
780 2644 963 2712 possit.
989 2641 1082 2695 Cui
1114 2639 1434 2709 respondeat
1455 2652 1484 2692 c
1504 2648 1687 2691 contra
1710 2638 2072 2704 circonspecta

502 2717 700 2805 justitia
731 2754 739 2786 :
774 2733 1050 2802 Quomodo
1082 2715 1704 2800 terrestribusdabimus,
1739 2728 1879 2798 quod
1911 2732 2071 2783 cmle-

503 2829 670 2883 stibus
702 2826 1056 2880 indulsimus?
1088 2823 1366 2890 Quomodo
1417 2821 1630 2875 habebit
1683 2819 1937 2890 fragilitas
1970 2821 2070 2874 ho-

505 2920 702 2973 minum
735 2917 872 2986 quod
921 2926 1103 2968 natura
1158 2928 1260 2966 non
1294 2913 1520 2965 obtinuit
1551 2911 1905 2980 angelorum?
1941 2910 2070 2974 Quae

2091 2054 2141 2115 B

2165 620 2457 686 diSpntare.
2507 621 2766 674 Potentia:
2807 623 2982 690 itaque
3029 623 3124 677 fuit
3174 630 3230 676 ut
3279 615 3638 692 immortalem
3679 639 3742 680 ex

2165 710 2332 764 nihilo
2370 711 2640 765 hominem
2665 711 2954 778 conderet;
2987 714 3282 782 sapie‘ntim,
3307 720 3364 767 ut
3382 723 3638 782 capacem
3670 731 3745 770 ra-

2166 802 2327 855 tionis
2351 801 2621 865 efliceret;
2651 802 2921 868 bonitatis,
2954 814 3010 857 ut
3041 803 3106 858 ad
3132 797 3512 858 beatitudinem
3539 819 3746 874 praepa-

2179 901 2350 955 raret;
2380 893 2620 960 justitiae,
2646 902 2704 946 ut
2729 910 2831 947 non
2866 892 2987 948 ante
3015 895 3238 964 eligeret
3281 909 3439 963 quam
3472 888 3741 964 probaret.

2181 981 2286 1036 Sed
2313 984 2451 1037 inter
2477 982 2588 1036 hac
2621 983 2812 1052 aliquis
2854 970 3119 1053 persism,
3158 992 3211 1038 et
3240 983 3406 1038 dicit:
3441 985 3495 1039 Si
3538 998 3747 1041 constat

2175 1077 2483 1141 peccatures
2528 1075 2578 1127 in
2624 1074 2718 1126 illo
2754 1076 2948 1128 saeculo
3010 1075 3286 1144 suppliciis
3330 1075 3660 1130 addicendos
3698 1089 3748 1130 et

2173 1165 2390 1218 internis
2420 1165 2626 1232 ignibus
2675 1166 3074 1234 mancipandos,
3111 1168 3186 1220 sic
3219 1168 3331 1221 fieri
3375 1168 3536 1221 homo
3567 1168 3749 1222 debuit

2177 1264 2235 1307 ut
2267 1256 2309 1306 is
2332 1256 2549 1308 omnino
2582 1271 2804 1325 peccare
2836 1273 2940 1310 non
2994 1267 3194 1326 posset.
3237 1258 3370 1323 Quid
3426 1261 3744 1326 prmenrris,

2170 1361 2202 1398 ο
2239 1345 2432 1410 homo,
2473 1348 2703 1400 auctoris
2752 1348 2828 1403 tui
2877 1349 3335 1417 dispensationes"?
3373 1351 3496 1420 quid
3551 1351 3748 1418 qumris

2167 1455 2280 1494 rem
2312 1441 2728 1495 immortalitatis
2770 1445 2822 1495 in
2871 1446 3088 1512 regione
3138 1447 3369 1499 mortis?
3395 1441 3519 1514 quid
3551 1447 3747 1513 quaeris

2169 1531 2219 1582 in
2254 1532 2451 1583 malitia
2481 1533 2617 1600 quod
2650 1544 2862 1601 paretur
2889 1536 2938 1587 in
2988 1536 3194 1602 gloria?
3223 1535 3352 1605 quid
3381 1545 3504 1590 ante
3548 1539 3745 1589 emeri-

2169 1631 2277 1675 tum
2311 1623 2546 1678 laborem
2598 1627 2773 1692 poscis
2815 1639 2935 1695 qua:
2979 1637 3271 1695 praeparata
3299 1637 3421 1681 sunt
3448 1638 3569 1696 post
3601 1629 3747 1682 labo-

2171 1729 2286 1769 rem
2312 1716 2333 1768 ?
2362 1716 2583 1771 Dabitur
2610 1717 2728 1777 hoc.
2777 1719 2871 1772 sed
2917 1718 3024 1786 jam
3054 1721 3102 1772 in
3132 1731 3389 1775 arternum
3418 1723 3744 1791 justiﬁca'to,

2167 1807 2384 1874 quando
2416 1808 2464 1861 id
2514 1810 2652 1877 quod
2699 1811 2948 1864 collatum
2985 1811 3140 1865 fuerit
3194 1809 3367 1881 perire
3412 1829 3514 1868 non
3554 1817 3741 1884 possit.

2176 1898 2548 1964 llabiturltoe,
2576 1900 2669 1954 sed
2700 1901 2750 1954 in
2800 1911 3039 1970 tempore
3091 1904 3462 1968 beatitudinis,
3507 1909 3596 1960 ubi
3639 1909 3745 1977 jam

2175 2000 2450 2058 peccatum
2492 2007 2590 2046 nec
2619 1995 2833 2047 vincere
2859 1995 2927 2048 sit
2953 2009 3170 2050 necesse
3191 2037 3204 2059 ,
3232 2011 3329 2050 nec
3364 1998 3535 2061 scire;
3571 2001 3656 2052 ubi
3685 2001 3748 2052 ad

2169 2083 2494 2149 peccandum
2529 2101 2632 2139 non
2667 2089 2937 2152 voluntas,
2966 2103 3069 2142 non
3123 2090 3450 2158 possibilitas
3483 2095 3615 2157 erit;
3661 2096 3746 2154 ubi

2165 2185 2378 2240 sancte,
2410 2179 2612 2244 integre
2637 2219 2653 2243 ,
2706 2180 2791 2247 pie
2818 2183 2997 2235 vivere
3037 2197 3140 2235 non
3169 2183 3266 2236 erit
3293 2183 3593 2253 diligentia,
3643 2203 3743 2239 non

2168 2265 2446 2333 industria,
2481 2268 2575 2321 sed
2601 2280 2788 2323 natura
2825 2289 2836 2322 :
2867 2271 3206 2341 dispensante
3230 2275 3296 2326 ita
3321 2276 3498 2328 divina
3534 2277 3745 2330 miseri-

2169 2361 2351 2413 cordia
2377 2372 2534 2430 atque
2556 2363 2783 2429 justitia,
2828 2373 2884 2416 ut
2913 2367 3001 2433 qui
3032 2367 3116 2421 hic
3142 2365 3404 2422 studuerit
3427 2370 3744 2438 integritati,

2173 2451 2313 2504 nulla
2345 2452 2451 2505 illic
2482 2454 2615 2506 ultra
2663 2456 2829 2522 possit
2857 2456 2975 2511 labe
3007 2459 3296 2528 corrumpi.
3336 2460 3564 2528 Dignum
3607 2463 3745 2515 enirn

2173 2557 2292 2596 esse
2320 2544 2594 2612 judicavit,
2627 2557 2683 2600 ut
2713 2548 2872 2602 homo
2915 2564 3136 2618 peccare
3166 2554 3254 2620 q‘ni
3285 2553 3451 2607 noluit
3484 2553 3742 2620 inﬁrmus,

2176 2652 2278 2689 non
2313 2637 2483 2705 possit
2512 2649 2760 2695 aeternus.
2789 2642 2891 2696 Sed
2931 2652 2989 2696 ut
3018 2642 3312 2699 labentibus
3340 2646 3393 2698 in
3427 2647 3741 2700 immensum

2174 2729 2387 2781 saiculis
2418 2729 2535 2784 sine
2564 2740 2705 2786 metu
2751 2733 3019 2799 gaudium,
3070 2737 3184 2790 sine
3216 2737 3396 2792 invido
3437 2739 3739 2808 praemium,

2175 2819 2290 2872 sine
2321 2820 2471 2874 hoste
2501 2822 2571 2876 sit
2592 2836 2830 2892 regnum.

509 3064 3456 3091 ~——————————-———-———————-———-—~——-——_

1103 3204 1244 3316 s.
1309 3203 1973 3316 PAUSTI
2037 3181 3135 3326 RHEGIENS‘IS

1652 3409 2594 3549 EPISTOL/E

994 3727 1315 3783 EPISTOLA
1357 3726 1564 3782 PRIMA

854 3837 966 3874 sm:
1007 3811 1192 3874 rausn
1231 3832 1507 3871 rnoressro
1547 3834 1682 3872 FIDEI

511 3953 717 3994 CONTRA
773 3949 865 3987 EOS
909 3948 992 3994 QUI
1047 3946 1148 3984 DUM
1212 3946 1309 3984 PER
1362 3944 1527 3983 SOLAM
1579 3945 1662 3984 DEI
1715 3944 2070 3985 VOLUI‘ITATEM

575 4023 720 4062 ALIOS
761 4020 944 4059 DICUNT
989 4019 1051 4054 AD
1089 4017 1250 4054 γιτΑιι
1292 4015 1541 4062 ΛΤΪΒΛΙΙΙ,
1576 4016 1724 4054 ALIOS
1764 4017 1813 4053 IN
1854 4017 2071 4055 MORTEII

573 4093 810 4141 oraomni,
869 4088 987 4127 ιιιΝο
1055 4087 1232 4140 FATUM
1269 4086 1368 4124 cum
1419 4086 1723 4124 cistvriunus
1774 4087 2071 4137 asseumr,

574 4163 691 4204 mni-3
732 4160 952 4200 Lttiencn
991 4156 1271 4196 Αιιιιιτιιιιωι
1312 4155 1414 4194 cun
1456 4152 1748 4195 MANICIHZIS
1787 4157 2011 4195 escam.

585 4277 805 4335 Domino
866 4274 1172 4331 beatissimo
1228 4288 1290 4327 ac
1349 4273 1794 4330 reverendissiino
1853 4277 2073 4330 Leontio

507 4393 674 4450 papm,
708 4365 951 4427 Faustus.

575 4451 726 4536 Quod
750 4482 841 4534 pro
863 4463 1217 4519 sollicitudine
1241 4461 1512 4528 pastorali,
1537 4462 1689 4514 beate
1715 4475 1846 4528 papa
1866 4461 2073 4524 Leonti,

509 4566 558 4616 in
604 4549 994 4613 contemnendo
1042 4552 1524 4622 prcedestinationis
1567 4567 1750 4605 errore
1792 4553 2073 4605 concilium

507 4666 832 4709 summorum
862 4650 1152 4715 antistitum
1176 4645 1559 4715 congregastis,
1589 4644 1854 4698 universis
1876 4645 2074 4699 Galliu-

508 4759 621 4796 rum
653 4739 904 4794 Ecclcsiis
933 4736 1278 4808 przestitistis.
1326 4736 1473 4802 Quod
1509 4752 1633 4810 vero
1671 4737 1735 4788 ad
1779 4733 2074 4791 ordinanda

506 4849 566 4887 ea
625 4845 742 4899 qntc
793 4818 1079 4883 collatione
1141 4826 1357 4908 publica
1390 4826 1698 4904 doctissime
1747 4827 2072 4895 protulistis,

435 4947 443 4990 ξ
505 4938 719 4991 Operam
766 4916 990 4973 infirmis
1034 4917 1267 4971 humeris
1312 4931 1597 4987 cnramque
1635 4919 1946 4983 mandastis,
1979 4935 2074 4986 pa-

507 5030 644 5078 rum,
691 5007 744 5066 ut
787 5026 929 5074 reor,
981 5017 1127 5062 tanto
1167 5008 1397 5078 negotio,
1435 5021 1616 5075 parum
1656 5017 1853 5061 sanctae
1892 5009 2075 5062 existi-

507 5103 721 5157 mationi
751 5095 942 5155 vestrae
972 5099 1336 5161 consuluistis,
1368 5103 1419 5151 et
1449 5114 1532 5152 me
1571 5098 1772 5167 judicio
1811 5099 2069 5164 caritatis,

2100 3730 2144 3792 C
2178 3731 2294 3784 sine
2322 3732 2492 3786 altero
2516 3733 2634 3796 erit,
2659 3743 2748 3788 aut
2775 3735 3066 3791 inhonorus
3095 3738 3294 3807 absque
3319 3753 3473 3794 servo
3506 3741 3749 3800 donnnus

2174 3822 2479 3891 apparebit,
2534 3833 2625 3879 aut
2674 3841 2864 3882 servus
2913 3828 3114 3883 domini
3172 3830 3380 3897 locum,
3430 3834 3751 3891 conditionis

2177 3917 2474 3981 immemor,
2517 3921 2817 3987 occupabit.
2867 3920 3031 3975 Recte
3071 3937 3198 3992 ergo
3238 3925 3378 3979 inter
3412 3927 3748 3996 adjuvantem

2179 4010 2376 4077 pariter
2420 4018 2474 4065 et
2509 4012 2836 4068 adnitentem
2880 4015 3014 4068 ordo
3059 4017 3157 4071 iste
3194 4019 3515 4082 servabitur,
3564 4029 3621 4075 ut
3670 4021 3751 4076 hic

2179 4109 2358 4153 teneat
2400 4102 2555 4169 pleno
2603 4104 2718 4171 jure
2761 4105 3121 4171 dominatum,
3172 4119 3224 4162 et
3273 4109 3360 4163 ille
3410 4119 3518 4166 tota
3568 4113 3754 4168 reddat

2177 4190 2505 4258 subjectione
2560 4193 2858 4250 servitium.
2940 4196 3234 4265 Augebitur
3289 4210 3462 4254 autem
3526 4203 3754 4272 dignitas

2181 4283 2511 4349 imperantis,
2547 4286 2591 4337 si
2631 4286 2678 4339 ei
2715 4301 2930 4354 semper
2973 4297 3164 4356 praesto
3201 4292 3270 4344 sit
3309 4292 3564 4348 sedulitas
3598 4295 3752 4349 obse-

2178 4361 2411 4440 quentie.
2439 4375 2723 4430 Socientur
2753 4378 2855 4431 ima
2885 4379 3130 4446 summis,
3167 4382 3347 4451 sicque
3374 4384 3669 4450 sociantur,
3700 4391 3756 4441 ut

2180 4465 2528 4532 subjiciantur
2566 4470 2771 4536 utique‘,
2805 4487 2909 4525 non
2947 4483 3242 4541 aequentur.
3272 4475 3376 4530 Sed
3405 4478 3541 4530 sicut
3568 4477 3757 4532 deesse

2181 4569 2283 4608 non
2325 4559 2571 4612 convenit
2598 4561 2939 4628 gubernatori
2980 4565 3231 4633 remigem
3281 4580 3456 4630 suum,
3492 4568 3757 4624 sacerdoti

2182 4648 2477 4702 ministrum
2528 4664 2719 4714 suum,
2774 4652 3080 4721 imperatori
3135 4655 3354 4710 militent
3409 4673 3564 4712 suum
3619 4677 3632 4714 :
3690 4662 3757 4715 ita

2184 4749 2395 4806 oportet
2429 4742 2597 4810 gratia
2635 4744 2866 4801 alumna:
2901 4745 3221 4801 obedientire
3262 4749 3602 4816 inseparabili
3643 4765 3759 4804 ser-

2185 4830 2349 4884 vitute
2389 4846 2631 4888 connexa
2666 4832 2756 4888 'sit.
2790 4836 2983 4889 Verum
3023 4839 3142 4906 quia
3172 4839 3413 4908 Pelagius
3452 4841 3652 4895 nudum
3689 4843 3759 4896 la—

2183 4927 2368 4982 borem
2413 4929 2766 4998 importunius
2807 4935 3076 4997 exaltans,
3120 4944 3175 4988 et
3215 4936 3498 4990 humanam
3539 4937 3762 4992 demens

2183 5018 2541 5075 infirmitatem
2599 5024 2714 5076 sine
2763 5024 2928 5091 gratia
2969 5025 3067 5078 sibi
3109 5039 3266 5092 posse
3307 5027 3553 5082 sufﬁcere
3600 5032 3760 5082 stulte

2182 5110 2426 5178 credidit,
2450 5112 2611 5181 impie
2639 5115 2963 5182 praedicavit,
2998 5115 3246 5171 elationis
3274 5120 3462 5171 turrim
3491 5119 3542 5172 in
3568 5121 3759 5173 caelum

507 5211 597 5247 vos
617 5191 850 5262 periculo
872 5190 1144 5244 electioiiis
1167 5189 1445 5242 onerastis.
1469 5189 1597 5255 Quia
1622 5205 1750 5257 ergo
1771 5199 1821 5243 et
1843 5199 2073 5243 vestram
2099 5188 2152 5249 D
2177 5215 2396 5257 conatur
2444 5205 2680 5272 erigere,
2737 5207 3096 5274 blasphemias
3139 5209 3255 5277 ejus
3307 5211 3459 5266 brevi
3509 5225 3760 5266 sermone

512 5287 754 5336 laborare
796 5279 1072 5350 personam
1103 5280 1201 5332 sub
1243 5280 1486 5349 imposito
1519 5280 1672 5335 nobis
1703 5283 1842 5334 fasce
1879 5295 2074 5348 cogno-

504 5378 671 5439 scitis,
699 5390 1031 5428 communem
1063 5359 1274 5428 cansam
1298 5374 1396 5426 hoc
1421 5376 1534 5427 loco
1565 5375 1738 5440 agitis,
1768 5374 1813 5428 si
1840 5376 1884 5428 ei
1917 5390 2073 5442 quem

505 5467 739 5538 opinioni
781 5477 971 5520 vestire
1013 5467 1263 5534 impareut
1308 5466 1544 5528 cernitis,
1588 5481 1798 5517 manum
1841 5465 2076 5535 suffragii

509 5559 812 5631 porrigetis,
857 5558 1088 5613 studium
1137 5558 1439 5611 asserendie
1485 5556 1664 5623 gratim.
1711 5567 2074 5624 competenter

509 5667 559 5707 et
595 5655 875 5708 salubriter
911 5652 1130 5718 suscipit
1161 5651 1247 5717 qui
1281 5649 1630 5701 obedientiam
1664 5649 1844 5702 famuli
1880 5651 2074 5704 laboris

511 5748 760 5816 adiungit,
796 5755 1042 5814 tanquam
1085 5744 1126 5796 si
1172 5754 1391 5810 patrono
1430 5742 1508 5794 vel
1546 5742 1763 5795 domino
1805 5745 2075 5811 insepara-

517 5836 681 5891 biluer
705 5835 1052 5898 pcdissequus
1086 5833 1322 5886 minister
1350 5832 1620 5887 inhaereat.
1655 5835 1804 5898 Quod
1837 5836 1880 5890 si
1911 5853 2069 5892 unum

2180 5296 2549 5364 praestringere
2587 5306 2640 5351 et
2675 5299 2948 5354 confutare
2988 5304 3347 5356 necessarium
3382 5303 3759 5372 jndicavimus.

2181 5389 2256 5442 Ne
2298 5389 2432 5444 forte
2470 5391 2514 5443 is
2552 5391 2640 5459 qui
2683 5392 2881 5446 donum
2925 5394 3140 5459 laboris,
3183 5395 3236 5449 id
3283 5406 3393 5459 est,
3432 5407 3757 5466 prmeeptum

2175 5479 2408 5547 jubentis
2439 5481 2692 5545 excludit,
2722 5484 3081 5538 asscrentibus
3110 5485 3263 5539 nobis
3293 5487 3434 5555 quod
3469 5486 3562 5541 Dei
3595 5488 3756 5540 mise-

2183 5570 2409 5623 ricordia
2441 5570 2542 5623 fide
2571 5582 2623 5624 et
2652 5572 2904 5638 operibus
2933 5575 3282 5640 promerenda
3311 5586 3412 5640 est.
3439 5577 3756 5631 catholicam

2184 5672 2362 5712 vocem
2410 5659 2473 5712 ad
2507 5660 2701 5730 Pelagii
2741 5677 2979 5730 sensum,
3013 5664 3349 5720 discretionis
3393 5668 3626 5733 nescius,
3666 5683 3758 5734 ap-

2184 5748 2422 5816 plicaret,
2457 5762 2507 5805 et
2539 5754 2733 5806 omissa
2765 5755 2845 5808 via
2882 5757 3023 5824 regia
3061 5758 3112 5810 in
3144 5757 3418 5812 dexteram
3450 5759 3669 5825 cadens,
3706 5761 3754 5815 in

2183 5841 2451 5895 sinistram
2483 5842 2745 5900 declinare
2777 5863 2875 5902 nos
2917 5847 3180 5912 crederet,
3233 5858 3286 5904 ct
3334 5850 3458 5904 dum
3482 5850 3548 5906 de
3577 5851 3753 5906 labore
