  <div class='ocr_page' id='page_1' title='image "/cluster/home/n/w/nwhite01/storage/ocr_20150623/58/hvd.32044073505240/466.png"; bbox 0 0 4068 6348; ppageno 0'>
   <div class='ocr_carea' id='block_1_1' title="bbox 312 459 416 517">
    <p class='ocr_par' dir='ltr' id='par_1_1' title="bbox 312 459 416 517">
     <span class='ocr_line' id='line_1_1' title="bbox 312 459 416 517; baseline -0.048 0"><span class='ocrx_word' id='word_1_1' title='bbox 312 459 416 517; x_wconf 77' lang='lat'><strong>837</strong></span> 
     </span>
    </p>
   </div>
   <div class='ocr_carea' id='block_1_2' title="bbox 1759 435 2133 495">
    <p class='ocr_par' dir='ltr' id='par_1_2' title="bbox 1759 435 2133 495">
     <span class='ocr_line' id='line_1_2' title="bbox 1759 435 2133 495; baseline -0.011 0"><span class='ocrx_word' id='word_1_2' title='bbox 1759 435 2133 495; x_wconf 68' lang='lat' dir='ltr'><strong>EPISTOLE.</strong></span> 
     </span>
    </p>
   </div>
   <div class='ocr_carea' id='block_1_3' title="bbox 3471 430 3575 487">
    <p class='ocr_par' dir='ltr' id='par_1_3' title="bbox 3471 430 3575 487">
     <span class='ocr_line' id='line_1_3' title="bbox 3471 430 3575 487; baseline 0.019 -2"><span class='ocrx_word' id='word_1_3' title='bbox 3471 430 3575 487; x_wconf 74' lang='lat'><strong>358</strong></span> 
     </span>
    </p>
   </div>
   <div class='ocr_carea' id='block_1_4' title="bbox 302 543 3573 635">
    <p class='ocr_par' dir='ltr' id='par_1_4' title="bbox 302 543 3573 635">
     <span class='ocr_line' id='line_1_4' title="bbox 302 543 3573 635; baseline -0.007 -14"><span class='ocrx_word' id='word_1_4' title='bbox 302 580 463 624; x_wconf 83' lang='lat' dir='ltr'><strong>servo</strong></span> <span class='ocrx_word' id='word_1_5' title='bbox 486 562 667 635; x_wconf 70' lang='lat' dir='ltr'><strong>gratia:</strong></span> <span class='ocrx_word' id='word_1_6' title='bbox 698 562 984 630; x_wconf 88' lang='lat' dir='ltr'><strong>loquimur,</strong></span> <span class='ocrx_word' id='word_1_7' title='bbox 1013 556 1390 612; x_wconf 75' lang='lat' dir='ltr'><strong>ol&#39;fendiculum</strong></span> <span class='ocrx_word' id='word_1_8' title='bbox 1420 562 1546 607; x_wconf 99' lang='lat' dir='ltr'><strong>ante</strong></span> <span class='ocrx_word' id='word_1_9' title='bbox 1576 553 1738 622; x_wconf 88' lang='lat' dir='ltr'><strong>pedes</strong></span> <span class='ocrx_word' id='word_1_10' title='bbox 1766 549 1895 604; x_wconf 67' lang='lat' dir='ltr'><strong>caeci</strong></span> <span class='ocrx_word' id='word_1_11' title='bbox 1922 550 1975 623; x_wconf 72' lang='grc' dir='ltr'>Α</span> <span class='ocrx_word' id='word_1_12' title='bbox 2003 545 2161 600; x_wconf 90' lang='lat' dir='ltr'><strong>modo</strong></span> <span class='ocrx_word' id='word_1_13' title='bbox 2187 553 2399 599; x_wconf 84' lang='lat' dir='ltr'><strong>Artams</strong></span> <span class='ocrx_word' id='word_1_14' title='bbox 2438 543 2871 614; x_wconf 85' lang='lat' dir='ltr'><strong>respondendum</strong></span> <span class='ocrx_word' id='word_1_15' title='bbox 2903 544 2991 603; x_wconf 85' lang='lat' dir='ltr'><strong>sit,</strong></span> <span class='ocrx_word' id='word_1_16' title='bbox 3025 543 3113 609; x_wconf 77' lang='lat' dir='ltr'><strong>qui</strong></span> <span class='ocrx_word' id='word_1_17' title='bbox 3148 544 3455 609; x_wconf 55' lang='lat' dir='ltr'><strong>bl;.5pt,emo</strong></span> <span class='ocrx_word' id='word_1_18' title='bbox 3477 559 3573 598; x_wconf 89' lang='lat' dir='ltr'><strong>ore</strong></span> 
     </span>
    </p>
   </div>
   <div class='ocr_carea' id='block_1_5' title="bbox 300 644 1889 730">
    <p class='ocr_par' dir='ltr' id='par_1_5' title="bbox 300 644 1889 730">
     <span class='ocr_line' id='line_1_5' title="bbox 300 644 1889 730; baseline -0.013 -14"><span class='ocrx_word' id='word_1_19' title='bbox 300 657 619 730; x_wconf 77' lang='lat' dir='ltr'><strong>cpptisuisse</strong></span> <span class='ocrx_word' id='word_1_20' title='bbox 666 655 992 710; x_wconf 81' lang='lat' dir='ltr'><strong>videremur.</strong></span> <span class='ocrx_word' id='word_1_21' title='bbox 1052 650 1184 705; x_wconf 88' lang='lat' dir='ltr'><strong>Cum</strong></span> <span class='ocrx_word' id='word_1_22' title='bbox 1230 656 1407 703; x_wconf 88' lang='lat' dir='ltr'><strong>autem</strong></span> <span class='ocrx_word' id='word_1_23' title='bbox 1454 646 1779 700; x_wconf 75' lang='lat' dir='ltr'><strong>mentionem</strong></span> <span class='ocrx_word' id='word_1_24' title='bbox 1823 644 1889 697; x_wconf 92' lang='lat' dir='ltr'><strong>de</strong></span> 
     </span>
    </p>
   </div>
   <div class='ocr_carea' id='block_1_6' title="bbox 303 736 1886 817">
    <p class='ocr_par' dir='ltr' id='par_1_6' title="bbox 303 736 1886 817">
     <span class='ocr_line' id='line_1_6' title="bbox 303 736 1886 817; baseline -0.011 -12"><span class='ocrx_word' id='word_1_25' title='bbox 303 763 469 817; x_wconf 83' lang='lat' dir='ltr'><strong>Opere</strong></span> <span class='ocrx_word' id='word_1_26' title='bbox 528 760 590 800; x_wconf 83' lang='lat' dir='ltr'><strong>ac</strong></span> <span class='ocrx_word' id='word_1_27' title='bbox 638 744 823 799; x_wconf 86' lang='lat' dir='ltr'><strong>labore</strong></span> <span class='ocrx_word' id='word_1_28' title='bbox 874 744 1194 805; x_wconf 79' lang='lat' dir='ltr'><strong>fecerimus,</strong></span> <span class='ocrx_word' id='word_1_29' title='bbox 1254 739 1528 807; x_wconf 78' lang='lat' dir='ltr'><strong>prophetae</strong></span> <span class='ocrx_word' id='word_1_30' title='bbox 1558 778 1573 803; x_wconf 93' lang='lat'><strong>,</strong></span> <span class='ocrx_word' id='word_1_31' title='bbox 1622 736 1886 804; x_wconf 76' lang='lat' dir='ltr'><strong>apostoli,</strong></span> 
     </span>
    </p>
   </div>
   <div class='ocr_carea' id='block_1_7' title="bbox 301 826 1889 909">
    <p class='ocr_par' dir='ltr' id='par_1_7' title="bbox 301 826 1889 909">
     <span class='ocr_line' id='line_1_7' title="bbox 301 826 1889 909; baseline -0.01 -13"><span class='ocrx_word' id='word_1_32' title='bbox 301 838 644 909; x_wconf 57' lang='lat' dir='ltr'><strong>evangelista;</strong></span> <span class='ocrx_word' id='word_1_33' title='bbox 668 844 719 889; x_wconf 91' lang='lat' dir='ltr'><strong>et</strong></span> <span class='ocrx_word' id='word_1_34' title='bbox 746 834 923 889; x_wconf 89' lang='lat' dir='ltr'><strong>verbis</strong></span> <span class='ocrx_word' id='word_1_35' title='bbox 955 843 1166 887; x_wconf 89' lang='lat' dir='ltr'><strong>utemur</strong></span> <span class='ocrx_word' id='word_1_36' title='bbox 1202 840 1255 885; x_wconf 90' lang='lat' dir='ltr'><strong>et</strong></span> <span class='ocrx_word' id='word_1_37' title='bbox 1294 830 1564 885; x_wconf 84' lang='lat' dir='ltr'><strong>sensibus.</strong></span> <span class='ocrx_word' id='word_1_38' title='bbox 1612 829 1816 895; x_wconf 83' lang='lat' dir='ltr'><strong>Quibus</strong></span> <span class='ocrx_word' id='word_1_39' title='bbox 1844 826 1889 880; x_wconf 87' lang='lat' dir='ltr'><strong>si</strong></span> 
     </span>
    </p>
   </div>
   <div class='ocr_carea' id='block_1_8' title="bbox 301 919 1889 1002">
    <p class='ocr_par' dir='ltr' id='par_1_8' title="bbox 301 919 1889 1002">
     <span class='ocr_line' id='line_1_8' title="bbox 301 919 1889 1002; baseline -0.011 -16"><span class='ocrx_word' id='word_1_40' title='bbox 301 933 422 1002; x_wconf 89' lang='lat' dir='ltr'><strong>quis</strong></span> <span class='ocrx_word' id='word_1_41' title='bbox 460 928 730 984; x_wconf 85' lang='lat' dir='ltr'><strong>contrarie</strong></span> <span class='ocrx_word' id='word_1_42' title='bbox 775 922 1221 994; x_wconf 66' lang='lat' dir='ltr'><strong>prtesumpserit,</strong></span> <span class='ocrx_word' id='word_1_43' title='bbox 1274 937 1378 976; x_wconf 90' lang='lat' dir='ltr'><strong>non</strong></span> <span class='ocrx_word' id='word_1_44' title='bbox 1442 928 1622 975; x_wconf 88' lang='lat' dir='ltr'><strong>nostra</strong></span> <span class='ocrx_word' id='word_1_45' title='bbox 1673 919 1889 973; x_wconf 85' lang='lat' dir='ltr'><strong>iuventa</strong></span> 
     </span>
    </p>
   </div>
   <div class='ocr_carea' id='block_1_9' title="bbox 302 1009 1891 1082">
    <p class='ocr_par' dir='ltr' id='par_1_9' title="bbox 302 1009 1891 1082">
     <span class='ocr_line' id='line_1_9' title="bbox 302 1009 1891 1082; baseline -0.011 -4"><span class='ocrx_word' id='word_1_46' title='bbox 302 1024 601 1082; x_wconf 82' lang='lat' dir='ltr'><strong>destruere,</strong></span> <span class='ocrx_word' id='word_1_47' title='bbox 632 1016 723 1071; x_wconf 87' lang='lat' dir='ltr'><strong>sed</strong></span> <span class='ocrx_word' id='word_1_48' title='bbox 744 1015 993 1070; x_wconf 59' lang='lat' dir='ltr'><strong>coiie’stia</strong></span> <span class='ocrx_word' id='word_1_49' title='bbox 1034 1012 1150 1067; x_wconf 84' lang='lat' dir='ltr'><strong>sine</strong></span> <span class='ocrx_word' id='word_1_50' title='bbox 1182 1013 1342 1067; x_wconf 91' lang='lat' dir='ltr'><strong>dubio</strong></span> <span class='ocrx_word' id='word_1_51' title='bbox 1365 1012 1486 1079; x_wconf 86' lang='lat' dir='ltr'><strong>jure</strong></span> <span class='ocrx_word' id='word_1_52' title='bbox 1513 1009 1807 1064; x_wconf 86' lang='lat' dir='ltr'><strong>dissolvere</strong></span> <span class='ocrx_word' id='word_1_53' title='bbox 1837 1016 1891 1063; x_wconf 91' lang='lat' dir='ltr'><strong>et</strong></span> 
     </span>
    </p>
   </div>
   <div class='ocr_carea' id='block_1_10' title="bbox 303 1104 1883 1171">
    <p class='ocr_par' dir='ltr' id='par_1_10' title="bbox 303 1104 1883 1171">
     <span class='ocr_line' id='line_1_10' title="bbox 303 1104 1883 1171; baseline -0.011 -1"><span class='ocrx_word' id='word_1_54' title='bbox 303 1114 424 1171; x_wconf 86' lang='lat' dir='ltr'><strong>fidei</strong></span> <span class='ocrx_word' id='word_1_55' title='bbox 451 1112 710 1166; x_wconf 77' lang='lat' dir='ltr'><strong>subruere</strong></span> <span class='ocrx_word' id='word_1_56' title='bbox 737 1106 1070 1161; x_wconf 86' lang='lat' dir='ltr'><strong>fundamenta</strong></span> <span class='ocrx_word' id='word_1_57' title='bbox 1102 1105 1349 1159; x_wconf 87' lang='lat' dir='ltr'><strong>teotabit.</strong></span> <span class='ocrx_word' id='word_1_58' title='bbox 1402 1104 1583 1157; x_wconf 84' lang='lat' dir='ltr'><strong>Latius</strong></span> <span class='ocrx_word' id='word_1_59' title='bbox 1612 1106 1883 1169; x_wconf 87' lang='lat' dir='ltr'><strong>utcunque</strong></span> 
     </span>
    </p>
   </div>
   <div class='ocr_carea' id='block_1_11' title="bbox 301 1193 1891 1269">
    <p class='ocr_par' dir='ltr' id='par_1_11' title="bbox 301 1193 1891 1269">
     <span class='ocr_line' id='line_1_11' title="bbox 301 1193 1891 1269; baseline -0.01 -7"><span class='ocrx_word' id='word_1_60' title='bbox 301 1206 606 1262; x_wconf 80' lang='lat' dir='ltr'><strong>sermonem</strong></span> <span class='ocrx_word' id='word_1_61' title='bbox 633 1202 700 1257; x_wconf 92' lang='lat' dir='ltr'><strong>de</strong></span> <span class='ocrx_word' id='word_1_62' title='bbox 732 1198 1063 1269; x_wconf 68' lang='lat' dir='ltr'><strong>praescientia</strong></span> <span class='ocrx_word' id='word_1_63' title='bbox 1093 1209 1146 1252; x_wconf 91' lang='lat' dir='ltr'><strong>et</strong></span> <span class='ocrx_word' id='word_1_64' title='bbox 1178 1196 1652 1266; x_wconf 82' lang='lat' dir='ltr'><strong>praedestinationc</strong></span> <span class='ocrx_word' id='word_1_65' title='bbox 1696 1193 1891 1262; x_wconf 89' lang='lat' dir='ltr'><strong>produ-</strong></span> 
     </span>
    </p>
   </div>
   <div class='ocr_carea' id='block_1_12' title="bbox 302 1288 1890 1364">
    <p class='ocr_par' dir='ltr' id='par_1_12' title="bbox 302 1288 1890 1364">
     <span class='ocr_line' id='line_1_12' title="bbox 302 1288 1890 1364; baseline -0.008 -11"><span class='ocrx_word' id='word_1_66' title='bbox 302 1301 500 1361; x_wconf 79' lang='lat' dir='ltr'><strong>ximus,</strong></span> <span class='ocrx_word' id='word_1_67' title='bbox 549 1304 606 1351; x_wconf 88' lang='lat' dir='ltr'><strong>ut</strong></span> <span class='ocrx_word' id='word_1_68' title='bbox 642 1310 759 1364; x_wconf 60' lang='lat' dir='ltr'><strong>quae</strong></span> <span class='ocrx_word' id='word_1_69' title='bbox 789 1292 1110 1363; x_wconf 86' lang='lat' dir='ltr'><strong>putabantur</strong></span> <span class='ocrx_word' id='word_1_70' title='bbox 1142 1291 1399 1354; x_wconf 90' lang='lat' dir='ltr'><strong>obscura,</strong></span> <span class='ocrx_word' id='word_1_71' title='bbox 1431 1288 1755 1342; x_wconf 83' lang='lat' dir='ltr'><strong>absolutiora</strong></span> <span class='ocrx_word' id='word_1_72' title='bbox 1783 1296 1890 1340; x_wconf 87' lang='lat' dir='ltr'><strong>tar-</strong></span> 
     </span>
    </p>
   </div>
   <div class='ocr_carea' id='block_1_13' title="bbox 302 1377 1888 1449">
    <p class='ocr_par' dir='ltr' id='par_1_13' title="bbox 302 1377 1888 1449">
     <span class='ocr_line' id='line_1_13' title="bbox 302 1377 1888 1449; baseline -0.008 -5"><span class='ocrx_word' id='word_1_73' title='bbox 302 1390 540 1444; x_wconf 85' lang='lat' dir='ltr'><strong>dioribus</strong></span> <span class='ocrx_word' id='word_1_74' title='bbox 568 1386 942 1441; x_wconf 85' lang='lat' dir='ltr'><strong>redderentur.</strong></span> <span class='ocrx_word' id='word_1_75' title='bbox 973 1382 1088 1437; x_wconf 89' lang='lat' dir='ltr'><strong>Non</strong></span> <span class='ocrx_word' id='word_1_76' title='bbox 1120 1392 1297 1437; x_wconf 88' lang='lat' dir='ltr'><strong>autem</strong></span> <span class='ocrx_word' id='word_1_77' title='bbox 1328 1380 1535 1449; x_wconf 89' lang='lat' dir='ltr'><strong>aliquos</strong></span> <span class='ocrx_word' id='word_1_78' title='bbox 1577 1380 1664 1448; x_wconf 87' lang='lat' dir='ltr'><strong>qui</strong></span> <span class='ocrx_word' id='word_1_79' title='bbox 1697 1377 1888 1433; x_wconf 82' lang='lat' dir='ltr'><strong>verbo-</strong></span> 
     </span>
    </p>
   </div>
   <div class='ocr_carea' id='block_1_14' title="bbox 302 1474 1888 1551">
    <p class='ocr_par' dir='ltr' id='par_1_14' title="bbox 302 1474 1888 1551">
     <span class='ocr_line' id='line_1_14' title="bbox 302 1474 1888 1551; baseline -0.008 -12"><span class='ocrx_word' id='word_1_80' title='bbox 302 1500 419 1539; x_wconf 88' lang='lat' dir='ltr'><strong>rum</strong></span> <span class='ocrx_word' id='word_1_81' title='bbox 462 1481 695 1551; x_wconf 81' lang='lat' dir='ltr'><strong>phaleris</strong></span> <span class='ocrx_word' id='word_1_82' title='bbox 724 1479 1059 1533; x_wconf 82' lang='lat' dir='ltr'><strong>delectantur</strong></span> <span class='ocrx_word' id='word_1_83' title='bbox 1105 1475 1340 1530; x_wconf 70' lang='lat' dir='ltr'><strong>offendat</strong></span> <span class='ocrx_word' id='word_1_84' title='bbox 1371 1474 1513 1544; x_wconf 89' lang='lat' dir='ltr'><strong>quod</strong></span> <span class='ocrx_word' id='word_1_85' title='bbox 1558 1474 1888 1529; x_wconf 87' lang='lat' dir='ltr'><strong>testimonio-</strong></span> 
     </span>
    </p>
   </div>
   <div class='ocr_carea' id='block_1_15' title="bbox 302 1568 1885 1638">
    <p class='ocr_par' dir='ltr' id='par_1_15' title="bbox 302 1568 1885 1638">
     <span class='ocr_line' id='line_1_15' title="bbox 302 1568 1885 1638; baseline -0.006 -8"><span class='ocrx_word' id='word_1_86' title='bbox 302 1593 419 1630; x_wconf 89' lang='lat' dir='ltr'><strong>rum</strong></span> <span class='ocrx_word' id='word_1_87' title='bbox 465 1575 662 1629; x_wconf 67' lang='lat' dir='ltr'><strong>v’irtute</strong></span> <span class='ocrx_word' id='word_1_88' title='bbox 701 1571 961 1634; x_wconf 82' lang='lat' dir='ltr'><strong>contenti,</strong></span> <span class='ocrx_word' id='word_1_89' title='bbox 991 1572 1190 1638; x_wconf 87' lang='lat' dir='ltr'><strong>absque</strong></span> <span class='ocrx_word' id='word_1_90' title='bbox 1232 1568 1559 1623; x_wconf 78' lang='lat' dir='ltr'><strong>sublimitate</strong></span> <span class='ocrx_word' id='word_1_91' title='bbox 1601 1568 1885 1634; x_wconf 87' lang='lat' dir='ltr'><strong>sermonis,</strong></span> 
     </span>
    </p>
   </div>
   <div class='ocr_carea' id='block_1_16' title="bbox 305 1660 1924 1733">
    <p class='ocr_par' dir='ltr' id='par_1_16' title="bbox 305 1660 1924 1733">
     <span class='ocr_line' id='line_1_16' title="bbox 305 1660 1924 1733; baseline -0.004 -14"><span class='ocrx_word' id='word_1_92' title='bbox 305 1667 477 1721; x_wconf 90' lang='lat' dir='ltr'><strong>lucem</strong></span> <span class='ocrx_word' id='word_1_93' title='bbox 508 1663 821 1733; x_wconf 88' lang='lat' dir='ltr'><strong>protulimus</strong></span> <span class='ocrx_word' id='word_1_94' title='bbox 850 1662 1108 1715; x_wconf 84' lang='lat' dir='ltr'><strong>veritatis.</strong></span> <span class='ocrx_word' id='word_1_95' title='bbox 1142 1660 1198 1713; x_wconf 89' lang='lat' dir='ltr'><strong>In</strong></span> <span class='ocrx_word' id='word_1_96' title='bbox 1228 1675 1336 1729; x_wconf 90' lang='lat' dir='ltr'><strong>quo</strong></span> <span class='ocrx_word' id='word_1_97' title='bbox 1364 1660 1580 1729; x_wconf 80' lang='lat' dir='ltr'><strong>quidem</strong></span> <span class='ocrx_word' id='word_1_98' title='bbox 1610 1660 1882 1729; x_wconf 77' lang='lat' dir='ltr'><strong>opusculo,</strong></span> <span class='ocrx_word' id='word_1_99' title='bbox 1911 1714 1924 1725; x_wconf 82' lang='lat'><em>_</em></span> 
     </span>
    </p>
   </div>
   <div class='ocr_carea' id='block_1_17' title="bbox 304 1752 1887 1827">
    <p class='ocr_par' dir='ltr' id='par_1_17' title="bbox 304 1752 1887 1827">
     <span class='ocr_line' id='line_1_17' title="bbox 304 1752 1887 1827; baseline -0.003 -14"><span class='ocrx_word' id='word_1_100' title='bbox 304 1768 426 1827; x_wconf 86' lang='lat' dir='ltr'><strong>post</strong></span> <span class='ocrx_word' id='word_1_101' title='bbox 472 1756 799 1812; x_wconf 77' lang='lat' dir='ltr'><strong>Arelatensis</strong></span> <span class='ocrx_word' id='word_1_102' title='bbox 874 1753 1083 1809; x_wconf 84' lang='lat' dir='ltr'><strong>concilii</strong></span> <span class='ocrx_word' id='word_1_103' title='bbox 1158 1752 1607 1821; x_wconf 78' lang='lat' dir='ltr'><strong>subscriptionem</strong></span> <span class='ocrx_word' id='word_1_104' title='bbox 1643 1792 1657 1816; x_wconf 95' lang='lat'><strong>,</strong></span> <span class='ocrx_word' id='word_1_105' title='bbox 1734 1754 1887 1808; x_wconf 86' lang='lat' dir='ltr'><strong>novis</strong></span> 
     </span>
    </p>
   </div>
   <div class='ocr_carea' id='block_1_18' title="bbox 306 1843 1945 1916">
    <p class='ocr_par' dir='ltr' id='par_1_18' title="bbox 306 1843 1945 1916">
     <span class='ocr_line' id='line_1_18' title="bbox 306 1843 1945 1916; baseline -0.004 -11"><span class='ocrx_word' id='word_1_106' title='bbox 306 1852 578 1906; x_wconf 88' lang='lat' dir='ltr'><strong>erroribus</strong></span> <span class='ocrx_word' id='word_1_107' title='bbox 607 1847 979 1916; x_wconf 87' lang='lat' dir='ltr'><strong>deprehensis,</strong></span> <span class='ocrx_word' id='word_1_108' title='bbox 1007 1844 1163 1915; x_wconf 83' lang='lat' dir='ltr'><strong>adjici</strong></span> <span class='ocrx_word' id='word_1_109' title='bbox 1191 1845 1368 1914; x_wconf 88' lang='lat' dir='ltr'><strong>aliqua</strong></span> <span class='ocrx_word' id='word_1_110' title='bbox 1399 1843 1634 1915; x_wconf 80' lang='lat' dir='ltr'><strong>synodus</strong></span> <span class='ocrx_word' id='word_1_111' title='bbox 1671 1843 1883 1915; x_wconf 70' lang='lat' dir='ltr'><strong>Lugduo</strong></span> <span class='ocrx_word' id='word_1_112' title='bbox 1914 1864 1945 1916; x_wconf 60' lang='lat'><strong>:-</strong></span> 
     </span>
    </p>
   </div>
   <div class='ocr_carea' id='block_1_19' title="bbox 1912 1909 3571 1979">
    <p class='ocr_par' dir='ltr' id='par_1_19' title="bbox 1912 1909 3571 1979">
     <span class='ocr_line' id='line_1_19' title="bbox 1912 1909 3571 1979; baseline 0.001 -14"><span class='ocrx_word' id='word_1_113' title='bbox 1912 1913 1962 1974; x_wconf 86' lang='lat' dir='ltr'><strong>B</strong></span> <span class='ocrx_word' id='word_1_114' title='bbox 1989 1926 2106 1966; x_wconf 89' lang='lat' dir='ltr'><strong>rum</strong></span> <span class='ocrx_word' id='word_1_115' title='bbox 2151 1912 2504 1977; x_wconf 82' lang='lat' dir='ltr'><strong>substantias,</strong></span> <span class='ocrx_word' id='word_1_116' title='bbox 2538 1909 2683 1965; x_wconf 80' lang='lat' dir='ltr'><strong>aliud</strong></span> <span class='ocrx_word' id='word_1_117' title='bbox 2719 1926 2901 1965; x_wconf 88' lang='lat' dir='ltr'><strong>rerum</strong></span> <span class='ocrx_word' id='word_1_118' title='bbox 2940 1912 3181 1976; x_wconf 82' lang='lat' dir='ltr'><strong>nomina,</strong></span> <span class='ocrx_word' id='word_1_119' title='bbox 3222 1911 3382 1979; x_wconf 83' lang='lat' dir='ltr'><strong>sicut,</strong></span> <span class='ocrx_word' id='word_1_120' title='bbox 3422 1915 3571 1967; x_wconf 48' lang='lat' dir='ltr'><strong>verti</strong></span> 
     </span>
    </p>
   </div>
   <div class='ocr_carea' id='block_1_20' title="bbox 307 1939 720 2009">
    <p class='ocr_par' dir='ltr' id='par_1_20' title="bbox 307 1939 720 2009">
     <span class='ocr_line' id='line_1_20' title="bbox 307 1939 720 2009; baseline -0.015 -12"><span class='ocrx_word' id='word_1_121' title='bbox 307 1941 487 1997; x_wconf 84' lang='lat' dir='ltr'><strong>neusis</strong></span> <span class='ocrx_word' id='word_1_122' title='bbox 526 1939 720 2009; x_wconf 79' lang='lat' dir='ltr'><strong>exegit.</strong></span> 
     </span>
    </p>
   </div>
   <div class='ocr_carea' id='block_1_21' title="bbox 884 2026 1317 2083">
    <p class='ocr_par' dir='ltr' id='par_1_21' title="bbox 884 2026 1317 2083">
     <span class='ocr_line' id='line_1_21' title="bbox 884 2026 1317 2083; baseline -0.007 -1"><span class='ocrx_word' id='word_1_123' title='bbox 884 2026 1210 2083; x_wconf 74' lang='lat' dir='ltr'><strong>EPISTOLA</strong></span> <span class='ocrx_word' id='word_1_124' title='bbox 1256 2026 1317 2081; x_wconf 85' lang='lat' dir='ltr'><strong>ll.</strong></span> 
     </span>
    </p>
   </div>
   <div class='ocr_carea' id='block_1_22' title="bbox 467 2131 1727 2177">
    <p class='ocr_par' dir='ltr' id='par_1_22' title="bbox 467 2131 1727 2177">
     <span class='ocr_line' id='line_1_22' title="bbox 467 2131 1727 2177; baseline -0.006 0"><span class='ocrx_word' id='word_1_125' title='bbox 467 2137 693 2177; x_wconf 71' lang='grc' dir='ltr'><strong>ωυεοειι</strong></span> <span class='ocrx_word' id='word_1_126' title='bbox 733 2135 919 2175; x_wconf 73' lang='lat' dir='ltr'><strong>FAUSTI</strong></span> <span class='ocrx_word' id='word_1_127' title='bbox 958 2135 1025 2173; x_wconf 80' lang='lat' dir='ltr'><strong>AD</strong></span> <span class='ocrx_word' id='word_1_128' title='bbox 1065 2132 1289 2173; x_wconf 75' lang='grc' dir='ltr'><strong>ιυειυυιι</strong></span> <span class='ocrx_word' id='word_1_129' title='bbox 1330 2131 1727 2171; x_wconf 71' lang='lat' dir='ltr'><strong>PRESBYTERUII.</strong></span> 
     </span>
    </p>
   </div>
   <div class='ocr_carea' id='block_1_23' title="bbox 377 2221 1886 2306">
    <p class='ocr_par' dir='ltr' id='par_1_23' title="bbox 377 2221 1886 2306">
     <span class='ocr_line' id='line_1_23' title="bbox 377 2221 1886 2306; baseline -0.005 -16"><span class='ocrx_word' id='word_1_130' title='bbox 377 2234 549 2306; x_wconf 76' lang='lat' dir='ltr'><strong>(lianc</strong></span> <span class='ocrx_word' id='word_1_131' title='bbox 578 2234 856 2304; x_wconf 77' lang='lat' dir='ltr'><strong>epistulam</strong></span> <span class='ocrx_word' id='word_1_132' title='bbox 881 2232 1058 2300; x_wconf 80' lang='lat' dir='ltr'><strong>legere</strong></span> <span class='ocrx_word' id='word_1_133' title='bbox 1078 2238 1160 2284; x_wconf 71' lang='lat' dir='ltr'><strong>est</strong></span> <span class='ocrx_word' id='word_1_134' title='bbox 1183 2236 1311 2283; x_wconf 81' lang='lat' dir='ltr'><strong>(om.</strong></span> <span class='ocrx_word' id='word_1_135' title='bbox 1338 2224 1472 2294; x_wconf 87' lang='lat' dir='ltr'><strong>Llll,</strong></span> <span class='ocrx_word' id='word_1_136' title='bbox 1506 2221 1607 2283; x_wconf 81' lang='lat' dir='ltr'><strong>col.</strong></span> <span class='ocrx_word' id='word_1_137' title='bbox 1644 2228 1766 2294; x_wconf 70' lang='lat'><strong>(581,</strong></span> <span class='ocrx_word' id='word_1_138' title='bbox 1797 2229 1886 2285; x_wconf 87' lang='lat' dir='ltr'><strong>ubi</strong></span> 
     </span>
    </p>
   </div>
   <div class='ocr_carea' id='block_1_24' title="bbox 307 2306 1895 2395">
    <p class='ocr_par' dir='ltr' id='par_1_24' title="bbox 307 2306 1895 2395">
     <span class='ocr_line' id='line_1_24' title="bbox 307 2306 1895 2395; baseline -0.006 -12"><span class='ocrx_word' id='word_1_139' title='bbox 307 2330 358 2383; x_wconf 89' lang='lat' dir='ltr'><strong>in</strong></span> <span class='ocrx_word' id='word_1_140' title='bbox 384 2325 616 2381; x_wconf 69' lang='lat' dir='ltr'><strong>Historia</strong></span> <span class='ocrx_word' id='word_1_141' title='bbox 655 2322 1103 2395; x_wconf 75' lang='lat' dir='ltr'><strong>prwdestiuatt&#39;and</strong></span> <span class='ocrx_word' id='word_1_142' title='bbox 1133 2320 1315 2376; x_wconf 81' lang='lat' dir='ltr'><strong>Jacobi</strong></span> <span class='ocrx_word' id='word_1_143' title='bbox 1360 2314 1630 2377; x_wconf 80' lang='lat' dir='ltr'><strong>Siriuondi</strong></span> <span class='ocrx_word' id='word_1_144' title='bbox 1666 2306 1895 2391; x_wconf 54' lang='lat' dir='ltr'><strong>jampriv</strong></span> 
     </span>
    </p>
   </div>
   <div class='ocr_carea' id='block_1_25' title="bbox 309 2416 801 2487">
    <p class='ocr_par' dir='ltr' id='par_1_25' title="bbox 309 2416 801 2487">
     <span class='ocr_line' id='line_1_25' title="bbox 309 2416 801 2487; baseline -0.012 -11"><span class='ocrx_word' id='word_1_145' title='bbox 309 2420 429 2477; x_wconf 86' lang='lat' dir='ltr'><strong>dem</strong></span> <span class='ocrx_word' id='word_1_146' title='bbox 460 2424 643 2476; x_wconf 88' lang='lat' dir='ltr'><strong>recusa</strong></span> <span class='ocrx_word' id='word_1_147' title='bbox 672 2416 801 2487; x_wconf 80' lang='lat' dir='ltr'><strong>est.)</strong></span> 
     </span>
    </p>
   </div>
   <div class='ocr_carea' id='block_1_26' title="bbox 523 2520 1694 2566">
    <p class='ocr_par' dir='ltr' id='par_1_26' title="bbox 523 2520 1694 2566">
     <span class='ocr_line' id='line_1_26' title="bbox 523 2520 1694 2566; baseline -0.008 0"><span class='ocrx_word' id='word_1_148' title='bbox 523 2526 797 2566; x_wconf 71' lang='lat' dir='ltr'><strong>EXEMPLAR</strong></span> <span class='ocrx_word' id='word_1_149' title='bbox 836 2522 1101 2562; x_wconf 69' lang='lat' dir='ltr'><strong>EPISTOL£</strong></span> <span class='ocrx_word' id='word_1_150' title='bbox 1142 2520 1313 2561; x_wconf 84' lang='lat' dir='ltr'><strong>L&#39;UCiDl</strong></span> <span class='ocrx_word' id='word_1_151' title='bbox 1354 2520 1694 2560; x_wconf 68' lang='lat' dir='ltr'><strong>PRESBYTER}.</strong></span> 
     </span>
    </p>
   </div>
   <div class='ocr_carea' id='block_1_27' title="bbox 382 2608 1887 2689">
    <p class='ocr_par' dir='ltr' id='par_1_27' title="bbox 382 2608 1887 2689">
     <span class='ocr_line' id='line_1_27' title="bbox 382 2608 1887 2689; baseline -0.005 -11"><span class='ocrx_word' id='word_1_152' title='bbox 382 2620 600 2678; x_wconf 76' lang='lat' dir='ltr'><strong>Domnis</strong></span> <span class='ocrx_word' id='word_1_153' title='bbox 638 2618 958 2677; x_wconf 87' lang='lat' dir='ltr'><strong>beatissimis</strong></span> <span class='ocrx_word' id='word_1_154' title='bbox 1006 2614 1059 2673; x_wconf 85' lang='lat' dir='ltr'><strong>et</strong></span> <span class='ocrx_word' id='word_1_155' title='bbox 1094 2616 1149 2672; x_wconf 87' lang='lat' dir='ltr'><strong>in</strong></span> <span class='ocrx_word' id='word_1_156' title='bbox 1175 2614 1388 2671; x_wconf 89' lang='lat' dir='ltr'><strong>Christo</strong></span> <span class='ocrx_word' id='word_1_157' title='bbox 1429 2608 1887 2689; x_wconf 84' lang='lat' dir='ltr'><strong>reverendissimis</strong></span> 
     </span>
    </p>
   </div>
   <div class='ocr_carea' id='block_1_28' title="bbox 264 2698 1886 2783">
    <p class='ocr_par' dir='ltr' id='par_1_28' title="bbox 264 2698 1886 2783">
     <span class='ocr_line' id='line_1_28' title="bbox 264 2698 1886 2783; baseline -0.007 -10"><span class='ocrx_word' id='word_1_158' title='bbox 264 2731 269 2735; x_wconf 47' lang='grc' dir='ltr'>ί</span> <span class='ocrx_word' id='word_1_159' title='bbox 307 2698 555 2773; x_wconf 75' lang='lat' dir='ltr'><strong>Patribus</strong></span> <span class='ocrx_word' id='word_1_160' title='bbox 587 2714 861 2775; x_wconf 82' lang='lat' dir='ltr'><strong>Eufronio,</strong></span> <span class='ocrx_word' id='word_1_161' title='bbox 912 2710 1155 2783; x_wconf 79' lang='lat' dir='ltr'><strong>Leontio,</strong></span> <span class='ocrx_word' id='word_1_162' title='bbox 1193 2706 1434 2776; x_wconf 83' lang='lat' dir='ltr'><strong>Fonteio,</strong></span> <span class='ocrx_word' id='word_1_163' title='bbox 1471 2703 1736 2776; x_wconf 71' lang='lat' dir='ltr'><strong>Viventio,</strong></span> <span class='ocrx_word' id='word_1_164' title='bbox 1771 2710 1886 2763; x_wconf 87' lang='lat' dir='ltr'><strong>Ma-</strong></span> 
     </span>
    </p>
   </div>
   <div class='ocr_carea' id='block_1_29' title="bbox 226 2786 1881 2873">
    <p class='ocr_par' dir='ltr' id='par_1_29' title="bbox 226 2786 1881 2873">
     <span class='ocr_line' id='line_1_29' title="bbox 226 2786 1881 2873; baseline -0.007 -9"><span class='ocrx_word' id='word_1_165' title='bbox 226 2828 245 2838; x_wconf 82' lang='lat'><strong><em>&#39;</em></strong></span> <span class='ocrx_word' id='word_1_166' title='bbox 308 2808 501 2873; x_wconf 85' lang='lat' dir='ltr'><strong>merto,</strong></span> <span class='ocrx_word' id='word_1_167' title='bbox 543 2800 786 2872; x_wconf 79' lang='lat' dir='ltr'><strong>Patienti,</strong></span> <span class='ocrx_word' id='word_1_168' title='bbox 832 2786 1083 2871; x_wconf 79' lang='lat' dir='ltr'><strong>Veriano,</strong></span> <span class='ocrx_word' id='word_1_169' title='bbox 1118 2800 1379 2870; x_wconf 75' lang='lat' dir='ltr'><strong>Anxanio,</strong></span> <span class='ocrx_word' id='word_1_170' title='bbox 1430 2802 1644 2867; x_wconf 84' lang='lat' dir='ltr'><strong>Fausto,</strong></span> <span class='ocrx_word' id='word_1_171' title='bbox 1694 2799 1881 2867; x_wconf 88' lang='lat' dir='ltr'><strong>Paulo,</strong></span> 
     </span>
    </p>
   </div>
   <div class='ocr_carea' id='block_1_30' title="bbox 311 2882 1887 2973">
    <p class='ocr_par' dir='ltr' id='par_1_30' title="bbox 311 2882 1887 2973">
     <span class='ocr_line' id='line_1_30' title="bbox 311 2882 1887 2973; baseline -0.004 -17"><span class='ocrx_word' id='word_1_172' title='bbox 311 2882 591 2973; x_wconf 74' lang='lat' dir='ltr'><strong>Megethio,</strong></span> <span class='ocrx_word' id='word_1_173' title='bbox 625 2899 828 2963; x_wconf 81' lang='lat' dir='ltr'><strong>Graeco,</strong></span> <span class='ocrx_word' id='word_1_174' title='bbox 865 2896 1147 2966; x_wconf 85' lang='lat' dir='ltr'><strong>Eutropio,</strong></span> <span class='ocrx_word' id='word_1_175' title='bbox 1195 2888 1439 2960; x_wconf 78' lang='lat' dir='ltr'><strong>Leotitio,</strong></span> <span class='ocrx_word' id='word_1_176' title='bbox 1468 2895 1712 2971; x_wconf 86' lang='lat' dir='ltr'><strong>Claudio,</strong></span> <span class='ocrx_word' id='word_1_177' title='bbox 1752 2897 1887 2949; x_wconf 78' lang='lat' dir='ltr'><strong>Mar-</strong></span> 
     </span>
    </p>
   </div>
   <div class='ocr_carea' id='block_1_31' title="bbox 312 2976 1885 3059">
    <p class='ocr_par' dir='ltr' id='par_1_31' title="bbox 312 2976 1885 3059">
     <span class='ocr_line' id='line_1_31' title="bbox 312 2976 1885 3059; baseline -0.004 -10"><span class='ocrx_word' id='word_1_178' title='bbox 312 2994 468 3059; x_wconf 84' lang='lat' dir='ltr'><strong>cello,</strong></span> <span class='ocrx_word' id='word_1_179' title='bbox 497 2988 685 3058; x_wconf 86' lang='lat' dir='ltr'><strong>Croco,</strong></span> <span class='ocrx_word' id='word_1_180' title='bbox 721 2990 948 3056; x_wconf 87' lang='lat' dir='ltr'><strong>Baselio,</strong></span> <span class='ocrx_word' id='word_1_181' title='bbox 974 2978 1217 3051; x_wconf 79' lang='lat' dir='ltr'><strong>Claudio,</strong></span> <span class='ocrx_word' id='word_1_182' title='bbox 1244 2982 1511 3053; x_wconf 85' lang='lat' dir='ltr'><strong>Ursicino,</strong></span> <span class='ocrx_word' id='word_1_183' title='bbox 1544 2976 1885 3057; x_wconf 65' lang='lat' dir='ltr'><strong>Praetextato,</strong></span> 
     </span>
    </p>
   </div>
   <div class='ocr_carea' id='block_1_32' title="bbox 312 3065 1885 3159">
    <p class='ocr_par' dir='ltr' id='par_1_32' title="bbox 312 3065 1885 3159">
     <span class='ocr_line' id='line_1_32' title="bbox 312 3065 1885 3159; baseline -0.004 -17"><span class='ocrx_word' id='word_1_184' title='bbox 312 3070 635 3159; x_wconf 77' lang='lat' dir='ltr'><strong>Pragmatio,</strong></span> <span class='ocrx_word' id='word_1_185' title='bbox 666 3074 1007 3154; x_wconf 83' lang='lat' dir='ltr'><strong>Theoplasto,</strong></span> <span class='ocrx_word' id='word_1_186' title='bbox 1042 3081 1327 3147; x_wconf 84' lang='lat' dir='ltr'><strong>Leucadio,</strong></span> <span class='ocrx_word' id='word_1_187' title='bbox 1365 3065 1627 3145; x_wconf 59' lang='lat' dir='ltr'><strong>Viventio,</strong></span> <span class='ocrx_word' id='word_1_188' title='bbox 1655 3081 1885 3147; x_wconf 85' lang='lat' dir='ltr'><strong>Juliauo,</strong></span> 
     </span>
    </p>
   </div>
   <div class='ocr_carea' id='block_1_33' title="bbox 311 3162 1886 3247">
    <p class='ocr_par' dir='ltr' id='par_1_33' title="bbox 311 3162 1886 3247">
     <span class='ocr_line' id='line_1_33' title="bbox 311 3162 1886 3247; baseline -0.004 -12"><span class='ocrx_word' id='word_1_189' title='bbox 311 3164 552 3247; x_wconf 49' lang='lat' dir='ltr'><strong>amicali,</strong></span> <span class='ocrx_word' id='word_1_190' title='bbox 602 3175 813 3243; x_wconf 79' lang='lat' dir='ltr'><strong>Joanni,</strong></span> <span class='ocrx_word' id='word_1_191' title='bbox 842 3166 1069 3244; x_wconf 80' lang='lat' dir='ltr'><strong>opilioni</strong></span> <span class='ocrx_word' id='word_1_192' title='bbox 1118 3182 1172 3229; x_wconf 87' lang='lat' dir='ltr'><strong>et</strong></span> <span class='ocrx_word' id='word_1_193' title='bbox 1198 3173 1417 3244; x_wconf 76' lang='lat' dir='ltr'><strong>Lycinio</strong></span> <span class='ocrx_word' id='word_1_194' title='bbox 1461 3165 1626 3242; x_wconf 82' lang='lat' dir='ltr'><strong>episc.</strong></span> <span class='ocrx_word' id='word_1_195' title='bbox 1656 3162 1886 3228; x_wconf 81' lang='lat' dir='ltr'><strong>Lucidus</strong></span> 
     </span>
    </p>
   </div>
   <div class='ocr_carea' id='block_1_34' title="bbox 311 3270 1473 3342">
    <p class='ocr_par' dir='ltr' id='par_1_34' title="bbox 311 3270 1473 3342">
     <span class='ocr_line' id='line_1_34' title="bbox 311 3270 1473 3342; baseline -0.004 -17"><span class='ocrx_word' id='word_1_196' title='bbox 311 3270 611 3342; x_wconf 84' lang='lat' dir='ltr'><strong>presbyter.</strong></span> <span class='ocrx_word' id='word_1_197' title='bbox 1432 3340 1435 3342; x_wconf 89' lang='lat'><em>_</em></span> <span class='ocrx_word' id='word_1_198' title='bbox 1470 3338 1473 3341; x_wconf 18' lang='grc' dir='ltr'><em>Α</em></span> 
     </span>
    </p>
   </div>
   <div class='ocr_carea' id='block_1_35' title="bbox 339 3340 1861 3434">
    <p class='ocr_par' dir='ltr' id='par_1_35' title="bbox 339 3340 1861 3434">
     <span class='ocr_line' id='line_1_35' title="bbox 339 3340 1861 3434; baseline -0.004 -16"><span class='ocrx_word' id='word_1_199' title='bbox 339 3340 509 3434; x_wconf 87' lang='lat' dir='ltr'><strong>(Hauc</strong></span> <span class='ocrx_word' id='word_1_200' title='bbox 541 3356 820 3433; x_wconf 84' lang='lat' dir='ltr'><strong>epistolam</strong></span> <span class='ocrx_word' id='word_1_201' title='bbox 850 3361 1034 3431; x_wconf 85' lang='lat' dir='ltr'><strong>legesis</strong></span> <span class='ocrx_word' id='word_1_202' title='bbox 1065 3361 1224 3415; x_wconf 90' lang='lat' dir='ltr'><strong>etiam</strong></span> <span class='ocrx_word' id='word_1_203' title='bbox 1258 3340 1389 3415; x_wconf 85' lang='lat' dir='ltr'><strong>tom.</strong></span> <span class='ocrx_word' id='word_1_204' title='bbox 1418 3340 1548 3426; x_wconf 75' lang='lat' dir='ltr'><strong>Lill,</strong></span> <span class='ocrx_word' id='word_1_205' title='bbox 1580 3362 1684 3415; x_wconf 90' lang='lat' dir='ltr'><strong>col.</strong></span> <span class='ocrx_word' id='word_1_206' title='bbox 1712 3360 1861 3428; x_wconf 79' lang='lat'><strong>685.)</strong></span> 
     </span>
    </p>
   </div>
   <div class='ocr_carea' id='block_1_36' title="bbox 566 3504 1641 3557">
    <p class='ocr_par' dir='ltr' id='par_1_36' title="bbox 566 3504 1641 3557">
     <span class='ocr_line' id='line_1_36' title="bbox 566 3504 1641 3557; baseline -0.003 -7"><span class='ocrx_word' id='word_1_207' title='bbox 566 3511 859 3551; x_wconf 66' lang='lat' dir='ltr'><strong>ADNOTATIO</strong></span> <span class='ocrx_word' id='word_1_208' title='bbox 898 3511 947 3550; x_wconf 76' lang='grc' dir='ltr'><strong>ΙΝ</strong></span> <span class='ocrx_word' id='word_1_209' title='bbox 985 3504 1290 3557; x_wconf 62' lang='lat' dir='ltr'><strong>SEQUENTE“</strong></span> <span class='ocrx_word' id='word_1_210' title='bbox 1330 3508 1641 3548; x_wconf 67' lang='grc' dir='ltr'><strong>Εριετοιιιί.</strong></span> 
     </span>
    </p>
   </div>
   <div class='ocr_carea' id='block_1_37' title="bbox 380 3598 1887 3675">
    <p class='ocr_par' dir='ltr' id='par_1_37' title="bbox 380 3598 1887 3675">
     <span class='ocr_line' id='line_1_37' title="bbox 380 3598 1887 3675; baseline -0.001 -14"><span class='ocrx_word' id='word_1_211' title='bbox 380 3604 685 3663; x_wconf 76' lang='lat' dir='ltr'><strong>Gennadius</strong></span> <span class='ocrx_word' id='word_1_212' title='bbox 716 3600 781 3661; x_wconf 91' lang='lat' dir='ltr'><strong>de</strong></span> <span class='ocrx_word' id='word_1_213' title='bbox 813 3608 910 3660; x_wconf 90' lang='lat' dir='ltr'><strong>hac</strong></span> <span class='ocrx_word' id='word_1_214' title='bbox 939 3606 1160 3675; x_wconf 86' lang='lat' dir='ltr'><strong>cpistola</strong></span> <span class='ocrx_word' id='word_1_215' title='bbox 1187 3598 1438 3675; x_wconf 77' lang='lat' dir='ltr'><strong>loquitur,</strong></span> <span class='ocrx_word' id='word_1_216' title='bbox 1474 3604 1600 3658; x_wconf 90' lang='lat' dir='ltr'><strong>dum</strong></span> <span class='ocrx_word' id='word_1_217' title='bbox 1629 3606 1697 3658; x_wconf 85' lang='lat' dir='ltr'><strong>ait</strong></span> <span class='ocrx_word' id='word_1_218' title='bbox 1725 3623 1736 3657; x_wconf 90' lang='lat'>:</span> <span class='ocrx_word' id='word_1_219' title='bbox 1767 3606 1887 3675; x_wconf 79' lang='lat' dir='ltr'><strong>Legi</strong></span> 
     </span>
    </p>
   </div>
   <div class='ocr_carea' id='block_1_38' title="bbox 308 3674 1886 3748">
    <p class='ocr_par' dir='ltr' id='par_1_38' title="bbox 308 3674 1886 3748">
     <span class='ocr_line' id='line_1_38' title="bbox 308 3674 1886 3748; baseline 0 -19"><span class='ocrx_word' id='word_1_220' title='bbox 308 3682 417 3748; x_wconf 78' lang='lat' dir='ltr'><strong>ejus</strong></span> <span class='ocrx_word' id='word_1_221' title='bbox 446 3688 490 3732; x_wconf 83' lang='lat' dir='ltr'><strong>et</strong></span> <span class='ocrx_word' id='word_1_222' title='bbox 510 3680 777 3733; x_wconf 72' lang='lat' dir='ltr'><strong>advenam</strong></span> <span class='ocrx_word' id='word_1_223' title='bbox 814 3674 1031 3733; x_wconf 81' lang='lat' dir='ltr'><strong>Arianos</strong></span> <span class='ocrx_word' id='word_1_224' title='bbox 1073 3684 1119 3729; x_wconf 78' lang='lat' dir='ltr'><strong>et</strong></span> <span class='ocrx_word' id='word_1_225' title='bbox 1154 3674 1553 3748; x_wconf 56' lang='lat' dir='ltr'><strong>Macedonicae;</strong></span> <span class='ocrx_word' id='word_1_226' title='bbox 1581 3692 1794 3745; x_wconf 85' lang='lat' dir='ltr'><strong>parvum</strong></span> <span class='ocrx_word' id='word_1_227' title='bbox 1824 3674 1886 3748; x_wconf 68' lang='lat' dir='ltr'><strong>li-</strong></span> 
     </span>
    </p>
   </div>
   <div class='ocr_carea' id='block_1_39' title="bbox 308 3746 1885 3817">
    <p class='ocr_par' dir='ltr' id='par_1_39' title="bbox 308 3746 1885 3817">
     <span class='ocr_line' id='line_1_39' title="bbox 308 3746 1885 3817; baseline 0 -15"><span class='ocrx_word' id='word_1_228' title='bbox 308 3746 511 3815; x_wconf 70' lang='lat' dir='ltr'><strong>bellum,</strong></span> <span class='ocrx_word' id='word_1_229' title='bbox 560 3752 611 3801; x_wconf 87' lang='lat' dir='ltr'><strong>in</strong></span> <span class='ocrx_word' id='word_1_230' title='bbox 639 3764 737 3816; x_wconf 79' lang='lat' dir='ltr'><strong>quo</strong></span> <span class='ocrx_word' id='word_1_231' title='bbox 775 3748 1147 3802; x_wconf 79' lang='lat' dir='ltr'><strong>coessentialem</strong></span> <span class='ocrx_word' id='word_1_232' title='bbox 1176 3747 1422 3817; x_wconf 69' lang='lat' dir='ltr'><strong>prwdicat</strong></span> <span class='ocrx_word' id='word_1_233' title='bbox 1462 3746 1783 3800; x_wconf 82' lang='lat' dir='ltr'><strong>Trinitatem.</strong></span> <span class='ocrx_word' id='word_1_234' title='bbox 1818 3747 1885 3803; x_wconf 84' lang='lat' dir='ltr'><strong>Et</strong></span> 
     </span>
    </p>
   </div>
   <div class='ocr_carea' id='block_1_40' title="bbox 306 3810 1881 3887">
    <p class='ocr_par' dir='ltr' id='par_1_40' title="bbox 306 3810 1881 3887">
     <span class='ocr_line' id='line_1_40' title="bbox 306 3810 1881 3887; baseline -0.001 -16"><span class='ocrx_word' id='word_1_235' title='bbox 306 3814 463 3871; x_wconf 77' lang='lat' dir='ltr'><strong>alium</strong></span> <span class='ocrx_word' id='word_1_236' title='bbox 494 3810 734 3872; x_wconf 57' lang='lat' dir='ltr'><strong>adversus</strong></span> <span class='ocrx_word' id='word_1_237' title='bbox 752 3836 839 3887; x_wconf 69' lang='lat' dir='ltr'><strong>eos</strong></span> <span class='ocrx_word' id='word_1_238' title='bbox 864 3819 949 3887; x_wconf 84' lang='lat' dir='ltr'><strong>qui</strong></span> <span class='ocrx_word' id='word_1_239' title='bbox 985 3816 1157 3870; x_wconf 82' lang='lat' dir='ltr'><strong>dicunt</strong></span> <span class='ocrx_word' id='word_1_240' title='bbox 1177 3810 1300 3869; x_wconf 67' lang='grc' dir='ltr'><strong>’βεδε</strong></span> <span class='ocrx_word' id='word_1_241' title='bbox 1340 3810 1391 3869; x_wconf 83' lang='lat' dir='ltr'><strong>in</strong></span> <span class='ocrx_word' id='word_1_242' title='bbox 1417 3818 1662 3869; x_wconf 74' lang='lat' dir='ltr'><strong>creaturis</strong></span> <span class='ocrx_word' id='word_1_243' title='bbox 1684 3819 1881 3887; x_wconf 72' lang='lat' dir='ltr'><strong>aliquid</strong></span> 
     </span>
    </p>
   </div>
   <div class='ocr_carea' id='block_1_41' title="bbox 306 3884 1883 3959">
    <p class='ocr_par' dir='ltr' id='par_1_41' title="bbox 306 3884 1883 3959">
     <span class='ocr_line' id='line_1_41' title="bbox 306 3884 1883 3959; baseline 0.001 -20"><span class='ocrx_word' id='word_1_244' title='bbox 306 3890 681 3957; x_wconf 83' lang='lat' dir='ltr'><strong>incorporeum.</strong></span> <span class='ocrx_word' id='word_1_245' title='bbox 740 3884 805 3942; x_wconf 78' lang='lat' dir='ltr'><strong>In</strong></span> <span class='ocrx_word' id='word_1_246' title='bbox 848 3884 947 3959; x_wconf 79' lang='lat' dir='ltr'><strong>quo</strong></span> <span class='ocrx_word' id='word_1_247' title='bbox 996 3886 1181 3940; x_wconf 81' lang='lat' dir='ltr'><strong>divinis</strong></span> <span class='ocrx_word' id='word_1_248' title='bbox 1219 3888 1517 3940; x_wconf 82' lang='lat' dir='ltr'><strong>testimoniis</strong></span> <span class='ocrx_word' id='word_1_249' title='bbox 1568 3898 1612 3940; x_wconf 84' lang='lat' dir='ltr'><strong>et</strong></span> <span class='ocrx_word' id='word_1_250' title='bbox 1662 3884 1883 3940; x_wconf 74' lang='lat' dir='ltr'><strong>Patrum</strong></span> 
     </span>
    </p>
   </div>
   <div class='ocr_carea' id='block_1_42' title="bbox 306 3959 1878 4027">
    <p class='ocr_par' dir='ltr' id='par_1_42' title="bbox 306 3959 1878 4027">
     <span class='ocr_line' id='line_1_42' title="bbox 306 3959 1878 4027; baseline 0.001 -18"><span class='ocrx_word' id='word_1_251' title='bbox 306 3960 846 4027; x_wconf 73' lang='lat' dir='ltr'><strong>conﬁrmatasntentiis</strong></span> <span class='ocrx_word' id='word_1_252' title='bbox 885 3959 1015 4012; x_wconf 81' lang='lat' dir='ltr'><strong>nihil</strong></span> <span class='ocrx_word' id='word_1_253' title='bbox 1045 3959 1350 4011; x_wconf 84' lang='lat' dir='ltr'><strong>credendum</strong></span> <span class='ocrx_word' id='word_1_254' title='bbox 1374 3959 1726 4027; x_wconf 82' lang='lat' dir='ltr'><strong>incorporeum</strong></span> <span class='ocrx_word' id='word_1_255' title='bbox 1748 3974 1878 4027; x_wconf 68' lang='lat' dir='ltr'><strong>prte-</strong></span> 
     </span>
    </p>
   </div>
   <div class='ocr_carea' id='block_1_43' title="bbox 307 4028 1883 4099">
    <p class='ocr_par' dir='ltr' id='par_1_43' title="bbox 307 4028 1883 4099">
     <span class='ocr_line' id='line_1_43' title="bbox 307 4028 1883 4099; baseline -0.003 -15"><span class='ocrx_word' id='word_1_256' title='bbox 307 4039 381 4095; x_wconf 67' lang='grc' dir='ltr'><strong>ζει·</strong></span> <span class='ocrx_word' id='word_1_257' title='bbox 414 4030 593 4099; x_wconf 81' lang='lat' dir='ltr'><strong>Deum.</strong></span> <span class='ocrx_word' id='word_1_258' title='bbox 627 4032 747 4085; x_wconf 76' lang='lat' dir='ltr'><strong>Haec</strong></span> <span class='ocrx_word' id='word_1_259' title='bbox 781 4028 1105 4099; x_wconf 80' lang='lat' dir='ltr'><strong>Gennadius,</strong></span> <span class='ocrx_word' id='word_1_260' title='bbox 1136 4030 1225 4097; x_wconf 87' lang='lat' dir='ltr'><strong>qui</strong></span> <span class='ocrx_word' id='word_1_261' title='bbox 1255 4028 1389 4082; x_wconf 88' lang='lat' dir='ltr'><strong>duos</strong></span> <span class='ocrx_word' id='word_1_262' title='bbox 1417 4028 1696 4091; x_wconf 81' lang='lat' dir='ltr'><strong>distinctos</strong></span> <span class='ocrx_word' id='word_1_263' title='bbox 1728 4029 1883 4083; x_wconf 87' lang='lat' dir='ltr'><strong>libel-</strong></span> 
     </span>
    </p>
   </div>
   <div class='ocr_carea' id='block_1_44' title="bbox 308 4098 1881 4171">
    <p class='ocr_par' dir='ltr' id='par_1_44' title="bbox 308 4098 1881 4171">
     <span class='ocr_line' id='line_1_44' title="bbox 308 4098 1881 4171; baseline 0.001 -19"><span class='ocrx_word' id='word_1_264' title='bbox 308 4102 386 4153; x_wconf 85' lang='lat' dir='ltr'><strong>los</strong></span> <span class='ocrx_word' id='word_1_265' title='bbox 411 4098 537 4171; x_wconf 82' lang='lat' dir='ltr'><strong>facit</strong></span> <span class='ocrx_word' id='word_1_266' title='bbox 564 4118 629 4154; x_wconf 80' lang='lat' dir='ltr'><strong>cx</strong></span> <span class='ocrx_word' id='word_1_267' title='bbox 654 4101 750 4155; x_wconf 75' lang='lat' dir='ltr'><strong>hac</strong></span> <span class='ocrx_word' id='word_1_268' title='bbox 775 4118 872 4153; x_wconf 88' lang='lat' dir='ltr'><strong>una</strong></span> <span class='ocrx_word' id='word_1_269' title='bbox 902 4100 1081 4153; x_wconf 83' lang='lat' dir='ltr'><strong>Fausti</strong></span> <span class='ocrx_word' id='word_1_270' title='bbox 1108 4100 1355 4167; x_wconf 81' lang='lat' dir='ltr'><strong>epistola,</strong></span> <span class='ocrx_word' id='word_1_271' title='bbox 1384 4099 1537 4171; x_wconf 83' lang='lat' dir='ltr'><strong>cujus</strong></span> <span class='ocrx_word' id='word_1_272' title='bbox 1560 4100 1728 4171; x_wconf 87' lang='lat' dir='ltr'><strong>prima</strong></span> <span class='ocrx_word' id='word_1_273' title='bbox 1756 4115 1881 4167; x_wconf 84' lang='lat' dir='ltr'><strong>pars</strong></span> 
     </span>
    </p>
   </div>
   <div class='ocr_carea' id='block_1_45' title="bbox 304 4169 1881 4238">
    <p class='ocr_par' dir='ltr' id='par_1_45' title="bbox 304 4169 1881 4238">
     <span class='ocr_line' id='line_1_45' title="bbox 304 4169 1881 4238; baseline -0.001 -14"><span class='ocrx_word' id='word_1_274' title='bbox 304 4172 389 4224; x_wconf 83' lang='lat' dir='ltr'><strong>est</strong></span> <span class='ocrx_word' id='word_1_275' title='bbox 419 4172 601 4225; x_wconf 88' lang='lat' dir='ltr'><strong>contra</strong></span> <span class='ocrx_word' id='word_1_276' title='bbox 638 4172 893 4235; x_wconf 65' lang='lat' dir='ltr'><strong>Arianos;</strong></span> <span class='ocrx_word' id='word_1_277' title='bbox 928 4170 1027 4223; x_wconf 86' lang='lat' dir='ltr'><strong>alia</strong></span> <span class='ocrx_word' id='word_1_278' title='bbox 1065 4179 1248 4224; x_wconf 89' lang='lat' dir='ltr'><strong>contra</strong></span> <span class='ocrx_word' id='word_1_279' title='bbox 1281 4184 1376 4222; x_wconf 88' lang='lat' dir='ltr'><strong>eos</strong></span> <span class='ocrx_word' id='word_1_280' title='bbox 1420 4169 1508 4238; x_wconf 89' lang='lat' dir='ltr'><strong>qui</strong></span> <span class='ocrx_word' id='word_1_281' title='bbox 1539 4170 1722 4223; x_wconf 87' lang='lat' dir='ltr'><strong>dicunt</strong></span> <span class='ocrx_word' id='word_1_282' title='bbox 1763 4185 1881 4223; x_wconf 87' lang='lat' dir='ltr'><strong>esse</strong></span> 
     </span>
    </p>
   </div>
   <div class='ocr_carea' id='block_1_46' title="bbox 306 4236 1880 4311">
    <p class='ocr_par' dir='ltr' id='par_1_46' title="bbox 306 4236 1880 4311">
     <span class='ocr_line' id='line_1_46' title="bbox 306 4236 1880 4311; baseline 0.001 -18"><span class='ocrx_word' id='word_1_283' title='bbox 306 4242 356 4293; x_wconf 90' lang='lat' dir='ltr'><strong>in</strong></span> <span class='ocrx_word' id='word_1_284' title='bbox 392 4243 651 4297; x_wconf 69' lang='lat' dir='ltr'><strong>creaturis,</strong></span> <span class='ocrx_word' id='word_1_285' title='bbox 673 4242 867 4311; x_wconf 88' lang='lat' dir='ltr'><strong>aliquid</strong></span> <span class='ocrx_word' id='word_1_286' title='bbox 901 4245 1291 4309; x_wconf 84' lang='lat' dir='ltr'><strong>incorporeum.</strong></span> <span class='ocrx_word' id='word_1_287' title='bbox 1318 4236 1714 4311; x_wconf 12' lang='lat' dir='ltr'><strong>Nequeimirum</strong></span> <span class='ocrx_word' id='word_1_288' title='bbox 1737 4241 1880 4308; x_wconf 87' lang='lat' dir='ltr'><strong>quod</strong></span> 
     </span>
    </p>
   </div>
   <div class='ocr_carea' id='block_1_47' title="bbox 306 4309 1879 4380">
    <p class='ocr_par' dir='ltr' id='par_1_47' title="bbox 306 4309 1879 4380">
     <span class='ocr_line' id='line_1_47' title="bbox 306 4309 1879 4380; baseline 0 -15"><span class='ocrx_word' id='word_1_289' title='bbox 306 4314 597 4380; x_wconf 68' lang='lat' dir='ltr'><strong>sejunverit</strong></span> <span class='ocrx_word' id='word_1_290' title='bbox 621 4309 947 4367; x_wconf 81' lang='lat' dir='ltr'><strong>Gennadius.</strong></span> <span class='ocrx_word' id='word_1_291' title='bbox 981 4311 1110 4365; x_wconf 85' lang='lat' dir='ltr'><strong>Nam</strong></span> <span class='ocrx_word' id='word_1_292' title='bbox 1144 4320 1198 4365; x_wconf 90' lang='lat' dir='ltr'><strong>et</strong></span> <span class='ocrx_word' id='word_1_293' title='bbox 1227 4312 1280 4364; x_wconf 92' lang='lat' dir='ltr'><strong>in</strong></span> <span class='ocrx_word' id='word_1_294' title='bbox 1314 4310 1638 4371; x_wconf 78' lang='lat' dir='ltr'><strong>Bibliotheca</strong></span> <span class='ocrx_word' id='word_1_295' title='bbox 1664 4309 1879 4365; x_wconf 85' lang='lat' dir='ltr'><strong>Patrum</strong></span> 
     </span>
    </p>
   </div>
   <div class='ocr_carea' id='block_1_48' title="bbox 304 4370 1911 4459">
    <p class='ocr_par' dir='ltr' id='par_1_48' title="bbox 304 4370 1911 4459">
     <span class='ocr_line' id='line_1_48' title="bbox 304 4370 1911 4459; baseline 0 -25"><span class='ocrx_word' id='word_1_296' title='bbox 304 4370 526 4459; x_wconf 60' lang='lat' dir='ltr'><strong>Margar.</strong></span> <span class='ocrx_word' id='word_1_297' title='bbox 650 4384 964 4459; x_wconf 83' lang='lat' dir='ltr'><strong>cdit.,tom.</strong></span> <span class='ocrx_word' id='word_1_298' title='bbox 1010 4382 1114 4459; x_wconf 23' lang='lat' dir='ltr'><strong>IV,“</strong></span> <span class='ocrx_word' id='word_1_299' title='bbox 1141 4382 1228 4459; x_wconf 68' lang='lat' dir='ltr'><strong>i_&#39;t_l_i_.</strong></span> <span class='ocrx_word' id='word_1_300' title='bbox 1255 4370 1513 4459; x_wconf 55' lang='lat' dir='ltr'><strong>759,__illa</strong></span> <span class='ocrx_word' id='word_1_301' title='bbox 1555 4395 1675 4447; x_wconf 89' lang='lat' dir='ltr'><strong>pars</strong></span> <span class='ocrx_word' id='word_1_302' title='bbox 1722 4381 1911 4459; x_wconf 79' lang='lat' dir='ltr'><strong>hujus</strong></span> 
     </span>
    </p>
   </div>
   <div class='ocr_carea' id='block_1_49' title="bbox 305 4444 1881 4521">
    <p class='ocr_par' dir='ltr' id='par_1_49' title="bbox 305 4444 1881 4521">
     <span class='ocr_line' id='line_1_49' title="bbox 305 4444 1881 4521; baseline -0.001 -16"><span class='ocrx_word' id='word_1_303' title='bbox 305 4444 541 4521; x_wconf 66' lang='grc' dir='ltr'><strong>ρρἰῖόἶςιξ</strong></span> <span class='ocrx_word' id='word_1_304' title='bbox 572 4444 637 4506; x_wconf 89' lang='lat' dir='ltr'><strong>de</strong></span> <span class='ocrx_word' id='word_1_305' title='bbox 661 4444 941 4517; x_wconf 78' lang='lat' dir='ltr'><strong>creaturis,</strong></span> <span class='ocrx_word' id='word_1_306' title='bbox 974 4444 1115 4521; x_wconf 83' lang='lat' dir='ltr'><strong>quod</strong></span> <span class='ocrx_word' id='word_1_307' title='bbox 1147 4453 1249 4506; x_wconf 91' lang='lat' dir='ltr'><strong>illis</strong></span> <span class='ocrx_word' id='word_1_308' title='bbox 1292 4450 1421 4503; x_wconf 85' lang='lat' dir='ltr'><strong>nihil</strong></span> <span class='ocrx_word' id='word_1_309' title='bbox 1461 4444 1762 4517; x_wconf 83' lang='lat' dir='ltr'><strong>incorporei</strong></span> <span class='ocrx_word' id='word_1_310' title='bbox 1795 4444 1881 4505; x_wconf 81' lang='lat' dir='ltr'><strong>in-</strong></span> 
     </span>
    </p>
   </div>
   <div class='ocr_carea' id='block_1_50' title="bbox 305 4522 1869 4591">
    <p class='ocr_par' dir='ltr' id='par_1_50' title="bbox 305 4522 1869 4591">
     <span class='ocr_line' id='line_1_50' title="bbox 305 4522 1869 4591; baseline -0.001 -15"><span class='ocrx_word' id='word_1_311' title='bbox 305 4527 394 4587; x_wconf 82' lang='lat' dir='ltr'><strong>sit,</strong></span> <span class='ocrx_word' id='word_1_312' title='bbox 435 4525 615 4577; x_wconf 71' lang='lat' dir='ltr'><strong>avulsa</strong></span> <span class='ocrx_word' id='word_1_313' title='bbox 649 4534 729 4577; x_wconf 78' lang='lat' dir='ltr'><strong>est</strong></span> <span class='ocrx_word' id='word_1_314' title='bbox 767 4538 794 4575; x_wconf 91' lang='lat' dir='ltr'><strong>a</strong></span> <span class='ocrx_word' id='word_1_315' title='bbox 825 4524 1105 4591; x_wconf 87' lang='lat' dir='ltr'><strong>prioribus,</strong></span> <span class='ocrx_word' id='word_1_316' title='bbox 1156 4533 1210 4578; x_wconf 90' lang='lat' dir='ltr'><strong>et</strong></span> <span class='ocrx_word' id='word_1_317' title='bbox 1238 4522 1522 4589; x_wconf 78' lang='lat' dir='ltr'><strong>separatim</strong></span> <span class='ocrx_word' id='word_1_318' title='bbox 1550 4523 1714 4587; x_wconf 88' lang='lat' dir='ltr'><strong>edita,</strong></span> <span class='ocrx_word' id='word_1_319' title='bbox 1749 4539 1869 4575; x_wconf 84' lang='lat' dir='ltr'><strong>cum</strong></span> 
     </span>
    </p>
   </div>
   <div class='ocr_carea' id='block_1_51' title="bbox 1998 636 3578 707">
    <p class='ocr_par' dir='ltr' id='par_1_51' title="bbox 1998 636 3578 707">
     <span class='ocr_line' id='line_1_51' title="bbox 1998 636 3578 707; baseline -0.001 -14"><span class='ocrx_word' id='word_1_320' title='bbox 1998 648 2261 693; x_wconf 87' lang='lat' dir='ltr'><strong>conantur</strong></span> <span class='ocrx_word' id='word_1_321' title='bbox 2284 652 2544 692; x_wconf 87' lang='lat' dir='ltr'><strong>asserere.</strong></span> <span class='ocrx_word' id='word_1_322' title='bbox 2572 636 2687 691; x_wconf 86' lang='lat' dir='ltr'><strong>Non</strong></span> <span class='ocrx_word' id='word_1_323' title='bbox 2723 646 2917 706; x_wconf 83' lang='lat' dir='ltr'><strong>potest.</strong></span> <span class='ocrx_word' id='word_1_324' title='bbox 2946 636 3210 707; x_wconf 76' lang='lat' dir='ltr'><strong>inquiunt,</strong></span> <span class='ocrx_word' id='word_1_325' title='bbox 3237 638 3369 699; x_wconf 77' lang='lat' dir='ltr'><strong>ticri,</strong></span> <span class='ocrx_word' id='word_1_326' title='bbox 3398 639 3494 689; x_wconf 83' lang='lat' dir='ltr'><strong>usi</strong></span> <span class='ocrx_word' id='word_1_327' title='bbox 3519 649 3578 692; x_wconf 90' lang='lat' dir='ltr'><strong>ut</strong></span> 
     </span>
    </p>
   </div>
   <div class='ocr_carea' id='block_1_52' title="bbox 1992 728 3578 797">
    <p class='ocr_par' dir='ltr' id='par_1_52' title="bbox 1992 728 3578 797">
     <span class='ocr_line' id='line_1_52' title="bbox 1992 728 3578 797; baseline 0 -16"><span class='ocrx_word' id='word_1_328' title='bbox 1992 729 2174 797; x_wconf 90' lang='lat' dir='ltr'><strong>juoior</strong></span> <span class='ocrx_word' id='word_1_329' title='bbox 2208 729 2278 782; x_wconf 89' lang='lat' dir='ltr'><strong>sit</strong></span> <span class='ocrx_word' id='word_1_330' title='bbox 2307 729 2521 797; x_wconf 86' lang='lat' dir='ltr'><strong>genitus</strong></span> <span class='ocrx_word' id='word_1_331' title='bbox 2562 728 2629 781; x_wconf 91' lang='lat' dir='ltr'><strong>ab</strong></span> <span class='ocrx_word' id='word_1_332' title='bbox 2675 728 2929 795; x_wconf 83' lang='lat' dir='ltr'><strong>ingenito.</strong></span> <span class='ocrx_word' id='word_1_333' title='bbox 2961 728 3115 780; x_wconf 83' lang='lat' dir='ltr'><strong>Juxta</strong></span> <span class='ocrx_word' id='word_1_334' title='bbox 3148 742 3265 796; x_wconf 72' lang='lat' dir='ltr'><strong>qua:</strong></span> <span class='ocrx_word' id='word_1_335' title='bbox 3298 738 3461 781; x_wconf 89' lang='lat' dir='ltr'><strong>totum</strong></span> <span class='ocrx_word' id='word_1_336' title='bbox 3507 732 3578 781; x_wconf 85' lang='lat' dir='ltr'><strong>si-</strong></span> 
     </span>
    </p>
   </div>
   <div class='ocr_carea' id='block_1_53' title="bbox 1989 818 3574 889">
    <p class='ocr_par' dir='ltr' id='par_1_53' title="bbox 1989 818 3574 889">
     <span class='ocr_line' id='line_1_53' title="bbox 1989 818 3574 889; baseline -0.003 -15"><span class='ocrx_word' id='word_1_337' title='bbox 1989 820 2226 875; x_wconf 72' lang='lat' dir='ltr'><strong>lentium</strong></span> <span class='ocrx_word' id='word_1_338' title='bbox 2259 819 2407 889; x_wconf 88' lang='lat' dir='ltr'><strong>quasi</strong></span> <span class='ocrx_word' id='word_1_339' title='bbox 2432 819 2615 887; x_wconf 88' lang='lat' dir='ltr'><strong>jussus</strong></span> <span class='ocrx_word' id='word_1_340' title='bbox 2650 818 2949 883; x_wconf 81' lang='lat' dir='ltr'><strong>absolvere,</strong></span> <span class='ocrx_word' id='word_1_341' title='bbox 2982 833 3089 873; x_wconf 86' lang='lat' dir='ltr'><strong>non</strong></span> <span class='ocrx_word' id='word_1_342' title='bbox 3134 829 3236 872; x_wconf 85' lang='lat' dir='ltr'><strong>tam</strong></span> <span class='ocrx_word' id='word_1_343' title='bbox 3264 822 3359 887; x_wconf 82' lang='lat' dir='ltr'><strong>pro</strong></span> <span class='ocrx_word' id='word_1_344' title='bbox 3389 820 3463 873; x_wconf 90' lang='lat' dir='ltr'><strong>rei</strong></span> <span class='ocrx_word' id='word_1_345' title='bbox 3492 819 3574 871; x_wconf 88' lang='lat' dir='ltr'><strong>in-</strong></span> 
     </span>
    </p>
   </div>
   <div class='ocr_carea' id='block_1_54' title="bbox 1993 909 3574 979">
    <p class='ocr_par' dir='ltr' id='par_1_54' title="bbox 1993 909 3574 979">
     <span class='ocr_line' id='line_1_54' title="bbox 1993 909 3574 979; baseline -0.001 -13"><span class='ocrx_word' id='word_1_346' title='bbox 1993 911 2291 966; x_wconf 76' lang='lat' dir='ltr'><strong>structions</strong></span> <span class='ocrx_word' id='word_1_347' title='bbox 2310 926 2468 977; x_wconf 89' lang='lat' dir='ltr'><strong>quam</strong></span> <span class='ocrx_word' id='word_1_348' title='bbox 2496 924 2593 979; x_wconf 91' lang='lat' dir='ltr'><strong>pro</strong></span> <span class='ocrx_word' id='word_1_349' title='bbox 2618 909 2743 964; x_wconf 79' lang='lat' dir='ltr'><strong>ﬁdei</strong></span> <span class='ocrx_word' id='word_1_350' title='bbox 2772 911 3109 965; x_wconf 81' lang='lat' dir='ltr'><strong>confessione</strong></span> <span class='ocrx_word' id='word_1_351' title='bbox 3142 924 3481 979; x_wconf 76' lang='lat' dir='ltr'><strong>praesumam.</strong></span> <span class='ocrx_word' id='word_1_352' title='bbox 3521 912 3574 965; x_wconf 89' lang='lat' dir='ltr'><strong>Id</strong></span> 
     </span>
    </p>
   </div>
   <div class='ocr_carea' id='block_1_55' title="bbox 1996 1002 3577 1072">
    <p class='ocr_par' dir='ltr' id='par_1_55' title="bbox 1996 1002 3577 1072">
     <span class='ocr_line' id='line_1_55' title="bbox 1996 1002 3577 1072; baseline -0.002 -14"><span class='ocrx_word' id='word_1_353' title='bbox 1996 1003 2244 1072; x_wconf 91' lang='lat' dir='ltr'><strong>primitus</strong></span> <span class='ocrx_word' id='word_1_354' title='bbox 2294 1003 2613 1071; x_wconf 79' lang='lat' dir='ltr'><strong>observans,</strong></span> <span class='ocrx_word' id='word_1_355' title='bbox 2656 1017 2723 1056; x_wconf 91' lang='lat' dir='ltr'><strong>ne</strong></span> <span class='ocrx_word' id='word_1_356' title='bbox 2766 1016 2854 1057; x_wconf 90' lang='lat' dir='ltr'><strong>res</strong></span> <span class='ocrx_word' id='word_1_357' title='bbox 2886 1006 2980 1070; x_wconf 86' lang='lat' dir='ltr'><strong>per</strong></span> <span class='ocrx_word' id='word_1_358' title='bbox 3019 1015 3079 1057; x_wconf 87' lang='lat' dir='ltr'><strong>se</strong></span> <span class='ocrx_word' id='word_1_359' title='bbox 3103 1002 3361 1057; x_wconf 89' lang='lat' dir='ltr'><strong>obscuras</strong></span> <span class='ocrx_word' id='word_1_360' title='bbox 3401 1003 3577 1058; x_wconf 87' lang='lat' dir='ltr'><strong>studio</strong></span> 
     </span>
    </p>
   </div>
   <div class='ocr_carea' id='block_1_56' title="bbox 1993 1090 3574 1163">
    <p class='ocr_par' dir='ltr' id='par_1_56' title="bbox 1993 1090 3574 1163">
     <span class='ocr_line' id='line_1_56' title="bbox 1993 1090 3574 1163; baseline 0 -15"><span class='ocrx_word' id='word_1_361' title='bbox 1993 1094 2276 1163; x_wconf 87' lang='lat' dir='ltr'><strong>compositi</strong></span> <span class='ocrx_word' id='word_1_362' title='bbox 2306 1094 2573 1148; x_wconf 87' lang='lat' dir='ltr'><strong>sermonis</strong></span> <span class='ocrx_word' id='word_1_363' title='bbox 2603 1091 2891 1158; x_wconf 84' lang='lat' dir='ltr'><strong>involvam,</strong></span> <span class='ocrx_word' id='word_1_364' title='bbox 2927 1090 3018 1147; x_wconf 84' lang='lat' dir='ltr'><strong>sed</strong></span> <span class='ocrx_word' id='word_1_365' title='bbox 3046 1093 3287 1161; x_wconf 65' lang='lat' dir='ltr'><strong>quaedam</strong></span> <span class='ocrx_word' id='word_1_366' title='bbox 3321 1096 3574 1162; x_wconf 88' lang='lat' dir='ltr'><strong>pauperis</strong></span> 
     </span>
    </p>
   </div>
   <div class='ocr_carea' id='block_1_57' title="bbox 1993 1183 3569 1252">
    <p class='ocr_par' dir='ltr' id='par_1_57' title="bbox 1993 1183 3569 1252">
     <span class='ocr_line' id='line_1_57' title="bbox 1993 1183 3569 1252; baseline 0.001 -14"><span class='ocrx_word' id='word_1_367' title='bbox 1993 1199 2187 1239; x_wconf 90' lang='lat' dir='ltr'><strong>sensus</strong></span> <span class='ocrx_word' id='word_1_368' title='bbox 2218 1183 2431 1247; x_wconf 87' lang='lat' dir='ltr'><strong>indicia,</strong></span> <span class='ocrx_word' id='word_1_369' title='bbox 2472 1198 2589 1252; x_wconf 77' lang='lat' dir='ltr'><strong>qua:</strong></span> <span class='ocrx_word' id='word_1_370' title='bbox 2627 1198 2733 1237; x_wconf 90' lang='lat' dir='ltr'><strong>non</strong></span> <span class='ocrx_word' id='word_1_371' title='bbox 2766 1191 2873 1236; x_wconf 90' lang='lat' dir='ltr'><strong>tam</strong></span> <span class='ocrx_word' id='word_1_372' title='bbox 2921 1183 3133 1238; x_wconf 86' lang='lat' dir='ltr'><strong>ornatui</strong></span> <span class='ocrx_word' id='word_1_373' title='bbox 3168 1198 3327 1247; x_wconf 80' lang='lat' dir='ltr'><strong>quam</strong></span> <span class='ocrx_word' id='word_1_374' title='bbox 3358 1184 3569 1240; x_wconf 87' lang='lat' dir='ltr'><strong>intelle-</strong></span> 
     </span>
    </p>
   </div>
   <div class='ocr_carea' id='block_1_58' title="bbox 1992 1273 3047 1342">
    <p class='ocr_par' dir='ltr' id='par_1_58' title="bbox 1992 1273 3047 1342">
     <span class='ocr_line' id='line_1_58' title="bbox 1992 1273 3047 1342; baseline -0.004 -12"><span class='ocrx_word' id='word_1_375' title='bbox 1992 1275 2100 1330; x_wconf 91' lang='lat' dir='ltr'><strong>ctui</strong></span> <span class='ocrx_word' id='word_1_376' title='bbox 2131 1274 2408 1329; x_wconf 83' lang='lat' dir='ltr'><strong>videantur</strong></span> <span class='ocrx_word' id='word_1_377' title='bbox 2444 1274 2669 1340; x_wconf 79' lang='lat' dir='ltr'><strong>Servire,</strong></span> <span class='ocrx_word' id='word_1_378' title='bbox 2711 1273 3047 1342; x_wconf 80' lang='lat' dir='ltr'><strong>depromain.</strong></span> 
     </span>
    </p>
   </div>
   <div class='ocr_carea' id='block_1_59' title="bbox 2064 1363 3561 1435">
    <p class='ocr_par' dir='ltr' id='par_1_59' title="bbox 2064 1363 3561 1435">
     <span class='ocr_line' id='line_1_59' title="bbox 2064 1363 3561 1435; baseline -0.001 -16"><span class='ocrx_word' id='word_1_379' title='bbox 2064 1366 2380 1435; x_wconf 79' lang='lat' dir='ltr'><strong>Respondeo</strong></span> <span class='ocrx_word' id='word_1_380' title='bbox 2426 1378 2554 1435; x_wconf 83' lang='lat' dir='ltr'><strong>ergo</strong></span> <span class='ocrx_word' id='word_1_381' title='bbox 2593 1365 2730 1419; x_wconf 91' lang='lat' dir='ltr'><strong>sicut</strong></span> <span class='ocrx_word' id='word_1_382' title='bbox 2760 1363 3088 1432; x_wconf 87' lang='lat' dir='ltr'><strong>respondere</strong></span> <span class='ocrx_word' id='word_1_383' title='bbox 3112 1363 3357 1433; x_wconf 83' lang='lat' dir='ltr'><strong>discipuli</strong></span> <span class='ocrx_word' id='word_1_384' title='bbox 3398 1366 3561 1433; x_wconf 82' lang='lat' dir='ltr'><strong>magi-</strong></span> 
     </span>
    </p>
   </div>
   <div class='ocr_carea' id='block_1_60' title="bbox 1993 1453 3572 1526">
    <p class='ocr_par' dir='ltr' id='par_1_60' title="bbox 1993 1453 3572 1526">
     <span class='ocr_line' id='line_1_60' title="bbox 1993 1453 3572 1526; baseline -0.001 -14"><span class='ocrx_word' id='word_1_385' title='bbox 1993 1458 2123 1513; x_wconf 89' lang='lat' dir='ltr'><strong>stris</strong></span> <span class='ocrx_word' id='word_1_386' title='bbox 2172 1457 2621 1526; x_wconf 76' lang='lat' dir='ltr'><strong>interrogantibus</strong></span> <span class='ocrx_word' id='word_1_387' title='bbox 2668 1455 2862 1511; x_wconf 83' lang='lat' dir='ltr'><strong>solent.</strong></span> <span class='ocrx_word' id='word_1_388' title='bbox 2916 1453 3097 1525; x_wconf 84' lang='lat' dir='ltr'><strong>Itaque</strong></span> <span class='ocrx_word' id='word_1_389' title='bbox 3136 1455 3204 1510; x_wconf 89' lang='lat' dir='ltr'><strong>ad</strong></span> <span class='ocrx_word' id='word_1_390' title='bbox 3248 1465 3572 1525; x_wconf 72' lang='lat' dir='ltr'><strong>prrcceptum</strong></span> 
     </span>
    </p>
   </div>
   <div class='ocr_carea' id='block_1_61' title="bbox 1991 1545 3569 1616">
    <p class='ocr_par' dir='ltr' id='par_1_61' title="bbox 1991 1545 3569 1616">
     <span class='ocr_line' id='line_1_61' title="bbox 1991 1545 3569 1616; baseline -0.001 -15"><span class='ocrx_word' id='word_1_391' title='bbox 1991 1547 2336 1601; x_wconf 86' lang='lat' dir='ltr'><strong>beatitudinis</strong></span> <span class='ocrx_word' id='word_1_392' title='bbox 2364 1556 2572 1612; x_wconf 62' lang='lat' dir='ltr'><strong>,vestraa</strong></span> <span class='ocrx_word' id='word_1_393' title='bbox 2604 1546 2814 1614; x_wconf 75' lang='lat' dir='ltr'><strong>loquar,</strong></span> <span class='ocrx_word' id='word_1_394' title='bbox 2846 1555 2905 1600; x_wconf 89' lang='lat' dir='ltr'><strong>ut</strong></span> <span class='ocrx_word' id='word_1_395' title='bbox 2943 1545 3197 1600; x_wconf 79' lang='lat' dir='ltr'><strong>discutias</strong></span> <span class='ocrx_word' id='word_1_396' title='bbox 3228 1547 3569 1616; x_wconf 83' lang='lat' dir='ltr'><strong>imperitiam.</strong></span> 
     </span>
    </p>
   </div>
   <div class='ocr_carea' id='block_1_62' title="bbox 1989 1638 3573 1709">
    <p class='ocr_par' dir='ltr' id='par_1_62' title="bbox 1989 1638 3573 1709">
     <span class='ocr_line' id='line_1_62' title="bbox 1989 1638 3573 1709; baseline 0.003 -18"><span class='ocrx_word' id='word_1_397' title='bbox 1989 1639 2298 1709; x_wconf 73' lang='lat' dir='ltr'><strong>(iontestor,</strong></span> <span class='ocrx_word' id='word_1_398' title='bbox 2321 1651 2378 1693; x_wconf 92' lang='lat' dir='ltr'><strong>ut</strong></span> <span class='ocrx_word' id='word_1_399' title='bbox 2402 1640 2616 1693; x_wconf 88' lang='lat' dir='ltr'><strong>doceas.</strong></span> <span class='ocrx_word' id='word_1_400' title='bbox 2641 1638 2771 1693; x_wconf 88' lang='lat' dir='ltr'><strong>Nam</strong></span> <span class='ocrx_word' id='word_1_401' title='bbox 2800 1639 2936 1707; x_wconf 77' lang='lat' dir='ltr'><strong>apud</strong></span> <span class='ocrx_word' id='word_1_402' title='bbox 2965 1639 3386 1695; x_wconf 85' lang='lat' dir='ltr'><strong>eruditissimum</strong></span> <span class='ocrx_word' id='word_1_403' title='bbox 3413 1639 3460 1694; x_wconf 88' lang='lat' dir='ltr'><strong>si</strong></span> <span class='ocrx_word' id='word_1_404' title='bbox 3488 1655 3573 1695; x_wconf 88' lang='lat' dir='ltr'><strong>re-</strong></span> 
     </span>
    </p>
   </div>
   <div class='ocr_carea' id='block_1_63' title="bbox 1993 1729 3181 1800">
    <p class='ocr_par' dir='ltr' id='par_1_63' title="bbox 1993 1729 3181 1800">
     <span class='ocr_line' id='line_1_63' title="bbox 1993 1729 3181 1800; baseline -0.002 -15"><span class='ocrx_word' id='word_1_405' title='bbox 1993 1731 2204 1796; x_wconf 87' lang='lat' dir='ltr'><strong>ticeam,</strong></span> <span class='ocrx_word' id='word_1_406' title='bbox 2238 1733 2324 1785; x_wconf 80' lang='lat' dir='ltr'><strong>vix</strong></span> <span class='ocrx_word' id='word_1_407' title='bbox 2355 1736 2574 1799; x_wconf 70' lang='lat' dir='ltr'><strong>possum</strong></span> <span class='ocrx_word' id='word_1_408' title='bbox 2606 1730 2746 1785; x_wconf 91' lang='lat' dir='ltr'><strong>scire</strong></span> <span class='ocrx_word' id='word_1_409' title='bbox 2771 1729 2898 1800; x_wconf 89' lang='lat' dir='ltr'><strong>quid</strong></span> <span class='ocrx_word' id='word_1_410' title='bbox 2923 1730 3181 1785; x_wconf 85' lang='lat' dir='ltr'><strong>nesciam.</strong></span> 
     </span>
    </p>
   </div>
   <div class='ocr_carea' id='block_1_64' title="bbox 2064 1820 3572 1891">
    <p class='ocr_par' dir='ltr' id='par_1_64' title="bbox 2064 1820 3572 1891">
     <span class='ocr_line' id='line_1_64' title="bbox 2064 1820 3572 1891; baseline 0.003 -17"><span class='ocrx_word' id='word_1_411' title='bbox 2064 1822 2138 1876; x_wconf 88' lang='lat' dir='ltr'><strong>De</strong></span> <span class='ocrx_word' id='word_1_412' title='bbox 2160 1822 2412 1891; x_wconf 83' lang='lat' dir='ltr'><strong>ingenito</strong></span> <span class='ocrx_word' id='word_1_413' title='bbox 2440 1821 2689 1883; x_wconf 86' lang='lat' dir='ltr'><strong>locuturi,</strong></span> <span class='ocrx_word' id='word_1_414' title='bbox 2723 1821 2862 1875; x_wconf 86' lang='lat' dir='ltr'><strong>scire</strong></span> <span class='ocrx_word' id='word_1_415' title='bbox 2881 1820 3141 1876; x_wconf 87' lang='lat' dir='ltr'><strong>debemus</strong></span> <span class='ocrx_word' id='word_1_416' title='bbox 3164 1820 3309 1875; x_wconf 85' lang='lat' dir='ltr'><strong>aliud</strong></span> <span class='ocrx_word' id='word_1_417' title='bbox 3337 1836 3455 1877; x_wconf 89' lang='lat' dir='ltr'><strong>esse</strong></span> <span class='ocrx_word' id='word_1_418' title='bbox 3484 1836 3572 1878; x_wconf 83' lang='lat' dir='ltr'><strong>re-</strong></span> 
     </span>
    </p>
   </div>
   <div class='ocr_carea' id='block_1_65' title="bbox 1990 2003 3574 2072">
    <p class='ocr_par' dir='ltr' id='par_1_65' title="bbox 1990 2003 3574 2072">
     <span class='ocr_line' id='line_1_65' title="bbox 1990 2003 3574 2072; baseline 0.001 -16"><span class='ocrx_word' id='word_1_419' title='bbox 1990 2005 2186 2072; x_wconf 84' lang='lat' dir='ltr'><strong>gratia,</strong></span> <span class='ocrx_word' id='word_1_420' title='bbox 2216 2018 2336 2057; x_wconf 89' lang='lat' dir='ltr'><strong>cum</strong></span> <span class='ocrx_word' id='word_1_421' title='bbox 2359 2016 2548 2058; x_wconf 89' lang='lat' dir='ltr'><strong>aurum</strong></span> <span class='ocrx_word' id='word_1_422' title='bbox 2577 2008 2737 2072; x_wconf 81' lang='lat' dir='ltr'><strong>atque</strong></span> <span class='ocrx_word' id='word_1_423' title='bbox 2766 2011 3045 2071; x_wconf 80' lang='lat' dir='ltr'><strong>argentum</strong></span> <span class='ocrx_word' id='word_1_424' title='bbox 3072 2003 3295 2067; x_wconf 78' lang='lat' dir='ltr'><strong>dixeris,</strong></span> <span class='ocrx_word' id='word_1_425' title='bbox 3331 2019 3434 2057; x_wconf 90' lang='lat' dir='ltr'><strong>non</strong></span> <span class='ocrx_word' id='word_1_426' title='bbox 3464 2012 3574 2058; x_wconf 89' lang='lat' dir='ltr'><strong>sta-</strong></span> 
     </span>
    </p>
   </div>
   <div class='ocr_carea' id='block_1_66' title="bbox 1993 2090 3573 2163">
    <p class='ocr_par' dir='ltr' id='par_1_66' title="bbox 1993 2090 3573 2163">
     <span class='ocr_line' id='line_1_66' title="bbox 1993 2090 3573 2163; baseline -0.001 -15"><span class='ocrx_word' id='word_1_427' title='bbox 1993 2095 2085 2148; x_wconf 93' lang='lat' dir='ltr'><strong>tim</strong></span> <span class='ocrx_word' id='word_1_428' title='bbox 2130 2095 2406 2149; x_wconf 89' lang='lat' dir='ltr'><strong>metallum</strong></span> <span class='ocrx_word' id='word_1_429' title='bbox 2449 2096 2642 2163; x_wconf 89' lang='lat' dir='ltr'><strong>ipsum,</strong></span> <span class='ocrx_word' id='word_1_430' title='bbox 2683 2093 2778 2149; x_wconf 86' lang='lat' dir='ltr'><strong>sed</strong></span> <span class='ocrx_word' id='word_1_431' title='bbox 2820 2094 3019 2149; x_wconf 87' lang='lat' dir='ltr'><strong>metalli</strong></span> <span class='ocrx_word' id='word_1_432' title='bbox 3055 2090 3313 2147; x_wconf 87' lang='lat' dir='ltr'><strong>vocabula</strong></span> <span class='ocrx_word' id='word_1_433' title='bbox 3352 2095 3573 2163; x_wconf 88' lang='lat' dir='ltr'><strong>protuli-</strong></span> 
     </span>
    </p>
   </div>
   <div class='ocr_carea' id='block_1_67' title="bbox 1989 2184 3569 2254">
    <p class='ocr_par' dir='ltr' id='par_1_67' title="bbox 1989 2184 3569 2254">
     <span class='ocr_line' id='line_1_67' title="bbox 1989 2184 3569 2254; baseline -0.002 -15"><span class='ocrx_word' id='word_1_434' title='bbox 1989 2186 2082 2239; x_wconf 88' lang='lat' dir='ltr'><strong>sti.</strong></span> <span class='ocrx_word' id='word_1_435' title='bbox 2116 2184 2322 2239; x_wconf 83' lang='lat' dir='ltr'><strong>Etenim</strong></span> <span class='ocrx_word' id='word_1_436' title='bbox 2364 2199 2555 2238; x_wconf 90' lang='lat' dir='ltr'><strong>aurum</strong></span> <span class='ocrx_word' id='word_1_437' title='bbox 2597 2184 2738 2238; x_wconf 90' lang='lat' dir='ltr'><strong>aliud</strong></span> <span class='ocrx_word' id='word_1_438' title='bbox 2776 2193 2859 2239; x_wconf 92' lang='lat' dir='ltr'><strong>est</strong></span> <span class='ocrx_word' id='word_1_439' title='bbox 2888 2185 2943 2238; x_wconf 91' lang='lat' dir='ltr'><strong>in</strong></span> <span class='ocrx_word' id='word_1_440' title='bbox 2982 2184 3306 2253; x_wconf 88' lang='lat' dir='ltr'><strong>proprietate</strong></span> <span class='ocrx_word' id='word_1_441' title='bbox 3333 2186 3569 2254; x_wconf 80' lang='lat' dir='ltr'><strong>generis,</strong></span> 
     </span>
    </p>
   </div>
   <div class='ocr_carea' id='block_1_68' title="bbox 1991 2273 3567 2345">
    <p class='ocr_par' dir='ltr' id='par_1_68' title="bbox 1991 2273 3567 2345">
     <span class='ocr_line' id='line_1_68' title="bbox 1991 2273 3567 2345; baseline 0.001 -17"><span class='ocrx_word' id='word_1_442' title='bbox 1991 2275 2134 2330; x_wconf 87' lang='lat' dir='ltr'><strong>aliud</strong></span> <span class='ocrx_word' id='word_1_443' title='bbox 2167 2276 2219 2328; x_wconf 92' lang='lat' dir='ltr'><strong>in</strong></span> <span class='ocrx_word' id='word_1_444' title='bbox 2250 2274 2609 2345; x_wconf 79' lang='lat' dir='ltr'><strong>appellatione</strong></span> <span class='ocrx_word' id='word_1_445' title='bbox 2643 2274 2930 2330; x_wconf 88' lang='lat' dir='ltr'><strong>sermonis.</strong></span> <span class='ocrx_word' id='word_1_446' title='bbox 2961 2273 3119 2329; x_wconf 78' lang='lat' dir='ltr'><strong>Aliud</strong></span> <span class='ocrx_word' id='word_1_447' title='bbox 3151 2286 3254 2341; x_wconf 86' lang='lat' dir='ltr'><strong>est,</strong></span> <span class='ocrx_word' id='word_1_448' title='bbox 3288 2290 3405 2329; x_wconf 89' lang='lat' dir='ltr'><strong>cum</strong></span> <span class='ocrx_word' id='word_1_449' title='bbox 3439 2275 3567 2329; x_wconf 85' lang='lat' dir='ltr'><strong>illud</strong></span> 
     </span>
    </p>
   </div>
   <div class='ocr_carea' id='block_1_69' title="bbox 1992 2367 2963 2433">
    <p class='ocr_par' dir='ltr' id='par_1_69' title="bbox 1992 2367 2963 2433">
     <span class='ocr_line' id='line_1_69' title="bbox 1992 2367 2963 2433; baseline -0.001 -12"><span class='ocrx_word' id='word_1_450' title='bbox 1992 2367 2351 2433; x_wconf 88' lang='lat' dir='ltr'><strong>nominamus,</strong></span> <span class='ocrx_word' id='word_1_451' title='bbox 2383 2367 2525 2420; x_wconf 87' lang='lat' dir='ltr'><strong>aliud</strong></span> <span class='ocrx_word' id='word_1_452' title='bbox 2547 2381 2667 2421; x_wconf 91' lang='lat' dir='ltr'><strong>cum</strong></span> <span class='ocrx_word' id='word_1_453' title='bbox 2700 2367 2963 2422; x_wconf 87' lang='lat' dir='ltr'><strong>tenemus.</strong></span> 
     </span>
    </p>
   </div>
   <div class='ocr_carea' id='block_1_70' title="bbox 2065 2458 3570 2529">
    <p class='ocr_par' dir='ltr' id='par_1_70' title="bbox 2065 2458 3570 2529">
     <span class='ocr_line' id='line_1_70' title="bbox 2065 2458 3570 2529; baseline -0.001 -15"><span class='ocrx_word' id='word_1_454' title='bbox 2065 2459 2288 2514; x_wconf 88' lang='lat' dir='ltr'><strong>Genitos</strong></span> <span class='ocrx_word' id='word_1_455' title='bbox 2326 2464 2381 2515; x_wconf 85' lang='lat' dir='ltr'><strong>et</strong></span> <span class='ocrx_word' id='word_1_456' title='bbox 2427 2459 2693 2527; x_wconf 83' lang='lat' dir='ltr'><strong>ingenitus</strong></span> <span class='ocrx_word' id='word_1_457' title='bbox 2726 2458 3159 2529; x_wconf 79' lang='lat' dir='ltr'><strong>significatio&#39;est</strong></span> <span class='ocrx_word' id='word_1_458' title='bbox 3188 2458 3429 2523; x_wconf 81' lang='lat' dir='ltr'><strong>Deitatis,</strong></span> <span class='ocrx_word' id='word_1_459' title='bbox 3460 2475 3570 2512; x_wconf 88' lang='lat' dir='ltr'><strong>non</strong></span> 
     </span>
    </p>
   </div>
   <div class='ocr_carea' id='block_1_71' title="bbox 1992 2534 3573 2619">
    <p class='ocr_par' dir='ltr' id='par_1_71' title="bbox 1992 2534 3573 2619">
     <span class='ocr_line' id='line_1_71' title="bbox 1992 2534 3573 2619; baseline 0 -16"><span class='ocrx_word' id='word_1_460' title='bbox 1992 2551 2104 2619; x_wconf 88' lang='lat' dir='ltr'><strong>ipsa</strong></span> <span class='ocrx_word' id='word_1_461' title='bbox 2138 2550 2334 2604; x_wconf 87' lang='lat' dir='ltr'><strong>Deitas.</strong></span> <span class='ocrx_word' id='word_1_462' title='bbox 2366 2550 2559 2604; x_wconf 85' lang='lat' dir='ltr'><strong>Natura</strong></span> <span class='ocrx_word' id='word_1_463' title='bbox 2584 2559 2664 2603; x_wconf 91' lang='lat' dir='ltr'><strong>est</strong></span> <span class='ocrx_word' id='word_1_464' title='bbox 2710 2549 3019 2617; x_wconf 81' lang='lat' dir='ltr'><strong>appellatib,</strong></span> <span class='ocrx_word' id='word_1_465' title='bbox 3064 2565 3168 2603; x_wconf 91' lang='lat' dir='ltr'><strong>non</strong></span> <span class='ocrx_word' id='word_1_466' title='bbox 3210 2560 3396 2603; x_wconf 87' lang='lat' dir='ltr'><strong>natura</strong></span> <span class='ocrx_word' id='word_1_467' title='bbox 3426 2534 3573 2618; x_wconf 84' lang='lat' dir='ltr'><strong>inge-</strong></span> 
     </span>
    </p>
   </div>
   <div class='ocr_carea' id='block_1_72' title="bbox 1992 2640 3573 2712">
    <p class='ocr_par' dir='ltr' id='par_1_72' title="bbox 1992 2640 3573 2712">
     <span class='ocr_line' id='line_1_72' title="bbox 1992 2640 3573 2712; baseline -0.002 -15"><span class='ocrx_word' id='word_1_468' title='bbox 1992 2644 2112 2705; x_wconf 87' lang='lat' dir='ltr'><strong>niti.</strong></span> <span class='ocrx_word' id='word_1_469' title='bbox 2147 2650 2199 2698; x_wconf 92' lang='lat' dir='ltr'><strong>et</strong></span> <span class='ocrx_word' id='word_1_470' title='bbox 2231 2643 2394 2712; x_wconf 81' lang='lat' dir='ltr'><strong>geniti</strong></span> <span class='ocrx_word' id='word_1_471' title='bbox 2428 2641 2823 2711; x_wconf 85' lang='lat' dir='ltr'><strong>nuncupatio...</strong></span> <span class='ocrx_word' id='word_1_472' title='bbox 2864 2640 2938 2695; x_wconf 80' lang='lat' dir='ltr'><strong>Ad</strong></span> <span class='ocrx_word' id='word_1_473' title='bbox 2973 2640 3077 2697; x_wconf 83' lang='lat' dir='ltr'><strong>hoc</strong></span> <span class='ocrx_word' id='word_1_474' title='bbox 3103 2641 3243 2695; x_wconf 89' lang='lat' dir='ltr'><strong>valet</strong></span> <span class='ocrx_word' id='word_1_475' title='bbox 3274 2651 3329 2695; x_wconf 88' lang='lat' dir='ltr'><strong>ut</strong></span> <span class='ocrx_word' id='word_1_476' title='bbox 3360 2641 3478 2706; x_wconf 85' lang='lat' dir='ltr'><strong>quis</strong></span> <span class='ocrx_word' id='word_1_477' title='bbox 3505 2655 3573 2694; x_wconf 83' lang='lat' dir='ltr'><strong>ex</strong></span> 
     </span>
    </p>
   </div>
   <div class='ocr_carea' id='block_1_73' title="bbox 1991 2730 3574 2805">
    <p class='ocr_par' dir='ltr' id='par_1_73' title="bbox 1991 2730 3574 2805">
     <span class='ocr_line' id='line_1_73' title="bbox 1991 2730 3574 2805; baseline -0.002 -15"><span class='ocrx_word' id='word_1_478' title='bbox 1991 2752 2105 2805; x_wconf 84' lang='lat' dir='ltr'><strong>quo</strong></span> <span class='ocrx_word' id='word_1_479' title='bbox 2133 2735 2388 2790; x_wconf 86' lang='lat' dir='ltr'><strong>subsistat</strong></span> <span class='ocrx_word' id='word_1_480' title='bbox 2413 2733 2697 2804; x_wconf 73' lang='lat' dir='ltr'><strong>intelligas,</strong></span> <span class='ocrx_word' id='word_1_481' title='bbox 2735 2738 2917 2787; x_wconf 84' lang='lat' dir='ltr'><strong>etnon</strong></span> <span class='ocrx_word' id='word_1_482' title='bbox 2950 2733 3161 2787; x_wconf 82' lang='lat' dir='ltr'><strong>Patrem</strong></span> <span class='ocrx_word' id='word_1_483' title='bbox 3189 2748 3249 2787; x_wconf 74' lang='lat' dir='ltr'><strong>ex</strong></span> <span class='ocrx_word' id='word_1_484' title='bbox 3280 2733 3438 2799; x_wconf 85' lang='lat' dir='ltr'><strong>Filio,</strong></span> <span class='ocrx_word' id='word_1_485' title='bbox 3479 2730 3574 2787; x_wconf 88' lang='lat' dir='ltr'><strong>sed</strong></span> 
     </span>
    </p>
   </div>
   <div class='ocr_carea' id='block_1_74' title="bbox 1995 2826 3574 2896">
    <p class='ocr_par' dir='ltr' id='par_1_74' title="bbox 1995 2826 3574 2896">
     <span class='ocr_line' id='line_1_74' title="bbox 1995 2826 3574 2896; baseline -0.001 -15"><span class='ocrx_word' id='word_1_486' title='bbox 1995 2828 2185 2882; x_wconf 85' lang='lat' dir='ltr'><strong>Filium</strong></span> <span class='ocrx_word' id='word_1_487' title='bbox 2210 2844 2277 2883; x_wconf 87' lang='lat' dir='ltr'><strong>ex</strong></span> <span class='ocrx_word' id='word_1_488' title='bbox 2310 2828 2465 2883; x_wconf 85' lang='lat' dir='ltr'><strong>Patre</strong></span> <span class='ocrx_word' id='word_1_489' title='bbox 2486 2831 2608 2883; x_wconf 70' lang='lat' dir='ltr'><strong>esSe</strong></span> <span class='ocrx_word' id='word_1_490' title='bbox 2628 2834 2921 2895; x_wconf 80' lang='lat' dir='ltr'><strong>cognoscas</strong></span> <span class='ocrx_word' id='word_1_491' title='bbox 2946 2826 3260 2896; x_wconf 72' lang='lat' dir='ltr'><strong>p‘riittipium</strong></span> <span class='ocrx_word' id='word_1_492' title='bbox 3288 2838 3351 2881; x_wconf 83' lang='lat' dir='ltr'><strong>ex</strong></span> <span class='ocrx_word' id='word_1_493' title='bbox 3379 2827 3574 2895; x_wconf 85' lang='lat' dir='ltr'><strong>princi-</strong></span> 
     </span>
    </p>
   </div>
   <div class='ocr_carea' id='block_1_75' title="bbox 1995 2916 3569 2989">
    <p class='ocr_par' dir='ltr' id='par_1_75' title="bbox 1995 2916 3569 2989">
     <span class='ocr_line' id='line_1_75' title="bbox 1995 2916 3569 2989; baseline -0.001 -17"><span class='ocrx_word' id='word_1_494' title='bbox 1995 2920 2106 2989; x_wconf 90' lang='lat' dir='ltr'><strong>pio,</strong></span> <span class='ocrx_word' id='word_1_495' title='bbox 2140 2928 2195 2974; x_wconf 90' lang='lat' dir='ltr'><strong>et</strong></span> <span class='ocrx_word' id='word_1_496' title='bbox 2225 2934 2385 2972; x_wconf 91' lang='lat' dir='ltr'><strong>unum</strong></span> <span class='ocrx_word' id='word_1_497' title='bbox 2414 2927 2517 2983; x_wconf 89' lang='lat' dir='ltr'><strong>est,</strong></span> <span class='ocrx_word' id='word_1_498' title='bbox 2550 2927 2605 2973; x_wconf 93' lang='lat' dir='ltr'><strong>et</strong></span> <span class='ocrx_word' id='word_1_499' title='bbox 2631 2918 2778 2973; x_wconf 89' lang='lat' dir='ltr'><strong>initio</strong></span> <span class='ocrx_word' id='word_1_500' title='bbox 2808 2926 2974 2972; x_wconf 86' lang='lat' dir='ltr'><strong>caret.</strong></span> <span class='ocrx_word' id='word_1_501' title='bbox 3009 2917 3286 2984; x_wconf 86' lang='lat' dir='ltr'><strong>Quomodo</strong></span> <span class='ocrx_word' id='word_1_502' title='bbox 3315 2919 3360 2972; x_wconf 89' lang='lat' dir='ltr'><strong>si</strong></span> <span class='ocrx_word' id='word_1_503' title='bbox 3388 2916 3569 2972; x_wconf 87' lang='lat' dir='ltr'><strong>dicas:</strong></span> 
     </span>
    </p>
   </div>
   <div class='ocr_carea' id='block_1_76' title="bbox 1996 3009 3571 3074">
    <p class='ocr_par' dir='ltr' id='par_1_76' title="bbox 1996 3009 3571 3074">
     <span class='ocr_line' id='line_1_76' title="bbox 1996 3009 3571 3074; baseline 0 -11"><span class='ocrx_word' id='word_1_504' title='bbox 1996 3012 2133 3065; x_wconf 84' lang='lat' dir='ltr'><strong>Deus</strong></span> <span class='ocrx_word' id='word_1_505' title='bbox 2161 3025 2224 3064; x_wconf 81' lang='lat' dir='ltr'><strong>ex</strong></span> <span class='ocrx_word' id='word_1_506' title='bbox 2260 3010 2390 3074; x_wconf 90' lang='lat' dir='ltr'><strong>Deo,</strong></span> <span class='ocrx_word' id='word_1_507' title='bbox 2427 3025 2530 3063; x_wconf 91' lang='lat' dir='ltr'><strong>non</strong></span> <span class='ocrx_word' id='word_1_508' title='bbox 2575 3017 2749 3064; x_wconf 89' lang='lat' dir='ltr'><strong>tamen</strong></span> <span class='ocrx_word' id='word_1_509' title='bbox 2791 3010 2897 3063; x_wconf 91' lang='lat' dir='ltr'><strong>duo</strong></span> <span class='ocrx_word' id='word_1_510' title='bbox 2928 3009 3033 3074; x_wconf 91' lang='lat' dir='ltr'><strong>Dii,</strong></span> <span class='ocrx_word' id='word_1_511' title='bbox 3065 3010 3156 3063; x_wconf 90' lang='lat' dir='ltr'><strong>sed</strong></span> <span class='ocrx_word' id='word_1_512' title='bbox 3190 3024 3326 3063; x_wconf 87' lang='lat' dir='ltr'><strong>unus</strong></span> <span class='ocrx_word' id='word_1_513' title='bbox 3358 3009 3571 3064; x_wconf 89' lang='lat' dir='ltr'><strong>dicitur.</strong></span> 
     </span>
    </p>
   </div>
   <div class='ocr_carea' id='block_1_77' title="bbox 1992 3101 3568 3171">
    <p class='ocr_par' dir='ltr' id='par_1_77' title="bbox 1992 3101 3568 3171">
     <span class='ocr_line' id='line_1_77' title="bbox 1992 3101 3568 3171; baseline -0.003 -14"><span class='ocrx_word' id='word_1_514' title='bbox 1992 3101 2219 3157; x_wconf 87' lang='lat' dir='ltr'><strong>Genitos</strong></span> <span class='ocrx_word' id='word_1_515' title='bbox 2262 3116 2413 3171; x_wconf 82' lang='lat' dir='ltr'><strong>ergo,</strong></span> <span class='ocrx_word' id='word_1_516' title='bbox 2458 3113 2479 3139; x_wconf 76' lang='grc' dir='ltr'><strong>ε</strong></span> <span class='ocrx_word' id='word_1_517' title='bbox 2504 3110 2557 3154; x_wconf 88' lang='lat' dir='ltr'><strong>et</strong></span> <span class='ocrx_word' id='word_1_518' title='bbox 2584 3101 2853 3169; x_wconf 83' lang='lat' dir='ltr'><strong>ingenitus</strong></span> <span class='ocrx_word' id='word_1_519' title='bbox 2882 3115 2947 3155; x_wconf 82' lang='lat' dir='ltr'><strong>ex</strong></span> <span class='ocrx_word' id='word_1_520' title='bbox 2997 3106 3220 3170; x_wconf 87' lang='lat' dir='ltr'><strong>utraque</strong></span> <span class='ocrx_word' id='word_1_521' title='bbox 3252 3102 3568 3171; x_wconf 75' lang='lat' dir='ltr'><strong>prooedens,</strong></span> 
     </span>
    </p>
   </div>
   <div class='ocr_carea' id='block_1_78' title="bbox 1995 3193 3572 3263">
    <p class='ocr_par' dir='ltr' id='par_1_78' title="bbox 1995 3193 3572 3263">
     <span class='ocr_line' id='line_1_78' title="bbox 1995 3193 3572 3263; baseline -0.001 -14"><span class='ocrx_word' id='word_1_522' title='bbox 1995 3210 2253 3262; x_wconf 86' lang='lat' dir='ltr'><strong>personas</strong></span> <span class='ocrx_word' id='word_1_523' title='bbox 2288 3194 2551 3263; x_wconf 77' lang='lat' dir='ltr'><strong>indigitat,</strong></span> <span class='ocrx_word' id='word_1_524' title='bbox 2584 3207 2687 3246; x_wconf 90' lang='lat' dir='ltr'><strong>non</strong></span> <span class='ocrx_word' id='word_1_525' title='bbox 2717 3194 2959 3246; x_wconf 76' lang='lat' dir='ltr'><strong>naturas.</strong></span> <span class='ocrx_word' id='word_1_526' title='bbox 2990 3193 3239 3260; x_wconf 75' lang='lat' dir='ltr'><strong>Majestas</strong></span> <span class='ocrx_word' id='word_1_527' title='bbox 3266 3193 3429 3260; x_wconf 88' lang='lat' dir='ltr'><strong>enim,</strong></span> <span class='ocrx_word' id='word_1_528' title='bbox 3454 3208 3572 3261; x_wconf 68' lang='lat' dir='ltr'><strong>qu’e</strong></span> 
     </span>
    </p>
   </div>
   <div class='ocr_carea' id='block_1_79' title="bbox 1919 3282 3573 3355">
    <p class='ocr_par' dir='ltr' id='par_1_79' title="bbox 1919 3282 3573 3355">
     <span class='ocr_line' id='line_1_79' title="bbox 1919 3282 3573 3355; baseline -0.002 -13"><span class='ocrx_word' id='word_1_529' title='bbox 1919 3292 1965 3355; x_wconf 76' lang='grc' dir='ltr'><em>ς,</em></span> <span class='ocrx_word' id='word_1_530' title='bbox 1996 3288 2142 3342; x_wconf 80' lang='lat' dir='ltr'><strong>Patri</strong></span> <span class='ocrx_word' id='word_1_531' title='bbox 2163 3296 2243 3341; x_wconf 86' lang='lat' dir='ltr'><strong>est</strong></span> <span class='ocrx_word' id='word_1_532' title='bbox 2272 3286 2559 3340; x_wconf 80' lang='lat' dir='ltr'><strong>indiscreta</strong></span> <span class='ocrx_word' id='word_1_533' title='bbox 2581 3299 2702 3339; x_wconf 92' lang='lat' dir='ltr'><strong>cum</strong></span> <span class='ocrx_word' id='word_1_534' title='bbox 2730 3283 2887 3349; x_wconf 84' lang='lat' dir='ltr'><strong>Filio,</strong></span> <span class='ocrx_word' id='word_1_535' title='bbox 2919 3288 2972 3338; x_wconf 78' lang='lat' dir='ltr'><strong>et</strong></span> <span class='ocrx_word' id='word_1_536' title='bbox 3001 3282 3204 3353; x_wconf 88' lang='lat' dir='ltr'><strong>Spiritu</strong></span> <span class='ocrx_word' id='word_1_537' title='bbox 3229 3293 3436 3351; x_wconf 82' lang='lat' dir='ltr'><strong>sancto,</strong></span> <span class='ocrx_word' id='word_1_538' title='bbox 3465 3285 3573 3339; x_wconf 83' lang='lat' dir='ltr'><strong>dis-</strong></span> 
     </span>
    </p>
   </div>
   <div class='ocr_carea' id='block_1_80' title="bbox 1995 3374 3572 3449">
    <p class='ocr_par' dir='ltr' id='par_1_80' title="bbox 1995 3374 3572 3449">
     <span class='ocr_line' id='line_1_80' title="bbox 1995 3374 3572 3449; baseline -0.003 -14"><span class='ocrx_word' id='word_1_539' title='bbox 1995 3380 2159 3449; x_wconf 82' lang='lat' dir='ltr'><strong>tingui</strong></span> <span class='ocrx_word' id='word_1_540' title='bbox 2221 3378 2524 3434; x_wconf 86' lang='lat' dir='ltr'><strong>nominibus</strong></span> <span class='ocrx_word' id='word_1_541' title='bbox 2591 3383 2795 3446; x_wconf 86' lang='lat' dir='ltr'><strong>potest;</strong></span> <span class='ocrx_word' id='word_1_542' title='bbox 2853 3374 3084 3431; x_wconf 87' lang='lat' dir='ltr'><strong>ordinari</strong></span> <span class='ocrx_word' id='word_1_543' title='bbox 3146 3375 3400 3445; x_wconf 86' lang='lat' dir='ltr'><strong>gradibus</strong></span> <span class='ocrx_word' id='word_1_544' title='bbox 3466 3392 3572 3432; x_wconf 91' lang='lat' dir='ltr'><strong>non</strong></span> 
     </span>
    </p>
   </div>
   <div class='ocr_carea' id='block_1_81' title="bbox 1994 3480 2186 3540">
    <p class='ocr_par' dir='ltr' id='par_1_81' title="bbox 1994 3480 2186 3540">
     <span class='ocr_line' id='line_1_81' title="bbox 1994 3480 2186 3540; baseline -0.005 -15"><span class='ocrx_word' id='word_1_545' title='bbox 1994 3480 2186 3540; x_wconf 90' lang='lat' dir='ltr'><strong>potest.</strong></span> 
     </span>
    </p>
   </div>
   <div class='ocr_carea' id='block_1_82' title="bbox 2064 3560 3567 3633">
    <p class='ocr_par' dir='ltr' id='par_1_82' title="bbox 2064 3560 3567 3633">
     <span class='ocr_line' id='line_1_82' title="bbox 2064 3560 3567 3633; baseline -0.002 -14"><span class='ocrx_word' id='word_1_546' title='bbox 2064 3565 2175 3621; x_wconf 85' lang='lat' dir='ltr'><strong>Hoc</strong></span> <span class='ocrx_word' id='word_1_547' title='bbox 2208 3564 2323 3619; x_wconf 89' lang='lat' dir='ltr'><strong>loco</strong></span> <span class='ocrx_word' id='word_1_548' title='bbox 2357 3563 2611 3633; x_wconf 81' lang='lat' dir='ltr'><strong>praescius</strong></span> <span class='ocrx_word' id='word_1_549' title='bbox 2640 3569 2853 3632; x_wconf 80' lang='lat' dir='ltr'><strong>Oportet</strong></span> <span class='ocrx_word' id='word_1_550' title='bbox 2878 3560 3228 3616; x_wconf 88' lang='lat' dir='ltr'><strong>intentionem</strong></span> <span class='ocrx_word' id='word_1_551' title='bbox 3256 3562 3452 3618; x_wconf 83' lang='lat' dir='ltr'><strong>mentis</strong></span> <span class='ocrx_word' id='word_1_552' title='bbox 3473 3562 3567 3616; x_wconf 89' lang='lat' dir='ltr'><strong>ad-</strong></span> 
     </span>
    </p>
   </div>
   <div class='ocr_carea' id='block_1_83' title="bbox 1991 3670 2228 3711">
    <p class='ocr_par' dir='ltr' id='par_1_83' title="bbox 1991 3670 2228 3711">
     <span class='ocr_line' id='line_1_83' title="bbox 1991 3670 2228 3711; baseline -0.004 0"><span class='ocrx_word' id='word_1_553' title='bbox 1991 3670 2206 3711; x_wconf 88' lang='lat' dir='ltr'><strong>moveas</strong></span> <span class='ocrx_word' id='word_1_554' title='bbox 2215 3694 2228 3710; x_wconf 78' lang='grc' dir='ltr'><strong><em>ο</em></strong></span> 
     </span>
    </p>
   </div>
   <div class='ocr_carea' id='block_1_84' title="bbox 2062 3745 3558 3815">
    <p class='ocr_par' dir='ltr' id='par_1_84' title="bbox 2062 3745 3558 3815">
     <span class='ocr_line' id='line_1_84' title="bbox 2062 3745 3558 3815; baseline -0.002 -13"><span class='ocrx_word' id='word_1_555' title='bbox 2062 3748 2204 3802; x_wconf 89' lang='lat' dir='ltr'><strong>Dicis</strong></span> <span class='ocrx_word' id='word_1_556' title='bbox 2243 3748 2465 3802; x_wconf 81' lang='lat' dir='ltr'><strong>forsitan</strong></span> <span class='ocrx_word' id='word_1_557' title='bbox 2493 3763 2505 3799; x_wconf 88' lang='lat'><strong>:</strong></span> <span class='ocrx_word' id='word_1_558' title='bbox 2539 3745 2669 3812; x_wconf 85' lang='lat' dir='ltr'><strong>Quia</strong></span> <span class='ocrx_word' id='word_1_559' title='bbox 2701 3761 2763 3800; x_wconf 81' lang='lat' dir='ltr'><strong>ex</strong></span> <span class='ocrx_word' id='word_1_560' title='bbox 2794 3746 2884 3800; x_wconf 88' lang='lat' dir='ltr'><strong>illo</strong></span> <span class='ocrx_word' id='word_1_561' title='bbox 2910 3755 2991 3800; x_wconf 91' lang='lat' dir='ltr'><strong>est</strong></span> <span class='ocrx_word' id='word_1_562' title='bbox 3014 3790 3024 3811; x_wconf 93' lang='lat'><strong>,</strong></span> <span class='ocrx_word' id='word_1_563' title='bbox 3047 3745 3313 3815; x_wconf 88' lang='lat' dir='ltr'><strong>posterior</strong></span> <span class='ocrx_word' id='word_1_564' title='bbox 3338 3745 3429 3799; x_wconf 89' lang='lat' dir='ltr'><strong>illo</strong></span> <span class='ocrx_word' id='word_1_565' title='bbox 3455 3754 3558 3800; x_wconf 89' lang='lat' dir='ltr'><strong>est.</strong></span> 
     </span>
    </p>
   </div>
   <div class='ocr_carea' id='block_1_85' title="bbox 1988 3836 3551 3909">
    <p class='ocr_par' dir='ltr' id='par_1_85' title="bbox 1988 3836 3551 3909">
     <span class='ocr_line' id='line_1_85' title="bbox 1988 3836 3551 3909; baseline -0.002 -16"><span class='ocrx_word' id='word_1_566' title='bbox 1988 3842 2099 3909; x_wconf 89' lang='lat' dir='ltr'><strong>Age</strong></span> <span class='ocrx_word' id='word_1_567' title='bbox 2120 3840 2185 3893; x_wconf 90' lang='lat' dir='ltr'><strong>ad</strong></span> <span class='ocrx_word' id='word_1_568' title='bbox 2212 3839 2327 3893; x_wconf 73' lang='lat' dir='ltr'><strong>hoc</strong></span> <span class='ocrx_word' id='word_1_569' title='bbox 2356 3837 2683 3892; x_wconf 85' lang='lat' dir='ltr'><strong>intellectum</strong></span> <span class='ocrx_word' id='word_1_570' title='bbox 2711 3846 2950 3891; x_wconf 90' lang='lat' dir='ltr'><strong>nostrum</strong></span> <span class='ocrx_word' id='word_1_571' title='bbox 2984 3836 3245 3905; x_wconf 88' lang='lat' dir='ltr'><strong>aliquibus</strong></span> <span class='ocrx_word' id='word_1_572' title='bbox 3275 3849 3551 3905; x_wconf 83' lang='lat' dir='ltr'><strong>compara-</strong></span> 
     </span>
    </p>
   </div>
   <div class='ocr_carea' id='block_1_86' title="bbox 1987 3922 3565 3996">
    <p class='ocr_par' dir='ltr' id='par_1_86' title="bbox 1987 3922 3565 3996">
     <span class='ocr_line' id='line_1_86' title="bbox 1987 3922 3565 3996; baseline -0.001 -13"><span class='ocrx_word' id='word_1_573' title='bbox 1987 3930 2220 3985; x_wconf 83' lang='lat' dir='ltr'><strong>tionibbs</strong></span> <span class='ocrx_word' id='word_1_574' title='bbox 2261 3922 2579 3984; x_wconf 81' lang='lat' dir='ltr'><strong>nut&#39;riamus.</strong></span> <span class='ocrx_word' id='word_1_575' title='bbox 2614 3928 2897 3982; x_wconf 83' lang='lat' dir='ltr'><strong>Videamus</strong></span> <span class='ocrx_word' id='word_1_576' title='bbox 2942 3927 2985 3981; x_wconf 89' lang='lat' dir='ltr'><strong>si</strong></span> <span class='ocrx_word' id='word_1_577' title='bbox 3025 3927 3198 3996; x_wconf 89' lang='lat' dir='ltr'><strong>aliqua</strong></span> <span class='ocrx_word' id='word_1_578' title='bbox 3237 3933 3323 3981; x_wconf 87' lang='lat' dir='ltr'><strong>res</strong></span> <span class='ocrx_word' id='word_1_579' title='bbox 3362 3942 3424 3981; x_wconf 81' lang='lat' dir='ltr'><strong>ex</strong></span> <span class='ocrx_word' id='word_1_580' title='bbox 3457 3928 3565 3982; x_wconf 86' lang='lat' dir='ltr'><strong>alia</strong></span> 
     </span>
    </p>
   </div>
   <div class='ocr_carea' id='block_1_87' title="bbox 1991 4017 3567 4091">
    <p class='ocr_par' dir='ltr' id='par_1_87' title="bbox 1991 4017 3567 4091">
     <span class='ocr_line' id='line_1_87' title="bbox 1991 4017 3567 4091; baseline -0.002 -15"><span class='ocrx_word' id='word_1_581' title='bbox 1991 4022 2206 4085; x_wconf 82' lang='lat' dir='ltr'><strong>existat,</strong></span> <span class='ocrx_word' id='word_1_582' title='bbox 2235 4035 2353 4091; x_wconf 72' lang='lat' dir='ltr'><strong>qua:</strong></span> <span class='ocrx_word' id='word_1_583' title='bbox 2381 4030 2555 4074; x_wconf 85' lang='lat' dir='ltr'><strong>tamen</strong></span> <span class='ocrx_word' id='word_1_584' title='bbox 2586 4020 2670 4071; x_wconf 83' lang='lat' dir='ltr'><strong>itla</strong></span> <span class='ocrx_word' id='word_1_585' title='bbox 2710 4033 2777 4073; x_wconf 87' lang='lat' dir='ltr'><strong>ex</strong></span> <span class='ocrx_word' id='word_1_586' title='bbox 2806 4033 2907 4088; x_wconf 88' lang='lat' dir='ltr'><strong>qua</strong></span> <span class='ocrx_word' id='word_1_587' title='bbox 2934 4017 3115 4072; x_wconf 73' lang='lat' dir='ltr'><strong>exiStit</strong></span> <span class='ocrx_word' id='word_1_588' title='bbox 3154 4032 3259 4071; x_wconf 93' lang='lat' dir='ltr'><strong>non</strong></span> <span class='ocrx_word' id='word_1_589' title='bbox 3303 4018 3372 4070; x_wconf 88' lang='lat' dir='ltr'><strong>sit</strong></span> <span class='ocrx_word' id='word_1_590' title='bbox 3407 4027 3567 4073; x_wconf 64' lang='lat' dir='ltr'><strong>artato</strong></span> 
     </span>
    </p>
   </div>
   <div class='ocr_carea' id='block_1_88' title="bbox 1986 4108 3565 4183">
    <p class='ocr_par' dir='ltr' id='par_1_88' title="bbox 1986 4108 3565 4183">
     <span class='ocr_line' id='line_1_88' title="bbox 1986 4108 3565 4183; baseline -0.003 -16"><span class='ocrx_word' id='word_1_591' title='bbox 1986 4112 2278 4183; x_wconf 75' lang='lat' dir='ltr'><strong>posterior;</strong></span> <span class='ocrx_word' id='word_1_592' title='bbox 2324 4110 2475 4166; x_wconf 89' lang='lat' dir='ltr'><strong>verbi</strong></span> <span class='ocrx_word' id='word_1_593' title='bbox 2523 4111 2712 4179; x_wconf 85' lang='lat' dir='ltr'><strong>gratia,</strong></span> <span class='ocrx_word' id='word_1_594' title='bbox 2758 4109 2859 4163; x_wconf 89' lang='lat' dir='ltr'><strong>hoc</strong></span> <span class='ocrx_word' id='word_1_595' title='bbox 2891 4109 3064 4178; x_wconf 90' lang='lat' dir='ltr'><strong>ipsum</strong></span> <span class='ocrx_word' id='word_1_596' title='bbox 3114 4108 3207 4162; x_wconf 90' lang='lat' dir='ltr'><strong>filii</strong></span> <span class='ocrx_word' id='word_1_597' title='bbox 3258 4122 3452 4163; x_wconf 90' lang='lat' dir='ltr'><strong>nomen</strong></span> <span class='ocrx_word' id='word_1_598' title='bbox 3498 4124 3565 4165; x_wconf 83' lang='lat' dir='ltr'><strong>ex</strong></span> 
     </span>
    </p>
   </div>
   <div class='ocr_carea' id='block_1_89' title="bbox 1989 4205 3569 4279">
    <p class='ocr_par' dir='ltr' id='par_1_89' title="bbox 1989 4205 3569 4279">
     <span class='ocr_line' id='line_1_89' title="bbox 1989 4205 3569 4279; baseline -0.004 -15"><span class='ocrx_word' id='word_1_599' title='bbox 1989 4211 2154 4279; x_wconf 88' lang='lat' dir='ltr'><strong>patris</strong></span> <span class='ocrx_word' id='word_1_600' title='bbox 2197 4207 2429 4263; x_wconf 89' lang='lat' dir='ltr'><strong>derivari</strong></span> <span class='ocrx_word' id='word_1_601' title='bbox 2474 4208 2688 4260; x_wconf 88' lang='lat' dir='ltr'><strong>nomine</strong></span> <span class='ocrx_word' id='word_1_602' title='bbox 2731 4205 2988 4273; x_wconf 90' lang='lat' dir='ltr'><strong>creditur,</strong></span> <span class='ocrx_word' id='word_1_603' title='bbox 3040 4218 3139 4258; x_wconf 86' lang='lat' dir='ltr'><strong>nec</strong></span> <span class='ocrx_word' id='word_1_604' title='bbox 3170 4212 3346 4258; x_wconf 89' lang='lat' dir='ltr'><strong>tamen</strong></span> <span class='ocrx_word' id='word_1_605' title='bbox 3390 4212 3569 4273; x_wconf 87' lang='lat' dir='ltr'><strong>poste-</strong></span> 
     </span>
    </p>
   </div>
   <div class='ocr_carea' id='block_1_90' title="bbox 1990 4295 3569 4365">
    <p class='ocr_par' dir='ltr' id='par_1_90' title="bbox 1990 4295 3569 4365">
     <span class='ocr_line' id='line_1_90' title="bbox 1990 4295 3569 4365; baseline -0.003 -10"><span class='ocrx_word' id='word_1_606' title='bbox 1990 4301 2101 4355; x_wconf 87' lang='lat' dir='ltr'><strong>rius</strong></span> <span class='ocrx_word' id='word_1_607' title='bbox 2139 4300 2443 4362; x_wconf 87' lang='lat' dir='ltr'><strong>invenitur;</strong></span> <span class='ocrx_word' id='word_1_608' title='bbox 2488 4298 2607 4365; x_wconf 87' lang='lat' dir='ltr'><strong>quia</strong></span> <span class='ocrx_word' id='word_1_609' title='bbox 2651 4297 2750 4351; x_wconf 85' lang='lat' dir='ltr'><strong>nisi</strong></span> <span class='ocrx_word' id='word_1_610' title='bbox 2791 4297 2892 4350; x_wconf 90' lang='lat' dir='ltr'><strong>iste</strong></span> <span class='ocrx_word' id='word_1_611' title='bbox 2920 4304 3255 4358; x_wconf 86' lang='lat' dir='ltr'><strong>nasceretur,</strong></span> <span class='ocrx_word' id='word_1_612' title='bbox 3289 4304 3438 4363; x_wconf 84' lang='lat' dir='ltr'><strong>pater</strong></span> <span class='ocrx_word' id='word_1_613' title='bbox 3476 4295 3569 4351; x_wconf 87' lang='lat' dir='ltr'><strong>ille</strong></span> 
     </span>
    </p>
   </div>
   <div class='ocr_carea' id='block_1_91' title="bbox 1986 4386 3564 4457">
    <p class='ocr_par' dir='ltr' id='par_1_91' title="bbox 1986 4386 3564 4457">
     <span class='ocr_line' id='line_1_91' title="bbox 1986 4386 3564 4457; baseline -0.002 -12"><span class='ocrx_word' id='word_1_614' title='bbox 1986 4405 2091 4445; x_wconf 86' lang='lat' dir='ltr'><strong>non</strong></span> <span class='ocrx_word' id='word_1_615' title='bbox 2121 4391 2405 4445; x_wconf 86' lang='lat' dir='ltr'><strong>diceretur.</strong></span> <span class='ocrx_word' id='word_1_616' title='bbox 2440 4388 2578 4443; x_wconf 87' lang='lat' dir='ltr'><strong>Ecce</strong></span> <span class='ocrx_word' id='word_1_617' title='bbox 2604 4402 2821 4453; x_wconf 87' lang='lat' dir='ltr'><strong>nomen,</strong></span> <span class='ocrx_word' id='word_1_618' title='bbox 2867 4386 3008 4457; x_wconf 75' lang='lat' dir='ltr'><strong>quod</strong></span> <span class='ocrx_word' id='word_1_619' title='bbox 3048 4386 3292 4440; x_wconf 82' lang='lat' dir='ltr'><strong>absolute</strong></span> <span class='ocrx_word' id='word_1_620' title='bbox 3319 4399 3564 4443; x_wconf 68' lang='lat' dir='ltr'><strong>comvum</strong></span> 
     </span>
    </p>
   </div>
   <div class='ocr_carea' id='block_1_92' title="bbox 1995 4481 3567 4552">
    <p class='ocr_par' dir='ltr' id='par_1_92' title="bbox 1995 4481 3567 4552">
     <span class='ocr_line' id='line_1_92' title="bbox 1995 4481 3567 4552; baseline -0.003 -14"><span class='ocrx_word' id='word_1_621' title='bbox 1995 4484 2069 4539; x_wconf 92' lang='lat' dir='ltr'><strong>illi</strong></span> <span class='ocrx_word' id='word_1_622' title='bbox 2096 4494 2179 4540; x_wconf 90' lang='lat' dir='ltr'><strong>est</strong></span> <span class='ocrx_word' id='word_1_623' title='bbox 2220 4500 2248 4539; x_wconf 87' lang='lat' dir='ltr'><strong>a</strong></span> <span class='ocrx_word' id='word_1_624' title='bbox 2278 4498 2385 4552; x_wconf 87' lang='lat' dir='ltr'><strong>quo</strong></span> <span class='ocrx_word' id='word_1_625' title='bbox 2432 4490 2535 4543; x_wconf 86' lang='lat' dir='ltr'><strong>est,</strong></span> <span class='ocrx_word' id='word_1_626' title='bbox 2568 4488 2620 4536; x_wconf 90' lang='lat' dir='ltr'><strong>et</strong></span> <span class='ocrx_word' id='word_1_627' title='bbox 2649 4496 2770 4536; x_wconf 87' lang='lat' dir='ltr'><strong>cum</strong></span> <span class='ocrx_word' id='word_1_628' title='bbox 2803 4481 2939 4534; x_wconf 77' lang='lat' dir='ltr'><strong>[ilius</strong></span> <span class='ocrx_word' id='word_1_629' title='bbox 2984 4496 3049 4534; x_wconf 82' lang='lat' dir='ltr'><strong>ex</strong></span> <span class='ocrx_word' id='word_1_630' title='bbox 3090 4489 3241 4549; x_wconf 79' lang='lat' dir='ltr'><strong>patre</strong></span> <span class='ocrx_word' id='word_1_631' title='bbox 3286 4481 3379 4544; x_wconf 85' lang='lat' dir='ltr'><strong>sit,</strong></span> <span class='ocrx_word' id='word_1_632' title='bbox 3430 4483 3567 4550; x_wconf 82' lang='lat' dir='ltr'><strong>patri</strong></span> 
     </span>
    </p>
   </div>
   <div class='ocr_carea' id='block_1_93' title="bbox 309 4572 1886 4661">
    <p class='ocr_par' dir='ltr' id='par_1_93' title="bbox 309 4572 1873 4661">
     <span class='ocr_line' id='line_1_93' title="bbox 309 4572 1873 4661; baseline 0.001 -17"><span class='ocrx_word' id='word_1_633' title='bbox 309 4572 484 4654; x_wconf 70' lang='lat' dir='ltr'><strong>priora</strong></span> <span class='ocrx_word' id='word_1_634' title='bbox 524 4595 713 4658; x_wconf 81' lang='lat' dir='ltr'><strong>lucem,</strong></span> <span class='ocrx_word' id='word_1_635' title='bbox 750 4572 888 4661; x_wconf 66' lang='lat' dir='ltr'><strong>quod</strong></span> <span class='ocrx_word' id='word_1_636' title='bbox 929 4611 1026 4661; x_wconf 70' lang='lat' dir='ltr'><strong>ego</strong></span> <span class='ocrx_word' id='word_1_637' title='bbox 1066 4572 1254 4657; x_wconf 73' lang='lat' dir='ltr'><strong>sciam,</strong></span> <span class='ocrx_word' id='word_1_638' title='bbox 1301 4572 1572 4659; x_wconf 60' lang='lat' dir='ltr'><strong>nunquam</strong></span> <span class='ocrx_word' id='word_1_639' title='bbox 1622 4572 1873 4648; x_wconf 74' lang='lat' dir='ltr'><strong>viderint.</strong></span> 
     </span>
    </p>
   </div>
   <div class='ocr_carea' id='block_1_94' title="bbox 1989 4572 3569 4661">
    <p class='ocr_par' dir='ltr' id='par_1_94' title="bbox 1989 4572 3569 4642">
     <span class='ocr_line' id='line_1_94' title="bbox 1989 4572 3569 4642; baseline -0.003 -11"><span class='ocrx_word' id='word_1_640' title='bbox 1989 4593 2179 4632; x_wconf 87' lang='lat' dir='ltr'><strong>nomen</strong></span> <span class='ocrx_word' id='word_1_641' title='bbox 2210 4578 2348 4632; x_wconf 84' lang='lat' dir='ltr'><strong>ﬁlius</strong></span> <span class='ocrx_word' id='word_1_642' title='bbox 2379 4576 2533 4640; x_wconf 88' lang='lat' dir='ltr'><strong>facit;</strong></span> <span class='ocrx_word' id='word_1_643' title='bbox 2572 4574 2797 4642; x_wconf 88' lang='lat' dir='ltr'><strong>acquirit</strong></span> <span class='ocrx_word' id='word_1_644' title='bbox 2838 4572 3070 4642; x_wconf 81' lang='lat' dir='ltr'><strong>genitori</strong></span> <span class='ocrx_word' id='word_1_645' title='bbox 3102 4572 3421 4627; x_wconf 81' lang='lat' dir='ltr'><strong>vocabulum</strong></span> <span class='ocrx_word' id='word_1_646' title='bbox 3454 4574 3569 4640; x_wconf 87' lang='lat' dir='ltr'><strong>pie-</strong></span> 
     </span>
    </p>
   </div>
   <div class='ocr_carea' id='block_1_95' title="bbox 306 4653 3571 4738">
    <p class='ocr_par' dir='ltr' id='par_1_95' title="bbox 306 4653 3571 4738">
     <span class='ocr_line' id='line_1_95' title="bbox 306 4653 3571 4738; baseline 0.001 -24"><span class='ocrx_word' id='word_1_647' title='bbox 306 4653 413 4738; x_wconf 50' lang='lat' dir='ltr'><strong>ﬁos</strong></span> <span class='ocrx_word' id='word_1_648' title='bbox 442 4653 859 4738; x_wconf 20' lang='lat' dir='ltr'><strong>integratnfhanc</strong></span> <span class='ocrx_word' id='word_1_649' title='bbox 888 4653 1167 4732; x_wconf 68' lang='lat' dir='ltr'><strong>epistolam</strong></span> <span class='ocrx_word' id='word_1_650' title='bbox 1201 4653 1547 4738; x_wconf 45' lang='lat' dir='ltr'><strong>damosfhac</strong></span> <span class='ocrx_word' id='word_1_651' title='bbox 1576 4674 1750 4738; x_wconf 75' lang='lat' dir='ltr'><strong>tzttttett</strong></span> <span class='ocrx_word' id='word_1_652' title='bbox 1785 4665 1876 4716; x_wconf 83' lang='lat' dir='ltr'><strong>ad-</strong></span> <span class='ocrx_word' id='word_1_653' title='bbox 1910 4653 1961 4714; x_wconf 80' lang='grc' dir='ltr'><strong>Ι)</strong></span> <span class='ocrx_word' id='word_1_654' title='bbox 1991 4669 2113 4725; x_wconf 74' lang='lat' dir='ltr'><strong>tatis</strong></span> <span class='ocrx_word' id='word_1_655' title='bbox 2145 4684 2388 4738; x_wconf 62' lang='lat' dir='ltr'><strong>personas,</strong></span> <span class='ocrx_word' id='word_1_656' title='bbox 2438 4668 2732 4730; x_wconf 87' lang='lat' dir='ltr'><strong>nascentis;</strong></span> <span class='ocrx_word' id='word_1_657' title='bbox 2774 4672 2895 4718; x_wconf 85' lang='lat' dir='ltr'><strong>cum</strong></span> <span class='ocrx_word' id='word_1_658' title='bbox 2947 4666 3047 4718; x_wconf 89' lang='lat' dir='ltr'><strong>hoc</strong></span> <span class='ocrx_word' id='word_1_659' title='bbox 3089 4679 3154 4718; x_wconf 80' lang='lat' dir='ltr'><strong>ex</strong></span> <span class='ocrx_word' id='word_1_660' title='bbox 3198 4665 3293 4719; x_wconf 87' lang='lat' dir='ltr'><strong>illo</strong></span> <span class='ocrx_word' id='word_1_661' title='bbox 3342 4666 3431 4729; x_wconf 86' lang='lat' dir='ltr'><strong>sit,</strong></span> <span class='ocrx_word' id='word_1_662' title='bbox 3471 4680 3571 4720; x_wconf 85' lang='lat' dir='ltr'><strong>nec</strong></span> 
     </span>
    </p>
   </div>
   <div class='ocr_carea' id='block_1_96' title="bbox 307 4730 1877 4803">
    <p class='ocr_par' dir='ltr' id='par_1_96' title="bbox 307 4730 1877 4803">
     <span class='ocr_line' id='line_1_96' title="bbox 307 4730 1877 4803; baseline 0.001 -18"><span class='ocrx_word' id='word_1_663' title='bbox 307 4730 637 4791; x_wconf 56' lang='lat' dir='ltr'><strong>niooiti‘oﬂe:</strong></span> <span class='ocrx_word' id='word_1_664' title='bbox 684 4747 891 4803; x_wconf 89' lang='lat' dir='ltr'><strong>turpem</strong></span> <span class='ocrx_word' id='word_1_665' title='bbox 926 4730 994 4788; x_wconf 11' lang='lat' dir='ltr'><strong>ﬁet</strong></span> <span class='ocrx_word' id='word_1_666' title='bbox 1034 4732 1249 4803; x_wconf 83' lang='lat' dir='ltr'><strong>gravem</strong></span> <span class='ocrx_word' id='word_1_667' title='bbox 1289 4748 1524 4786; x_wconf 89' lang='lat' dir='ltr'><strong>errorem</strong></span> <span class='ocrx_word' id='word_1_668' title='bbox 1576 4750 1695 4789; x_wconf 82' lang='lat' dir='ltr'><strong>esse</strong></span> <span class='ocrx_word' id='word_1_669' title='bbox 1735 4736 1877 4789; x_wconf 88' lang='lat' dir='ltr'><strong>hunc</strong></span> 
     </span>
    </p>
   </div>
   <div class='ocr_carea' id='block_1_97' title="bbox 307 4804 1880 4873">
    <p class='ocr_par' dir='ltr' id='par_1_97' title="bbox 307 4804 1880 4873">
     <span class='ocr_line' id='line_1_97' title="bbox 307 4804 1880 4873; baseline 0.001 -16"><span class='ocrx_word' id='word_1_670' title='bbox 307 4804 507 4867; x_wconf 65' lang='lat' dir='ltr'><strong>l’uttsti,</strong></span> <span class='ocrx_word' id='word_1_671' title='bbox 546 4810 834 4872; x_wconf 74' lang='lat' dir='ltr'><strong>curumqoe</strong></span> <span class='ocrx_word' id='word_1_672' title='bbox 879 4806 967 4872; x_wconf 82' lang='lat' dir='ltr'><strong>qui</strong></span> <span class='ocrx_word' id='word_1_673' title='bbox 1013 4804 1209 4858; x_wconf 78' lang='lat' dir='ltr'><strong>Fausto</strong></span> <span class='ocrx_word' id='word_1_674' title='bbox 1260 4804 1500 4855; x_wconf 88' lang='lat' dir='ltr'><strong>faverunt</strong></span> <span class='ocrx_word' id='word_1_675' title='bbox 1541 4804 1621 4873; x_wconf 90' lang='lat' dir='ltr'><strong>(ut</strong></span> <span class='ocrx_word' id='word_1_676' title='bbox 1672 4805 1880 4858; x_wconf 64' lang='lat' dir='ltr'><strong>vidi-tur</strong></span> 
     </span>
    </p>
   </div>
   <div class='ocr_carea' id='block_1_98' title="bbox 304 4873 1881 4943">
    <p class='ocr_par' dir='ltr' id='par_1_98' title="bbox 304 4873 1881 4943">
     <span class='ocr_line' id='line_1_98' title="bbox 304 4873 1881 4943; baseline 0.001 -16"><span class='ocrx_word' id='word_1_677' title='bbox 304 4878 479 4935; x_wconf 75' lang='lat' dir='ltr'><strong>etLam,</strong></span> <span class='ocrx_word' id='word_1_678' title='bbox 513 4875 818 4933; x_wconf 72' lang='lat' dir='ltr'><strong>Gennadius</strong></span> <span class='ocrx_word' id='word_1_679' title='bbox 851 4876 1091 4943; x_wconf 81' lang='lat' dir='ltr'><strong>fecisse),</strong></span> <span class='ocrx_word' id='word_1_680' title='bbox 1139 4873 1443 4943; x_wconf 77' lang='lat' dir='ltr'><strong>negantium</strong></span> <span class='ocrx_word' id='word_1_681' title='bbox 1488 4876 1689 4928; x_wconf 88' lang='lat' dir='ltr'><strong>nullam</strong></span> <span class='ocrx_word' id='word_1_682' title='bbox 1727 4891 1881 4929; x_wconf 86' lang='lat' dir='ltr'><strong>crea-</strong></span> 
     </span>
    </p>
   </div>
   <div class='ocr_carea' id='block_1_99' title="bbox 307 4942 1881 5025">
    <p class='ocr_par' dir='ltr' id='par_1_99' title="bbox 307 4942 1881 5025">
     <span class='ocr_line' id='line_1_99' title="bbox 307 4942 1881 5025; baseline 0.003 -28"><span class='ocrx_word' id='word_1_683' title='bbox 307 4954 379 5025; x_wconf 67' lang='grc' dir='ltr'><strong>μιν</strong></span> <span class='ocrx_word' id='word_1_684' title='bbox 395 4960 489 5025; x_wconf 66' lang='grc' dir='ltr'><strong>δίῃ</strong></span> <span class='ocrx_word' id='word_1_685' title='bbox 506 4960 633 5025; x_wconf 41' lang='lat' dir='ltr'><strong>esse.</strong></span> <span class='ocrx_word' id='word_1_686' title='bbox 652 4942 1064 5025; x_wconf 75' lang='lat' dir='ltr'><strong>incorporeum.</strong></span> <span class='ocrx_word' id='word_1_687' title='bbox 1084 4942 1369 5025; x_wconf 72' lang='lat' dir='ltr'><strong>_i{efotavit</strong></span> <span class='ocrx_word' id='word_1_688' title='bbox 1425 4945 1881 5025; x_wconf 38' lang='lat' dir='ltr'><strong>huncxcrrorem,</strong></span> 
     </span>
    </p>
   </div>
   <div class='ocr_carea' id='block_1_100' title="bbox 306 5004 1879 5087">
    <p class='ocr_par' dir='ltr' id='par_1_100' title="bbox 306 5004 1879 5087">
     <span class='ocr_line' id='line_1_100' title="bbox 306 5004 1879 5087; baseline 0.002 -23"><span class='ocrx_word' id='word_1_689' title='bbox 306 5004 413 5087; x_wconf 73' lang='lat' dir='ltr'><strong>iuro</strong></span> <span class='ocrx_word' id='word_1_690' title='bbox 446 5004 583 5087; x_wconf 82' lang='lat' dir='ltr'><strong>hanc</strong></span> <span class='ocrx_word' id='word_1_691' title='bbox 622 5016 788 5083; x_wconf 82' lang='lat' dir='ltr'><strong>ipsam</strong></span> <span class='ocrx_word' id='word_1_692' title='bbox 823 5004 1025 5087; x_wconf 57' lang='lat' dir='ltr'><strong>partem</strong></span> <span class='ocrx_word' id='word_1_693' title='bbox 1082 5006 1239 5084; x_wconf 88' lang='lat' dir='ltr'><strong>hujus</strong></span> <span class='ocrx_word' id='word_1_694' title='bbox 1264 5012 1527 5087; x_wconf 12' lang='lat' dir='ltr'><strong>c‘pistolw,</strong></span> <span class='ocrx_word' id='word_1_695' title='bbox 1558 5004 1879 5087; x_wconf 57' lang='lat' dir='ltr'><strong>Claudianus</strong></span> 
     </span>
    </p>
   </div>
   <div class='ocr_carea' id='block_1_101' title="bbox 306 5083 1883 5152">
    <p class='ocr_par' dir='ltr' id='par_1_101' title="bbox 306 5083 1883 5152">
     <span class='ocr_line' id='line_1_101' title="bbox 306 5083 1883 5152; baseline 0.003 -16"><span class='ocrx_word' id='word_1_696' title='bbox 306 5086 592 5140; x_wconf 71' lang='lat' dir='ltr'><strong>Mamertus</strong></span> <span class='ocrx_word' id='word_1_697' title='bbox 620 5087 836 5140; x_wconf 68' lang='lat' dir='ltr'><strong>Vienna:</strong></span> <span class='ocrx_word' id='word_1_698' title='bbox 864 5083 1163 5139; x_wconf 74' lang='lat' dir='ltr'><strong>Galliarum</strong></span> <span class='ocrx_word' id='word_1_699' title='bbox 1191 5086 1493 5152; x_wconf 85' lang='lat' dir='ltr'><strong>episcopus,</strong></span> <span class='ocrx_word' id='word_1_700' title='bbox 1531 5087 1699 5141; x_wconf 89' lang='lat' dir='ltr'><strong>tribus</strong></span> <span class='ocrx_word' id='word_1_701' title='bbox 1730 5086 1883 5141; x_wconf 87' lang='lat' dir='ltr'><strong>lihris</strong></span> 
     </span>
    </p>
   </div>
   <div class='ocr_carea' id='block_1_102' title="bbox 306 5155 1881 5227">
    <p class='ocr_par' dir='ltr' id='par_1_102' title="bbox 306 5155 1881 5227">
     <span class='ocr_line' id='line_1_102' title="bbox 306 5155 1881 5227; baseline 0.003 -20"><span class='ocrx_word' id='word_1_702' title='bbox 306 5155 371 5208; x_wconf 85' lang='lat' dir='ltr'><strong>de</strong></span> <span class='ocrx_word' id='word_1_703' title='bbox 400 5159 551 5210; x_wconf 76' lang='lat' dir='ltr'><strong>Statu</strong></span> <span class='ocrx_word' id='word_1_704' title='bbox 599 5158 813 5227; x_wconf 63' lang='lat' dir='ltr'><strong>animai,</strong></span> <span class='ocrx_word' id='word_1_705' title='bbox 844 5158 1075 5212; x_wconf 76' lang='lat' dir='ltr'><strong>Patricio</strong></span> <span class='ocrx_word' id='word_1_706' title='bbox 1103 5165 1157 5211; x_wconf 89' lang='lat' dir='ltr'><strong>et</strong></span> <span class='ocrx_word' id='word_1_707' title='bbox 1208 5156 1429 5227; x_wconf 83' lang='lat' dir='ltr'><strong>Sidonio</strong></span> <span class='ocrx_word' id='word_1_708' title='bbox 1460 5157 1752 5225; x_wconf 81' lang='lat' dir='ltr'><strong>inscriptis,</strong></span> <span class='ocrx_word' id='word_1_709' title='bbox 1791 5158 1881 5225; x_wconf 82' lang='lat' dir='ltr'><strong>qui</strong></span> 
     </span>
    </p>
   </div>
   <div class='ocr_carea' id='block_1_103' title="bbox 308 5226 1883 5301">
    <p class='ocr_par' dir='ltr' id='par_1_103' title="bbox 308 5226 1883 5301">
     <span class='ocr_line' id='line_1_103' title="bbox 308 5226 1883 5301; baseline 0.004 -26"><span class='ocrx_word' id='word_1_710' title='bbox 308 5227 435 5301; x_wconf 77' lang='lat' dir='ltr'><strong>libri</strong></span> <span class='ocrx_word' id='word_1_711' title='bbox 456 5238 685 5301; x_wconf 75' lang='lat' dir='ltr'><strong>exstant.</strong></span> <span class='ocrx_word' id='word_1_712' title='bbox 722 5226 849 5301; x_wconf 55' lang='lat' dir='ltr'><strong>Vide</strong></span> <span class='ocrx_word' id='word_1_713' title='bbox 881 5229 937 5284; x_wconf 92' lang='lat' dir='ltr'><strong>S.</strong></span> <span class='ocrx_word' id='word_1_714' title='bbox 960 5229 1063 5301; x_wconf 58' lang='lat' dir='ltr'><strong>:l‘h.</strong></span> <span class='ocrx_word' id='word_1_715' title='bbox 1102 5232 1149 5295; x_wconf 70' lang='grc'><strong>1.</strong></span> <span class='ocrx_word' id='word_1_716' title='bbox 1174 5243 1226 5295; x_wconf 92' lang='lat' dir='ltr'><strong>q.</strong></span> <span class='ocrx_word' id='word_1_717' title='bbox 1261 5226 1417 5301; x_wconf 54' lang='lat' dir='ltr'><strong>bis,</strong></span> <span class='ocrx_word' id='word_1_718' title='bbox 1450 5228 1494 5293; x_wconf 80' lang='lat' dir='ltr'><strong>l.</strong></span> <span class='ocrx_word' id='word_1_719' title='bbox 1525 5242 1576 5301; x_wconf 60' lang='grc' dir='ltr'><strong>ιι.</strong></span> <span class='ocrx_word' id='word_1_720' title='bbox 1605 5227 1759 5301; x_wconf 42' lang='grc' dir='ltr'><strong>ϐιῷ</strong></span> <span class='ocrx_word' id='word_1_721' title='bbox 1788 5243 1883 5296; x_wconf 39' lang='lat' dir='ltr'><strong>po:</strong></span> 
     </span>
    </p>
   </div>
   <div class='ocr_carea' id='block_1_104' title="bbox 308 5296 1884 5367">
    <p class='ocr_par' dir='ltr' id='par_1_104' title="bbox 308 5296 1884 5367">
     <span class='ocr_line' id='line_1_104' title="bbox 308 5296 1884 5367; baseline 0.002 -19"><span class='ocrx_word' id='word_1_722' title='bbox 308 5296 493 5358; x_wconf 86' lang='lat' dir='ltr'><strong>tentia,</strong></span> <span class='ocrx_word' id='word_1_723' title='bbox 522 5313 571 5350; x_wconf 87' lang='lat' dir='ltr'><strong>a.</strong></span> <span class='ocrx_word' id='word_1_724' title='bbox 607 5296 668 5360; x_wconf 78' lang='lat'><strong>6;</strong></span> <span class='ocrx_word' id='word_1_725' title='bbox 699 5296 758 5352; x_wconf 81' lang='lat' dir='ltr'><strong>et</strong></span> <span class='ocrx_word' id='word_1_726' title='bbox 785 5296 1068 5351; x_wconf 82' lang='lat' dir='ltr'><strong>Baronium</strong></span> <span class='ocrx_word' id='word_1_727' title='bbox 1104 5309 1231 5353; x_wconf 87' lang='lat' dir='ltr'><strong>tom.</strong></span> <span class='ocrx_word' id='word_1_728' title='bbox 1283 5297 1346 5351; x_wconf 82' lang='lat' dir='ltr'><strong>Vl</strong></span> <span class='ocrx_word' id='word_1_729' title='bbox 1382 5296 1601 5363; x_wconf 82' lang='lat' dir='ltr'><strong>Annal.,</strong></span> <span class='ocrx_word' id='word_1_730' title='bbox 1631 5309 1686 5352; x_wconf 91' lang='lat' dir='ltr'><strong>et</strong></span> <span class='ocrx_word' id='word_1_731' title='bbox 1717 5300 1767 5352; x_wconf 90' lang='lat' dir='ltr'><strong>in</strong></span> <span class='ocrx_word' id='word_1_732' title='bbox 1791 5314 1884 5367; x_wconf 87' lang='lat' dir='ltr'><strong>ap-</strong></span> 
     </span>
    </p>
   </div>
   <div class='ocr_carea' id='block_1_105' title="bbox 305 5368 1145 5436">
    <p class='ocr_par' dir='ltr' id='par_1_105' title="bbox 305 5368 1145 5436">
     <span class='ocr_line' id='line_1_105' title="bbox 305 5368 1145 5436; baseline 0.001 -15"><span class='ocrx_word' id='word_1_733' title='bbox 305 5368 533 5436; x_wconf 85' lang='lat' dir='ltr'><strong>pendice</strong></span> <span class='ocrx_word' id='word_1_734' title='bbox 560 5378 688 5423; x_wconf 88' lang='lat' dir='ltr'><strong>tom.</strong></span> <span class='ocrx_word' id='word_1_735' title='bbox 717 5369 765 5424; x_wconf 79' lang='lat' dir='ltr'><strong>X</strong></span> <span class='ocrx_word' id='word_1_736' title='bbox 797 5368 861 5423; x_wconf 88' lang='lat' dir='ltr'><strong>ad</strong></span> <span class='ocrx_word' id='word_1_737' title='bbox 892 5378 1023 5423; x_wconf 92' lang='lat' dir='ltr'><strong>tom.</strong></span> <span class='ocrx_word' id='word_1_738' title='bbox 1058 5369 1145 5423; x_wconf 84' lang='lat' dir='ltr'><strong>VI.</strong></span> 
     </span>
    </p>
   </div>
   <div class='ocr_carea' id='block_1_106' title="bbox 852 5474 1359 5561">
    <p class='ocr_par' dir='ltr' id='par_1_106' title="bbox 852 5474 1359 5561">
     <span class='ocr_line' id='line_1_106' title="bbox 852 5474 1359 5561; baseline 0 -24"><span class='ocrx_word' id='word_1_739' title='bbox 852 5474 1182 5561; x_wconf 69' lang='lat' dir='ltr'><strong>EprsroLtt</strong></span> <span class='ocrx_word' id='word_1_740' title='bbox 1222 5476 1285 5540; x_wconf 86' lang='lat' dir='ltr'><strong>tu</strong></span> <span class='ocrx_word' id='word_1_741' title='bbox 1314 5492 1359 5537; x_wconf 77' lang='grc' dir='ltr'><strong>α.</strong></span> 
     </span>
    </p>
   </div>
   <div class='ocr_carea' id='block_1_107' title="bbox 536 5562 1528 5641">
    <p class='ocr_par' dir='ltr' id='par_1_107' title="bbox 536 5562 1528 5641">
     <span class='ocr_line' id='line_1_107' title="bbox 536 5562 1528 5641; baseline -0.007 -6"><span class='ocrx_word' id='word_1_742' title='bbox 536 5562 725 5635; x_wconf 56' lang='lat' dir='ltr'><strong>scim</strong></span> <span class='ocrx_word' id='word_1_743' title='bbox 760 5564 1009 5634; x_wconf 68' lang='lat' dir='ltr'><strong>ertsrout</strong></span> <span class='ocrx_word' id='word_1_744' title='bbox 1051 5593 1235 5641; x_wconf 70' lang='lat' dir='ltr'><strong>sanari</strong></span> <span class='ocrx_word' id='word_1_745' title='bbox 1274 5575 1528 5632; x_wconf 69' lang='lat' dir='ltr'><strong>FAUSle.</strong></span> 
     </span>
    </p>
   </div>
   <div class='ocr_carea' id='block_1_108' title="bbox 381 5669 1891 5744">
    <p class='ocr_par' dir='ltr' id='par_1_108' title="bbox 381 5669 1891 5744">
     <span class='ocr_line' id='line_1_108' title="bbox 381 5669 1891 5744; baseline -0.006 -11"><span class='ocrx_word' id='word_1_746' title='bbox 381 5672 589 5744; x_wconf 58' lang='lat' dir='ltr'><strong>Quatris</strong></span> <span class='ocrx_word' id='word_1_747' title='bbox 633 5685 662 5728; x_wconf 86' lang='lat' dir='ltr'><strong>a</strong></span> <span class='ocrx_word' id='word_1_748' title='bbox 704 5684 811 5738; x_wconf 90' lang='lat' dir='ltr'><strong>me,</strong></span> <span class='ocrx_word' id='word_1_749' title='bbox 864 5669 1316 5727; x_wconf 78' lang='lat' dir='ltr'><strong>reverendis‘sime</strong></span> <span class='ocrx_word' id='word_1_750' title='bbox 1362 5669 1723 5737; x_wconf 83' lang='lat' dir='ltr'><strong>sacerdotum,</strong></span> <span class='ocrx_word' id='word_1_751' title='bbox 1757 5676 1891 5739; x_wconf 80' lang='lat' dir='ltr'><strong>quo-</strong></span> 
     </span>
    </p>
   </div>
   <div class='ocr_carea' id='block_1_109' title="bbox 387 5824 1884 5898">
    <p class='ocr_par' dir='ltr' id='par_1_109' title="bbox 387 5824 1884 5898">
     <span class='ocr_line' id='line_1_109' title="bbox 387 5824 1884 5898; baseline -0.003 -11"><span class='ocrx_word' id='word_1_752' title='bbox 387 5845 413 5872; x_wconf 73' lang='grc' dir='ltr'>ι</span> <span class='ocrx_word' id='word_1_753' title='bbox 437 5833 559 5887; x_wconf 67' lang='lat' dir='ltr'><strong>Haec</strong></span> <span class='ocrx_word' id='word_1_754' title='bbox 579 5830 798 5898; x_wconf 87' lang='lat' dir='ltr'><strong>epistola</strong></span> <span class='ocrx_word' id='word_1_755' title='bbox 818 5828 952 5896; x_wconf 85' lang='lat' dir='ltr'><strong>apud</strong></span> <span class='ocrx_word' id='word_1_756' title='bbox 972 5824 1242 5880; x_wconf 84' lang='lat' dir='ltr'><strong>Canisium</strong></span> <span class='ocrx_word' id='word_1_757' title='bbox 1267 5827 1423 5881; x_wconf 86' lang='lat' dir='ltr'><strong>habet</strong></span> <span class='ocrx_word' id='word_1_758' title='bbox 1446 5838 1723 5880; x_wconf 71' lang='lat' dir='ltr'><strong>numerum</strong></span> <span class='ocrx_word' id='word_1_759' title='bbox 1745 5828 1782 5880; x_wconf 72' lang='grc' dir='ltr'>Χ</span> <span class='ocrx_word' id='word_1_760' title='bbox 1801 5829 1884 5882; x_wconf 75' lang='lat' dir='ltr'><strong>\‘I.</strong></span> 
     </span>
    </p>
   </div>
   <div class='ocr_carea' id='block_1_110' title="bbox 388 5898 1883 5971">
    <p class='ocr_par' dir='ltr' id='par_1_110' title="bbox 388 5898 1883 5971">
     <span class='ocr_line' id='line_1_110' title="bbox 388 5898 1883 5971; baseline -0.003 -13"><span class='ocrx_word' id='word_1_761' title='bbox 388 5905 413 5943; x_wconf 65' lang='grc' dir='ltr'>δ</span> <span class='ocrx_word' id='word_1_762' title='bbox 438 5906 511 5958; x_wconf 87' lang='lat' dir='ltr'><strong>ita</strong></span> <span class='ocrx_word' id='word_1_763' title='bbox 541 5918 666 5971; x_wconf 88' lang='lat' dir='ltr'><strong>ms.,</strong></span> <span class='ocrx_word' id='word_1_764' title='bbox 693 5902 785 5957; x_wconf 85' lang='lat' dir='ltr'><strong>sed</strong></span> <span class='ocrx_word' id='word_1_765' title='bbox 818 5901 935 5955; x_wconf 83' lang='lat' dir='ltr'><strong>vide</strong></span> <span class='ocrx_word' id='word_1_766' title='bbox 972 5898 1317 5967; x_wconf 83' lang='lat' dir='ltr'><strong>appendicem</strong></span> <span class='ocrx_word' id='word_1_767' title='bbox 1353 5908 1481 5954; x_wconf 88' lang='lat' dir='ltr'><strong>tom.</strong></span> <span class='ocrx_word' id='word_1_768' title='bbox 1512 5900 1554 5951; x_wconf 78' lang='grc' dir='ltr'>Χ</span> <span class='ocrx_word' id='word_1_769' title='bbox 1582 5900 1792 5955; x_wconf 80' lang='lat' dir='ltr'><strong>Barouii</strong></span> <span class='ocrx_word' id='word_1_770' title='bbox 1816 5901 1883 5954; x_wconf 86' lang='lat' dir='ltr'><strong>ad</strong></span> 
     </span>
    </p>
   </div>
   <div class='ocr_carea' id='block_1_111' title="bbox 1991 4756 3568 4832">
    <p class='ocr_par' dir='ltr' id='par_1_111' title="bbox 1991 4756 3568 4832">
     <span class='ocr_line' id='line_1_111' title="bbox 1991 4756 3568 4832; baseline -0.003 -15"><span class='ocrx_word' id='word_1_771' title='bbox 1991 4764 2092 4819; x_wconf 82' lang='lat' dir='ltr'><strong>hoc</strong></span> <span class='ocrx_word' id='word_1_772' title='bbox 2115 4764 2400 4832; x_wconf 82' lang='lat' dir='ltr'><strong>posterius,</strong></span> <span class='ocrx_word' id='word_1_773' title='bbox 2434 4776 2532 4814; x_wconf 88' lang='lat' dir='ltr'><strong>nec</strong></span> <span class='ocrx_word' id='word_1_774' title='bbox 2563 4759 2705 4813; x_wconf 89' lang='lat' dir='ltr'><strong>aliud</strong></span> <span class='ocrx_word' id='word_1_775' title='bbox 2747 4759 2999 4827; x_wconf 78' lang='lat' dir='ltr'><strong>probatur</strong></span> <span class='ocrx_word' id='word_1_776' title='bbox 3026 4756 3316 4825; x_wconf 79' lang='lat' dir='ltr'><strong>antiquius.</strong></span> <span class='ocrx_word' id='word_1_777' title='bbox 3354 4757 3421 4811; x_wconf 89' lang='lat' dir='ltr'><strong>Et</strong></span> <span class='ocrx_word' id='word_1_778' title='bbox 3447 4773 3568 4812; x_wconf 90' lang='lat' dir='ltr'><strong>cum</strong></span> 
     </span>
    </p>
   </div>
   <div class='ocr_carea' id='block_1_112' title="bbox 1996 4848 3571 4919">
    <p class='ocr_par' dir='ltr' id='par_1_112' title="bbox 1996 4848 3571 4919">
     <span class='ocr_line' id='line_1_112' title="bbox 1996 4848 3571 4919; baseline -0.005 -8"><span class='ocrx_word' id='word_1_779' title='bbox 1996 4856 2197 4911; x_wconf 85' lang='lat' dir='ltr'><strong>brachii</strong></span> <span class='ocrx_word' id='word_1_780' title='bbox 2238 4853 2452 4907; x_wconf 88' lang='lat' dir='ltr'><strong>nomine</strong></span> <span class='ocrx_word' id='word_1_781' title='bbox 2483 4852 2620 4904; x_wconf 80' lang='lat' dir='ltr'><strong>titius</strong></span> <span class='ocrx_word' id='word_1_782' title='bbox 2647 4865 2710 4904; x_wconf 79' lang='lat' dir='ltr'><strong>ex</strong></span> <span class='ocrx_word' id='word_1_783' title='bbox 2740 4864 2961 4919; x_wconf 89' lang='lat' dir='ltr'><strong>operum</strong></span> <span class='ocrx_word' id='word_1_784' title='bbox 2994 4848 3280 4904; x_wconf 83' lang='lat' dir='ltr'><strong>virtutibus</strong></span> <span class='ocrx_word' id='word_1_785' title='bbox 3304 4864 3571 4918; x_wconf 88' lang='lat' dir='ltr'><strong>nuncupe-</strong></span> 
     </span>
    </p>
   </div>
   <div class='ocr_carea' id='block_1_113' title="bbox 1997 4928 3569 5009">
    <p class='ocr_par' dir='ltr' id='par_1_113' title="bbox 1997 4928 3569 5009">
     <span class='ocr_line' id='line_1_113' title="bbox 1997 4928 3569 5009; baseline -0.004 -8"><span class='ocrx_word' id='word_1_786' title='bbox 1997 4928 2100 5009; x_wconf 66' lang='lat' dir='ltr'><strong>tur,</strong></span> <span class='ocrx_word' id='word_1_787' title='bbox 2147 4959 2272 5001; x_wconf 86' lang='lat' dir='ltr'><strong>ecce</strong></span> <span class='ocrx_word' id='word_1_788' title='bbox 2321 4943 2592 4999; x_wconf 89' lang='lat' dir='ltr'><strong>brachium</strong></span> <span class='ocrx_word' id='word_1_789' title='bbox 2632 4941 2872 5009; x_wconf 79' lang='lat' dir='ltr'><strong>procedit</strong></span> <span class='ocrx_word' id='word_1_790' title='bbox 2908 4946 2969 4993; x_wconf 80' lang='lat' dir='ltr'><strong>ex</strong></span> <span class='ocrx_word' id='word_1_791' title='bbox 3011 4954 3260 5007; x_wconf 87' lang='lat' dir='ltr'><strong>corpore,</strong></span> <span class='ocrx_word' id='word_1_792' title='bbox 3310 4951 3365 4993; x_wconf 88' lang='lat' dir='ltr'><strong>et</strong></span> <span class='ocrx_word' id='word_1_793' title='bbox 3394 4948 3569 4994; x_wconf 87' lang='lat' dir='ltr'><strong>tamen</strong></span> 
     </span>
    </p>
   </div>
   <div class='ocr_carea' id='block_1_114' title="bbox 1996 5029 3563 5101">
    <p class='ocr_par' dir='ltr' id='par_1_114' title="bbox 1996 5029 3563 5101">
     <span class='ocr_line' id='line_1_114' title="bbox 1996 5029 3563 5101; baseline -0.006 -10"><span class='ocrx_word' id='word_1_794' title='bbox 1996 5037 2197 5091; x_wconf 89' lang='lat' dir='ltr'><strong>brachii</strong></span> <span class='ocrx_word' id='word_1_795' title='bbox 2226 5045 2363 5089; x_wconf 69' lang='lat' dir='ltr'><strong>mtas:</strong></span> <span class='ocrx_word' id='word_1_796' title='bbox 2382 5047 2574 5101; x_wconf 84' lang='lat' dir='ltr'><strong>corpus</strong></span> <span class='ocrx_word' id='word_1_797' title='bbox 2616 5048 2719 5086; x_wconf 83' lang='lat' dir='ltr'><strong>non</strong></span> <span class='ocrx_word' id='word_1_798' title='bbox 2766 5030 3039 5099; x_wconf 64' lang='lat' dir='ltr'><strong>praecedit.</strong></span> <span class='ocrx_word' id='word_1_799' title='bbox 3068 5029 3301 5085; x_wconf 83' lang='lat' dir='ltr'><strong>Verbum</strong></span> <span class='ocrx_word' id='word_1_800' title='bbox 3327 5043 3391 5081; x_wconf 84' lang='lat' dir='ltr'><strong>ex</strong></span> <span class='ocrx_word' id='word_1_801' title='bbox 3434 5041 3563 5081; x_wconf 86' lang='lat' dir='ltr'><strong>voce</strong></span> 
     </span>
    </p>
   </div>
   <div class='ocr_carea' id='block_1_115' title="bbox 1996 5120 3665 5198">
    <p class='ocr_par' dir='ltr' id='par_1_115' title="bbox 1996 5120 3665 5198">
     <span class='ocr_line' id='line_1_115' title="bbox 1996 5120 3665 5198; baseline -0.005 -17"><span class='ocrx_word' id='word_1_802' title='bbox 1996 5129 2285 5198; x_wconf 79' lang='lat' dir='ltr'><strong>profertur,</strong></span> <span class='ocrx_word' id='word_1_803' title='bbox 2316 5134 2370 5179; x_wconf 90' lang='lat' dir='ltr'><strong>et</strong></span> <span class='ocrx_word' id='word_1_804' title='bbox 2392 5135 2566 5176; x_wconf 90' lang='lat' dir='ltr'><strong>tamen</strong></span> <span class='ocrx_word' id='word_1_805' title='bbox 2598 5130 2719 5175; x_wconf 88' lang='lat' dir='ltr'><strong>cum</strong></span> <span class='ocrx_word' id='word_1_806' title='bbox 2761 5138 2824 5175; x_wconf 81' lang='lat' dir='ltr'><strong>cx</strong></span> <span class='ocrx_word' id='word_1_807' title='bbox 2866 5136 2961 5176; x_wconf 86' lang='lat' dir='ltr'><strong>ore</strong></span> <span class='ocrx_word' id='word_1_808' title='bbox 2991 5120 3252 5184; x_wconf 72' lang='lat' dir='ltr'><strong>nascitur,</strong></span> <span class='ocrx_word' id='word_1_809' title='bbox 3281 5130 3411 5171; x_wconf 84' lang='lat' dir='ltr'><strong>voce</strong></span> <span class='ocrx_word' id='word_1_810' title='bbox 3449 5133 3569 5174; x_wconf 85' lang='lat' dir='ltr'><strong>esse</strong></span> <span class='ocrx_word' id='word_1_811' title='bbox 3662 5188 3665 5197; x_wconf 34' lang='grc' dir='ltr'>ι</span> 
     </span>
    </p>
   </div>
   <div class='ocr_carea' id='block_1_116' title="bbox 1998 5211 3571 5291">
    <p class='ocr_par' dir='ltr' id='par_1_116' title="bbox 1998 5211 3571 5291">
     <span class='ocr_line' id='line_1_116' title="bbox 1998 5211 3571 5291; baseline -0.006 -17"><span class='ocrx_word' id='word_1_812' title='bbox 1998 5219 2266 5291; x_wconf 72' lang='lat' dir='ltr'><strong>posterius</strong></span> <span class='ocrx_word' id='word_1_813' title='bbox 2295 5230 2400 5271; x_wconf 91' lang='lat' dir='ltr'><strong>non</strong></span> <span class='ocrx_word' id='word_1_814' title='bbox 2433 5215 2710 5284; x_wconf 85' lang='lat' dir='ltr'><strong>probator.</strong></span> <span class='ocrx_word' id='word_1_815' title='bbox 2758 5213 2895 5283; x_wconf 77' lang='lat' dir='ltr'><strong>ignis</strong></span> <span class='ocrx_word' id='word_1_816' title='bbox 2939 5222 2999 5291; x_wconf 84' lang='lat' dir='ltr'><strong>et</strong></span> <span class='ocrx_word' id='word_1_817' title='bbox 3039 5212 3185 5266; x_wconf 77' lang='lat' dir='ltr'><strong>eaior</strong></span> <span class='ocrx_word' id='word_1_818' title='bbox 3212 5211 3439 5266; x_wconf 66' lang='lat' dir='ltr'><strong>indNisa</strong></span> <span class='ocrx_word' id='word_1_819' title='bbox 3484 5226 3571 5267; x_wconf 86' lang='lat' dir='ltr'><strong>so-</strong></span> 
     </span>
    </p>
   </div>
   <div class='ocr_carea' id='block_1_117' title="bbox 1997 5290 3571 5373">
    <p class='ocr_par' dir='ltr' id='par_1_117' title="bbox 1997 5290 3571 5373">
     <span class='ocr_line' id='line_1_117' title="bbox 1997 5290 3571 5373; baseline -0.006 -10"><span class='ocrx_word' id='word_1_820' title='bbox 1997 5290 2192 5373; x_wconf 88' lang='lat' dir='ltr'><strong>cietas;</strong></span> <span class='ocrx_word' id='word_1_821' title='bbox 2219 5307 2311 5362; x_wconf 89' lang='lat' dir='ltr'><strong>sed</strong></span> <span class='ocrx_word' id='word_1_822' title='bbox 2340 5320 2458 5359; x_wconf 91' lang='lat' dir='ltr'><strong>cum</strong></span> <span class='ocrx_word' id='word_1_823' title='bbox 2492 5305 2673 5358; x_wconf 89' lang='lat' dir='ltr'><strong>calore</strong></span> <span class='ocrx_word' id='word_1_824' title='bbox 2706 5290 3066 5357; x_wconf 69' lang='lat' dir='ltr'><strong>indubitanier</strong></span> <span class='ocrx_word' id='word_1_825' title='bbox 3100 5318 3168 5355; x_wconf 79' lang='lat' dir='ltr'><strong>ex</strong></span> <span class='ocrx_word' id='word_1_826' title='bbox 3203 5301 3322 5369; x_wconf 81' lang='lat' dir='ltr'><strong>igne</strong></span> <span class='ocrx_word' id='word_1_827' title='bbox 3346 5316 3465 5357; x_wconf 90' lang='lat' dir='ltr'><strong>esse</strong></span> <span class='ocrx_word' id='word_1_828' title='bbox 3491 5302 3571 5355; x_wconf 83' lang='lat' dir='ltr'><strong>in-</strong></span> 
     </span>
    </p>
   </div>
   <div class='ocr_carea' id='block_1_118' title="bbox 1999 5396 3571 5481">
    <p class='ocr_par' dir='ltr' id='par_1_118' title="bbox 1999 5396 3571 5481">
     <span class='ocr_line' id='line_1_118' title="bbox 1999 5396 3571 5481; baseline -0.004 -27"><span class='ocrx_word' id='word_1_829' title='bbox 1999 5403 2287 5471; x_wconf 72' lang='lat' dir='ltr'><strong>telligatur,</strong></span> <span class='ocrx_word' id='word_1_830' title='bbox 2338 5410 2514 5481; x_wconf 80' lang='lat' dir='ltr'><strong>tamen</strong></span> <span class='ocrx_word' id='word_1_831' title='bbox 2556 5397 2693 5471; x_wconf 83' lang='lat' dir='ltr'><strong>ignis</strong></span> <span class='ocrx_word' id='word_1_832' title='bbox 2736 5411 3071 5476; x_wconf 76' lang='lat' dir='ltr'><strong>nequaquam</strong></span> <span class='ocrx_word' id='word_1_833' title='bbox 3115 5396 3262 5455; x_wconf 76' lang='lat' dir='ltr'><strong>calor</strong></span> <span class='ocrx_word' id='word_1_834' title='bbox 3299 5411 3398 5451; x_wconf 87' lang='lat' dir='ltr'><strong>suo</strong></span> <span class='ocrx_word' id='word_1_835' title='bbox 3429 5396 3571 5463; x_wconf 91' lang='lat' dir='ltr'><strong>prior</strong></span> 
     </span>
    </p>
   </div>
   <div class='ocr_carea' id='block_1_119' title="bbox 2004 5485 3570 5559">
    <p class='ocr_par' dir='ltr' id='par_1_119' title="bbox 2004 5485 3570 5559">
     <span class='ocr_line' id='line_1_119' title="bbox 2004 5485 3570 5559; baseline -0.007 -12"><span class='ocrx_word' id='word_1_836' title='bbox 2004 5490 2125 5547; x_wconf 83' lang='lat' dir='ltr'><strong>esse</strong></span> <span class='ocrx_word' id='word_1_837' title='bbox 2155 5490 2503 5559; x_wconf 78' lang='lat' dir='ltr'><strong>dignoscitur.</strong></span> <span class='ocrx_word' id='word_1_838' title='bbox 2540 5488 2677 5542; x_wconf 89' lang='lat' dir='ltr'><strong>Ecce</strong></span> <span class='ocrx_word' id='word_1_839' title='bbox 2707 5503 2837 5551; x_wconf 90' lang='lat' dir='ltr'><strong>rem,</strong></span> <span class='ocrx_word' id='word_1_840' title='bbox 2868 5503 2985 5555; x_wconf 69' lang='grc' dir='ltr'><strong>(ιυςε</strong></span> <span class='ocrx_word' id='word_1_841' title='bbox 3015 5487 3246 5541; x_wconf 80' lang='lat' dir='ltr'><strong>existere</strong></span> <span class='ocrx_word' id='word_1_842' title='bbox 3268 5485 3476 5539; x_wconf 89' lang='lat' dir='ltr'><strong>videtur</strong></span> <span class='ocrx_word' id='word_1_843' title='bbox 3504 5500 3570 5537; x_wconf 82' lang='lat' dir='ltr'><strong>ex</strong></span> 
     </span>
    </p>
   </div>
   <div class='ocr_carea' id='block_1_120' title="bbox 1998 5575 3569 5651">
    <p class='ocr_par' dir='ltr' id='par_1_120' title="bbox 1998 5575 3569 5651">
     <span class='ocr_line' id='line_1_120' title="bbox 1998 5575 3569 5651; baseline -0.005 -14"><span class='ocrx_word' id='word_1_844' title='bbox 1998 5585 2108 5651; x_wconf 74' lang='lat' dir='ltr'><strong>illa,</strong></span> <span class='ocrx_word' id='word_1_845' title='bbox 2152 5592 2206 5637; x_wconf 89' lang='lat' dir='ltr'><strong>et</strong></span> <span class='ocrx_word' id='word_1_846' title='bbox 2246 5591 2421 5637; x_wconf 86' lang='lat' dir='ltr'><strong>tamen</strong></span> <span class='ocrx_word' id='word_1_847' title='bbox 2466 5581 2513 5635; x_wconf 85' lang='lat' dir='ltr'><strong>ei</strong></span> <span class='ocrx_word' id='word_1_848' title='bbox 2558 5579 2624 5634; x_wconf 81' lang='lat' dir='ltr'><strong>de</strong></span> <span class='ocrx_word' id='word_1_849' title='bbox 2666 5588 2767 5648; x_wconf 80' lang='lat' dir='ltr'><strong>qua</strong></span> <span class='ocrx_word' id='word_1_850' title='bbox 2811 5578 2987 5633; x_wconf 76' lang='lat' dir='ltr'><strong>exisﬁt</strong></span> <span class='ocrx_word' id='word_1_851' title='bbox 3014 5577 3137 5632; x_wconf 83' lang='lat' dir='ltr'><strong>sine</strong></span> <span class='ocrx_word' id='word_1_852' title='bbox 3169 5579 3274 5631; x_wconf 81' lang='lat' dir='ltr'><strong>ulla</strong></span> <span class='ocrx_word' id='word_1_853' title='bbox 3315 5575 3569 5644; x_wconf 85' lang='lat' dir='ltr'><strong>temporis</strong></span> 
     </span>
    </p>
   </div>
   <div class='ocr_carea' id='block_1_121' title="bbox 2000 5662 2812 5740">
    <p class='ocr_par' dir='ltr' id='par_1_121' title="bbox 2000 5662 2812 5740">
     <span class='ocr_line' id='line_1_121' title="bbox 2000 5662 2812 5740; baseline -0.005 -12"><span class='ocrx_word' id='word_1_854' title='bbox 2000 5674 2381 5730; x_wconf 82' lang='lat' dir='ltr'><strong>intercessione</strong></span> <span class='ocrx_word' id='word_1_855' title='bbox 2403 5668 2684 5740; x_wconf 85' lang='lat' dir='ltr'><strong>conjuncta</strong></span> <span class='ocrx_word' id='word_1_856' title='bbox 2714 5662 2812 5726; x_wconf 81' lang='lat' dir='ltr'><strong>est.</strong></span> 
     </span>
    </p>
   </div>
   <div class='ocr_carea' id='block_1_122' title="bbox 2000 5826 2249 5882">
    <p class='ocr_par' dir='ltr' id='par_1_122' title="bbox 2000 5826 2249 5882">
     <span class='ocr_line' id='line_1_122' title="bbox 2000 5826 2249 5882; baseline -0.02 -1"><span class='ocrx_word' id='word_1_857' title='bbox 2000 5837 2127 5882; x_wconf 84' lang='lat' dir='ltr'><strong>tom.</strong></span> <span class='ocrx_word' id='word_1_858' title='bbox 2170 5826 2249 5880; x_wconf 88' lang='lat' dir='ltr'><strong>Vl.</strong></span> 
     </span>
    </p>
   </div>
   <div class='ocr_carea' id='block_1_123' title="bbox 2078 5892 3363 5967">
    <p class='ocr_par' dir='ltr' id='par_1_123' title="bbox 2078 5892 3363 5967">
     <span class='ocr_line' id='line_1_123' title="bbox 2078 5892 3363 5967; baseline -0.007 -13"><span class='ocrx_word' id='word_1_859' title='bbox 2078 5912 2095 5931; x_wconf 77' lang='lat'><strong>‘&quot;</strong></span> <span class='ocrx_word' id='word_1_860' title='bbox 2133 5899 2290 5967; x_wconf 77' lang='lat' dir='ltr'><strong>Lege,</strong></span> <span class='ocrx_word' id='word_1_861' title='bbox 2323 5908 2363 5952; x_wconf 85' lang='lat' dir='ltr'><strong>et</strong></span> <span class='ocrx_word' id='word_1_862' title='bbox 2383 5898 2632 5967; x_wconf 76' lang='lat' dir='ltr'><strong>ingenitus</strong></span> <span class='ocrx_word' id='word_1_863' title='bbox 2661 5905 2705 5950; x_wconf 78' lang='lat' dir='ltr'><strong>et</strong></span> <span class='ocrx_word' id='word_1_864' title='bbox 2744 5911 2805 5948; x_wconf 63' lang='grc' dir='ltr'><strong>δεῖ</strong></span> <span class='ocrx_word' id='word_1_865' title='bbox 2834 5903 3040 5955; x_wconf 78' lang='lat' dir='ltr'><strong>utroque</strong></span> <span class='ocrx_word' id='word_1_866' title='bbox 3065 5892 3363 5948; x_wconf 71' lang='lat' dir='ltr'><strong>procedens.</strong></span> 
     </span>
    </p>
   </div>
  </div>
