4068 6348
1712 174 1715 177 -
1753 169 1818 180 νὴ.

474 283 575 342 839

1714 277 1771 334 S.
1815 274 2061 332 FAUSTI
2102 272 2509 330 RHEGIENSIS

3644 268 3762 325 840

543 399 676 454 Cum
719 410 893 454 autem
935 397 1001 451 ad
1045 398 1210 451 Deum
1234 393 1524 459 'vemmus,
1569 396 1670 450 hoe
1714 402 1795 449 cst
1826 392 2046 464 [genitus
2075 390 2130 451 Α
2154 388 2432 456 dilexisse,
2477 397 2532 444 et
2561 387 2700 443 Esau
2731 387 2854 443 odio
2883 399 3132 441 naouisse
3163 384 3502 440 describitur.
3533 383 3757 439 Contri-

473 492 617 563 quod
637 492 818 547 Justus
847 499 903 545 et
921 489 1157 552 Justitia,
1202 487 1417 555 sapiens
1444 497 1497 541 et
1519 486 1802 555 sapientia,
1849 482 2052 538 miseri-

476 600 597 640 cors
645 593 697 638 et
738 581 1128 651 misericordia,
1170 579 1421 635 absolute
1461 595 1526 634 ex
1576 579 1684 633 Deo
1711 577 1855 647 justo
1898 583 2056 644 atque

475 676 717 743 sapiente
759 670 1053 726 secundum
1099 668 1411 738 Apostolum
1444 668 1571 722 oriri
1604 667 1951 736 intelligimus
1970 665 2057 734 ju-

475 766 671 821 stitiam
714 770 875 832 atque
903 763 1244 831 sapientiam.
1299 760 1367 814 Et
1408 760 1546 814 sicut
1575 774 1842 829 nunquam
1885 757 2057 825 justus

473 857 588 909 sine
609 854 839 924 justitia,
864 867 1133 923 nunquam
1164 851 1379 920 sapiens
1402 852 1519 904 sine
1545 850 1808 918 sapientia
1838 847 1959 911 fuit;
1986 846 2055 901 i'a

476 946 645 1000 Filius
672 961 736 1000 ex
775 946 951 1011 Patre,
993 943 1087 1017 sed
1112 959 1381 1014 nunquam
1408 944 1578 1012 potuit
1608 956 1728 997 esse
1755 941 1872 994 sine
1900 938 2054 993 Filio.

548 1037 770 1106 Absque
808 1037 972 1092 dubio
1011 1034 1194 1090 Ariani
1220 1036 1550 1090 Salvatorem
1592 1042 1832 1087 nostrum
1865 1043 2058 1100 negare

483 1145 590 1185 non
633 1130 849 1185 audent.
885 1128 991 1184 Sed
1021 1129 1146 1184 dmn
1179 1128 1440 1182 minorem
1470 1127 1674 1192 dicunt,
1710 1126 1873 1179 Deum
1916 1137 2060 1177 assc-

478 1238 601 1277 rere
636 1238 739 1277 non
771 1229 1013 1291 possunt.
1041 1221 1181 1275 Deus
1207 1219 1350 1274 enim
1373 1220 1687 1273 naturaliter
1713 1214 2059 1286 plenitudinis

480 1314 739 1384 dignitate
768 1312 1032 1379 subsistit,
1064 1320 1119 1366 et
1140 1325 1324 1366 eorum
1350 1311 1593 1378 impietas
1623 1323 1784 1363 unum
1810 1322 1867 1361 se
1888 1306 2057 1361 Deum

481 1406 661 1459 colere
691 1402 863 1471 prima
887 1400 1225 1457 confessione
1253 1408 1502 1455 testatur.
1538 1399 1642 1454 Sed
1672 1398 1761 1467 qui
1794 1397 2057 1466 iuniorem

480 1512 574 1565 per
622 1510 742 1549 eum
780 1494 869 1563 qui
910 1501 1127 1563 putatur
1178 1491 1359 1546 senior
1386 1490 1519 1544 duos
1555 1490 1699 1555 facit,
1727 1498 1781 1543 et
1814 1487 2058 1542 solidta-

481 1597 586 1642 tem
622 1587 841 1641 unitatis
882 1586 1190 1640 intersecat.
1222 1581 1353 1637 Nam
1383 1582 1556 1652 ipsum
1598 1596 1791 1635 nomen
1834 1578 2060 1633 minoris

482 1680 709 1732 alterum
753 1677 841 1746 qui
874 1676 965 1730 illo
1011 1675 1079 1730 sit
1121 1674 1293 1743 major
1324 1672 1577 1728 ostendit.
1633 1671 1765 1737 Quis
1806 1670 1898 1723 illo
1922 1667 2060 1722 anti-

2164 481 2293 536 stari
2327 482 2380 535 in
2406 483 2638 549 peccatis
2660 481 2859 537 nostris
2891 488 2947 534 et
2976 479 3144 535 laetari
3190 480 3383 534 dicitur
3414 480 3465 533 in
3493 481 3758 549 operibus

2167 578 2298 641 suis,
2340 586 2400 632 et
2426 576 2701 633 affectibus
2731 576 3015 644 subjacens
3042 573 3109 629 de
3136 588 3196 628 se
3224 573 3340 643 ipse
3362 574 3492 628 dicit
3522 590 3538 628 :
3576 573 3762 628 Poeni-—

2169 679 2236 724 tet
2283 686 2363 722 me
2402 669 2580 740 fecisse
2607 668 2858 721 hominem
2886 664 3042 736 (Gen.
3087 680 3161 730 v1,
3201 663 3281 734 7).
3306 665 3381 719 Et
3427 665 3494 719 de
3536 680 3758 720 summa

2166 764 2291 820 coeli
2334 762 2463 818 sede
2504 761 2814 831 pronuntiat
2853 775 2867 813 :
2920 758 3101 822 Saute,
3151 756 3275 826 quid
3317 773 3394 811 me
3434 756 3761 826 persequeris

2162 857 2302 927 (Αει.
2330 871 2405 918 1x,
2430 855 2524 923 4)?
2555 852 2686 908 Nam
2707 860 2763 907 et
2784 848 3158 920 compatientis
3187 850 3473 903 ostendere
3501 848 3760 902 aﬂectum

2159 946 2374 1001 videtur
2402 959 2522 1000 cum
2553 944 2722 999 dicit:
2760 941 2991 1004 Esurioi,
3034 948 3083 993 et
3114 938 3328 992 dedistis
3366 939 3493 991 mihi
3535 940 3761 992 mandu-

2160 1051 2313 1100 care;
2341 1036 2497 1100 sitivi,
2530 1044 2575 1089 et
2602 1033 2815 1088 dedistis
2861 1029 2987 1084 mihi
3023 1029 3189 1083 bibere
3214 1026 3433 1101 (Matth.
3463 1044 3587 1094 xxv,
3622 1029 3721 1097 35)
3741 1072 3758 1095 ,

2159 1136 2215 1183 et
2244 1128 2447 1195 reliqua
2486 1124 2794 1194 hujusmodi
2823 1137 2945 1193 quae
2973 1119 3258 1191 jmemorite
3289 1119 3630 1175 abundanter
3669 1134 3763 1174 oc-

2161 1230 2409 1276 CUI‘l‘llﬂl.

2232 1309 2511 1379 Quomodo
2553 1324 2716 1379 ergo,
2748 1309 2793 1364 si
2842 1308 3119 1379 quisquam
3167 1308 3421 1365 sacerdos
3464 1306 3754 1376 multiplici

2162 1406 2460 1475 linguarum
2491 1402 2713 1458 scientia
2743 1402 3017 1471 przeditus,
3039 1413 3093 1459 et
3117 1404 3169 1459 in
3203 1401 3381 1457 medio
3410 1400 3751 1455 diversarum

2171 1498 2407 1567 gentium
2458 1497 2818 1561 constitutus,
2867 1496 3151 1551 Hebraeum
3196 1496 3456 1561 Hebraeo,
3512 1492 3759 1549 Graecum

2124 1654 2127 1657 Α
2171 1588 2402 1654 Graeco,
2454 1587 2754 1642 Romanum
2816 1586 3056 1641 Romano
3110 1588 3471 1642 instructurus
3526 1585 3761 1654 alloquio

2179 1680 2474 1736 secundum
2506 1679 2835 1750 singulorum
2874 1678 3207 1734 intellectum
3250 1677 3414 1733 verba
3456 1677 3758 1742 confirmet,

483 1769 641 1840 quior
670 1770 759 1838 qui
811 1768 879 1825 de
918 1768 1097 1837 seipso
1136 1765 1482 1835 pronuntiat:
1515 1762 1628 1833 E90
1671 1779 1783 1816 sum
1822 1762 1979 1832 οιριηι
2008 1770 2056 1814 ει
2086 1757 2135 1817 Β
2162 1782 2215 1828 ει
2236 1773 2386 1841 juxta
2418 1770 2836 1839 uniuscujusque
2864 1783 3079 1824 sensum
3111 1769 3223 1823 oris
3246 1767 3328 1823 sui
3357 1777 3576 1836 coaptet
3619 1766 3759 1821 allo-

480 1877 676 1929 omega,
704 1860 898 1927 primus
919 1867 967 1911 et
997 1857 1296 1911 novissimus
1321 1854 1455 1925 (Isa.
1482 1870 1632 1920 xuv;
1664 1853 1823 1923 Apoc.
1861 1854 1936 1920 t)?
1956 1850 2058 1917 Qui

478 1961 618 2006 esset
645 1952 1020 2018 interrogatus,
1059 1949 1129 2001 ita
1158 1947 1469 2015 respondit:
1499 1944 1834 2013 Principium,
1860 1947 1995 2012 quod
2018 1950 2062 1995 et

480 2058 599 2097 cum
618 2041 811 2096 Judaeis
825 2042 916 2109 qui
935 2041 1114 2109 loquor
1128 2040 1263 2091 vobis
1280 2036 1457 2107 (Joan.
1473 2032 1809 2104 vm,25).Qui
1824 2031 2056 2087 veridica

481 2148 578 2203 per
601 2133 913 2203 prophetam
944 2144 1074 2185 voce
1097 2130 1379 2183 conﬁrmat
1400 2146 1410 2180 :
1428 2130 1556 2181 Ante
1573 2142 1652 2179 me
1674 2125 1888 2192 nonfuit
1906 2122 2063 2188 Deus,

482 2234 527 2277 et
552 2240 662 2295 post
691 2240 768 2277 me
800 2238 901 2276 non
933 2222 1024 2275 erit
1048 2219 1201 2290 (Isai.
1226 2235 1377 2287 xuii,
1397 2218 1508 2288 10).
1532 2218 1589 2273 Si
1617 2216 1893 2272 Patcrhoc
1916 2215 2063 2282 dicit,

509 2316 812 2373 inferiorem
831 2322 949 2384 post
983 2326 1041 2367 se
1073 2326 1179 2367 non
1206 2311 1434 2381 crepisse
1464 2309 1779 2374 conﬁrmat;
1804 2309 1850 2363 si
1880 2307 2064 2377 Filius,

492 2420 618 2465 ante
661 2424 719 2463 se
749 2409 960 2477 penitus
996 2420 1104 2460 non
1147 2404 1310 2459 fuisse
1339 2404 1663 2472 pronuntiat.
1710 2402 1784 2456 De
1816 2402 1917 2455 hoc
1946 2415 2069 2471 pro.

486 2503 729 2573 pheticus
758 2514 939 2555 sermo
963 2496 1243 2553 evidenter
1279 2494 1514 2550 insinuat
1539 2511 1554 2548 :
1586 2493 1687 2546 llic
1714 2502 1785 2546 est
1815 2493 1952 2547 Deus
1977 2510 2070 2547 no-

486 2604 608 2661 ster,
632 2602 677 2647 et
708 2608 810 2647 non
840 2590 1162 2663 reputabitur
1179 2589 1313 2642 alius
1342 2589 1410 2641 ad
1435 2604 1551 2641 eum
1574 2586 1722 2656 (Bar.
1748 2602 1827 2653 ιιι,
1861 2585 1973 2654 '56).
2004 2586 2071 2640 Et

488 2696 610 2755 post
631 2684 745 2738 hac
772 2701 785 2735 :
814 2683 946 2737 inter
986 2680 1217 2734 homines
1256 2678 1390 2733 visus
1424 2686 1516 2745 est,
1550 2687 1594 2730 et
1640 2693 1755 2729 cum
1785 2675 2071 2730 hominibus

486 2785 813 2833 conversatus
870 2783 942 2829 est
973 2772 1162 2846 (Ibid.,
1197 2772 1310 2843 38).
1337 2770 1640 2827 Secundum
1684 2770 1798 2823 lucc
1837 2782 1963 2838 ergo
1989 2770 2070 2823 in-

491 2880 574 2926 ter
600 2869 837 2941 genitum
867 2876 923 2923 et
964 2866 1259 2937 ingenitum
1315 2878 1413 2918 nec
1458 2862 1590 2917 ordo
1635 2869 1738 2928 est,
1770 2861 1893 2931 quia
1932 2873 2071 2914 unus

491 2970 605 3026 est;
636 2975 734 3015 nec
758 2968 967 3029 tempus
991 2956 1237 3019 interest,
1272 2954 1392 3024 quia
1422 2953 1625 3023 primus
1656 2961 1737 3007 est
1758 2967 1773 3017 ;
1798 2966 1898 3006 nec
1928 2958 2070 3019 post-

490 3056 769 3128 ponendus
812 3062 916 3121 est,
960 3052 1082 3122 quia
1114 3051 1260 3105 solus
1298 3058 1413 3115 est;
1464 3064 1565 3104 nec
1606 3048 1780 3103 minor
1809 3045 2070 3101 dicendus

2167 1864 2369 1932 quium,
2402 1869 2457 1916 et
2482 1860 2715 1916 dissonis
2757 1860 2915 1914 unius
2946 1860 3126 1915 cordis
3156 1869 3494 1929 exspectatas
3527 1857 3762 1928 pectoris

2168 1968 2326 2009 voces
2357 1952 2407 2007 in
2452 1953 2630 2006 varios
2678 1951 2954 2021 dispenset
2992 1950 3224 2016 auditus,
3267 1949 3339 2004 ita
3377 1959 3433 2004 et
3465 1949 3605 2005 Deus
3639 1965 3760 2004 cum

2171 2042 2387 2099 homine
2417 2043 2717 2109 locuturus,
2765 2056 3043 2097 assumere
3091 2041 3341 2111 dignatur
3393 2041 3627 2095 hominis
3656 2042 3761 2096 lin-

2182 2150 2362 2205 guam,
2396 2134 2618 2189 formam
2650 2134 2809 2189 etiam
2840 2143 3190 2203 suscepturus
3236 2133 3523 2188 humanam
3556 2148 3652 2203 per
3682 2134 3761 2188 in—

2155 2226 2448 2289 _te|lectum
2506 2233 2749 2279 nostrum
2804 2239 2965 2281 sonos
3008 2224 3403 2279 ordinationum
3452 2234 3760 2279 nostrarum

2175 2325 2398 2372 testatur
2424 2314 2664 2371 affectus.
2692 2316 2822 2370 Nam
2843 2316 2968 2370 dum
3002 2315 3235 2385 quinque
3261 2314 3617 2370 humanorum
3642 2332 3761 2371 sen-

2173 2425 2324 2463 suum
2344 2408 2521 2463 ofﬁcia
2550 2408 2888 2475 describens,
2918 2408 2989 2461 ita
3011 2407 3174 2463 dicit:
3206 2408 3353 2461 Oculi
3382 2406 3591 2461 Domini
3612 2426 3763 2477 super

2165 2502 2356 2571 justas,
2378 2510 2427 2554 et
2449 2517 2596 2554 aures
2620 2501 2729 2570 ejus
2748 2501 2814 2553 ad
2836 2516 3008 2569 preces
3030 2516 3203 2553 eorum
3227 2498 3402 2563 (Psal.
3431 2514 3622 2566 xxsnt,
3650 2500 3759 2568 iii).

2174 2595 2241 2647 Et
2260 2595 2477 2647 iterum:
2500 2593 2570 2647 0s
2587 2593 2793 2647 Domini
2814 2594 3032 2647 locutum
3062 2592 3301 2662 est(fsai.
3323 2592 3489 2660 t,20).
3514 2594 3668 2648 Item:
3696 2591 3764 2645 Et

2174 2685 2418 2738 odoratus
2437 2694 2508 2738 est
2525 2686 2732 2738 odorem
2747 2686 3010 2738 suavitatis
3027 2682 3092 2753 ιϐ
3100 2700 3184 2737 en.
3207 2699 3291 2737 vui
3306 2724 3318 2745 ,
3332 2684 3395 2737 ‘21
3408 2683 3447 2753 ).
3465 2684 3553 2736 Et:
3573 2683 3765 2736 Manus

2175 2792 2285 2829 mea
2309 2776 2425 2843 fecit
2445 2777 2551 2830 haec
2576 2775 2765 2830 omnia.
2792 2776 2980 2831 Cwlum
3008 2776 3132 2828 mihi
3161 2777 3376 2830 thronus
3395 2786 3484 2839 est,
3509 2786 3641 2829 terra
3671 2794 3761 2829 au-

2177 2877 2282 2922 tem
2302 2867 2573 2921 scabellum
2596 2870 2780 2939 pedum
2804 2884 3031 2922 meorum
3055 2868 3206 2939 (lsai.
3235 2886 3294 2922 ιχ
3306 2885 3378 2935 v1,
3399 2869 3473 2935 l).
3502 2869 3764 2924 Cordibus

2175 2961 2375 3014 nostris
2405 2958 2720 3014 efﬁcientias
2766 2958 3000 3013 insinuat
3030 2975 3206 3013 rerum
3244 2959 3344 3012 sub
3374 2958 3765 3027 signiﬁcatione

2176 3052 2560 3107 membrorum.
2598 3051 2747 3106 Unde
2778 3066 2874 3121 pro
2906 3050 3186 3105 elﬁciabili
3231 3051 3346 3119 ejus
3375 3052 3519 3105 circa
3572 3052 3761 3105 huma-

494 3158 597 3215 cst,
631 3148 751 3218 quia
783 3147 974 3216 plenus
1002 3153 1106 3198 est.
1139 3141 1277 3210 Ergo
1311 3140 1504 3196 dicitur
1534 3139 1825 3208 perfectus,
1863 3136 2068 3205 simpli-

2178 3160 2304 3199 num
2331 3159 2500 3215 genus
2529 3145 2857 3215 dignatione,
2890 3158 3094 3209 servos,
3144 3144 3348 3197 amicos
3397 3157 3461 3197 ac
3490 3143 3629 3197 ﬁlios
3673 3160 3763 3195 no-

489 3242 674 3309 cisque
695 3247 918 3300 naturae,
951 3232 1337 3288 inmatimabilis
1357 3242 1410 3286 et
1436 3231 1802 3299 impassibilis,
1826 3229 1925 3283 etsi
1949 3244 2068 3284 eum

493 3330 781 3384 secundum
830 3344 1047 3382 carnem
1092 3340 1307 3396 passum
1346 3338 1466 3380 esse
1498 3337 1594 3392 pro
1624 3322 1779 3376 nobis
1808 3323 2070 3377 veraciter

494 3430 546 3475 ct
569 3420 856 3475 salubriter
886 3420 1223 3474 confitemur.

540 3513 692 3583 ‘Post
732 3511 848 3566 haec
892 3512 1135 3581 sequenti
1190 3512 1307 3564 loco
1358 3509 1556 3579 quaeris
1600 3524 1631 3563 a
1684 3524 1769 3564 me
1802 3511 2073 3579 quomodo

495 3605 644 3673 juxta
685 3602 1034 3657 substantiam
1067 3600 1161 3656 Dei
1202 3600 1255 3655 in
1300 3600 1525 3670 epistola
1554 3600 1783 3671 quadam
1813 3602 2071 3672 scriptum

498 3698 607 3751 sit:
638 3694 779 3749 Nihil
820 3694 988 3749 sensit
1022 3693 1256 3763 patiente
1285 3706 1468 3759 sensu,
1503 3693 1597 3748 sed
1643 3694 1812 3748 sensit
1858 3709 2074 3765 compa-

497 3790 660 3843 tiente
697 3787 889 3842 affectu
919 3794 966 3840 ο.

568 3882 748 3935 Primo
797 3879 918 3944 hoc,
970 3879 1108 3949 quod
1160 3894 1259 3933 nec
1310 3878 1662 3949 philosophos
1713 3880 1887 3946 latuit,
1936 3881 2075 3936 scire

495 3972 975 4043 promptissimum.
1025 3971 1081 4025 in
1132 3968 1350 4025 homine
1380 3969 1607 4025 diversa:
1653 3969 1981 4037 affectiones,
2025 3971 2076 4025 id

496 4072 598 4124 est,
646 4062 871 4131 justitia,
924 4060 1313 4127 misericordia,
1362 4062 1638 4125 sanctitas,
1679 4062 2072 4129 benevolentia,

496 4157 688 4225 pietas,
718 4171 805 4210 res
839 4154 1159 4233 accedentes
1202 4162 1344 4218 sunt,
1374 4162 1428 4208 et
1468 4154 1590 4209 ideo
1635 4154 1857 4210 aﬁectus
1882 4170 2077 4211 vocan-

496 4258 600 4303 tur.
630 4249 768 4301 Deus
801 4261 927 4299 vero
958 4246 1040 4298 his
1080 4261 1184 4299 non
1224 4245 1555 4313 possibiliter
1584 4246 1835 4315 afﬁcitur,
1862 4250 1985 4317 quia
2026 4249 2077 4304 ei

500 4340 677 4393 inesse
696 4337 888 4405 jugiter
908 4343 965 4389 et
992 4335 1310 4389 naturaliter
1333 4335 1737 4403 dignoscuntur.
1762 4338 1904 4407 Ergo
1932 4339 2075 4405 quod

414 4482 418 4486 _
504 4429 557 4480 in
584 4426 798 4480 homine
821 4426 1042 4479 allectus
1072 4439 1137 4479 ex
1161 4425 1352 4493 gratia,
1374 4427 1423 4478 in
1456 4426 1562 4480 Deo
1583 4426 1752 4482 virtus
1772 4439 1855 4482 est
1883 4444 1948 4484 ex
1977 4446 2076 4484 na-

2180 3236 2386 3289 minare
2434 3243 2488 3289 et
2531 3233 2857 3302 compellare
2905 3248 3008 3288 non
3060 3234 3309 3303 deSpicit,
3338 3244 3393 3286 ut
3442 3234 3606 3289 homo
3648 3250 3763 3289 com

2177 3326 2367 3380 eodem
2398 3324 2630 3380 vicissim
2664 3326 2897 3379 humano
2926 3339 3020 3380 ore
3050 3335 3102 3378 ct
3131 3339 3278 3379 more
3309 3324 3627 3379 collocutus.

2247 3418 2512 3472 Caeterum
2544 3418 2635 3472 Dei
2663 3419 2737 3471 ira
2763 3417 2966 3486 justitia
2999 3426 3099 3484 est,
3146 3418 3235 3471 Dei
3277 3418 3425 3473 furor
3465 3418 3766 3473 severitatis

2194 3511 2343 3577 vigor
2374 3517 2476 3575 est,
2507 3507 2598 3563 Dei
2639 3508 2853 3579 jurasse
2881 3509 3132 3564 deﬁnisse
3158 3518 3256 3575 est,
3293 3510 3384 3564 Dei
3434 3512 3764 3580 paenituisse,

2182 3601 2471 3665 sententia,
2492 3607 2669 3654 tamen
2696 3600 2879 3671 stupeb
2903 3610 3078 3667 muta;
3107 3612 3161 3655 et
3185 3616 3308 3656 cum
3331 3616 3389 3656 se
3411 3613 3765 3673 persequente

2182 3693 2381 3763 aliquo,
2410 3693 2529 3747 lazdi
2576 3693 2721 3759 dicit,
2757 3695 2963 3747 crimen
3007 3693 3251 3749 laedentis
3294 3695 3549 3750 ostendit.
3600 3696 3766 3751 Inter-

2182 3786 2417 3842 cludilur
2481 3786 2635 3840 nobis
2682 3786 3005 3841 omnimodis
3060 3786 3319 3841 orationis
3386 3788 3763 3856 ministerium,

2182 3882 2463 3951 omnisque
2492 3881 2650 3946 ratio,
2675 3895 2779 3950 qua
2802 3880 3014 3944 dicitur,
3044 3880 3125 3951 vel
3156 3879 3496 3949 intelligitur,
3525 3882 3610 3935 vel
3636 3896 3765 3951 pra:-

2182 3975 2389 4030 dicatnr
2410 4017 2423 4041 ,
2456 3974 2500 4028 si
2531 3974 2645 4028 hzec
2674 3973 2887 4028 humani
2917 3972 3178 4027 sermonis
3205 3974 3526 4028 commercia
3555 3975 3763 4028 subtra-

2185 4066 2401 4120 huntur.
2434 4064 2541 4119 Cur
2571 4080 2697 4134 ergo
2724 4063 2826 4119 dici
2858 4064 2996 4117 inter
3028 4063 3126 4117 ista
3185 4079 3288 4117 non
3323 4066 3511 4133 possit,
3543 4064 3635 4119 sed
3661 4081 3765 4119 sen‘

2185 4160 2252 4212 sit
2283 4158 2634 4227 compatientis
2661 4156 2885 4223 affectu?

2254 4250 2308 4305 Si
2336 4265 2462 4320 ergo
2498 4249 2803 4304 discutienti
2832 4249 3087 4319 magistro
3115 4249 3341 4317 simplex
3372 4256 3425 4303 et
3472 4258 3658 4319 aperta
3688 4264 3767 4304 re-

2183 4346 2399 4414 sponsio
2420 4343 2697 4409 satisfecit,
2718 4354 3052 4399 transeamus
3072 4343 3137 4397 ad
3161 4344 3370 4397 tertiam
3395 4342 3767 4411 quaestionem,

2182 4456 2285 4509 qua
2316 4450 2337 4477 ε
2371 4448 2429 4492 ιιι
2459 4437 2807 4507 respondeam
2830 4434 2856 4474 ιι
2887 4438 3135 4506 pnecipis
3167 4456 3177 4491 :
3214 4436 3345 4503 Quae
3374 4437 3425 4490 in
3467 4436 3633 4491 rebus
3675 4435 3769 4489 bu-

499 4516 934 4584 tura.Namquod
950 4515 1612 4572 dictumestzNihilsensit
1628 4519 2071 4590 patientissensu,
2106 4512 2158 4572 Β
2186 4531 2359 4586 manis
2382 4544 2662 4599 οοιιροτθει,
2696 4544 2882 4598 (μιαενθ
2912 4530 3228 4598 incorporea
3256 4526 3533 4582 semienda
3560 4527 3670 4583 sint

499 4610 591 4664 sed
610 4610 776 4663 sensit
792 4610 1166 4678 compatientis
1179 4609 1392 4676 affectu,
1407 4625 1503 4664 cur
1515 4612 1794 4680 quisquam
1812 4612 1901 4667 illo
1913 4628 2076 4669 sensu
2149 4632 2157 4639 '

497 4701 679 4754 dicere
697 4715 798 4753 non
816 4709 1123 4769 prtesumat,
1140 4701 1280 4771 quod
1296 4700 1455 4757 etiam
1471 4701 1838 4772 propheticum
1853 4718 2081 4760 comme-

497 4801 669 4846 morat
695 4809 707 4843 :
738 4792 971 4857 Domine,
998 4808 1061 4845 ne
1088 4794 1140 4847 iu
1170 4795 1249 4846 ira
1273 4804 1364 4856 tua
1388 4810 1575 4863 arguas
1604 4811 1700 4856 me,
1734 4812 1893 4863 neque
1923 4798 1974 4850 in
1997 4798 2080 4868 fu-

498 4902 610 4940 rore
637 4896 723 4937 tuo
746 4885 992 4955 corripias
1017 4902 1094 4939 me
1117 4886 1289 4954 (Psat.
1320 4902 1393 4952 vr,
1417 4887 1479 4951 2;
1507 4903 1708 4953 xxxvn,
1738 4889 1814 4959 l).
1840 4889 1909 4944 Et
1940 4907 1953 4944 :
1985 4890 2082 4945 Ju-

496 4982 624 5034 ruvit
658 4979 930 5043 Dominus,
964 4996 1055 5032 nec
1076 4982 1331 5049 pamitebit
1358 4997 1471 5034 eum
1496 4980 1615 5049 (Ps.
1645 4996 1754 5049 etx,
1778 4982 1856 5053 4).
1894 4985 1960 5038 Et
1987 4985 2088 5039 ite—

502 5087 616 5125 rum
640 5087 651 5122 :
681 5070 853 5123 Iratus
885 5078 956 5124 est
980 5068 1231 5123 Dominus
1251 5072 1440 5142 papula
1473 5088 1586 5137 suo,
1610 5082 1655 5125 et
1675 5073 1994 5131 abominatus
2020 5088 2093 5132 est

498 5163 558 5213 lu.
578 5164 846 5216 rrdilatem
856 5179 1003 5217 suam
1020 5161 1137 5259 (Iis.
1151 5163 1261 5233 cv).
1278 5163 1344 5217 Et
1357 5164 1483 5219 item
1497 5164 1912 5223 diversoaﬁ'ectu
1928 5168 2091 5229 Jacob

572 5383 594 5409 α
628 5372 736 5427 Hoc
776 5372 972 5427 dictum
1012 5380 1187 5427 exstat
1228 5371 1365 5425 infra
1418 5371 1471 5424 in
1514 5370 1670 5440 epist.
1729 5372 1794 5426 ad
1836 5373 2079 5430 Gratum.

572 5443 596 5481 b
632 5442 790 5497 Forte
815 5452 1028 5496 mutata.

575 5526 594 5587 ς
630 5515 711 5587 Ab
743 5515 842 5587 hoc
865 5513 1026 5587 verbo
1054 5530 1174 5587 qua:
1200 5522 1520 5581 sequuntur,
1569 5512 1878 5587 in__modum
1931 5530 2085 5587 sepa-

502 5586 600 5641 rati
635 5585 792 5639 libelli
822 5599 915 5637 seu
945 5585 1206 5650 epistolze,
1238 5592 1447 5638 exstant
1476 5594 1603 5636 tom.
1632 5583 1694 5636 IV
1725 5585 1861 5641 Bibl.
1892 5583 2025 5653 PPI,
2052 5591 2087 5642 ‘2.

503 5657 655 5727 etlit.,
691 5657 779 5727 fol.
811 5656 933 5710 759.
969 5655 1158 5721 Turpis
1184 5670 1311 5709 sane
1341 5671 1490 5709 error
1522 5654 1605 5708 hic.
1635 5655 1837 5721 Fausti,
1870 5660 1934 5712 de
1977 5675 2089 5727 quo

507 5726 625 5780 vide
657 5726 1053 5781 adnotationem
1087 5727 1139 5782 in
1168 5726 1303 5779 hanc
1329 5728 1481 5794 epist.

2261 4620 2343 4675 Ad
2373 4620 2488 4675 hare
2533 4620 2708 4689 aliqua
2744 4636 2848 4675 non
2883 4637 2977 4691 pro
3006 4634 3197 4676 sensus
3228 4620 3330 4675 mei
3358 4620 3771 4690 praesumptione

2192 4727 2432 4783 promam
2459 4751 2474 4775 ,
2526 4711 2621 4766 sed
2672 4727 2767 4781 pro
2815 4720 3119 4768 sanctorum
3169 4711 3422 4781 opinione
3472 4713 3767 4769 seniorum.

2194 4805 2497 4861 Praesertim
2526 4819 2647 4859 cum
2677 4805 2793 4860 inec
2831 4806 3067 4860 animum
3107 4805 3302 4860 laedere
3331 4820 3437 4859 non
3466 4806 3692 4876 possint,
3721 4815 3773 4861 et

2194 4898 2261 4952 ad
2291 4897 2447 4953 ﬁdem
2476 4898 2683 4952 nutrire
2704 4897 2932 4966 possint,
2964 4904 3019 4952 et
3061 4912 3231 4968 usque
3258 4897 3322 4951 ad
3356 4897 3431 4963 id,
3459 4898 3600 4967 quod
3632 4898 3774 4953 Patri

2196 4989 2362 5045 Filius
2405 4989 2628 5059 aequalis
2673 4997 2965 5059 appareat,
3037 4998 3221 5044 contra
3281 4989 3508 5043 Arianas
3561 5004 3775 5045 armare

2200 5093 2224 5123 ο
2254 5092 2414 5154 atque
2457 5098 2645 5153 regere
2686 5083 2898 5137 valeant
2929 5083 3240 5152 pravitates.
3285 5083 3428 5154 Ergo
3454 5084 3670 5153 quando
3709 5084 3774 5137 de

2200 5183 2428 5229 tractatu
2453 5173 2630 5229 altiori
2659 5173 2873 5229 cellatio
2912 5182 3013 5240 est,
3060 5173 3127 5228 ad
3173 5173 3507 5230 subtiliorem
3558 5174 3770 5231 intelle-

2259 5374 2285 5412 δ
2318 5377 2372 5430 1η
2397 5374 2634 5444 margine
2659 5388 2758 5429 ms.
2784 5373 2983 5429 codicis
3004 5372 3253 5441 adjuncta
3280 5382 3432 5429 erant
3457 5373 3632 5443 aliqua
3656 5388 3773 5445 qua

2190 5448 2335 5502 hunc
2363 5461 2577 5501 sensum
2607 5445 2854 5499 videntur
2898 5445 3123 5500 reddere
3156 5447 3355 5515 (neque
3385 5445 3529 5500 enim
3562 5446 3670 5500 alio
3698 5448 3775 5501 in-

2191 5521 2294 5581 seri
2326 5527 2567 5585 possunt,
2618 5516 2715 5569 nisi
2746 5516 2866 5580 huc,
2897 5525 2950 5571 et
2975 5516 3186 5585 quidem
3216 5517 3369 5584 signo
3399 5515 3689 5585 apposito),
3724 5526 3775 5570 ut

2192 5588 2548 5656 respondeam,
2580 5589 2816 5656 principis
2856 5588 3230 5641 ventilationem
3280 5586 3433 5655 hujus
3482 5588 3774 5655 quazstionis

2194 5661 2434 5712 minima‘.
2469 5658 2617 5722 Quu’,
2642 5664 2746 5711 etc.

2273 5740 2292 5765 θ
2328 5729 2575 5797 Margar.,
2603 5737 2751 5796 atque
2774 5730 2960 5796 rrigrre
2988 5730 3119 5797 erigi
3146 5728 3342 5782 valeant
3364 5729 3653 5797 pravitates.
