4068 6348
366 275 465 337 841

1805 274 2184 334 EPISTOLIE.

3515 295 3619 353 842

365 401 513 487 ctum
538 405 727 487 sensus
756 400 811 487 et
853 381 1487 487 animusipraeparandus
1533 400 1644 487 est.
1681 393 1932 487 Nonnulli
1960 397 2011 457 A
2040 399 2293 469 motibus,
2322 411 2630 474 occupatur,
2657 414 2709 461 et
2738 406 2783 461 si
2812 409 2937 479 quid
2968 410 2981 459 t
3020 411 3149 466 IIIIId
3178 420 3280 479 est,
3304 413 3447 483 quod
3474 419 3617 487 aspi-

364 484 712 542 eruditissimi
758 483 973 540 Patrum
1020 484 1122 541 aiis
1170 492 1418 540 asserunt
1463 498 1583 541 esse
1633 485 1939 553 invisibilia,

363 576 464 631 alia
494 590 625 631 vero
654 575 984 645 incorporea.
1013 575 1279 645 Quidquid
1305 583 1545 632 creatum
1568 584 1649 632 est
1674 585 1699 612 ιι
1722 577 1941 631 materia

364 667 549 735 videri,
582 678 637 725 et
666 666 849 725 factori
879 682 979 723 suo
1026 669 1507 738 comprehensibile
1535 679 1589 725 et
1622 684 1938 739 corporeum

362 772 482 814 esse
511 758 794 813 detiniunt.
824 759 956 813 Nam
985 768 1038 814 et
1068 761 1387 827 animarum,
1428 769 1482 815 et
1505 762 1811 830 angelorum
1845 777 1941 815 na-

366 860 539 906 turam
570 860 817 907 asserunt
858 867 978 908 esse
1014 867 1354 923 corpoream,
1402 870 1498 923 pro
1526 870 1591 909 eo
1623 855 1763 924 quod
1794 856 1942 909 initio

363 942 873 997 circumscribantur
922 953 974 999 ct
1017 946 1211 1013 spatio.
1256 944 1388 999 Nam
1436 945 1574 999 sicut
1616 946 1667 999 in
1711 945 1940 1014 quodam

362 1032 418 1089 S.
449 1034 759 1103 Hieronymi
790 1042 1013 1089 tractatu
1040 1035 1289 1105 legimus,
1315 1035 1522 1104 globos,
1560 1036 1752 1104 inquit,
1796 1035 1939 1091 side-

363 1138 481 1178 rum
512 1122 537 1161 δ
568 1134 879 1194 corporatos
907 1139 1026 1180 esse
1051 1126 1269 1194 spiritus
1297 1125 1645 1183 arbitrantur.
1679 1126 1746 1179 Et
1772 1127 1897 1181 item
1927 1144 1938 1180 :

363 1212 419 1268 Si
452 1215 647 1284 angeli,
680 1215 871 1285 inquit,
896 1215 1133 1271 caelestia
1153 1231 1374 1285 corpora
1398 1216 1463 1271 ad
1486 1217 1938 1285 comparationem

366 1308 460 1363 Dei
493 1309 760 1363 immunda
794 1324 913 1364 esse
943 1308 1214 1374 dicuntur,
1259 1310 1384 1378 quid
1425 1318 1579 1377 putas
1610 1310 1771 1364 homo
1801 1309 1941 1363 aesti-

363 1397 636 1452 mandus?
666 1398 759 1453 sed
790 1398 930 1454 inter
958 1398 1073 1453 haec
1120 1408 1175 1452 tu
1206 1397 1436 1453 animam
1484 1396 1653 1467 negas
1674 1412 1792 1454 esse
1821 1413 1941 1453 cor-

363 1504 582 1560 porcam
607 1492 729 1558 quia
756 1491 906 1560 juxta
936 1491 1235 1559 aliquorum
1281 1486 1587 1559 opinionem
1619 1505 1718 1546 nec
1759 1491 1939 1545 localis

364 1583 455 1646 sit,
489 1595 585 1635 nec
618 1592 639 1618 ο
674 1581 925 1649 qualitate
949 1580 1094 1635 credi
1120 1580 1315 1656 debere
1344 1580 1682 1635 manifestum
1712 1588 1814 1634 est.
1840 1581 1940 1635 Le-

363 1670 537 1741 gimus
559 1671 699 1726 enim
724 1673 772 1724 in
797 1671 1025 1739 quodam
1049 1671 1415 1740 receptissima
1437 1672 1652 1725 Patrum
1677 1679 1933 1725 tractatu:

2048 510 2170 551 cere
2200 496 2431 561 videtur,
2462 496 2488 535 ¹τ
2520 500 2686 568 magis
2717 499 2766 555 ei
2806 500 2859 556 in
2907 503 3230 561 cordationis
3256 508 3475 575 speculo
3521 510 3613 565 de-

2045 587 2333 642 scribatur.
2366 589 2495 643 Nam
2523 591 2736 658 quando
2763 593 3036 650 absentem
3080 612 3233 651 suum
3260 612 3443 655 carum
3470 604 3617 673 cogi-

2047 687 2143 746 tat,
2179 679 2412 747 nunquid
2441 680 2549 747 jam
2572 681 2716 735 velut
2767 683 2882 753 ipso
2917 695 3204 755 conspectu
3234 688 3503 747 desiderio
3531 707 3617 747 sa-

2046 769 2281 825 tisfecit?
2317 772 2421 825 Aut
2449 786 2590 839 cum,
2621 774 2770 829 verbi
2801 777 2992 844 gratia,
3023 777 3166 833 Petri
3197 789 3286 833 aut
3312 778 3462 835 Pauli
3492 796 3615 851 spe-

2045 861 2181 915 ciem
2219 861 2355 917 intra
2386 863 2580 918 mentis
2609 878 2801 918 arcana
2849 865 3105 937 depingit,
3157 870 3393 938 nunquid
3436 874 3613 927 statim

2046 950 2261 1007 intimas
2288 954 2515 1023 paradisi
2545 954 2717 1019 sedes,
2752 956 2839 1011 ubi
2879 970 2971 1013 eos
3012 973 3131 1015 esse
3157 961 3424 1025 novimus,
3458 980 3616 1031 pene-

2047 1044 2241 1099 travit?
2269 1047 2374 1101 Aut
2403 1061 2521 1102 cum
2570 1048 2671 1103 sibi
2701 1048 2752 1103 in
2784 1050 2945 1104 corde
2972 1051 3151 1106 divitis
3198 1050 3336 1110 illiu's
3376 1056 3616 1112 ﬂammas
3637 1054 3647 1141 θ’

2045 1150 2113 1192 ex
2140 1137 2367 1193 lectione
2397 1139 2697 1208 proposuit,
2727 1141 2964 1211 nunquid
3002 1143 3112 1211 jam
3137 1143 3203 1198 ad
3232 1146 3347 1214 ejus
3383 1154 3589 1203 tormeu
3632 1137 3645 1204 ἑ

2046 1237 2221 1283 torum
2272 1232 2388 1284 loca
2432 1230 2600 1285 cuivis
2654 1232 3042 1288 inaccessibilia
3108 1236 3304 1291 inferni
3356 1238 3614 1305 profunda

2047 1320 2371 1377 descendit?
2402 1323 2528 1379 Haec
2552 1324 2727 1379 omnia
2758 1326 2942 1393 procul
2970 1327 3131 1383 dubio
3153 1339 3245 1383 aut
3265 1345 3445 1386 secum
3477 1332 3613 1387 intra

2045 1413 2276 1480 pectoris
2316 1428 2509 1470 arcana
2542 1430 2635 1483 per
2677 1416 2850 1470 varias
2889 1417 3262 1474 similitudines
3295 1422 3477 1490 tingit;
3525 1432 3612 1477 aut

2046 1514 2189 1559 certe
2236 1506 2280 1559 si
2326 1515 2472 1560 extra
2505 1507 2698 1562 animae
2720 1507 2907 1563 sedem
2954 1509 3217 1564 instabilis
3248 1514 3499 1581 cogitatio
3535 1515 3589 1567 lu

2044 1594 2192 1649 brieo
2251 1605 2397 1649 motu
2446 1598 2639 1665 agitata
2686 1597 2956 1665 discurrit,
3008 1597 3107 1653 hoc
3154 1601 3325 1667 ipsum
3378 1600 3611 1656 localiter

2045 1688 2170 1756 agit.
2200 1688 2264 1741 Et
2289 1689 2402 1743 sive
2432 1689 2641 1754 urbem,
2676 1690 2789 1744 sive
2818 1705 3186 1761 quamcunque
3217 1693 3483 1762 regionem
3528 1708 3597 1748 eo

366 1760 597 1829 lngredi,
632 1762 819 1830 inquit,
843 1770 897 1816 et
921 1762 1142 1830 implere
1172 1763 1373 1829 omnia,
1407 1762 1510 1816 soli
1564 1770 1646 1817 est
1690 1761 1941 1829 possibile

2045 1778 2194 1848 gitet,
2225 1777 2297 1832 ibi
2338 1788 2541 1833 tantum
2596 1796 2752 1833 sensu
2803 1792 3166 1835 commorante
3213 1754 3476 1852 deiigitur,
3510 1800 3614 1852 quo

362 1853 608 1907 Trinitati
641 1871 652 1904 :
683 1868 802 1923 qua:
847 1854 985 1908 sicut
1021 1856 1285 1909 universae
1314 1853 1684 1908 intellectualis
1730 1861 1935 1909 natura:

363 1943 589 1998 efﬁcitur
614 1944 957 2011 penetratrix,
994 1956 1049 1998 ut
1076 1959 1180 1999 non
1213 1945 1386 1999 solum
1423 1945 1789 2013 circumplecti
1817 1960 1932 2000 eam

364 2042 521 2105 atque
551 2034 772 2103 ambire,
801 2036 893 2091 sed
918 2036 1079 2091 etiam
1108 2036 1249 2090 illabi
1274 2037 1342 2105 ei,
1370 2044 1424 2090 et
1453 2036 1597 2090 velut
1622 2036 1933 2105 incorporea

362 2124 575 2194 corpori
625 2126 791 2193 possit
833 2125 1057 2181 infundi.
1129 2126 1287 2187 Licet,
1340 2126 1482 2181 enim
1532 2127 1934 2194 pronuntiemus

367 2215 656 2272 nonnullas
702 2216 1005 2285 spirituales
1053 2232 1173 2273 esse
1218 2226 1455 2286 naturas,
1488 2228 1545 2272 ut
1590 2228 1715 2273 sunt
1742 2219 1941 2287 angeli,

362 2306 689 2377 archangeli,
737 2318 1051 2377 czetermque
1096 2308 1339 2373 virtutes,
1382 2307 1734 2378 ipsaquoque
1759 2310 1933 2363 anima

342 2406 564 2466 ‘nostra,
592 2400 675 2456 vel
706 2409 851 2456 certe
879 2416 971 2456 aer
998 2401 1098 2457 iste
1126 2402 1370 2467 subtilis;
1398 2411 1574 2457 tamen
1607 2404 1935 2471 incorporea:

322 4930 351 4979 ἐ

332 5039 342 5060 ὅ

364 2494 668 2549 nullatenus
696 2493 1020 2549 aestimandae
1051 2503 1195 2548 sunt.
1243 2494 1449 2550 Habent
1474 2495 1615 2549 enim
1643 2496 1933 2550 secundum

324 2634 327 2635 ν
362 2597 423 2640 se
451 2598 663 2654 corpus,
696 2598 802 2654 quo
830 2585 1146 2649 subsistunt,
1178 2585 1302 2639 licet
1328 2585 1494 2640 multo
1522 2594 1575 2641 et
1606 2586 1934 2653 incompara-

362 2674 542 2732 biliter
572 2677 973 2745 tenuius,quam
1004 2684 1183 2729 nostra
1212 2685 1335 2730 sunt
1361 2691 1609 2746 corpora,
1642 2676 1941 2731 secundum

363 2767 605 2838 Apostoli
633 2767 974 2832 sententiam,
1007 2766 1255 2833 dicentis,
1288 2776 1333 2820 et
1373 2783 1589 2838 corpora
1616 2754 1932 2829 causam?

365 2876 578 2931 corpora
608 2862 861 2916 terrestria
893 2859 979 2931 (II
1012 2859 1129 2915 Cor.
1159 2877 1246 2927 xv,
1276 2858 1387 2928 40).
1412 2859 1611 2927 Quibus
1638 2874 1736 2929 pro
1767 2874 1934 2913 mam-

366 2940 503 3008 fésto
546 2954 835 3025 colligitur,
867 2953 1002 3009 nihil
1046 2968 1165 3008 esse
1208 2954 1581 3022 incorporeum
1610 2954 1712 3007 nisi
1762 2953 1931 3007 solum

366 3039 555 3097 Deum.
585 3044 651 3098 Et
689 3044 891 3099 idcirco
920 3040 1027 3113 ipsi
1046 3041 1071 3079 ἀ
1098 3043 1462 3098 tantummodo
1488 3057 1580 3112 per
1609 3057 1667 3097 se
1691 3052 1935 3112 penetra-

2037 1871 2198 1924 animi
2228 1870 2521 1924 intentione
2547 1867 2563 1905 1
2594 1879 2850 1938 raptatur.
2885 1870 3162 1940 lmaginari
3194 1872 3295 1925 sibi
3324 1872 3497 1941 aliqua
3520 1888 3612 1941 pu—

2037 1970 2171 2025 test;
2207 1962 2489 2029 complecti
2520 1963 2697 2016 omnia
2726 1964 2891 2019 simul,
2928 1980 3034 2017 non
3082 1974 3277 2033 potest.
3326 1966 3457 2019 Cum
3489 1981 3614 2035 ergo

2036 2055 2210 2107 anima
2257 2054 2633 2108 Alexandriam
2682 2055 2762 2108 vel
2834 2048 3255 2125 Hierosolymam
3323 2059 3611 2126 cogitavit,

2036 2152 2073 2179 ω
2096 2145 2212 2198 sive
2240 2144 2347 2199 illic
2376 2152 2485 2198 tota
2516 2145 2598 2198 sui
2628 2147 2933 2214 praesentia,
2958 2156 3013 2200 ut
3032 2148 3327 2213 arbitraris,
3354 2149 3612 2213 interfuit,

2036 2234 2232 2289 referat
2260 2235 2412 2290 nobis
2443 2236 2575 2290 situs
2602 2238 2863 2301 locorum,
2898 2236 3076 2291 vultus
3106 2237 3405 2305 hominum,
3439 2248 3613 2295 motus

2036 2334 2291 2394 actusque
2336 2326 2673 2395 populorum.
2720 2326 2822 2383 Sed
2873 2327 2975 2381 hoc
3023 2328 3230 2397 ipsum,
3282 2329 3425 2398 quod
3469 2345 3612 2385 nunc

2035 2415 2174 2470 inter
2222 2429 2317 2469 nos
2385 2418 2706 2470 commercia
2777 2430 3083 2472 sermonum
3151 2428 3333 2473 mutua
3397 2420 3613 2488 Spiritus

2037 2509 2245 2563 actione
2274 2518 2300 2543 ιι
2327 2508 2547 2574 scimus,
2580 2508 2726 2577 loqui
2754 2524 2841 2564 me
2867 2510 3166 2575 vobiscum,
3197 2511 3290 2565 sed
3323 2511 3460 2581 apud
3487 2526 3614 2566 con-

2034 2599 2311 2653 scientiam
2348 2614 2518 2653 meam
2550 2599 2754 2663 sentio;
2799 2601 2865 2654 ad
2914 2616 3008 2655 vos
3038 2616 3124 2656 me
3167 2602 3458 2657 accessisse
3507 2616 3613 2656 non

2035 2692 2226 2747 sentio.
2262 2690 2391 2745 Nam
2417 2692 2463 2746 si
2509 2707 2632 2745 vere
2663 2691 2839 2747 anima
2882 2708 3003 2747 cum
3035 2694 3144 2747 suis
3188 2693 3316 2748 ferri
3364 2694 3614 2749 sensibus

2035 2786 2287 2853 creditur,
2337 2796 2391 2841 et
2437 2786 2540 2853 bis,
2592 2802 2815 2856 quorum
2868 2788 3229 2842 reminiscitur
3278 2788 3389 2856 ipsa
3420 2802 3515 2856 per
3548 2802 3608 2842 se

2036 2876 2146 2931 suis
2174 2877 2583 2945 cogitationibus
2613 2883 2980 2945 praesentatur.
3035 2875 3173 2929 Ecce
3213 2891 3308 2943 per
3334 2876 3448 2930 ha‘ee
3477 2890 3613 2943 pras-

2036 2969 2203 3025 sentis
2227 2969 2480 3037 temporis
2508 2976 2775 3022 momenta
2809 2980 2906 3020 vos
2934 2969 3132 3034 cogito,
3156 2975 3210 3020 et
3239 2966 3415 3019 animo
3442 2965 3609 3020 remi-

2036 3059 2275 3113 niscente
2304 3072 2398 3111 vos
2428 3056 2601 3122 video,
2636 3065 2690 3111 et
2718 3070 2943 3126 quorum
2968 3054 3290 3109 omnimodis
3310 3055 3437 3123 quid
3459 3069 3611 3123 gera-

363 3132 498 3188 biles
543 3148 750 3203 omnes,
782 3142 940 3203 atque
989 3133 1379 3190 intellectuales
1423 3147 1542 3189 esse
1587 3132 1929 3189 substantias.

2045 3150 2129 3214 tis,
2158 3158 2211 3203 et
2236 3158 2413 3203 utrum
2440 3148 2630 3217 quieti,
2659 3162 2724 3201 an
2757 3146 2992 3212 lectioni,
3021 3146 3107 3201 vel
3139 3145 3362 3200 orationi
3387 3145 3605 3213 vacetis,

363 3224 497 3292 Quze
524 3240 645 3279 cum
673 3228 741 3280 ita
771 3226 897 3293 sint,
922 3226 1106 3295 objicit
1129 3226 1273 3292 mihi,
1302 3226 1422 3282 ideo
1440 3228 1669 3282 animam
1693 3242 1797 3282 non
1818 3242 1937 3283 esse

364 3316 760 3386 incorpoream,
788 3317 930 3387 quia,
963 3325 1021 3371 ut
1046 3316 1244 3372 dictum
1274 3324 1372 3384 est,
1398 3333 1497 3374 nec
1516 3319 1698 3373 localis
1725 3319 1817 3386 sit,
1839 3332 1938 3373 nec

365 3406 627 3478 qualitate
672 3416 763 3462 aut
805 3407 1095 3477 quantitate
1134 3408 1403 3464 subsistat.
1454 3406 1604 3476 Quod
1633 3420 1657 3449 θ
1687 3411 1838 3480 cujus
1870 3412 1938 3466 sit

366 3499 613 3568 periculi,
644 3500 714 3553 ita
744 3500 795 3553 in
829 3499 928 3555 bac
957 3509 1123 3556 status
1170 3504 1339 3558 nostri
1386 3503 1565 3558 habita
1609 3504 1941 3561 discussione

367 3588 637 3659 pendebit,
669 3596 725 3643 ut
751 3589 797 3643 si
825 3604 925 3646 nec
950 3590 1133 3647 localis
1152 3593 1241 3657 sit,
1267 3606 1364 3647 nec
1386 3593 1626 3661 qualitati
1648 3594 1939 3664 subiaceat,

368 3692 491 3735 esse
525 3692 641 3735 eam
688 3678 825 3735 haud
855 3681 1015 3736 dubie
1058 3684 1427 3751 incorpoream
1468 3684 1840 3739 concedamus.
1887 3686 1942 3739 Si

370 3786 498 3827 vero
536 3772 973 3830 demonstravero
1001 3789 1120 3830 eam
1170 3775 1465 3844 quantitate
1493 3771 1835 3830 determinari
1864 3776 1941 3831 Io-

373 3878 505 3921 cove
532 3866 801 3934 concludi,
834 3875 1225 3935 consequenter
1249 3880 1365 3921 eam
1388 3867 1547 3921 etiam
1571 3882 1798 3936 corpore
1818 3882 1945 3922 con-

386 3958 562 4026 tineri,
594 3968 692 4014 rtec
730 3957 844 4029 ipse
883 3958 990 4028 jam
1017 3958 1247 4013 dubites.
1277 3956 1296 3995 ί
1327 3958 1603 4023 Quomodo
1630 3976 1735 4014 non
1763 3960 1946 4015 localis

374 4057 476 4117 cst,
510 4066 628 4121 quae
650 4050 852 4106 inserta
882 4049 1155 4115 membris,
1182 4058 1235 4104 et
1266 4049 1466 4119 illigata
1497 4050 1790 4107 visceribus
1820 4051 1948 4107 solis

372 4140 603 4196 motibus
627 4150 653 4189 ε
677 4155 812 4211 vaga
856 4140 1161 4196 conditione
1195 4140 1505 4196 substantiae
1548 4149 1756 4197 tenetur
1782 4141 1951 4197 inclu-

375 4234 467 4289 sa?
492 4233 641 4302 Quod
684 4234 730 4290 si
769 4234 993 4291 localem
1043 4249 1150 4290 non
1194 4248 1313 4290 esse
1358 4236 1610 4300 animam,
1644 4234 1763 4290 ideo
1804 4250 1952 4291 assu-

376 4326 627 4381 mendum
657 4334 830 4397 putes,
860 4327 1000 4395 quod
1034 4340 1129 4396 per
1155 4326 1367 4381 diversa
1398 4326 1648 4381 sensibus
1677 4337 1950 4396 evagetur,

374 4426 433 4473 et
481 4418 891 4488 cogitationibus
936 4418 1226 4487 deferatur,
1275 4418 1503 4487 primum
1548 4418 1951 4489 intelligendum

377 4518 480 4575 est,
513 4508 657 4577 quod
690 4507 831 4561 aliud
878 4510 949 4562 sit
987 4508 1180 4563 animae
1218 4515 1406 4574 status,
1454 4508 1601 4563 aliud
1632 4511 1719 4563 hic
1753 4510 1843 4579 qui
1887 4509 1955 4565 de

379 4599 557 4652 anima
604 4597 841 4651 nascitur
890 4597 1225 4667 cogitationis
1254 4597 1281 4635 ιι
1308 4599 1560 4666 affectus,
1610 4601 1955 4669 quamobrem

379 4698 439 4745 ut
465 4688 565 4743 hoc
594 4686 772 4756 potius
798 4684 814 4723 ί
841 4688 1211 4742 aestimandum
1239 4699 1341 4756 est,
1365 4690 1505 4758 quod
1534 4691 1577 4745 si
1606 4692 1821 4761 quando
1854 4692 1957 4749 sibi

381 4778 579 4851 aliquid
604 4779 944 4849 imaginatur,
975 4780 1144 4850 magis
1172 4794 1293 4836 cum
1321 4781 1434 4837 suis
1456 4782 1595 4839 intra
1615 4789 1955 4859 semetipsam

454 4947 479 5007 9
510 4938 761 5007 Margar.,
790 4936 1058 5007 materiam
1080 4936 1260 4990 videri.

453 5006 482 5047 δ
509 5006 734 5078 Margar.
761 5006 977 5074 vitiose,
1003 5016 1339 5078 comparatos.

456 5086 482 5116 ο
512 5077 763 5153 Μαι-επις..
786 5093 874 5153 nec
895 5077 1140 5153 qualitate
1149 5090 1249 5153 nec
1260 5077 1544 5153 quantitate
1561 5079 1798 5137 subsistat
1818 5086 1954 5153 quod

386 5145 452 5200 de
471 5149 581 5218 sola
609 5145 705 5201 Dei
735 5145 996 5218 majestate
1022 5146 1160 5202 credi
1190 5145 1368 5203 debere
1396 5165 1491 5203 me.

458 5214 488 5255 ἀ
512 5216 763 5287 δίει-μνη
793 5214 1136 5288 tantummodo
1163 5220 1495 5288 penetrabiles
1539 5237 1711 5279 omnes
1759 5224 1957 5281 intelle-

387 5288 579 5344 ctuales
610 5303 717 5342 esse
742 5287 1071 5344 substantias.

468 5364 495 5393 ο
520 5359 769 5430 Margar.,
810 5359 1098 5430 cujusntodi
1126 5362 1340 5430 periculi
1364 5362 1427 5416 sit
1447 5363 1516 5417 ita
1563 5363 1767 5419 credere
1805 5364 1859 5417 in
1889 5380 1967 5418 se-

390 5427 654 5499 quentibus
680 5427 1284 5499 demonstrabitur,'nunc
1313 5449 1428 5487 vero
1474 5435 1529 5487 in
1579 5433 1675 5487 hoc
1719 5442 1965 5489 tractatus

393 5496 551 5575 nostri
578 5505 712 5550 statu
740 5496 973 5575 pendebit
997 5507 1052 5549 ut
1083 5500 1126 5551 si
1154 5516 1242 5553 nec
1281 5504 1458 5557 localis
1487 5505 1571 5563 sit.
1599 5522 1688 5559 nec
1728 5505 1967 5575 qualitati

397 5566 654 5674 subiaceat
681 5566 869 5619 anima.

526 5636 600 5674 Ma
610 5652 664 5674 ra
671 5650 699 5674 Δ
706 5651 729 5674 1·
810 5637 869 5674 ns

522 5636 773 5705 Margar.,
810 5637 1076 5699 Quomodo
1107 5638 1282 5696 locatis
1309 5653 1395 5700 est.

471 5714 496 5755 Β
526 5706 779 5775 Margar.,
812 5721 1020 5759 vacans.

676 5800 949 5863 ΡΑι-ιωι..
982 5796 1207 5873 LVIII.

2038 3239 2249 3309 ignoro.
2298 3238 2403 3293 Sed
2450 3237 2551 3292 hoc
2595 3236 2714 3291 ideo
2755 3234 2956 3303 evenit,
3005 3236 3126 3305 quia
3171 3234 3236 3289 ad
3287 3250 3382 3290 vos
3434 3235 3611 3290 cordis

2038 3331 2251 3396 aﬂ'ectu,
2282 3344 2387 3384 non
2416 3329 2530 3398 ipsa
2560 3327 2873 3383 substantiae
2908 3342 3039 3381 mea:
3070 3327 3292 3381 veritate
3338 3328 3611 3395 pervenio.

2038 3423 2221 3493 Neque
2241 3422 2383 3479 enim
2408 3422 2461 3476 in
2487 3422 2598 3476 suis
2617 3421 2871 3488 motibus,
2890 3434 3025 3490 quos
3045 3434 3187 3475 nunc
3206 3421 3456 3490 optimos,
3475 3436 3615 3476 nunc

2043 3516 2315 3584 pessimos
2346 3528 2465 3569 esse
2490 3512 2770 3577 sentimus,
2802 3511 2993 3566 anima:
3023 3519 3220 3565 nostra:
3268 3519 3453 3565 natura
3488 3525 3616 3566 eon-

2041 3606 2198 3661 sistit.
2226 3604 2359 3660 Nam
2380 3602 2424 3657 si
2450 3617 2543 3670 per
2563 3594 2911 3669 cogitationes
2932 3615 3056 3655 suas
3076 3609 3322 3656 constare
3348 3601 3611 3656 credenda

2043 3704 2144 3759 est,
2176 3709 2273 3749 cur
2310 3694 2386 3748 eis
2418 3691 2683 3746 interdum
2722 3691 3161 3745 evanescentibus
3202 3700 3360 3760 atque
3382 3706 3612 3760 pereun-

2046 3787 2187 3841 tibus
2216 3785 2330 3852 ipsa
2360 3783 2414 3835 in
2444 3784 2527 3837 sui
2573 3783 2754 3851 vigore
2797 3790 2956 3850 atque
3002 3780 3275 3835 alacritate
3323 3783 3617 3849 perdurat?

2046 3874 2269 3940 Quantae
2296 3885 2424 3940 ergo
2453 3872 2505 3925 in
2537 3872 2690 3926 nobis
2720 3870 3163 3938 frequentissimae
3188 3871 3538 3939 cogitationes
3563 3880 3616 3927 et

2048 3980 2193 4020 curae
2222 3967 2381 4021 etiam
2414 3962 2695 4017 salubriter
2724 3961 3042 4027 moriuntur,
3074 3970 3128 4016 et
3156 3962 3276 4016 vita:
3302 3963 3471 4030 magis
3502 3971 3530 3999 υ
3556 3962 3618 4017 li-

2050 4057 2241 4114 bertati
2271 4054 2543 4111 interioris
2572 4054 2888 4121 operantur!
2939 4050 2995 4105 Si
3042 4051 3173 4121 ipsis
3202 4050 3377 4106 anima
3409 4061 3617 4108 consta-

2052 4159 2153 4217 ret,
2187 4150 2388 4219 absque
2431 4146 2592 4202 dubio
2618 4144 2748 4214 ipsis
2773 4154 2800 4193 P
2831 4144 3174 4213 pereuntibus
3207 4158 3488 4214 superesse
3512 4159 3621 4200 non

2053 4248 2252 4312 posset.
2276 4237 2429 4295 Unde
2455 4236 2558 4291 hoc
2584 4236 2750 4304 magis
2771 4235 2882 4303 ipsa
2906 4234 3247 4289 conscientiis
3268 4234 3468 4290 nostris
3488 4233 3624 4290 ratio

2056 4335 2311 4403 loquitur,
2341 4328 2481 4400 quod
2509 4341 2837 4396 unaquaeque
2862 4326 3037 4379 anima
3064 4333 3155 4379 aut
3183 4326 3493 4395 multiplicia
3528 4340 3624 4382 co-

2057 4427 2215 4496 gitata
2245 4434 2422 4477 rerum
2448 4418 2625 4473 causis
2654 4418 2791 4471 intra
2822 4430 2880 4470 se
2905 4425 2933 4464 τι
2957 4425 3213 4484 concepta
3236 4416 3514 4484 parturiat,
3538 4422 3630 4471 aut

2060 4528 2250 4572 sensus
2278 4525 2405 4568 suos
2436 4508 2582 4565 velut
2610 4506 2849 4577 quaedam
2896 4504 3067 4560 ofﬁcia
3096 4513 3190 4559 aut
3217 4504 3507 4560 ministeria
3550 4504 3631 4559 di-

2061 4606 2233 4664 versis
2262 4598 2672 4659 necessitatibus
2717 4596 3024 4665 occupanda
3052 4596 3337 4665 dispergat,
3363 4597 3478 4665 ipsa
3503 4610 3632 4652 vero

2063 4698 2120 4754 in
2147 4693 2388 4754 conclavi
2412 4690 2655 4760 corporis
2681 4687 2763 4741 sui
2789 4685 2955 4741 semel
2982 4684 3049 4739 de
3076 4698 3142 4740 eo
3169 4685 3377 4740 exitura
3421 4684 3633 4755 requie-

2065 4798 2200 4847 scat.
2231 4782 2593 4854 Quamobrem
2619 4778 2841 4835 localem
2871 4791 2991 4834 esse
3014 4778 3206 4848 ipsam.
3234 4786 3294 4834 ut
3319 4778 3498 4835 denuo
3520 4776 3633 4835 suf-

2136 4942 2166 4981 ιι
2192 4941 2440 5011 Margar.,
2468 4936 2693 5011 effectus.

2145 5013 2162 5050 ι
2198 5007 2449 5081 Μδτξίιτζ,
2481 5007 2896 5081 eatistimandum.

2139 5086 2153 5133 t
2192 5078 2438 5149 Margar.,
2471 5078 2633 5149 aliud.

2137 5151 2165 5220 lt
2197 5146 2449 5220 Margar.,
2479 5147 2641 5220 magis
2665 5146 3045 5220 incordationis.

2144 5219 2162 5259 ι
2200 5215 2447 5287 Margar.,
2473 5215 2628 5270 simul
2657 5216 2872 5287 rapitur.

2141 5301 2180 5327 ω
2213 5286 2464 5357 Margar.,
2500 5287 2678 5357 sivero
2705 5286 2833 5339 illic.

2143 5369 2171 5397 ιι
2200 5360 2373 5428 Marga
2383 5374 2452 5422 r.,
2483 5356 2774 5428 miscemur.

2144 5438 2168 5465 υ
2203 5425 2454 5497 Margar.,
2484 5425 2767 5497 libertatein
2793 5431 3078 5493 aperantur.

2142 5510 2169 5548 ρ
2202 5495 2427 5567 Margar.
2461 5495 2683 5565 vitiose,
2715 5510 2803 5561 per
2828 5510 3011 5567 (rvunt.

2148 5562 2444 5635 sMargar.,
2493 5562 2744 5634 conceptis
2782 5565 3051 5636 parturiat,
3083 5572 3170 5636 aut
3211 5564 3444 5633 quadam
3488 5562 3648 5636 ofﬁcia

2077 5649 2165 5693 aut
2211 5634 2489 5693 ministeria
2551 5634 2791 5691 diversis
2824 5634 3204 5692 necessitatibus
3252 5642 3497 5701 occupatu
3543 5634 3651 5689 dis-

2077 5716 2274 5780 πίθηται.

3228 5797 3306 5858 27

2184 5870 2229 5887 ac;
