4068 6348
537 275 638 331 84⁸5

1778 259 1832 314 S.
1877 253 2119 311 FAUSTI
2160 252 2563 309 RHEGIENSIS

3697 248 3803 303 844

540 384 721 441 ficiens
751 380 1079 451 proferamus
1107 376 1427 444 exemplum.
1464 370 1648 425 Nonne
1689 368 1863 422 anima
1895 366 2099 430 Lazari,
2131 364 2186 427 Α
2209 379 2403 434 corpus
2434 382 2537 421 non
2591 363 2748 419 habet
2795 364 2882 418 ubi
2932 363 3196 420 inhaerere
3232 371 3527 426 concretio,
3562 362 3651 415 ubi
3684 363 3810 421 haec

540 485 789 535 manente
823 474 969 536 alita,
1008 471 1146 524 intra
1195 479 1388 535 corpus
1433 463 1566 526 fuit;
1619 461 1901 516 secedente
1930 466 2107 512 autem

540 572 648 626 vita
676 570 741 623 de
768 562 1071 621 habitaculo
1116 555 1354 627 corporls
1402 555 1683 618 exsulavit,
1717 562 1767 607 et
1798 565 2005 605 rursum
2056 550 2110 603 in

541 661 841 718 exanimum
883 655 1058 709 refusa
1105 664 1319 719 corpus,
1355 648 1447 701 illo
1475 647 1613 700 unde
1658 659 1717 699 se
1745 644 2112 697 absentavorat

539 759 758 808 evocata
796 745 1088 802 remeavit?
1127 743 1275 795 Tunc
1324 754 1438 794 eam
1488 747 1738 805 tanquam
1781 748 1847 788 ex
1895 729 2112 799 hospitii

540 841 865 898 habitatione
880 836 1174 906 depulsam,
1193 843 1247 887 et
1269 845 1478 886 rursum
1498 831 1637 882 inter
1661 825 1950 893 hospitium
1974 821 2113 875 unde

539 937 912 991 absentaverat
940 930 1235 985 restitutam
1283 924 1458 986 vides;
1491 932 1541 976 et
1588 919 1813 973 localem
1861 931 1965 970 non
1996 928 2115 969 esse

540 1029 851 1085 contendis?
883 1027 977 1081 sed
1002 1024 1127 1094 quid
1153 1037 1251 1088 ego
1283 1023 1397 1074 hinc
1426 1020 1493 1072 de
1538 1012 1868 1084 corruptibili
1898 1010 2115 1064 homine

542 1124 769 1195 loquar?
810 1123 941 1177 Cum
994 1120 1082 1173 ille
1129 1117 1277 1184 cujus
1322 1130 1446 1168 caro
1496 1128 1598 1195 non
1642 1110 1775 1163 vidit
1820 1102 2116 1171 corruptio-

540 1192 687 1286 nem,
721 1214 1110 1269 immaculatam
1144 1209 1354 1277 quidem
1384 1192 1612 1259 anim—am
1658 1197 1975 1269 possederit,
2023 1192 2115 1246 sed

542 1310 787 1371 localcm,
816 1320 972 1374 quam
1006 1303 1185 1369 utique
1213 1300 1349 1351 intra
1374 1311 1433 1349 se
1464 1292 1665 1356 habuit,
1693 1288 1903 1358 quando
1924 1285 2117 1338 afﬁxus

544 1413 625 1457 est
657 1404 706 1454 iu
742 1398 995 1467 patibulo,
1032 1404 1179 1447 extra
1206 1407 1263 1445 se
1294 1389 1477 1457 procul
1502 1387 1661 1441 dubio
1684 1382 1882 1444 emisit,
1907 1376 2118 1448 quando

542 1495 706 1565 iacuit
736 1495 785 1543 in
811 1489 1092 1556 sepulcro:
1127 1482 1393 1551 quomodo
1442 1495 1546 1533 non
1578 1486 1661 1531 est
1706 1474 1908 1536 localis,
1960 1483 2116 1537 quam

546 1562 670 1640 caro
697 1582 952 1640 continet,
981 1576 1251 1644 conjungit
1273 1575 1399 1638 vita,
1431 1586 1573 1624 mors
1601 1565 1854 1636 separat?
1876 1562 2025 1629 Quod
2050 1562 2116 1626 si,

545 1686 603 1729 ut
633 1674 784 1734 dicis,
817 1670 1036 1723 localwm
1070 1666 1439 1719 necessitatem
1466 1661 1762 1714 animarum
1796 1665 1981 1708 natura
2012 1666 2117 1705 non

2213 457 2328 526 ipsa
2354 458 2532 512 nescio
2552 472 2669 525 quae
2698 456 2950 526 colligere
2980 470 3039 512 se
3068 456 3241 526 potuit
3278 455 3602 521 crassitudo,
3627 457 3674 510 si
3719 470 3807 513 se-

2213 565 2333 605 cum
2364 549 2559 618 aliquid
2595 550 2876 619 corporale
2903 550 2969 603 de
2995 549 3083 603 illa
3127 550 3333 605 caelesti
3363 564 3487 605 arce
3508 564 3615 604 non
3646 549 3804 607 detu-

2213 641 2307 695 lit?
2332 641 2597 706 Alienum,
2630 649 2685 694 ut
2723 641 2899 707 video,
2932 655 3126 710 corpus
3152 640 3219 694 ad
3262 649 3586 696 tormentum
3622 652 3811 710 porta-

2214 733 2319 787 bis.
2349 732 2554 801 Corpus
2582 732 2760 802 itaque
2790 747 2912 787 esse
2936 734 3094 786 etiam
3118 748 3185 787 ex
3207 747 3303 787 sua
3328 718 3629 788 assertione
3652 748 3807 789 reco-
3836 732 3839 735 ’

2206 841 2429 898 νςηοεοθ.
2462 828 2670 896 Corpus
2699 836 2781 881 est
2810 826 2948 897 quod
2989 827 3240 889 inficitur,
3292 827 3433 895 quod
3479 826 3802 891 maculatur,

2217 918 2357 987 quod
2387 933 2701 987 quacunque
2746 933 2812 972 ex
2854 917 3126 972 accedenti
3161 916 3464 986 adjectione
3492 915 3520 955 ά
3551 919 3803 987 vertitur.

2217 1008 2314 1064 Hic
2334 1022 2461 1078 ergo
2492 1008 2688 1063 dudum
2720 1009 3105 1078 primogenitus
3136 1008 3464 1078 angelorum,
3514 1024 3655 1065 nunc
3697 1010 3804 1080 pri-

2218 1117 2336 1155 mus
2359 1100 2527 1156 factus
2553 1109 2636 1156 est
2663 1110 2685 1138 ο
2712 1102 3074 1166 tenebrarum,
3104 1108 3158 1155 et
3185 1101 3338 1170 quasi
3364 1114 3660 1171 corporeus
3687 1102 3803 1171 pul—

2219 1193 2348 1248 cher
2391 1202 2513 1247 ante
2542 1208 2682 1247 nunc
2710 1192 2975 1261 degener;
3023 1191 3223 1245 dudum
3267 1192 3474 1247 caelesti
3515 1193 3805 1261 splendore

2219 1284 2557 1360 conspicuus,
2591 1299 2730 1339 nunc
2760 1293 2897 1339 tetro
2927 1284 3203 1338 infernalis
3226 1286 3426 1352 peccati
3457 1285 3681 1339 horrore
3705 1284 3801 1340 foe-

2220 1376 2394 1432 datus.
2428 1375 2629 1445 Corpus
2655 1378 2866 1445 inquam
2897 1386 2979 1430 est
3004 1375 3142 1444 quod
3178 1375 3355 1442 habet,
3385 1377 3595 1430 actione
3616 1375 3802 1445 depel-

2224 1472 2369 1539 litur,
2401 1471 2695 1540 quantitate
2746 1470 3215 1532 circumscribitur,
3251 1471 3507 1538 qualitate
3545 1479 3803 1537 mutatur,

2221 1561 2409 1616 dolore
2434 1562 2714 1616 coniicitur
2740 1578 2750 1611 :
2778 1576 2894 1630 qua:
2922 1575 3042 1615 cum
3073 1561 3143 1613 ita
3173 1560 3422 1624 habeant,
3453 1560 3584 1629 quin
3612 1575 3803 1631 corpo-

2224 1670 2371 1709 reum
2393 1655 2577 1709 dicunt
2604 1654 2883 1708 animum?
2915 1652 3046 1707 Vide
3077 1652 3131 1707 in
3178 1666 3336 1723 quam
3386 1651 3708 1721 profundum
3748 1667 3803 1707 se

546 1776 572 1803 ιι
595 1764 815 1830 recepit,
850 1776 953 1814 non
985 1759 1175 1811 desunt
1220 1770 1346 1823 ergo
1384 1761 1437 1806 et
1480 1752 1548 1805 de
1599 1750 1814 1818 regione
1860 1742 2111 1813 paradisi,
2147 1726 2194 1786 Β
2221 1748 2422 1802 crimen
2456 1748 2795 1815 immergant.
2825 1746 2939 1800 Jam
2970 1746 3200 1815 primum
3230 1759 3351 1799 cum
3380 1754 3566 1799 auctor
3595 1746 3801 1800 univer-

544 1855 648 1910 illae
680 1866 800 1921 quae
832 1862 1045 1904 carcere
1072 1847 1390 1899 clauduntur
1420 1840 1659 1895 inferni?
1689 1838 1805 1903 Dic,
1838 1849 2039 1905 quasso,
2073 1833 2116 1887 si

544 1945 741 2000 locales
762 1957 865 1995 nou
898 1950 1037 2003 sunt,
1067 1937 1334 2007 quomodo
1361 1942 1668 2003 peccatores
1690 1946 1717 1982 a
1746 1928 1971 1983 cratibus
1992 1941 2119 1980 con-

543 2038 833 2105 sortiisque
862 2035 1125 2101 iustorum
1152 2032 1351 2109 justum
1401 2026 1527 2081 illud
1575 2025 1741 2079 chaos
1774 2022 1909 2076 tristi
1954 2020 2119 2074 inter-

542 2132 772 2202 iectione
801 2127 1147 2189 discriminat,
1176 2132 1233 2178 ut
1274 2136 1445 2190 neque
1477 2119 1600 2172 hinc
1629 2117 1753 2171 illuc
1782 2115 1987 2183 possint
2028 2125 2117 2165 ac-

543 2224 754 2289 cedere,
788 2234 958 2289 neque
1009 2218 1132 2272 inde
1160 2216 1267 2270 huc
1308 2210 1673 2267 transmeare?
1703 2208 1819 2263 Jam
1852 2204 1978 2259 illud
2008 2218 2121 2256 ma-

543 2316 944 2370 nifestissimum
976 2321 1080 2375 est,
1103 2309 1242 2379 quod
1274 2307 1567 2378 quantitate
1588 2301 2115 2363 circumscribantur,

543 2422 663 2477 qua:
692 2405 879 2474 spatiis
913 2403 1273 2456 continentur.
1322 2398 1385 2452 Si
1411 2396 1672 2465 agnovisti
1702 2394 1934 2447 animam
1980 2392 2121 2445 loca-

542 2498 671 2561 lem,
705 2493 939 2549 concede
967 2503 1301 2558 corpoream.
1328 2488 1421 2542 Dic
1449 2485 1577 2540 mihi
1601 2500 1739 2538 anne
1769 2484 1877 2551 ipsa
1900 2480 2139 2550 gloriosi

543 2587 721 2640 anima
753 2582 1125 2649 Redemptoris
1154 2576 1322 2632 nostri
1352 2575 1566 2644 reliquit
1605 2573 1879 2637 mundum,
1907 2570 2119 2641 quando

544 2672 858 2731 conscendit
882 2673 946 2726 ad
975 2670 1207 2726 coelum?

615 2752 930 2837 Egolautem
961 2780 1028 2818 ne
1059 2762 1276 2832 angelos
1305 2760 1517 2831 quidem
1546 2760 1741 2815 locales
1768 2774 1888 2813 esse
1913 2758 2120 2813 dubita-

542 2861 730 2923 verim,
762 2872 895 2927 quos
935 2866 1141 2911 certum
1188 2868 1330 2908 nunc
1376 2854 1429 2906 in
1478 2852 1786 2906 coelestibus
1829 2850 2115 2915 contineri,

543 2965 686 3006 nunc
726 2965 821 3018 per
868 2948 1004 3004 aeris
1051 2962 1279 3003 vacuum
1328 2944 1478 3010 ferri,
1508 2960 1647 2999 nunc
1693 2944 1757 2998 ad
1799 2954 2007 2999 terrena
2040 2943 2119 2997 di-

543 3042 712 3105 mitti;
743 3055 875 3111 quos
897 3053 1077 3095 sermo
1100 3038 1316 3093 divinus
1337 3036 1685 3091 ascendentes
1707 3045 1757 3089 et
1787 3035 2116 3091 descenden-

541 3140 623 3187 tes
649 3133 699 3185 in
726 3129 1041 3200 patriarchae
1068 3129 1274 3184 visione
1317 3127 1590 3193 describit,
1624 3127 1805 3195 utique
1846 3126 1890 3179 si
1923 3126 2118 3180 locales
2143 3099 2190 3162 Ο

541 3237 647 3278 non
679 3232 859 3278 essent
888 3230 940 3276 et
965 3220 1159 3288 ubique
1183 3227 1362 3275 essent
1405 3219 1594 3273 adesse
1638 3227 1799 3289 atque
1844 3218 2117 3274 discedere

541 3324 764 3367 ascensu
794 3314 1161 3379 descensuque
1191 3325 1297 3364 non
1350 3319 1585 3380 possent.
1618 3310 1735 3379 Ipse
1778 3310 2119 3367 beatissimus

542 3404 779 3468 Gabriel,
813 3404 899 3473 qui
932 3418 989 3457 se
1025 3409 1149 3458 ante
1194 3402 1471 3456 Dominum
1512 3410 1689 3458 astare
1721 3412 1964 3469 testatur,
1997 3419 2117 3459 cum

542 3497 798 3552 caelorum
843 3496 1124 3552 Dominum
1174 3496 1353 3552 Mariae
1400 3497 1783 3553 infundendum
1826 3499 2119 3554 visceribus

540 3587 831 3655 nuntiaret,
878 3603 1105 3657 cumque
1154 3589 1251 3644 sub
1295 3589 1586 3644 Dominicaa
1639 3590 1805 3644 oculis
1850 3591 2121 3662 genitricis

542 3680 836 3743 assisteret,
870 3680 987 3735 sine
1012 3679 1175 3735 dubio
1201 3679 1339 3735 crelo
1360 3677 1388 3717 δ
1416 3688 1552 3747 erat,
1597 3682 1766 3736 maria
1800 3697 1908 3737 non
1937 3697 2122 3752 super-

543 3772 773 3838 volabat,
805 3786 969 3827 vacua
1002 3780 1159 3842 atque
1204 3771 1402 3827 diffusa
1434 3774 1569 3828 vasti
1613 3776 1749 3829 aeris
1780 3790 1885 3829 non
1932 3774 2120 3844 imple-

541 3861 657 3929 bat,
689 3863 782 3918 sed
809 3863 959 3918 illum
986 3869 1190 3918 tantum
1219 3863 1393 3918 locum
1419 3864 1472 3917 in
1504 3879 1606 3932 quo
1631 3872 1767 3932 erat,
1799 3865 2111 3933 occupabat.

547 3965 568 3991 ε
600 3953 731 4019 Quae
759 3968 879 4008 cum
911 3953 979 4007 ita
1013 3953 1139 4019 sint,
1171 3952 1427 4023 quidquid
1458 3954 1632 4007 locum
1662 3963 1906 4024 occupat,
1925 3969 2118 4023 corpus

538 4055 645 4109 εει,
676 4046 858 4099 nescio
886 4044 1154 4114 quomodo
1184 4044 1337 4099 locali
1374 4044 1489 4113 lege
1517 4060 1621 4099 non
1650 4053 1909 4111 teneatur,
1940 4047 2027 4116 qui
2054 4047 2121 4101 de

512 4132 660 4189 loco
691 4135 757 4188 ad
784 4136 958 4190 locum
989 4136 1231 4197 mittitur.
1264 4142 1317 4189 et
1345 4133 1486 4188 velut
1530 4150 1723 4203 corpus
1753 4146 1898 4191 motu
1941 4150 2121 4192 acces-

536 4238 712 4294 suque
741 4226 1079 4287 transfertur,
1110 4225 1249 4278 mole
1278 4226 1576 4291 descendit,
1600 4228 1894 4283 mobilitate
1914 4228 2121 4285 discur—

540 4317 633 4378 rit,
663 4315 827 4379 vadit,
853 4315 1014 4378 redit,
1038 4314 1302 4375 absentat.
1330 4314 1626 4372 descendit.
1655 4317 1751 4372 Vel
1794 4319 1901 4386 ille,
1933 4321 2116 4385 credo,

539 4403 729 4456 localis
770 4412 874 4466 est,
909 4416 1008 4456 nec
1037 4416 1093 4455 se
1125 4403 1296 4456 solum
1326 4405 1544 4459 localem
1575 4421 1693 4461 esse
1740 4409 1995 4475 prodidit,
2029 4412 2119 4479 qui

2223 1842 2396 1896 sitatis
2430 1840 2564 1894 Deus
2592 1839 2770 1893 omnia
2796 1840 2846 1893 in
2874 1852 3092 1893 numero
3113 1847 3166 1892 et
3185 1837 3424 1907 pondere
3452 1838 3645 1894 fecisse
3667 1837 3802 1893 refe-

2223 1942 2388 1986 ratur.
2424 1931 2559 2000 Ergo
2587 1930 2762 1984 anima
2793 1946 2821 1984 a
2852 1930 3073 1984 materia
3116 1930 3377 1984 universa:
3415 1941 3681 1986 creatura:
3707 1947 3798 1986 ex-

2223 2031 2373 2091 cepta
2402 2036 2521 2076 esse
2548 2020 2781 2075 creditur
2813 2040 2823 2073 :
2853 2036 2970 2090 quae
2998 2034 3106 2076 non
3131 2029 3214 2075 est
3242 2034 3525 2090 corporea,
3554 2037 3652 2075 nec
3672 2022 3798 2077 loca-

2224 2114 2288 2168 lis
2318 2122 2416 2177 est,
2444 2114 2489 2166 si
2516 2114 2634 2167 loco
2662 2128 2769 2166 non
2806 2113 3129 2177 continetur,
3162 2126 3290 2181 ergo
3320 2112 3514 2182 ubique
3557 2114 3796 2169 diﬂ'undi-

2226 2211 2350 2261 tur:
2376 2205 2552 2260 omnia
2579 2203 3057 2272 intrare,‘implere
3087 2210 3142 2257 ct
3178 2203 3374 2273 ubique
3416 2217 3653 2273 praesens
3684 2221 3801 2260 esse

2224 2296 2435 2363 dicitur,
2483 2310 2543 2349 ac
2587 2296 2663 2349 sic
2707 2294 2937 2349 creatori
2978 2309 3076 2349 suo
3110 2304 3353 2349 creatura
3400 2295 3720 2363 sociaretur,
3748 2306 3799 2352 et

2225 2388 2480 2457 fragilitas
2510 2386 2713 2441 auctori
2743 2400 2840 2441 suo
2869 2401 2977 2439 non
3010 2385 3119 2455 jam
3163 2399 3249 2440 res
3275 2384 3389 2452 Dci,
3418 2386 3512 2441 sed
3560 2401 3681 2455 pars
3709 2386 3797 2443 Dei

2225 2479 2536 2536 aestimanda
2562 2479 2821 2549 jungitur.
2856 2478 2989 2532 Vide
3019 2493 3123 2547 quo
3152 2486 3448 2533 assertores
3477 2493 3604 2534 suos
3645 2480 3798 2536 ducat

2224 2573 2316 2627 alti
2346 2588 2439 2643 per
2466 2573 2648 2641 lapsus
2674 2571 2894 2627 erroris.
2925 2569 3184 2641 Equidem
3215 2571 3368 2625 nobis
3398 2586 3461 2625 ea
3486 2587 3608 2642 qua:
3644 2588 3798 2641 supra

2224 2682 2323 2722 nos
2354 2676 2495 2732 sunt,
2530 2665 2816 2720 invisibilia
2841 2672 3002 2729 sunt;
3034 2663 3127 2718 sed
3158 2664 3337 2718 omnia
3362 2664 3469 2730 illa,
3495 2665 3636 2743 sicut
3657 2680 3799 2719 cunt-

2222 2758 2621 2829 prehensibilia',
2650 2760 2718 2812 ita
2744 2766 2797 2813 et
2823 2772 3080 2826 corporea
3109 2764 3254 2819 sunt,
3282 2757 3371 2825 qui
3398 2771 3468 2812 ex
3495 2756 3663 2813 nihilo
3681 2757 3799 2812 fecit

2223 2852 2422 2918 omnia,
2453 2865 2571 2919 quae
2599 2849 2737 2905 sicut
2766 2864 2928 2920 opere
2957 2848 3204 2913 instituit,
3231 2848 3302 2902 ita
3333 2857 3387 2904 et
3434 2849 3655 2903 materia
3682 2864 3798 2904 cor-

2223 2942 2450 3011 poravit,
2482 2950 2534 2995 et
2560 2941 2721 2996 rebus
2753 2941 3022 3005 omnibus,
3052 2940 3193 2995 inter
3221 2954 3351 3010 quas
3379 2949 3435 2996 et
3471 2942 3646 2997 anima
3675 2955 3799 2997 cen-

2222 3044 2391 3102 setur,
2422 3035 2557 3090 sicut
2588 3032 2861 3088 distribuit
2884 3031 3094 3102 pondus
3123 3040 3176 3086 et
3202 3045 3501 3096 numerum,
3534 3032 3605 3085 ita
3631 3040 3686 3086 et
3707 3046 3799 3101 po-

2223 3126 2330 3181 suit
2374 3124 2673 3195 qualitates.
2724 3123 2867 3177 Inter
2912 3122 3025 3176 haec
3074 3122 3118 3175 si
3167 3119 3330 3190 forte,
3362 3130 3418 3175 ut
3460 3120 3660 3175 dictum
3692 3130 3796 3186 est,

2224 3218 2569 3275 asserendum
2600 3217 2791 3287 aliquis
2824 3224 2987 3285 putet,
3023 3214 3165 3285 quod
3192 3215 3279 3269 illa
3308 3214 3561 3285 angelicae
3590 3213 3797 3269 subtilia

2224 3322 2306 3369 tas
2327 3322 2531 3368 natura:
2552 3311 2778 3381 quadam
2801 3309 3118 3379 contagione
3139 3310 3283 3363 aeris
3300 3307 3458 3377 hujus
3474 3307 3800 3363 admixtione

2223 3406 2469 3471 collecta,
2500 3404 2726 3457 ﬂammis
2778 3399 3082 3457 inveniatur
3126 3398 3383 3466 obnoxia,
3424 3414 3553 3471 ergo
3586 3399 3640 3453 in
3680 3414 3799 3455 aere

2225 3498 2363 3561 solo,
2391 3504 2549 3565 prout
2592 3496 2685 3562 ait,
2715 3494 2760 3548 si
2790 3507 3006 3549 aereum
3036 3500 3139 3558 est,
3168 3492 3308 3561 quod
3338 3491 3570 3559 ardebit,
3616 3506 3721 3546 non
3747 3492 3797 3545 in

2225 3588 2338 3656 illo,
2369 3586 2461 3643 sed
2492 3594 2640 3641 extra
2671 3586 2817 3640 illum
2846 3598 3002 3652 pinna
3029 3583 3335 3649 deamviret,
3364 3582 3460 3638 sed
3488 3582 3691 3652 absque
3710 3583 3797 3638 du—

2224 3680 2313 3735 bio
2340 3695 2445 3735 non
2474 3677 2615 3732 aliud
2646 3686 2726 3732 est
2751 3690 2910 3747 quam
2957 3674 3252 3730 substantia
3282 3673 3548 3742 corporis,
3580 3673 3666 3727 ubi
3710 3672 3797 3727 do-

2228 3771 2417 3827 minari
2449 3769 2647 3841 poterit
2675 3768 2755 3822 vis
2778 3767 2995 3822 doloris.
3013 3764 3148 3820 Vide
3169 3778 3272 3835 quo
3293 3763 3473 3819 tendat
3490 3762 3796 3834 imprudens

2225 3871 2279 3917 et
2308 3862 2553 3930 imperita
2587 3858 2887 3927 persuasio,
2920 3854 3010 3926 qui
3041 3856 3414 3924 incorporeum
3464 3854 3716 3924 loquitur,
3749 3861 3797 3909 ct

2221 3955 2330 4025 jam
2361 3949 2954 4022 incomprehensibilem
2999 3949 3285 4003 conﬁtetur
3314 3964 3329 4002 :
3386 3960 3449 4001 ac
3478 3946 3556 4001 sic
3587 3946 3796 4002 condito

2225 4047 2441 4103 ascribit
2465 4046 2635 4115 operi,
2662 4042 2801 4113 quod
2829 4041 2930 4097 soli
2953 4040 3213 4110 competit
3234 4038 3533 4102 conditori;
3562 4052 3627 4091 ac
3648 4038 3797 4092 rebus

2225 4136 2415 4193 creatis
2442 4134 2799 4190 communicat
2826 4131 3099 4203 privilegia
3150 4129 3462 4199 majestatis,
3497 4137 3552 4183 et
3596 4128 3796 4187 indebi-

2225 4237 2332 4282 tam
2361 4234 2619 4281 creaturae
2649 4226 2938 4295 potentiam
2993 4236 3160 4294 usque
3189 4221 3255 4275 ad
3305 4220 3523 4275 factoris
3568 4219 3797 4274 extendit

2225 4316 2492 4386 injuriam.
2526 4315 2581 4371 Si
2629 4315 2765 4369 bene
2794 4312 3124 4384 requiramus
3162 4310 3228 4365 ad
3256 4324 3387 4380 quos
3417 4325 3602 4364 rerum
3632 4309 3797 4365 exitus

2225 4408 2461 4462 animum
2492 4406 2714 4474 referas,
2750 4405 2865 4459 haec
2896 4405 2978 4459 vel
3012 4403 3241 4457 maxime
3270 4401 3541 4456 diabolum
3573 4400 3795 4457 crudeli-

532 4502 721 4544 secnm
752 4492 959 4544 tertiam
988 4501 1192 4560 partem
1233 4494 1506 4549 stellarum
1538 4511 1600 4550 ex
1642 4498 1748 4551 alto
1780 4472 2119 4567 proturbatus
2149 4472 2198 4531 D
2226 4509 2305 4555 tas
2333 4516 2397 4555 ex
2446 4500 2533 4555 illa
2585 4472 2756 4553 beatae
2784 4498 2926 4554 sedis
2971 4498 3201 4552 statione
3225 4495 3477 4559 devolvit,
3502 4505 3556 4551 et
3584 4508 3795 4567 propter

536 4580 823 4633 abstraxit.
853 4580 947 4635 Dic
977 4581 1105 4635 mihi
1133 4586 1175 4636 si
1222 4597 1414 4652 corpus
1457 4601 1562 4640 non
1595 4585 1774 4654 habet,
1808 4590 1863 4643 in
1909 4591 1998 4647 illa
2029 4592 2120 4648 de-

535 4668 767 4737 jectione
793 4672 882 4739 qui
905 4672 1137 4727 decidit?
1160 4674 1287 4743 quid
1314 4674 1391 4730 illi
1416 4689 1577 4746 negas
1600 4680 1936 4747 corporalem
1967 4693 2118 4738 natu-

533 4772 675 4823 ram,
703 4761 853 4829 cujus
885 4777 1079 4832 negare
1108 4781 1211 4820 non
1244 4766 1407 4820 audes
1428 4768 1676 4823 ruinam?
1708 4770 1860 4835 Etsi,
1886 4781 1943 4827 ut
1962 4774 2115 4840 dicis,

535 4861 730 4919 corpus
778 4866 885 4906 non
931 4854 1107 4921 habet,
1160 4871 1268 4911 non
1312 4857 1559 4927 ardebit;
1588 4861 1681 4915 ubi
1726 4870 1902 4917 autem
1931 4866 2032 4919 nisi
2062 4866 2117 4919 in

534 4953 765 5011 corpore
792 4944 985 5000 sentiet
1014 4947 1190 5013 ignem
1222 4947 1389 5014 illum,
1424 4952 1513 5019 qui
1545 4959 1760 5020 paratus
1792 4964 1876 5010 est
1900 4955 2114 5012 diabolo

531 5040 588 5088 et
608 5033 811 5102 angelis
837 5035 983 5102 ejus?
1012 5035 1127 5090 Jam
1158 5036 1285 5090 illud
1316 5038 1420 5093 dici
1445 5040 1768 5108 superﬂuum
1796 5055 1944 5114 puto,
1967 5046 2113 5100 illum

530 5122 589 5177 in
611 5124 751 5180 aeris
771 5126 925 5180 istius
945 5130 1353 5183 conversatione
1381 5134 1671 5200 quamdam
1703 5138 2113 5195 crassitudinem

536 5211 606 5267 de
648 5214 1029 5271 elementorum
1078 5218 1418 5274 concretione
1474 5225 1720 5281 traxisse.
1771 5225 1867 5282 Dic
1909 5227 2039 5284 mihi
2068 5230 2111 5285 si

603 5398 631 5465 ξι
658 5388 906 5465 ξξθτεθτη
932 5397 1155 5465 respicit.

598 5456 629 5496 ι’
659 5456 908 5529 Margar.,
938 5456 1129 5521 deerat.

528 5529 907 5657 ιπίῗιίἳῖιίῗεὲἴδ
944 5533 1067 5598 am
1096 5553 1209 5601 Cum
1234 5540 1308 5594 ita
1342 5542 1460 5610 3W2
1484 5547 1571 5617 (1κὶ
1597 5548 1664 5605 de
1695 5548 1807 5607 loco
1836 5553 1904 5607 ad
1932 5554 2098 5608 locum

755 5641 767 5666 ς
794 5640 897 5657 νον.

600 5664 629 5705 ⁸
656 5664 1166 5759 Margarq‘vitialur.

2222 4591 2325 4645 hoc
2347 4590 2519 4659 angeli
2550 4588 2779 4659 perdidit
2822 4588 3156 4656 dignitatem,
3184 4586 3310 4641 dum
3362 4599 3420 4641 se
3457 4586 3552 4640 Dei
3600 4600 3794 4656 ρων-

2222 4683 2317 4737 mit
2348 4681 2543 4736 habere
2576 4682 2837 4735 naturam.
2870 4677 2887 4716 τ
2917 4678 3062 4734 Unus
3106 4693 3231 4748 ergo
3258 4678 3396 4732 Deus
3424 4676 3788 4746 incorporeus,

2218 4775 2344 4846 quia
2388 4783 2439 4829 et
2468 4772 3041 4845 incomprehensibilis,
3091 4780 3144 4826 et
3190 4772 3384 4840 ubique
3429 4768 3692 4836 diffusus;
3728 4783 3791 4823 ex

2221 4866 2422 4946 n’ullius
2486 4866 2626 4921 enim
2674 4864 2893 4919 factura:
2956 4876 3181 4931 corpore
3238 4861 3515 4916 materiale
3570 4862 3790 4929 sumpsit

2224 4960 2521 5015 exordium.
2554 4958 2620 5013 Et
2648 4958 2769 5015 ideo
2809 4965 3110 5017 coaeternus
3138 4956 3302 5011 Filius
3330 4956 3508 5021 Patri,
3556 4955 3683 5025 quia
3726 4967 3787 5008 ex

2217 5050 2365 5106 nullo
2392 5064 2553 5119 opere
2584 5042 2847 5114 cenditus,
2895 5047 3163 5118 nullisque
3210 5047 3371 5102 initiis
3396 5044 3787 5102 circumscribi-

2218 5149 2339 5204 tur;
2371 5154 2531 5208 super
2561 5141 2739 5195 omnia
2782 5152 2899 5210 quae
2944 5137 3107 5208 figulo
3140 5152 3237 5194 suo
3288 5134 3786 5206 comprehensibilia

2217 5242 2375 5303 atque
2419 5245 2676 5302 corporea
2704 5231 2841 5288 intra
2884 5230 3140 5286 mundum
3187 5243 3382 5299 corpus
3427 5237 3683 5299 operatus
3709 5232 3787 5282 est

2288 5424 2310 5452 ε
2343 5414 2425 5469 Ab
2455 5414 2557 5469 hoc
2584 5414 2748 5469 verbo
2769 5428 2888 5483 quae
2916 5423 3208 5483 sequuntur
3239 5431 3341 5472 non
3365 5426 3489 5472 sunt
3516 5416 3571 5469 in
3592 5428 3789 5471 excuso

2209 5483 2707 5609 godicgehlargarini
2739 5498 2905 5555 usque
2937 5483 3009 5541 ad
3031 5486 3122 5543 illa
3166 5487 3327 5543 verba
3382 5488 3436 5542 in
3464 5485 3570 5544 ﬁne
3597 5502 3612 5541 :
3644 5483 3785 5541 Unus

2265 5572 2329 5609 σο
2439 5571 2515 5607 us.

2264 5572 2329 5625 9.0
2346 5572 2515 5625 ,ueus-

2213 5623 2452 5752 “gnate
2475 5638 2641 5701 usque
2669 5638 2771 5685 ms.
2803 5627 2971 5695 codex
3014 5627 3199 5695 habuit
3240 5641 3303 5689 ea
3334 5642 3454 5701 qua
3492 5629 3551 5689 in
3575 5626 3788 5700 νωμιο
