4068 6348
312 240 419 298 845

1776 198 2153 293 spissum.

3475 256 3583 316 846

310 354 629 422 incorporea
657 361 941 422 majestate
987 350 1318 410 diﬁ‘unditur.
1371 349 1450 404 Ex
1482 349 1721 418 ingenito
1747 346 1898 441 geni-
1923 347 1978 408 A
2007 346 2070 403 Et
2113 364 2181 405 ne
2222 366 2374 422 spem
2422 364 2658 413 nostram
2700 357 2752 415 in
2796 361 2908 418 sola
2955 362 3075 420 ﬁdei
3120 374 3269 435 parte
3299 382 3578 441 ponamus,

309 456 416 511 tus,
454 445 505 499 id
532 455 635 513 est,
662 462 729 501 ex
750 446 932 518 Patre,
965 450 1057 505 sed
1084 462 1297 517 semper
1322 461 1443 502 cum
1476 444 1635 499 Patre
1662 442 1746 497 his
1775 438 1894 511 quae

304 538 564 592 excitavit
594 554 656 593 ex
692 539 885 609 nihilo,
918 540 1200 598 indiscreta
1242 540 1411 595 sancti
1452 538 1685 608 Spiritus
1725 536 1894 592 socie-

305 638 418 684 tate
451 629 775 686 dominatur.
804 633 1001 687 Amen.
1816 648 1819 657 “

849 723 1182 779 EPISTOLA
1222 722 1287 776 Ν
1320 732 1368 775 ει.

312 826 505 869 ηυετι
532 828 839 870 κιεεςιειςειε
865 831 1163 871 ωιωλῐωω
1194 830 1447 882 EPISCOPI,
1471 832 1536 869 AD
1567 826 1898 869 BENEDICTUI

940 903 1203 942 psuuuou
1229 886 1278 939 δ.
1732 915 1745 922 -

385 997 717 1053 Admiranda
742 998 873 1053 mihi
901 1014 1114 1069 semper
1142 1009 1355 1054 tuarum
1389 1001 1578 1070 pagina
1601 998 1897 1053 litterarum

311 1104 456 1145 nunc
483 1090 839 1146 abundantius
867 1093 1077 1162 gemina
1121 1093 1318 1162 eloquii
1345 1101 1401 1149 et
1440 1092 1562 1147 ﬁdei
1604 1092 1719 1146 luce
1764 1106 1900 1161 prte-

312 1179 481 1250 fuisit,
510 1181 634 1236 dum
684 1197 845 1253 super
893 1192 1036 1239 statu
1083 1185 1277 1239 anima:
1324 1195 1346 1223 ε
1377 1186 1617 1255 cogitans
1645 1225 1660 1249 ,
1709 1184 1899 1240 timore

311 1272 544 1330 sollicito
585 1273 783 1343 judicia
834 1274 1011 1330 futura
1058 1278 1314 1346 suspirat.
1363 1277 1451 1332 Ait
1496 1276 1725 1346 quodam
1780 1276 1898 1330 lu'co

312 1379 497 1422 sermo
524 1366 734 1422 divinus
761 1382 776 1419 :
806 1367 970 1424 Recte
994 1368 1346 1439 interroganti
1377 1369 1637 1437 sapientia
1682 1376 1898 1437 reputa-

313 1459 477 1516 bitur.
512 1460 765 1527 Qumdam
797 1462 939 1516 enim
968 1462 1206 1518 scientiae
1251 1464 1426 1532 portio
1456 1470 1559 1527 est,
1591 1463 1729 1516 scire
1760 1461 1898 1530 quod

313 1555 512 1619 nescis,
540 1562 594 1609 et
617 1568 680 1608 ea
705 1569 823 1624 quae
847 1555 1155 1623 ignoranter
1176 1569 1281 1609 non
1311 1553 1583 1623 intelligis,
1609 1554 1901 1623 prudenter

315 1644 607 1716 inquirere.
662 1644 839 1700 Primo
872 1647 989 1701 loco
1040 1647 1413 1716 inquirendum
1447 1648 1675 1715 putasti;
1725 1646 1769 1700 si
1817 1646 1898 1701 in-

2000 442 2073 497 ita
2122 445 2385 501 conclusit
2424 462 2439 500 :
2487 449 2636 506 Sicut
2678 469 2859 523 corpus
2917 459 3025 512 sine
3083 461 3263 529 spiritu
3322 446 3583 520 mortuum

1998 543 2092 602 est,
2122 536 2194 589 ita
2231 545 2278 590 et
2323 538 2449 605 ﬁdes
2496 542 2605 596 sine
2640 545 2871 608 operibus
2919 556 3119 602 mortua
3158 561 3249 617 est,
3298 552 3415 609 sine
3466 557 3585 626 qui-

2001 627 2100 682 bus
2143 629 2357 685 inanem
2416 646 2536 689 esse
2605 635 2873 693 hominem
2934 640 3092 695 dixit.
3162 643 3379 701 Multum
3432 648 3583 705 sinti-

2003 721 2129 776 lium
2182 724 2653 795 testimoniorum,
2724 732 2900 786 studio
2976 733 3256 790 brevitatis
3314 739 3579 799 omittam.

2001 812 2292 885 Apostolus
2331 816 2548 886 Paulus,
2590 819 2656 875 de
2700 822 2851 890 cujus
2895 832 3110 894 pectore
3150 829 3301 897 quasi
3339 830 3405 886 de
3447 839 3583 889 tem-

2003 907 2092 977 plo
2131 922 2227 962 suo
2268 907 2524 965 Dominus
2554 912 2886 984 loquebatur,
2920 919 3160 988 nunquid
3198 918 3376 976 ‘solam
3422 924 3585 981 ﬁdem

2004 1000 2106 1056 sibi
2134 1000 2391 1069 judicavit
2437 1002 2503 1056 ad
2534 1004 2833 1072 superanda
2868 1008 3050 1063 mundi
3086 1012 3225 1067 maia
3257 1029 3413 1083 posse
3438 1030 3585 1071 com-

2003 1099 2210 1162 petere,
2252 1093 2321 1147 ita
2355 1094 2571 1150 dicens?
2604 1095 2798 1167 Corpus
2824 1115 2991 1153 meum
3030 1103 3221 1173 castigo
3256 1114 3303 1157 et
3338 1108 3391 1160 in
3433 1110 3587 1163 servi-

2007 1190 2159 1237 tutem
2206 1184 2417 1255 redigo,
2468 1201 2529 1238 ne
2574 1188 2701 1257 forte
2752 1204 2863 1241 cum
2913 1191 3028 1246 aliis
3077 1194 3433 1263 prtedicavero,
3479 1199 3588 1265 ipse

2005 1275 2246 1344 reprobus
2272 1276 2476 1344 afﬁcior.
2512 1276 2652 1332 Ecce
2678 1293 2773 1347 per
2803 1280 2927 1333 vitia
2950 1284 3187 1351 corporis
3216 1288 3476 1356 reprobus
3492 1290 3588 1345 ﬁe-

2006 1365 2052 1419 ri
2086 1367 2411 1434 pertimescit
2431 1383 2444 1431 ;
2461 1368 2567 1437 jam
2592 1370 2866 1437 probatus,
2895 1387 2993 1441 per
3009 1376 3280 1432 mortifera
3294 1382 3590 1437 carnalium

2005 1460 2247 1529 contagia
2282 1460 2609 1528 passionum,
2637 1475 2730 1515 vas
2756 1465 3096 1520 contumeliae
3120 1467 3233 1524 ﬁeri
3254 1472 3465 1537 metuit,
3494 1474 3586 1544 qui

2001 1548 2112 1617 jam
2142 1563 2233 1603 vas
2260 1550 2537 1607 electionis
2566 1550 2786 1607 eﬁ‘ectus
2809 1556 2924 1609 est!
2956 1555 3241 1615 Videamus
3268 1564 3310 1617 si
3335 1563 3455 1619 vitae
3477 1580 3591 1621 suae

2010 1640 2285 1711 prodigum
2312 1640 2444 1697 ﬁdes
2467 1643 2580 1698 sola
2609 1642 2889 1711 defendat;
2924 1655 2978 1702 et
3004 1648 3300 1718 baptizatus
3323 1654 3404 1723 (ut
3435 1655 3591 1727 dicis)

315 1736 687 1792 cumbentibus
710 1745 965 1791 extremae
996 1737 1333 1792 necessitatis
1372 1737 1631 1806 angustiis
1661 1751 1901 1790 momen-
1930 1723 1979 1784 Β
2002 1731 2111 1800 jam
2139 1732 2314 1801 perire
2360 1749 2465 1788 non
2508 1736 2695 1804 possit.
2732 1737 2975 1806 Agnosce
3000 1743 3268 1809 quomodo
3308 1747 3443 1803 mala
3476 1723 3591 1802 car;-

316 1840 469 1886 tanea
505 1830 815 1899 poenitentia
843 1830 1083 1898 capitalis
1114 1830 1329 1884 inimica
1361 1829 1710 1899 persuasione
1754 1844 1904 1884 men-

318 1926 468 1987 titur,
520 1927 607 1994 qui
658 1923 890 1977 maculas
940 1924 1094 1992 longa
1162 1931 1318 1977 mtate
1364 1930 1666 1977 contractas
1714 1922 1903 1978 subitis

316 2015 475 2071 etiam
504 2013 775 2068 inutilibus
802 2013 1091 2067 abolendas
1113 2012 1399 2082 gemitibus
1441 2014 1735 2068 arbitratur
1761 2031 1771 2064 :
1800 2028 1903 2082 quo

319 2116 559 2177 tempore
608 2105 874 2159 confessio
917 2120 1035 2159 esse
1085 2113 1281 2173 potest,
1310 2106 1603 2159 satisfactio
1649 2119 1765 2158 esse
1798 2120 1901 2159 non

256 2196 259 2201 “
316 2205 513 2273 potest.
546 2198 677 2250 Nam
706 2196 830 2266 quia
862 2196 996 2250 Deus
1020 2212 1121 2249 non
1148 2197 1423 2261 irridetur;
1468 2200 1581 2267 ipse
1610 2211 1667 2249 se
1697 2196 1906 2264 decepit

254 2284 261 2287 ”
318 2289 408 2360 qui
438 2296 662 2342 mortem
693 2287 871 2341 multis
902 2286 1227 2357 temporibus
1275 2287 1423 2352 vicit,
1456 2295 1510 2341 ct
1552 2286 1619 2340 ad
1662 2301 1904 2355 quaeren—

316 2378 440 2437 dam
466 2380 601 2433 viam
626 2381 734 2448 jam
764 2374 1059 2434 semivivus
1086 2380 1334 2449 assurgit,
1370 2389 1426 2433 ut
1470 2389 1593 2434 tunc
1633 2379 1903 2435 officiosus

317 2483 591 2544 appareat,
626 2473 837 2542 quando
874 2473 1153 2527 dominicae
1186 2472 1429 2526 servituti
1457 2472 1634 2526 omnia
1662 2471 1904 2540 corporis

318 2574 374 2623 et
421 2566 612 2619 anima:
658 2564 1040 2619 subtrahuntur
1082 2564 1278 2619 oflicia.
1311 2565 1467 2621 Circa
1506 2564 1901 2633 exsequendum

319 2658 590 2714 interioris
618 2658 848 2712 hominis
877 2658 1157 2713 sanitatem
1177 2702 1192 2726 ,
1227 2674 1330 2712 non
1380 2658 1551 2713 solum
1603 2656 1901 2726 accipiendi

319 2752 585 2819 voluntas,
635 2752 728 2808 sed
760 2752 950 2823 agendi
998 2761 1337 2822 exspectatur
1380 2754 1599 2832 utilitas.
1652 2753 1722 2805 lta
1760 2751 1899 2806 enim

320 2844 575 2915 legimus;
610 2844 669 2900 Si
690 2844 906 2916 (inquit)
934 2854 1166 2915 peccator
1188 2845 1530 2915 paenitentiam
1556 2849 1654 2917 egit
1674 2862 1765 2912 pro
1790 2861 1903 2915 pec-

319 2940 448 2995 catis
489 2938 591 2993 suis
622 2939 820 3010 (egerit,
851 2938 1190 3003 memoravit,
1223 2952 1328 2992 non
1360 2938 1531 2991 solum
1562 2936 1714 2997 dixit,
1761 2952 1893 2989 acce-

266 3027 271 3037 ’
318 3030 498 3102 perit),
528 3032 579 3083 in
600 3048 717 3097 sua,
759 3030 948 3100 inquit,
969 3032 1179 3102 justitia
1216 3047 1370 3100 quam
1399 3040 1638 3101 operatus
1666 3038 1741 3083 est
1765 3030 1897 3083 vivit.

2009 1824 2169 1890 naiia,
2213 1824 2444 1882 alienum
2468 1842 2496 1880 a
2530 1827 2639 1883 Deo
2670 1828 2865 1886 faciant
2885 1832 3239 1891 obscenarum
3269 1841 3591 1909 mancipium

2008 1916 2359 1985 voluptatum.
2418 1917 2497 1972 Ad
2549 1917 2766 1976 Galatas
2821 1924 2895 1977 ait
2942 1924 3273 1992 Apostolus:
3316 1930 3593 2003 Manifesta

2008 2017 2125 2062 sunt
2156 2025 2310 2076 opera
2358 2013 2557 2075 carnis;
2588 2028 2702 2081 qua:
2730 2025 2868 2079 sunt,
2914 2019 3206 2086 fornicatio,
3240 2023 3588 2093 immunditia,

2008 2101 2237 2166 luxuria,
2280 2103 2629 2169 homicidium,
2669 2107 2948 2173 ebrietates,
3001 2115 3403 2181 comessationes,
3438 2128 3484 2171 et
3515 2120 3593 2174 his

2007 2193 2194 2246 similia
2213 2208 2231 2255 ;
2249 2194 2336 2263 qui
2363 2196 2489 2247 talia
2513 2196 2728 2264 faciunt,
2742 2212 2954 2267 regnum
2971 2199 3069 2254 Dei
3090 2219 3190 2257 non
3204 2217 3587 2276 consequentur.

2007 2283 2139 2339 Item
2172 2285 2237 2345 ad
2275 2285 2536 2361 Ephesios
2567 2305 2578 2339 :
2612 2289 2789 2343 Omnis
2819 2292 3123 2360 fornicator,
3168 2308 3257 2350 aut
3279 2300 3591 2368 immundus,

2007 2384 2096 2428 aut
2125 2391 2306 2429 avarus
2336 2378 2579 2447 (quodest
2600 2379 2859 2432 idolorum
2874 2384 3110 2453 servitus)
3134 2402 3236 2439 non
3257 2388 3454 2443 habebit
3482 2389 3591 2445 ha:-

2006 2468 2271 2523 reditatem
2302 2470 2353 2521 in
2382 2486 2535 2538 regno
2558 2470 2747 2525 Christi
2775 2484 2820 2527 et
2849 2474 2965 2528 Dei.
2998 2476 3127 2531 Sine
3157 2480 3321 2535 dubio
3343 2484 3592 2540 exclusus

2007 2576 2239 2632 aregno,
2286 2561 2496 2617 inferno
2544 2573 2597 2618 et
2649 2567 2807 2620 morti
2836 2578 2918 2622 est
2949 2572 3363 2639 mancipandus;
3396 2575 3594 2633 multos

2006 2664 2182 2711 autem
2237 2656 2549 2723 baptizatos,
2598 2659 2743 2713 salva
2789 2660 2890 2715 lide
2948 2661 3173 2719 diversis
3203 2668 3491 2737 generibus
3536 2672 3592 2726 in

2007 2756 2263 2801 aeternum
2296 2749 2470 2816 perire
2492 2750 2830 2805 manifestum
2880 2763 2982 2808 est.
3017 2756 3203 2825 Arguit
3244 2773 3425 2815 sermo
3454 2763 3591 2819 divi-

2008 2856 2106 2894 nus
2130 2855 2233 2894 non
2259 2847 2681 2909 transgressores
2703 2843 2849 2911 ﬁdei,
2867 2859 2973 2899 non
3001 2848 3250 2916 baptismi
3278 2849 3589 2924 violatores,

2006 2932 2098 2985 sed
2128 2946 2220 2987 eos
2250 2934 2338 3002 qui
2365 2932 2739 2987 misericordes
2768 2949 2887 2989 esse
2908 2936 3265 3006 neglexerint,
3286 2940 3471 2997 dicens
3491 2948 3589 3016 ju-

2006 3026 2169 3078 dicari
2191 3026 2299 3078 sine
2312 3024 2659 3076 misericordia
2682 3041 2795 3077 eum
2815 3027 2902 3092 qui
2922 3043 3019 3080 non
3035 3029 3152 3097 fecit
3166 3030 3587 3090 misericordiam.

318 3122 571 3179 Advertis
621 3122 760 3194 quod
809 3121 1111 3191 hujusmodi
1158 3123 1441 3187 medicina,
1491 3124 1628 3177 sicut
1676 3139 1769 3178 ore
1809 3138 1902 3192 po-
1930 3096 1975 3157 (ἶ
2008 3118 2073 3173 Ει
2103 3120 2328 3173 iterum:
2364 3116 2588 3181 Esurivi,
2613 3128 2784 3172 etnon
2816 3119 3026 3175 dedistis
3072 3122 3200 3176 mihi
3241 3128 3591 3195 manducare;

317 3215 536 3281 scenda,
572 3216 643 3269 ita
688 3230 851 3285 opere
896 3216 1314 3271 consummanda
1337 3217 1460 3270 est?
1501 3217 1762 3272 Insultare
1796 3219 1905 3274 Deo

318 3307 542 3364 videtur
570 3306 659 3376 qui
698 3306 790 3362 illo
818 3316 1055 3376 tempore
1084 3308 1148 3361 ad
1196 3308 1459 3363 medicum
1512 3310 1682 3365 noluit
1724 3312 1904 3366 venire

319 3416 425 3472 quo
454 3400 659 3469 potuit;
685 3408 737 3455 et
769 3400 883 3465 illo,
903 3409 1025 3454 tunc
1050 3402 1232 3472 incipit
1258 3403 1416 3470 velle,
1446 3420 1551 3474 quo
1580 3422 1684 3461 non
1711 3416 1901 3475 potest.

320 3495 469 3564 Opus
500 3493 678 3562 itaque
709 3502 809 3558 est,
836 3504 889 3547 ut
915 3509 1071 3563 quam
1097 3495 1149 3549 in
1176 3497 1446 3565 peccando
1482 3497 1579 3552 fuit
1604 3499 1829 3569 abrupta
1855 3508 1908 3553 et

322 3593 505 3657 vegeta
529 3584 593 3638 ad
628 3585 820 3639 malum
865 3588 1056 3640 mentis
1084 3588 1337 3653 intentio;
1374 3599 1511 3643 tanta
1543 3592 1609 3643 sit
1641 3594 1691 3644 in
1726 3584 1906 3646 vulne-

324 3692 440 3733 rum
463 3678 736 3733 curationc
758 3678 991 3733 devotio.
1012 3679 1261 3734 Secundo
1279 3682 1513 3750 quaesiSti
1537 3683 1677 3747 loci»,
1692 3681 1718 3719 (λ
1733 3695 1904 3738 utrum

322 3769 434 3824 sola
467 3769 706 3838 proﬁciat
753 3768 819 3823 ad
871 3770 1095 3824 salutem
1142 3770 1311 3826 unicae
1358 3772 1578 3825 scicntia
1610 3773 1905 3829 Trinitatis.

322 3863 379 3919 In
410 3860 566 3917 rebus
594 3861 786 3915 divinis
814 3877 918 3916 non
951 3862 1123 3915 solum
1152 3862 1406 3916 credendi
1437 3864 1571 3916 ratio
1594 3866 1904 3933 requiritur,

321 3952 418 4013 sed
446 3953 703 4023 placendi.
726 3952 884 4007 Fides
906 3968 1033 4023 ergo
1058 3953 1196 4008 nuda
1222 3954 1445 4019 meritis,
1473 3956 1643 4010 inanis
1672 3965 1725 4009 et
1745 3972 1906 4010 vacua

321 4053 410 4103 est
430 4087 445 4112 ,
480 4047 618 4099 sicut
648 4045 933 4114 Apostolus
964 4045 1093 4099 dicit
1120 4063 1130 4097 :
1162 4044 1297 4111 Quid
1325 4047 1526 4116 prodest
1555 4047 1599 4099 si
1618 4047 1771 4112 ﬁdem
1799 4050 1909 4113 quis

322 4153 377 4195 se
408 4137 541 4190 dicat
581 4137 785 4205 habere,
830 4151 985 4206 Opera
1034 4146 1205 4188 autem
1253 4153 1355 4189 non
1399 4137 1624 4191 habeat?
1666 4135 1907 4206 Nunquid

322 4236 503 4300 potest
530 4242 747 4283 servare
773 4229 931 4282 eum?
960 4228 1209 4296 Sequitur
1231 4229 1370 4282 enim
1404 4247 1414 4279 :
1442 4226 1601 4284 Fides
1627 4230 1671 4282 si
1692 4246 1793 4284 non
1815 4210 1906 4281 Ἰιηο

324 4310 438 4373 beat
468 4336 638 4389 opera,
674 4330 871 4372 mortua
892 4327 963 4371 est
992 4320 1042 4371 in
1069 4320 1356 4388 semetipsa.
1385 4320 1487 4374 Sed
1518 4320 1639 4374 dicit
1669 4322 1803 4391 quis,
1831 4320 1908 4373 Tn

324 4409 479 4481 ﬁdem
508 4409 657 4463 habes
686 4420 731 4463 et
778 4427 866 4481 ego
896 4424 1051 4477 Opera
1092 4408 1294 4475 habeo;
1339 4413 1545 4465 ostende
1593 4413 1718 4466 mihi
1754 4414 1906 4481 ﬁdem

325 4512 468 4557 tnam
491 4503 598 4555 sine
628 4502 882 4569 aperibus,
925 4514 972 4557 et
1000 4521 1091 4573 ego
1140 4505 1399 4558 ostendam
1431 4506 1520 4557 tibi
1564 4522 1625 4560 ea:
1672 4507 1906 4575 operibus

324 4682 703 4745 credulitatem
737 4697 842 4735 non
888 4684 1162 4752 probatur.
1216 4686 1347 4740 Nam
1379 4688 1503 4743 dum
1534 4691 1673 4745 scire
1711 4698 1764 4745 et
1790 4706 1909 4746 cre-

232 4796 241 4805 '
325 4777 458 4835 dere
479 4776 640 4830 etiam
671 4773 913 4828 diabolus
945 4775 1245 4841 invenitur;
1278 4778 1414 4832 sicut
1459 4778 1597 4834 idem
1625 4782 1909 4849 Apostolus

325 4868 460 4926 dicit
490 4858 503 4922 ἐ
536 4867 613 4921 Tu
644 4866 809 4929 credis
837 4868 974 4936 quod
1014 4881 1147 4921 unus
1175 4875 1247 4922 est
1295 4868 1457 4935 Deus,
1489 4875 1761 4942 benefacis,
1792 4891 1909 4930 nam

324 4971 376 5020 et
405 4961 657 5016 dwmones
682 4958 894 5012 credunt
918 4968 963 5012 et
996 4958 1386 5014 contremiscunt
1416 4976 1434 5015 :
1464 4963 1536 5015 vis
1566 4973 1736 5018 autem
1760 4968 1904 5035 scire,

329 5072 361 5113 ο
390 5055 539 5107 homo
578 5053 764 5119 inanis,
794 5053 929 5123 quod
962 5052 1090 5121 ﬁdes
1134 5055 1244 5119 sine
1284 5054 1516 5123 operibus
1560 5067 1761 5111 mortua
1798 5062 1913 5119 est?

329 5145 588 5203 Abraham
609 5156 753 5201 pater
771 5156 939 5203 noster
954 5162 1119 5203 uenite
1140 5163 1202 5203 ea:
1221 5147 1457 5218 operibus
1470 5149 1781 5222 justiﬁcatus
1805 5158 1914 5210 est?

453 5352 579 5407 Hazc
608 5349 832 5419 epistola
863 5349 1003 5418 apud
1026 5349 1295 5407 Canisium
1324 5360 1539 5408 notatur
1567 5354 1732 5409 XVII.

405 5423 430 5460 δ
463 5422 584 5477 Haec
612 5421 838 5493 epistola
864 5430 918 5493 et
946 5422 1219 5493 sequentia
1245 5437 1365 5491 quae
1393 5422 1751 5493 subjiciuntur
1776 5427 1909 5483 Fau-

333 5493 401 5548 Sli
428 5492 865 5565 opusculam'caute
890 5490 1140 5565 legenda,
1168 5501 1224 5544 ut
1242 5490 1377 5565 pote
1399 5490 1571 5565 ,opera
1615 5497 1816 5565 rejecta
1862 5508 1915 5554 et

331 5560 579 5637 damnata
612 5576 641 5615 a
673 5562 911 5637 llomana
941 5560 1200 5616 Ecclesia.
1232 5560 1362 5637 tium
1391 5560 1593 5631 judicio
1624 5560 1743 5637 lege
1793 5585 1914 5636 qua:

334 5634 419 5688 hic
458 5633 688 5688 Faustus
718 5630 970 5686 disserit:
1006 5646 1126 5683 nam
1160 5631 1259 5685 etsi
1297 5643 1541 5688 extrema
1595 5630 1919 5694 necessitate

335 5715 707 5762 momentanea
751 5712 880 5757 vera
918 5698 1238 5765 poenitentia
1263 5702 1482 5760 difﬁcile
1513 5706 1793 5770 habeatur.
1827 5726 1919 5767 ve-
1954 5700 1959 5705 ’

1937 4470 1990 4531 D

323 4594 485 4666 ﬁdem
508 4594 701 4643 nteant!
729 4591 1028 4646 Secundum
1059 4595 1193 4660 hsce,
1226 4594 1475 4651 sufﬁcere
1507 4612 1601 4665 per
1643 4612 1700 4653 se
1740 4600 1905 4654 solam
1941 4660 1944 4664 Α

2007 3212 2143 3266 sitivi
2184 3219 2229 3263 et
2258 3227 2361 3264 non
2386 3209 2600 3263 dedistis
2629 3211 2753 3263 mihi
2791 3210 2986 3278 bibere;
3016 3211 3200 3286 hospes
3228 3232 3389 3284 eram,
3418 3229 3465 3273 et
3491 3206 3592 3274 non

2010 3306 2283 3377 collegistis
2298 3322 2405 3369 nte;
2423 3306 2612 3371 nudus,
2629 3314 2676 3359 et
2694 3321 2792 3359 non
2809 3307 3079 3376 operuistis
3092 3324 3189 3362 me.
3207 3309 3265 3366 Si
3283 3311 3368 3366 hic
3389 3286 3589 3369 sinistri

2009 3400 2183 3470 gregis
2215 3412 2465 3455 numerus
2489 3398 2687 3453 donum
2715 3400 3045 3469 baptismatis
3070 3403 3591 3472 ignorasset,inﬁde-

2013 3493 2212 3546 Iitatcm
2243 3493 2320 3545 eis
2364 3500 2417 3544 et
2466 3490 2794 3560 impietatem
2830 3492 3075 3561 primitus
3116 3495 3435 3566 objecisset;
3468 3499 3587 3566 sed,

2012 3583 2306 3653 baptizatos
2351 3583 2494 3649 licet,
2542 3583 2608 3635 ab
2662 3584 2913 3652 operibus
2946 3594 3123 3640 tamen
3175 3586 3329 3643 bonis
3368 3605 3588 3658 vacuos,

2012 3677 2169 3731 morti
2189 3676 2408 3744 deputat
2425 3687 2475 3729 et
2494 3676 2720 3729 [laminis
2740 3679 3065 3745 perennibus
3082 3678 3426 3751 derelinquit,
3441 3694 3496 3740 et
3514 3699 3594 3739 se-

2013 3769 2285 3822 veritatem
2300 3767 2579 3823 sententia:
2593 3766 2662 3818 ita
2676 3766 2973 3821 concludit:
2996 3767 3268 3834 Discedite,
3285 3771 3474 3841 inquit,
3491 3790 3595 3827 ma-

2012 3850 2261 3926 ledicti,’a
2284 3877 2359 3912 me
2382 3860 2431 3911 in
2464 3860 2629 3928 ignem
2651 3866 2920 3925 azternum,
2946 3862 3034 3928 qui
3061 3868 3271 3929 paratus
3296 3873 3368 3914 est
3389 3864 3593 3925 diabolo

2014 3962 2059 4006 et
2087 3950 2279 4019 angelis
2297 3952 2442 4019 ejus;
2466 3958 2518 4003 et
2541 3962 2782 4003 rursum:
2808 3947 3383 4021 Triticumcongregavit
3398 3954 3449 4006 in
3472 3954 3593 4015 hor-

2013 4060 2154 4098 reum
2172 4058 2339 4106 suum,
2356 4041 2530 4110 paleas
2553 4054 2723 4093 autem
2739 4040 3011 4093 combussit
3030 4041 3148 4111 igne
3170 4042 3592 4115 inexstinguibili.

2015 4136 2260 4192 Similiter
2292 4134 2549 4204 (inquam)
2574 4134 2713 4185 ibunt
2739 4134 2793 4186 in
2814 4133 2966 4186 vitam
2996 4142 3257 4199 cetemam,
3280 4134 3379 4203 illi
3399 4153 3514 4190 vero
3544 4139 3595 4190 in

2012 4228 2323 4296 supplicium
2372 4235 2638 4279 ceternum.
2680 4224 2820 4278 Inter
2865 4224 2981 4278 haec
3032 4224 3211 4278 videat
3253 4226 3475 4298 quisque
3525 4243 3594 4282 ne

2015 4320 2320 4377 mendacem
2352 4326 2537 4388 arguat
2568 4318 2731 4371 Deum
2750 4317 2814 4371 de
2830 4317 3218 4385 pollicitatione
3234 4321 3436 4387 prtemii
3459 4362 3476 4388 ,
3503 4324 3594 4391 qui

2015 4412 2219 4469 dubitat
2246 4412 2313 4467 de
2337 4410 2636 4465 aeternitate
2664 4409 2931 4479 supplicii.
2962 4409 3076 4465 Non
3117 4410 3191 4464 ita
3215 4403 3324 4477 est;
3356 4427 3478 4469 nam
3501 4413 3595 4483 qui

2018 4506 2161 4562 novit
2199 4506 2388 4574 punire
2418 4510 2654 4572 peccata.
2699 4500 2824 4556 Tria
2853 4500 3030 4571 itaque
3058 4501 3173 4557 hate
3200 4502 3483 4571 capitalia;
3510 4492 3595 4558 sa-

2016 4597 2315 4665 crilegium,
2358 4595 2705 4659 adulterium,
2743 4591 3132 4657 homicidium;
3160 4593 3262 4653 nisi
3296 4594 3382 4648 hic
3428 4598 3599 4669 perte-

2017 4701 2115 4747 cite
2139 4690 2470 4761 poenitentiae
2490 4688 2691 4743 fuerint
2715 4684 2931 4756 e'xpiata
2958 4686 3236 4753 remediis,
3271 4690 3600 4758 perennibus

2019 4782 2098 4838 illi
2125 4780 2609 4839 concremabuntur
2641 4778 2922 4835 incendiis.
2967 4778 3074 4834 Hos
3102 4777 3278 4849 itaque
3316 4781 3601 4837 immiseri-

2020 4874 2230 4939 cordes,
2268 4888 2297 4927 a
2352 4870 2455 4926 ﬁde
2485 4879 2538 4925 et
2563 4869 2828 4939 baptismo
2858 4884 2964 4925 non
2985 4869 3117 4941 legis
3146 4869 3468 4936 declinasse,
3502 4874 3596 4927 sed

2021 4974 2329 5041 perpetuam
2359 4970 2587 5017 mortem
2609 4960 2788 5015 divina
2819 4962 3100 5035 cognoscis
3126 4964 3449 5019 auctoritate
3479 4979 3598 5017 me-

2019 5059 2211 5115 ruisse.
2232 5056 2297 5110 Et
2319 5055 2421 5111 hoc
2443 5055 2603 5110 etiam
2626 5053 2862 5113 animum
2886 5060 3034 5113 tuum
3056 5054 3281 5123 provida
3299 5054 3351 5111 in
3366 5054 3600 5110 futurum

2021 5166 2148 5211 cura
2171 5149 2451 5215 sollicitat;
2478 5155 2659 5207 utrum
2681 5145 3070 5219 anima/exuta
3089 5161 3336 5219 corpore,
3367 5148 3611 5203 semien-A

2019 5372 2134 5414 ram
2165 5364 2342 5410 tamen
2372 5363 2428 5411 et
2470 5351 2763 5424 legitimam
2804 5352 3070 5424 interdum
3103 5365 3260 5424 posse
3304 5362 3426 5406 tunc
3466 5365 3599 5424 eon-

2018 5430 2227 5500 tingere
2276 5426 2453 5500 nullus
2490 5420 3118 5500 unquamhorth‘o‘doxus’
3158 5422 3436 5500 dubitavit.
3466 5420 3600 5474 Vide

2021 5492 2283 5555 Dominic.
2320 5497 2447 5553 Soto
2478 5496 2508 5548 4
2536 5492 2697 5559 εοήι..
2729 5495 2858 5549 dist.
2892 5494 2974 5560 l9,
3005 5510 3059 5564 q.
3088 5492 3143 5558 2,
3176 5501 3275 5548 art.
3305 5494 3357 5547 6.

2101 5581 2122 5608 ε
2150 5568 2299 5625 Alias
2326 5569 2514 5637 rogitat
2541 5578 2586 5621 et
2618 5568 2817 5620 timore.
3086 5634 3093 5637 Α
3168 5594 3171 5597 -

2095 5638 2123 5678 ά
2152 5642 2323 5698 Alias,
2364 5632 2528 5691 u'trum
2554 5638 2667 5691 sola
2697 5638 2906 5705 sufﬁciat
2926 5637 2994 5690 ad
3015 5632 3378 5705 salutem/idea
3400 5646 3465 5685 ea;
3489 5638 3605 5689 unt"

2030 5720 2128 5767 tate
2152 5709 2481 5767 scientia.....
2511 5706 2671 5765 Fides
2687 5702 2798 5764 sola
2820 5724 2923 5762 non
2950 5705 3159 5774 proﬁcit.
3178 5702 3506 5765 “diem.
