4068 6348
732 605 845 671 .~ipit
878 618 990 671 qun:
1010 609 1126 656 sunt
1152 600 1356 671 spiritus
1380 599 1475 652 Dei
1499 598 1549 669 (Ι
1574 596 1693 653 Cor.
1721 614 1777 661 ιι,
1802 599 1915 668 14).

716 712 789 751 se
822 696 1006 762 incipit
1034 692 1248 761 quando
1279 692 1503 746 honesta
1535 700 1588 746 et
1624 691 1915 759 spiritualia

652 804 659 827 ν
722 788 929 857 quando
977 786 1042 840 ad
1073 782 1237 839 divini
1269 784 1473 839 timoris
1503 782 1725 848 cultum,
1779 785 1917 853 vigo-

688 880 902 943 :ccndit,
929 876 1142 947 quando
1173 875 1239 929 ad
1267 890 1327 929 se
1356 874 1601 944 spiritum
1635 889 1729 943 per
1760 890 1916 928 mun-

582 972 792 1025 umoris
819 980 873 1024 et
900 984 995 1038 per
1021 966 1317 1023 custodiam
1339 966 1599 1019 castitatis
1621 965 1833 1030 invitat,
1860 973 1917 1018 ut

606 1072 685 1119 λιιι
737 1063 978 1132 Apostoli
1008 1059 1114 1115 dici
1147 1058 1332 1129 possit,
1376 1057 1476 1111 Vos
1509 1058 1627 1111 estis
1669 1055 1915 1124 templum

586 1190 587 1199 ι
620 1172 757 1209 titius
784 1155 876 1208 Dei
912 1153 1106 1206 habitat
1131 1154 1184 1204 in
1209 1147 1445 1221 vobis(II
1473 1148 1591 1203 Cor.
1625 1149 1757 1215 va).
1788 1147 1916 1212 Qua:

628 1272 691 1301 vm
722 1250 875 1301 insita
905 1259 1001 1313 per
1030 1252 1296 1307 naturam,
1330 1241 1423 1296 sed
1474 1241 1545 1294 ita
1576 1248 1699 1293 sunt
1728 1238 1915 1306 adjun-

480 1384 495 1393 .
576 1344 790 1393 “etiam
842 1345 899 1391 ut
951 1332 1185 1404 separari
1229 1331 1432 1402 possint
1461 1328 1662 1385 desidia
1687 1330 1915 1383 interce-

604 1478 607 1481 .
658 1431 881 1499 .ulpam,
927 1426 1077 1481 Unde
1136 1423 1274 1478 idem
1304 1422 1591 1491 Apostolus
1620 1421 1744 1475 dicit
1769 1433 1789 1474 :-
1816 1420 1917 1486 Qui

624 1524 798 1589 aptum
850 1518 945 1571 Dei
992 1514 1274 1581 violaverit,
1318 1513 1576 1582 disperdet
1624 1528 1739 1566 eum
1774 1509 1915 1563 Deus

632 1658 639 1671 ,
678 1612 774 1679 17).
806 1610 945 1664 Ecce
966 1622 1060 1676 per
1082 1606 1243 1660 ﬁdem
1265 1618 1372 1659 non
1401 1604 1574 1658 solum
1598 1600 1912 1670 baptizatus,

632 1748 637 1759 .
671 1705 928 1772 templum
946 1714 1065 1756 esse
1094 1699 1325 1762 videtur,
1344 1705 1398 1752 et
1420 1706 1595 1751 tamen
1621 1708 1716 1764 per
1738 1691 1913 1747 diver-

636 1844 645 1853 .
686 1798 773 1850 ltci
804 1794 1089 1849 severitate
1117 1787 1477 1859 disperdetur.
1504 1786 1615 1841 [Ioc
1642 1785 1761 1839 loco
1790 1799 1911 1853 per-

628 2032 633 2033 ,
660 1979 954 2035 interitum.
980 1976 1035 2030 ln
1056 1974 1447 2045 baptizatorum
1466 1982 1693 2025 numero
1716 1967 1919 2037 absque

606 2098 663 2127 Δ.‹;
690 2080 999 2135 censentur,
1023 2076 1077 2123 et
1100 2067 1337 2122 membra
1362 2064 1558 2118 Christi
1586 2075 1705 2118 esse
1733 2061 1918 2115 dicun-

634 2170 677 2219 it}
724 2162 988 2233 quomodo
1016 2162 1239 2232 perditis
1267 2167 1659 2227 comparantur,
1693 2169 1920 2225 quomo-

602 2258 847 2311 wrositate
879 2256 1132 2318 liliorum,
1174 2252 1373 2321 ﬂagitio
1404 2259 1659 2320 operante
1687 2250 1917 2317 degene-

626 2362 710 2404 ntc
740 2347 994 2418 Apostolo
1026 2364 1038 2399 :
1076 2345 1277 2399 Tollam
1308 2360 1426 2414 ergo
1455 2342 1672 2395 membra
1703 2342 1912 2409 Christi,

594 2468 611 2493 ‘t
670 2441 892 2494 membra
945 2438 1222 2493 meretricis
1241 2435 1290 2507 (1
1329 2432 1447 2488 Cor.
1483 2432 1670 2501 xvm)?
1726 2432 1791 2486 Et
1838 2430 1915 2485 illi

598 2530 1027 2587 manifestissime
1055 2528 1195 2582 dona
1228 2525 1475 2581 secunda:
1506 2525 1794 2579 nativitatis
1820 2538 1912 2575 ac-

538 2646 541 2649 -
572 2636 609 2689 τ,
626 2625 710 2693 qui
730 2622 890 2677 etiam
903 2619 1282 2675 charismatum
1298 2616 1603 2672 diversitate
1622 2614 1912 2685 pollebant,

526 2724 619 2769 1'us
656 2713 911 2789 Dominus
938 2714 990 2768 in
1024 2710 1314 2781 Evangelio
1342 2709 1468 2765 dicit
1503 2727 1515 2761 :
1563 2707 1717 2762 Multi
1749 2708 1915 2759 dicent

508 2903 761 2967 »ἰινὶηιιιῃ
789 2908 833 2953 et
861 2899 915 2951 in
942 2896 1144 2949 nomine
1170 2904 1256 2948 tuo
1285 2895 1541 2948 daemonia
1575 2893 1837 2964 ejcrimus,
1866 2900 1913 2944 et

506 2998 613 3043 utne
633 3000 715 3044 tuo
738 2990 945 3044 virtutes
964 2988 1151 3041 multas
1164 2980 1372 3057 fecimus
1387 2984 1411 3037 7
1424 2983 1488 3038 Et
1509 2991 1627 3037 tunc
1642 2983 1772 3035 dicet
1789 2982 1910 3043 illis,

506 3105 601 3137 non
648 3084 762 3138 novi
800 3098 907 3149 vos,
940 3079 1179 3134 discedite
1205 3095 1238 3131 a
1265 3094 1362 3142 me,
1396 3078 1483 3145 qui
1511 3074 1792 3144 operamini
1815 3074 1913 3125 ini-

486 3192 575 3226 ‘r-m
609 3173 824 3243 (Matth.
846 3186 944 3235 vn,
973 3170 1089 3239 22).
1114 3169 1243 3235 Quis
1270 3166 1545 3221 abdicatos
1574 3181 1680 3219 non
1711 3164 1909 3218 intelli-

190 352 445 493 ..τε

198 536 453 681 ,τ’

200 820 473 867 —'

228 998 503 1052 _

192 1098 485 1239 Ξ

188 1270 467 1331 hs

180 1560 467 1617 ﬁ:

180 1632 451 1897 ἒ

184 1908 419 2089 ε

172 2088 413 2635 ξ

1771 393 2146 455 EPISTOL/E.

692 512 843 575 'iiis;
898 508 1039 565 unde
1082 514 1137 563 et
1159 504 1444 576 Apostolus
1472 504 1918 561 dicittAnimalis
1944 511 2286 579 Aaiiquibus
2333 515 2449 583 ejus
2507 517 2781 587 integritas
2834 528 2886 574 et
2932 518 3162 589 dignitas
3217 534 3323 577 non
3372 524 3596 592 periret.

620 1888 920 1953 scabillum,
972 1893 1234 1938 aeternum
1265 1878 1487 1949 perditae
1516 1878 1707 1931 animae
1748 1890 1913 1929 nove-
1944 1872 1994 1933 B

564 2811 649 2862 illa
679 2809 778 2875 die,
802 2806 1035 2870 Domine,
1054 2801 1295 2868 Domine,
1320 2818 1487 2857 nonne
1512 2802 1565 2855 in
1596 2804 1796 2855 nomine
1827 2810 1933 2863 tuo,

3498 416 3599 473 83)

2020 603 2193 658 Grave
2243 606 2449 661 crimen
2480 615 2583 687 est,
2616 610 2756 678 quod
2799 609 3082 666 hrrreticus
3110 612 3354 682 accipere
3405 617 3597 684 noluit,

2021 710 2126 748 non
2157 697 2330 751 minus
2372 697 2499 751 illud
2546 714 2723 768 grave,
2775 701 2916 770 quod
2944 702 3280 758 Christianus
3328 706 3519 776 accipit
3544 718 3600 763 et

2019 787 2197 855 perdit
2228 806 2239 839 :
2294 788 2424 841 Nam
2476 798 2529 843 et
2581 791 2671 845 ille
2716 792 2804 860 qui
2837 792 3023 847 ﬁducia
3052 795 3325 865 baptismi,
3357 798 3596 866 nuptiale

2020 880 2343 944 convivium,
2376 884 2515 937 sacri
2542 884 2755 938 concilii
2784 894 3075 941 temerator
3103 889 3391 958 irruperat,
3424 890 3598 946 nitore

2019 973 2267 1040 puritatis
2297 974 2525 1039 amisso;
2573 974 2639 1029 de
2670 975 2863 1030 illustri
2891 976 3154 1045 justorum
3198 990 3466 1035 conventu
3500 996 3596 1036 ex-

2021 1062 2252 1130 pellitur,
2280 1073 2335 1117 et
2374 1064 2427 1119 in
2472 1066 2763 1121 exteriores
2788 1068 3035 1123 tenebras
3078 1072 3437 1139 perturbatur.
3467 1071 3599 1127 Nam

2018 1152 2321 1208 credendus
2344 1165 2424 1208 est
2452 1156 2663 1210 niveum
2695 1167 2894 1212 sanctas
2920 1163 3283 1229 generationis
3312 1161 3591 1231 possidere

2018 1247 2329 1319 candorem,
2362 1250 2451 1317 qui
2484 1250 2622 1303 inter
2648 1251 2909 1317 incestos,
2940 1254 3203 1309 veneﬁcos
3228 1265 3283 1309 et
3317 1266 3591 1321 cruentos,

2019 1338 2100 1393 vel
2124 1340 2416 1408 praecipitio
2446 1350 2535 1395 aut
2556 1344 2843 1412 suspendio
2871 1345 3033 1399 vitam
3064 1347 3380 1415 praecidens,
3409 1350 3459 1402 in
3480 1364 3613 1419 par-p

2021 1436 2127 1483 tem
2186 1432 2397 1484 transiit
2463 1432 2767 1501 impiorum.
2827 1435 3074 1505 Legimus
3135 1438 3597 1510 inexstinguihilcs

2017 1522 2259 1576 ﬂammas
2292 1520 2443 1577 factis
2475 1525 2788 1593 capitalibus
2814 1518 3158 1597 prmparatas,
3185 1531 3451 1585 hominem
3470 1545 3597 1586 vero

2018 1614 2069 1667 in
2104 1615 2258 1670 malis
2298 1617 2407 1669 suis
2452 1618 2716 1674 viventem
2743 1666 2757 1688 ,
2807 1622 2921 1675 solo
2974 1623 3292 1690 baptismate
3335 1626 3597 1679 salvatum

2017 1720 2137 1759 esse
2196 1720 2300 1760 non
2341 1706 2589 1775 legimus.
2642 1708 2944 1766 Periculosa
2996 1712 3137 1777 sibi,
3191 1714 3332 1783 quod
3390 1715 3596 1770 caelesti

2018 1796 2295 1865 Scriptura
2349 1814 2453 1852 non
2503 1800 2713 1869 legitur,
2746 1802 2960 1857 inimica
2994 1806 3252 1860 securitas
3285 1806 3593 1875 pollicetur,

2022 1888 2192 1943 multo
2223 1890 2569 1956 periculosior
2598 1891 2684 1946 illa
2710 1909 2811 1947 non
2841 1896 3061 1949 credere
3089 1912 3207 1962 qum
3230 1898 3422 1951 veritas
3442 1913 3595 1954 eom-

2022 1980 2273 2034 minatur.
2306 1978 2495 2048 Aliqua
2537 1984 2614 2052 (ut
2639 1982 2839 2052 dicitis)
2873 1985 3208 2041 beatissimus
3236 1987 3316 2041 vir
3364 1988 3597 2044 Marinus

2020 2086 2139 2124 cum
2192 2072 2621 2127 interminatione
2664 2074 2952 2139 disseruit;
3009 2079 3103 2132 sed
3126 2079 3261 2132 sicut
3306 2078 3434 2131 illud
3455 2079 3597 2147 quod

2021 2162 2265 2231 promisit
2308 2163 2561 2215 Dominus
2602 2165 2943 2234 diligentibus
2972 2183 3052 2233 se,
3081 2168 3239 2222 etiam
3293 2170 3597 2224 testimonio

2020 2254 2261 2320 Apostoli
2292 2268 2387 2321 pro
2415 2254 2490 2307 rei
2519 2255 2881 2323 magnitudine
2908 2258 2959 2309 in
2989 2272 3080 2311 cor
3112 2258 3340 2313 hominis
3370 2274 3473 2312 non
3507 2273 3593 2313 as-
3632 2302 3639 2307 .

2018 2342 2214 2407 cendit,
2252 2342 2319 2397 ita
2352 2343 2648 2399 futurorum
2696 2344 3026 2401 immensitas
3067 2348 3394 2405 crucialuum
3425 2364 3591 2418 angu-

2018 2434 2148 2487 stias
2172 2433 2418 2488 humana:
2447 2434 2641 2488 mentis
2659 2434 3033 2504 excedet,qua:
3060 2437 3197 2491 mala
3220 2447 3593 2493 momentanea

2016 2524 2342 2593 poenitentia:
2398 2526 2581 2579 umbra
2633 2541 2734 2580 non
2788 2536 3051 2594 removet,
3097 2543 3216 2596 qua:
3264 2530 3419 2584 ﬁdem
3474 2530 3591 2584 sine

2017 2615 2264 2682 cperibus
2294 2630 2399 2669 non
2427 2616 2668 2683 repellet,
2700 2616 2889 2684 quibus
2932 2619 3216 2673 terminum
3269 2622 3591 2675 sarculorum

2018 2705 2305 2759 labentium
2357 2720 2547 2759 cursus
2589 2706 2641 2760 in
2672 2706 2898 2761 ﬂammis
2933 2709 3450 2780 inexstinguibilihus
3476 2720 3589 2765 sta-

2018 2803 2169 2849 tuere
2225 2811 2332 2850 non
2380 2796 2598 2862 valebit,
2646 2799 2786 2852 inter
2830 2814 2961 2868 quos
2991 2799 3339 2856 inexhaustos
3367 2817 3592 2870 vapores

2019 2886 2167 2941 tarde
2190 2901 2249 2942 se
2271 2889 2447 2942 anima
2474 2902 2730 2958 corporea
2750 2899 2803 2944 et
2823 2892 3015 2945 sentiet
3044 2901 3099 2946 et
3120 2892 3338 2946 videbit.
3363 2892 3429 2946 Et
3447 2893 3587 2957 ideo,

2012 2980 2187 3049 justis,
2222 2982 2386 3035 castis
2412 2990 2463 3037 et
2496 2983 2597 3051 piis
2628 2984 2876 3052 operibus
2908 2985 3048 3039 diem
3079 2985 3321 3038 ultimum
3350 3000 3588 3054 praecur-

2016 3087 2194 3125 ramus
2219 3090 2232 3125 :
2267 3082 2320 3129 et
2343 3073 2427 3128 hic
2469 3074 2705 3129 timendo
2733 3090 2797 3130 ea
2827 3076 3071 3145 quteillic
3095 3076 3284 3132 timere
3310 3076 3441 3131 nihil
3465 3093 3589 3147 pro-

2015 3163 2172 3231 derit,
2209 3178 2303 3218 nos
2353 3165 2700 3219 declinemus.
2737 3166 2832 3221 llic
2873 3165 3031 3220 ﬁnem
3058 3166 3275 3220 inﬁnitis
3305 3166 3332 3205 ι)
3364 3176 3588 3223 conten-

516 3241 707 3325 salute,
724 3263 813 3330 qui
837 3275 868 3313 a
889 3267 1180 3327 conspectu
1200 3257 1639 3326 Patrisjubentur
1658 3256 1909 3311 abscede-
1936 3241 1981 3303 C
2016 3255 2246 3310 tionibus
2300 3254 2655 3323 imponamus,
2704 3267 2757 3310 et
2787 3256 3120 3311 intoleranda
3176 3258 3417 3312 incendia
3449 3275 3588 3313 nunc

504 3378 511 3405 l
564 3362 764 3407 sortem
793 3364 888 3407 eos
932 3364 1026 3405 sua
1076 3364 1225 3405 mors
1275 3348 1638 3403 indubitanter
1664 3350 1908 3419 accipiet,

498 3446 598 3498 vita
630 3458 750 3511 qua:
776 3441 1021 3496 Christus
1046 3450 1128 3496 est
1153 3440 1436 3510 ignorabit.
1467 3440 1772 3508 Baptizatos
1801 3455 1912 3510 per-

478 3538 523 3589 ili
563 3533 696 3589 tradi
740 3546 833 3601 pro
861 3531 1225 3601 iniquitatibus
1250 3532 1360 3585 suis
1390 3531 1636 3597 dubitas;
1666 3546 1784 3585 cum
1820 3532 1912 3585 ba-

468 3644 530 3682 ua
571 3627 741 3695 ipsum
783 3639 877 3694 per
916 3625 1079 3679 multa
1128 3625 1329 3679 scelera
1360 3623 1537 3693 perire
1583 3624 1913 3693 cognoscas?

460 3721 487 3771 tl
520 3727 722 3784 autem,
754 3717 895 3771 sicut
933 3716 1122 3785 pagina
1164 3717 1421 3779 continet,
1473 3728 1652 3770 sermo
1696 3725 1818 3769 tuus
1846 3717 1911 3769 de

446 3812 597 3877 pheta
644 3814 915 3863 mutuatus
943 3806 1117 3873 ignem
1144 3805 1335 3858 animae
1380 3806 1636 3873 simplicis
1674 3808 1909 3859 aestima-

424 3948 429 3959 .
466 3902 532 3955 de
552 3901 663 3955 sola
693 3900 793 3953 hoc
813 3896 1105 3952 divinitatis
1121 3895 1416 3951 substantia
1434 3896 1610 3950 dicere
1636 3898 1906 3962 convenit,

414 4014 421 4045 ι
448 3992 577 4047 nihil
599 3992 923 4061 appositum,
953 3988 1081 4042 nihil
1108 4003 1135 4041 a
1168 3989 1447 4056 superiore
1475 3988 1751 4055 collatum,
1780 3988 1911 4042 nihil

396 4094 548 4139 instat
592 4084 920 4152 adjunctum.
954 4080 1136 4135 Justus
1184 4081 1384 4150 pariter
1413 4091 1463 4135 et
1494 4080 1696 4147 justitia
1726 4082 1909 4134 vivens

380 4218 385 4225 .
422 4177 546 4239 vita,
581 4176 793 4243 sapiens
832 4183 991 4241 atque
1037 4170 1294 4241 sapientia
1342 4179 1427 4226 est
1457 4173 1625 4225 virtus
1655 4184 1708 4227 et
1761 4173 1911 4241 origo

376 4272 612 4321 irtutum.
646 4266 701 4321 ln
731 4264 1108 4335 principalibus
1149 4264 1289 4317 enim
1320 4264 1478 4323 bonis
1524 4267 1655 4331 suis,
1686 4268 1784 4321 hoc
1830 4276 1911 4321 est

360 4376 453 4427 pse
472 4359 613 4431 quod
667 4358 921 4429 possidet.
976 4357 1146 4411 ilomo
1185 4371 1313 4411 vero
1343 4357 1540 4427 duplex
1565 4358 1784 4429 intelligi
1818 4375 1911 4428 po-

336 4463 463 4523 test,
487 4452 577 4522 qui
606 4452 790 4507 vivens
821 4460 873 4506 et
895 4450 1073 4520 justus
1100 4456 1153 4504 et
1174 4450 1385 4519 sapiens
1414 4449 1517 4505 dici
1549 4459 1725 4519 potest
1754 4469 1767 4503 :
1801 4452 1909 4506 vita

334 4553 515 4600 autem
542 4552 595 4598 et
620 4542 819 4610 iustitia
858 4542 962 4595 dici
994 4555 1098 4595 non
1131 4550 1323 4610 potest,
1356 4542 1477 4611 quia
1524 4543 1593 4595 ita
1627 4542 1709 4596 his
1736 4542 1909 4597 indui-

2013 3346 2298 3402 salubriler
2346 3346 2647 3416 cogitando,
2680 3362 2743 3402 ex
2790 3348 2921 3416 ipsis
2953 3348 3162 3417 ignibus
3208 3357 3403 3421 aeterna
3434 3350 3588 3404 nobis

2014 3438 2286 3507 refrigeria
2319 3452 2713 3506 comparemus.
3080 3446 3083 3455 “
3414 3470 3441 3489 .

2098 3541 2119 3568 ο
2148 3530 2337 3586 Certus
2367 3540 2541 3586 autem
2568 3546 2687 3586 sum
2732 3532 2799 3587 de
2829 3533 2931 3588 ﬁde
2962 3542 3161 3603 vestra,
3193 3534 3338 3604 quod
3377 3535 3583 3591 talerati

2012 3623 2310 3689 composito
2333 3623 2505 3677 nitore
2526 3624 2789 3677 sermonis
2818 3624 3115 3691 acceptiora
3140 3624 3289 3679 vobis
3315 3634 3471 3678 erunt
3499 3640 3587 3679 sa-

2014 3714 2221 3768 lutifera
2246 3709 2468 3769 sincerae
2508 3715 2814 3769 testimonia
2848 3715 3109 3767 veritatis.
3160 3715 3351 3768 Filium
3408 3731 3584 3771 meum

2014 3804 2379 3872 Eminenttnm,
2411 3806 2567 3859 dulce
2590 3806 2754 3859 decus
2798 3814 3058 3867 nostrum,
3104 3813 3329 3873 paterno
3357 3808 3583 3874 sospita-

2014 3913 2131 3951 mus
2158 3898 2365 3952 aﬁ'eCtu.
2408 3897 2661 3953 Domitius
2690 3906 2874 3952 noster
2903 3898 3271 3950 admirandam
3302 3897 3429 3951 mihi
3471 3914 3584 3951 ma-

2010 3989 2370 4058 gniﬁcentiam
2402 4003 2550 4042 suam
2602 3988 2957 4058 praesentibus
3010 3986 3213 4054 repleat
3241 3986 3396 4040 bonis
3424 3995 3477 4042 et
3503 3988 3583 4042 di-

2010 4089 2172 4145 gnum
2197 4073 2396 4137 {reddat
2426 4076 2659 4129 aeternis.

2584 4184 2912 4241 EPISTULA
2950 4184 3013 4237 V.

2048 4293 2227 4333 FAUSTI
2250 4292 2546 4333 RHEGIENSIS
2562 4294 2857 4332 GALLIARUI!
2878 4292 3108 4332 EPISCOPI
3132 4294 3198 4332 DE
3215 4292 3549 4333 ΜΕΝΙΤΕΝΤΙΔ
3610 4296 3615 4303 ’

2370 4366 2435 4402 ΔΙ)
2459 4365 2679 4403 FELICEM
2710 4364 2789 4401 PP.
2822 4365 2887 4402 ET
2917 4363 3225 4402 PATBITIUII.

2084 4442 2307 4495 Domino
2338 4439 2574 4509 piissimo
2611 4449 2666 4494 et
2690 4440 3009 4509 specialibus
3046 4439 3237 4495 ofﬁciis
3269 4440 3583 4505 excolendo,

2012 4542 2069 4587 ut
2097 4532 2325 4598 conﬁdo,
2358 4533 2410 4586 in
2450 4542 2704 4587 aeternum
2733 4532 2879 4586 fratri
2904 4538 2960 4587 et
3005 4545 3100 4599 per
3141 4532 3320 4587 omnia
3368 4531 3586 4587 domino

332 4647 447 4703 tur,
475 4602 834 4707 utaliquoﬁes
858 4642 1104 4688 exuatur.
1132 4602 1529 4699 'Quod'homini
1577 4635 1756 4689 datum
1804 4646 1906 4703 est,
1934 4602 1990 4665 D
2016 4626 2176 4683 Felici
2205 4626 2448 4681 Ὲίιυειιιεο

332 4728 453 4784 Deo
499 4722 715 4779 insitum
745 4731 846 4777 est.
870 4722 1039 4776 Homo
1076 4722 1249 4793 (verbi
1275 4725 1463 4795 gratia)
1496 4724 1777 4781 deauratus
1807 4737 1909 4791 est,

341 4819 491 4874 Deus
536 4830 724 4869 aurum
776 4821 880 4880 est,
926 4812 978 4866 in
1027 4827 1133 4881 quo
1162 4812 1265 4868 hoc
1292 4822 1375 4868 est
1402 4817 1635 4881 potentia
1666 4824 1719 4870 et
1744 4816 1911 4885 gloria

340 4907 483 4979 good
504 4914 713 4961 natura.
743 4903 876 4959 Nam
905 4902 1047 4973 quod
1069 4902 1333 4957 subtiliter
1363 4903 1627 4969 indicasti,
1656 4907 1700 4959 si
1731 4908 1909 4961 omnia

270 4984 883 5186 ψοωίηυε
933 4991 1169 5046 Marinus
1197 4990 1593 5061 interminatur,
1640 4995 1914 5064 excipiunt

655 5123 671 5140 .
692 5082 820 5138 nuid
847 5082 1017 5152 magis
1044 5081 1192 5152 impii
1222 5090 1529 5137 mereantur
1550 5082 1737 5153 ignoro
1762 5087 1774 5137 !
1806 5086 1914 5141 lia-

655 5123 671 5140 .
692 5082 820 5138 nuid
847 5082 1017 5152 magis
1044 5081 1192 5152 impii
1222 5090 1529 5137 mereantur
1550 5082 1737 5153 ignoro
1762 5087 1774 5137 !
1806 5086 1914 5141 lia-

80 5140 189 5227 4
422 5140 574 5210 η*
832 5140 1151 5241 magmatis,
1180 5182 1234 5230 et
1261 5174 1521 5245 supplicia
1542 5140 1737 5245 giadus
1765 5191 1908 5243 suos,

978 5282 997 5308 τ
1045 5266 1313 5335 peccatis,
1363 5264 1586 5321 inﬁnitis
1637 5266 1782 5338 (licet
1832 5276 1914 5322 ta-

1013 5356 1307 5428 "'.),impius
1336 5372 1497 5423 vero,
1527 5358 1777 5414 inauditis
1792 5373 1915 5414 cru-

1075 5462 1086 5501 :
1133 5455 1311 5504 autem
1350 5447 1601 5517 baptismi
1633 5457 1660 5486 ι
1687 5450 1914 5518 gratiam

1099 5538 1375 5613 ‘teliquem
1402 5538 1697 5603 vindicare,
1725 5538 1827 5596 nisi
1857 5542 1911 5597 in

1356 5671 1477 5725 assit
1504 5675 1755 5729 hominem
1794 5692 1876 5728 um
1888 5702 1907 5716 ο

1361 5826 1409 5863 m
1434 5822 1734 5868 azternorum
1766 5817 1907 5881 cogi-

2086 4720 2330 4789 Magnum
2379 4720 2589 4787 pietatis
2633 4726 2687 4772 et
2726 4717 2847 4772 ﬁdei
2901 4717 3449 4788 testimonium,quod
3493 4733 3587 4787 per

2016 4818 2283 4865 tantarum
2338 4819 2487 4863 vasta
2534 4808 2811 4862 intervalla
2864 4808 3160 4877 regionum,
3197 4816 3250 4864 et
3276 4822 3374 4878 per
3398 4818 3473 4865 tot
3504 4825 3589 4865 re-

2015 4918 2133 4957 rum
2163 4903 2437 4971 interiecta
2467 4902 2801 4969 discrimina,
2833 4901 2900 4955 ad
2931 4916 3029 4956 nos
3058 4915 3225 4972 usque
3255 4904 3585 4957 latitudinem

2014 5003 2209 5049 vestrae
2220 4993 2494 5047 charitatis
2509 4992 2815 5047 extenditis.
2842 4992 2900 5046 ln
2914 4994 3011 5047 hac
3034 4994 3360 5063 relegatione
3381 5002 3584 5057 nostra,

2019 5083 2211 5137 artifex
2242 5082 2334 5137 Dei
2370 5083 2536 5137 nostri
2567 5084 2953 5149 misericordia,
2997 5086 3209 5154 gemina
3231 5093 3445 5139 exercet
3467 5085 3587 5138 ofﬁ-

2019 5177 2118 5240 cia,
2156 5184 2395 5229 nostram
2449 5175 2650 5229 excutit
2691 5181 2911 5242 paterna
2962 5174 3584 5246 sedulitate'rubiginem,

2017 5278 2071 5323 et
2091 5278 2322 5323 vestram
2350 5267 2494 5321 circa
2525 5280 2622 5322 nos
2644 5265 2898 5322 dilucidat
2918 5267 3099 5332 ﬁdem,
3124 5276 3462 5337 vestramque
3490 5282 3588 5336 ap-

2016 5360 2207 5431 probat
2233 5359 2509 5428 pietatem.
2558 5356 2666 5412 Nos
2710 5357 2890 5413 elimat
2938 5358 3166 5427 benigna
3222 5358 3461 5423 solertia,
3489 5372 3586 5412 vos

2018 5450 2283 5523 producit,
2314 5462 2417 5506 nos
2439 5456 2753 5519 coangustat
2789 5447 3096 5517 salubriter,
3122 5463 3216 5503 vos
3242 5448 3461 5503 dilatat.
3480 5446 3586 5499 Nos
3637 5493 3645 5503 .

2019 5542 2290 5609 arguimur
2340 5553 2435 5595 vos
2468 5539 2744 5608 proﬁcitis.
2776 5539 3090 5597 detrimenta
3112 5548 3292 5593 nostra
3320 5538 3373 5591 in
3405 5540 3584 5588 vestra

2021 5684 2207 5748 tattone
2234 5682 2524 5748 prosperata
2546 5674 2641 5728 sibi
2662 5684 2853 5748 (sterne
2880 5678 3163 5748 refrigeria.

2093 5756 2113 5781 ο
2144 5741 2269 5798 Haec
2300 5741 2350 5797 in
2375 5746 2630 5801 hactenus
2654 5744 2865 5799 excusis
2890 5741 3302 5812 ncn'habentur,
3325 5741 3417 5800 sed
3443 5754 3584 5798 nunc

2019 5830 2085 5870 ex
2110 5829 2208 5870 ms.
2239 5814 2450 5872 llenrici
2477 5816 2673 5872 Canisii
2696 5824 3052 5871 accesserunt.
