4068 6348
582 324 684 394 847

1801 323 1854 380 s.
1898 322 2142 381 FAUSTI
2181 288 2621 387 ancrsusis,

3733 312 3835 369 843

583 457 636 511 di
678 463 732 510 et
760 450 1085 521 intelligendi
1131 448 1363 516 vigorem
1408 431 1902 515 affectumque'non
1942 447 2158 495 exuant.
2189 441 2245 501 Α
2266 437 2392 508 quid
2414 437 2543 492 illud
2573 436 2640 491 sit
2670 435 2813 505 quod
2841 449 2961 490 cum
2993 441 3217 504 uterque
3258 432 3417 487 homo
3446 430 3523 502 (id
3552 438 3637 485 est
3661 429 3836 486 anima

578 541 972 612 lnterrogemus
1002 538 1220 595 divitem
1244 535 1393 590 illum
1422 547 1487 588 ex
1512 531 1801 601 Evangelio
1824 546 1930 586 non
1959 531 2011 585 in
2053 539 2161 585 ter-

544 666 549 669 ι
579 639 655 693 ris
679 634 873 697 aureis,
906 639 964 686 ut
1011 638 1287 700 poetarum
1315 625 1664 680 deliramenta
1704 630 1974 688 asserunt,
2003 621 2162 677 ober-

579 736 825 789 rantem;
857 723 952 779 sed
1002 724 1056 777 in
1091 720 1282 776 inferni
1325 732 1564 783 carcere,
1589 731 1656 772 ex
1694 715 1904 771 illorum
1936 728 2160 769 numero

513 805 519 813 ’
581 821 669 887 qui
721 816 912 871 inclusi
945 828 1159 883 pinnam
1208 816 1545 878 exspectant,
1579 808 1718 861 inter
1747 807 1992 861 ﬂammas
2031 818 2160 859 con-

581 909 819 966 scientia:
848 914 971 960 ante
1000 905 1141 959 diem
1171 902 1355 972 judicii
1383 899 1749 961 constitutum,
1785 911 1881 965 pro
1914 899 2154 960 fratrum,

581 1000 671 1070 qui
700 996 875 1053 adhuc
901 998 953 1051 in
975 996 1075 1051 hoc
1101 995 1299 1050 mundo
1341 1001 1511 1057 erant,
1546 990 1922 1045 emendatione
1959 988 2157 1043 sollici—

584 1100 718 1156 tum,
750 1085 981 1156 colloqui
1028 1100 1150 1139 cum
1177 1083 1467 1146 Abraham,
1513 1094 1607 1149 per
1628 1079 1965 1147 interjectutn
1994 1077 2158 1131 chaos

584 1182 945 1238 vastissimum
996 1177 1234 1232 sedulam
1283 1174 1704 1229 obsecrationem
1736 1171 2071 1233 miscentem,
2103 1176 2159 1222 ct

582 1273 756 1330 vinci
794 1283 1172 1342 germanorum
1230 1264 1599 1321 recordatione
1640 1263 1925 1332 pulsatum,
1952 1262 2022 1314 ita
2060 1274 2157 1328 pro

582 1364 880 1422 viventibus
906 1360 1234 1431 supplicasse
1262 1374 1273 1410 :
1308 1359 1449 1426 Rogo
1466 1365 1534 1421 te,
1558 1358 1796 1423 inquam,
1823 1361 1967 1422 pater
1983 1350 2145 1401 Abra-

582 1460 720 1525 ltam,
751 1466 805 1511 ut
832 1457 1002 1509 mittas
1028 1453 1284 1505 Lazarum
1324 1450 1375 1501 in
1413 1450 1617 1500 domum
1643 1445 1802 1512 patris
1832 1443 1959 1505 mei;
1997 1439 2157 1493 habeo

584 1553 721 1605 enim
748 1550 968 1620 quinque
990 1550 1193 1617 fratres,
1226 1552 1279 1594 ut
1320 1540 1608 1607 testiﬁcetur
1636 1537 1762 1601 illis,
1787 1552 1849 1588 ne
1872 1542 1917 1587 et
1945 1531 2043 1599 ipsi
2069 1545 2159 1583 ve-

583 1644 722 1696 niant
750 1642 799 1693 in
823 1640 953 1691 hunc
985 1636 1149 1689 locum
1174 1639 1559 1693 tormentorum,
1591 1638 1636 1681 et
1665 1628 1708 1679 si
1737 1628 1823 1695 qui
1856 1641 1918 1678 ea:
1944 1626 2157 1678 mortuis

583 1734 697 1787 ierit
727 1730 793 1783 ad
820 1745 921 1793 eos,
950 1725 1287 1795 ptrnitentiam
1311 1730 1457 1793 agent
1488 1720 1639 1790 (Luc.
1671 1716 1801 1787 xVI).
1832 1718 1971 1773 Ecce
2001 1718 2052 1771 itt
2076 1718 2157 1771 in-

2260 540 2315 587 et
2335 529 2553 599 corpus)
2577 528 2748 584 adhuc
2778 528 2833 582 in
2861 526 3093 597 paradisi
3124 525 3341 595 regione
3366 522 3584 578 diabolo
3618 536 3839 592 persua-

2259 622 2419 678 dente
2447 620 2746 691 deliquerit,
2785 619 2901 674 sola
2931 633 3056 674 caro
3103 632 3201 687 per
3220 615 3603 687 [conditionem
3649 612 3839 695 mortis

2260 714 2511 768 mulctam
2556 710 2997 781 transgressionis
3048 707 3343 779 exceperit,
3382 716 3437 762 et
3483 707 3630 760 circa
3679 703 3843 760 unius

2260 819 2493 875 poenam,
2524 802 2841 860 remanserit
2890 802 3047 870 culpa
3074 798 3394 856 communis.
3436 796 3729 853 Sciendum
3757 812 3842 851 cr-

2259 912 2326 967 go
2351 907 2433 952 est
2477 896 2616 966 quod
2661 896 2781 950 ideo
2826 908 2971 949 mors
2999 893 3066 949 ad
3097 892 3329 947 animam
3374 904 3478 945 non
3510 888 3838 959 pervenerit,

2259 988 2380 1058 quia
2420 989 2473 1041 in
2501 1002 2561 1042 ea
2588 986 2844 1042 Dominus
2871 985 3157 1054 imaginem
3186 997 3338 1038 suam
3362 989 3417 1036 et
3433 979 3838 1034 similitudinem

2258 1079 2562 1133 collocavit.
2615 1076 2747 1131 Nam
2794 1079 2929 1131 sicut
2956 1075 3095 1131 Deus
3126 1072 3468 1138 immortalis,
3509 1068 3837 1131 misericors,

2254 1167 2429 1236 justus
2450 1177 2502 1222 et
2534 1167 2739 1235 patiens
2767 1173 2870 1231 est,
2903 1166 2975 1219 ita
3022 1164 3209 1218 harum
3235 1162 3373 1218 dona
3396 1160 3652 1215 virtutum
3680 1160 3736 1214 in
3765 1160 3839 1213 fa-

2258 1257 2394 1314 ciem
2418 1267 2654 1311 nostram
2692 1256 3003 1311 interiorem
3027 1253 3219 1309 infudit
3249 1270 3260 1306 :
3290 1260 3347 1308 ut
3370 1259 3570 1322 quanto
3610 1251 3839 1321 quisque

2259 1350 2428 1417 magis
2453 1346 2625 1417 justus
2675 1358 2729 1402 et
2770 1347 2939 1415 magis
2973 1346 3279 1401 misericors
3308 1344 3628 1408 exstitisset,
3686 1349 3838 1396 tanto

2260 1441 2429 1509 magis
2458 1438 2652 1493 divinae
2692 1437 3111 1508 participationis
3143 1449 3364 1491 munere
3388 1434 3644 1504 praeditus
3682 1432 3736 1487 in
3763 1432 3838 1485 in-

2261 1531 2454 1586 teriore
2486 1529 2700 1585 homine
2726 1536 3007 1599 appareret
3056 1527 3294 1582 habitare
3340 1525 3611 1582 Christum
3634 1539 3730 1593 per
3775 1523 3834 1577 ii-

2264 1621 2405 1675 dem.
2466 1623 2763 1691 lnterrogas
2809 1624 2969 1676 etiam
3014 1633 3110 1674 cur
3161 1618 3353 1672 anima:
3379 1633 3501 1673 cum
3531 1630 3695 1671 carne
3716 1631 3833 1681 sua,

2262 1712 2463 1781 aliquid
2490 1727 2584 1781 pro
2626 1712 2888 1781 corporali
2929 1724 3112 1766 errore
3141 1724 3426 1766 commune
3447 1709 3538 1775 sit,
3566 1709 3704 1764 sicut
3732 1707 3838 1762 ori—

583 1824 715 1879 femi
744 1820 986 1890 angustia
1015 1818 1316 1878 damnatus,
1339 1812 1667 1879 nullumjam
1694 1810 1758 1863 dc
1785 1824 1842 1864 se
1863 1808 2156 1864 remedium
2190 1794 2238 1854 Β
2263 1804 2439 1874 gittale
2486 1811 2758 1873 peccatum
2785 1842 2801 1869 ,
2845 1818 2941 1872 ι)το
2986 1803 3188 1857 υηίιειϐ
3236 1800 3531 1871 corporalis
3578 1798 3833 1869 hospitii.

583 1914 809 1975 habens,
835 1919 1012 1964 tamen
1042 1910 1318 1974 antiquum
1343 1904 1396 1958 in
1427 1903 1618 1957 fratres
1666 1909 1845 1955 servat
1871 1902 2117 1956 affectum
2144 1916 2157 1964 ;

586 2014 640 2061 et
670 2005 795 2059 dum
824 2002 1103 2057 damnatus
1117 2014 1214 2067 pro
1232 1996 1602 2067 peccatoribus
1623 2002 1795 2063 rogat,
1821 2008 2061 2061 magnam
2084 1992 2161 2047 in-

585 2107 668 2149 ter
696 2091 923 2163 paradisi
947 2104 1165 2145 nemora
1188 2086 1571 2156 respirantihus
1592 2084 1769 2153 justis,
1795 2100 1889 2152 pro
1915 2097 2161 2137 carorum

585 2201 805 2241 suorum
839 2181 1139 2246 commodis
1165 2193 1346 2235 curam
1369 2191 1488 2233 esse
1518 2176 1869 2231 demonstrat.
1892 2173 2043 2241 Quod
2070 2187 2162 2227 au-

585 2290 690 2334 tem
714 2275 941 2347 requiris
975 2292 987 2327 :
1020 2272 1146 2343 quid
1196 2270 1323 2325 mali
1354 2279 1472 2339 post
1517 2267 1678 2321 tinem
1728 2274 1818 2320 aut
1868 2264 2022 2318 detur
2071 2271 2162 2317 aut

585 2371 847 2423 adimatur
901 2366 1127 2433 iniquis,
1184 2362 1250 2415 de
1291 2360 1481 2429 quibus
1526 2357 1788 2427 legimus,
1839 2353 2163 2409 Desiderium

585 2467 906 2529 peccatorum
934 2454 1133 2523 peribit.
1153 2460 1179 2487 ⁸
1200 2451 1558 2506 Terrenorum
1584 2447 1871 2516 cupiditate
1899 2446 2164 2500 bonorum

586 2556 641 2603 et
668 2545 959 2600 ambitione
988 2543 1253 2605 submota,
1279 2540 1451 2595 solum
1483 2536 1768 2592 reddendae
1791 2536 2012 2591 rationis
2035 2551 2165 2603 pon-

588 2636 708 2703 dus,
741 2644 796 2689 et
824 2640 999 2689 metus
1027 2629 1350 2685 intolerandi
1390 2629 1690 2693 examinis;
1730 2641 1829 2683 nec
1857 2626 2166 2682 auferentur

589 2741 796 2789 sensus,
820 2724 918 2779 sed
938 2722 1315 2793 cogitationem
1340 2720 1558 2776 alterius
1587 2719 1767 2775 saeculi
1799 2718 1969 2789 magis
1999 2733 2165 2788 expe-

588 2816 687 2872 diti
710 2815 1009 2883 alacrisque
1042 2797 1471 2877 reddentXQuod
1516 2818 1693 2865 autem
1723 2810 1789 2864 de
1818 2809 1931 2879 ipsa
1966 2809 2161 2875 anima,

588 2918 763 2963 utrum
803 2918 1060 2973 corporea
1105 2917 1171 2957 an
1201 2903 1514 2971 incorporea
1560 2902 1629 2955 sit
1660 2898 1898 2970 postulas
1927 2899 2162 2955 edoceri.

589 2998 772 3067 Itaque
799 2994 941 3066 quod
971 2993 1305 3069 temporibus
1336 3006 1443 3046 non
1484 2990 1772 3046 includitur
1801 3003 1901 3044 nec
1923 2988 2162 3043 locorum

590 3089 830 3146 terminis
853 3094 1128 3146 coercetur
1159 3083 1324 3153 (quod
1352 3084 1452 3139 soli
1476 3082 1585 3137 Deo
1615 3083 1889 3151 competit)
1923 3082 2026 3136 hoc
2049 3091 2163 3135 tan-

515 3189 525 3200 ‘
591 3190 704 3237 tum
746 3183 1119 3248 incorporeum
1158 3190 1278 3231 esse
1306 3190 1591 3244 cognosce.
1620 3174 1770 3230 Sicut
1798 3191 1936 3230 unus
1976 3175 2166 3230 doctor
2192 3159 2239 3221 C

591 3270 820 3330 eximius
848 3269 1051 3323 diserte
1077 3265 1288 3321 cuidam
1337 3264 1630 3320 sciscitanti
1672 3264 1761 3318 ubi
1811 3256 1953 3319 esset
2000 3264 2162 3329 Deus,

592 3360 868 3430 respondit
897 3357 1160 3412 itazDeus
1185 3368 1292 3409 non
1318 3353 1514 3407 alicubi
1536 3362 1639 3422 est,
1669 3355 1807 3422 quod
1841 3336 2037 3407 alicubi
2060 3364 2162 3423 est,

593 3453 893 3512 continetur
911 3450 1051 3516 loco,
1075 3445 1215 3519 quod
1235 3446 1537 3503 continetur
1562 3446 1679 3503 loco
1695 3460 1888 3517 corpus
1913 3456 2012 3506 est.
2036 3448 2166 3515 Quae

593 3562 715 3604 cum
744 3548 814 3600 ita
838 3545 967 3611 sint,
1002 3540 1177 3597 omnis
1205 3554 1331 3596 caro
1370 3554 1584 3609 corpus,
1634 3554 1738 3594 non
1770 3555 1929 3595 omne
1973 3556 2168 3609 corpus

548 3656 551 3659 '
593 3651 673 3697 est
703 3653 849 3696 caro.
880 3637 946 3692 Et
969 3636 1093 3706 quia
1112 3648 1218 3689 non
1248 3633 1421 3688 solum
1450 3634 1648 3700 anima,
1676 3633 1768 3688 sed
1797 3634 1956 3689 etiam
2002 3649 2165 3703 ange-

592 3734 766 3787 lorum
798 3727 1077 3785 invisibilis
1097 3726 1439 3794 coelestisque
1465 3724 1781 3793 substantia,
1811 3725 1949 3781 sicut
1986 3725 2166 3780 locali-

592 3824 694 3880 bus
722 3822 906 3893 spatiis
943 3820 1270 3889 continetur,
1302 3818 1371 3872 ita
1398 3828 1616 3873 auctore
1642 3832 1740 3873 suo
1765 3826 2024 3887 corporea
2046 3834 2167 3874 esse

590 3913 620 3955 δ
647 3923 702 3971 et
726 3911 1225 3984 comprehensibilis
1251 3911 1597 3981 approbatur.
1623 3910 1759 3978 Quid
1787 3919 1869 3966 est
1889 3912 2031 3966 enim
2062 3913 2167 3966 nisi

589 4021 930 4077 corporeum,
960 4003 1100 4073 quod
1141 4004 1207 4058 de
1258 4006 1505 4072 supernis
1534 4003 1753 4060 sedibus
1800 4005 2164 4074 perturbatum

589 4101 710 4155 loco
734 4098 935 4154 cessit?
982 4096 1109 4166 quid
1159 4105 1241 4151 est
1277 4096 1419 4165 quod
1448 4097 1615 4150 sensit
1644 4097 1880 4151 ruinam?
1908 4096 2036 4165 quid
2085 4106 2168 4151 est

594 4192 735 4263 quod
764 4202 980 4246 aeternae
1005 4189 1232 4242 ﬂamma:
1267 4188 1555 4242 obnoxium
1598 4197 1928 4257 praeparatur
1956 4188 2021 4241 ad
2051 4202 2164 4256 pm-

561 4268 571 4303 ¹
597 4300 720 4339 nam
742 4284 767 4336 ’ξ
791 4281 899 4338 Sed
925 4288 980 4334 et
1005 4281 1118 4348 ipse
1147 4282 1334 4333 beatus
1361 4280 1593 4333 Lazarus
1618 4288 1736 4347 post
1758 4280 1965 4348 linguas
1990 4278 2163 4333 famu-

587 4372 813 4427 lantium
858 4384 1050 4424 canum
1097 4378 1379 4436 susceptus
1428 4370 1675 4423 manibus
1728 4372 2057 4439 angelorum,
2098 4371 2166 4425 de

589 4475 696 4531 quo
724 4461 971 4529 legimus,
1021 4457 1241 4511 Factum
1291 4468 1363 4511 est
1417 4469 1471 4511 ut
1512 4472 1788 4513 moreretur
1817 4462 2075 4516 nzcndicus
2120 4472 2168 4516 et

2265 1906 2549 1966 utrumque
2576 1896 2944 1965 complectitur
2979 1910 3091 1964 par,
3125 1894 3283 1949 modo
3305 1902 3536 1963 uterque
3564 1892 3617 1946 in
3646 1906 3830 1962 pecca-

2266 1999 2439 2044 torum
2469 1988 2725 2043 societate
2753 1987 3166 2056 constringatur.
3198 1986 3274 2041 Ita
3303 1988 3447 2042 enim
3478 1987 3531 2039 in
3554 1984 3837 2041 criminum

2267 2078 2673 2151 participatione
2704 2094 2805 2132 una
2832 2092 2991 2133 causa
3016 2086 3117 2143 est,
3143 2076 3280 2131 sicut
3309 2076 3364 2130 in
3382 2076 3634 2130 virtutum
3662 2088 3837 2129 remu-

2267 2173 2543 2230 neratione
2569 2187 2664 2242 par
2692 2170 2859 2242 gloria
2906 2181 3009 2225 est.
3041 2169 3318 2239 Nunquam
3344 2170 3491 2222 enim
3516 2166 3756 2222 exterior
3787 2166 3837 2220 in

2266 2267 2540 2323 baratrum
2569 2263 2796 2318 luxuria:
2822 2262 3057 2329 caderet,
3082 2261 3184 2315 nisi
3211 2262 3258 2316 ei
3286 2274 3606 2315 consensum
3640 2257 3838 2327 praebe-

2267 2367 2351 2414 ret
2371 2356 2607 2412 interior.
2644 2356 2748 2410 l\'os
2773 2356 2915 2423 ipsos
2947 2355 3352 2422 interrogemus,
3386 2361 3439 2407 et
3470 2352 3609 2405 inter
3630 2366 3728 2405 nos
3750 2366 3838 2420 po-

2268 2451 2493 2505 terimus
2522 2462 2831 2517 agno-sccre,
2861 2447 2999 2513 quod
3028 2461 3177 2500 mens
3203 2444 3471 2500 dominica
3498 2455 3715 2500 exercet
3742 2445 3838 2499 im-

2269 2544 2498 2613 perium,
2542 2550 2595 2595 et
2636 2554 2760 2594 caro
2809 2538 3043 2607 subjecta
3092 2536 3436 2599 famulatum;
3478 2536 3593 2590 haec
3630 2534 3837 2590 exhibet

2269 2632 2644 2696 ministerium,
2673 2631 2762 2685 illa
2807 2630 3087 2685 consilium
3123 2646 3135 2681 :
3178 2627 3480 2683 obedientia
3526 2641 3557 2680 a
3586 2626 3840 2682 servitute

2268 2733 2520 2789 cessaret,
2547 2722 2646 2778 nisi
2677 2721 2921 2777 voluntas
2949 2734 2979 2773 a
3001 2719 3220 2789 jubente
3246 2719 3578 2788 procederet.
3605 2717 3840 2773 Similem

2269 2829 2492 2870 necesse
2528 2823 2609 2868 est
2653 2812 3009 2868 conditionem
3042 2813 3092 2866 in
3132 2810 3474 2866 damnatione
3499 2818 3840 2879 cognoscant,

2269 2905 2358 2975 qui
2388 2916 2572 2960 contra
2595 2904 2755 2961 simul
2778 2905 2829 2957 in
2854 2902 3203 2969 retributione
3227 2900 3556 2972 gaudebunt.
3585 2899 3729 2954 Dicis
3751 2901 3841 2952 ad-

2271 2999 2538 3068 huc,quae
2564 3006 2647 3053 est
2674 2996 3019 3063 immortalis,
3067 2994 3333 3065 quomodo
3390 3008 3487 3063 pro
3533 2990 3841 3048 mortalibus

2270 3090 2413 3144 vitiis
2467 3098 2800 3159 torqueatur.
2845 3088 3082 3144 Mortalia
3122 3086 3340 3157 quidem
3391 3085 3524 3139 mala
3568 3094 3720 3148 sunt,
3752 3084 3843 3138 sed

2271 3181 2589 3237 immortalis
2631 3183 2733 3235 erit
2773 3179 3041 3234 cruciatus
3089 3178 3375 3241 malorum,
3423 3184 3477 3231 et
3520 3175 3843 3231 delictorum

2269 3273 2561 3341 cruciatus,
2581 3270 2723 3327 vitiis
2741 3269 3130 3337 deﬁcientibus,
3151 3268 3554 3339 permanebunt.
3572 3266 3844 3322 Meliorem

2270 3365 2550 3419 materiam
2596 3364 2666 3417 ita
2724 3361 2943 3418 inferior
2989 3360 3245 3416 traditura
3286 3360 3485 3429 judicio
3532 3367 3654 3426 est,
3710 3360 3845 3413 sicut

2271 3456 2493 3513 conﬂari
2549 3469 2735 3508 aurum
2791 3454 2989 3522 plumbi
3036 3452 3309 3522 compellit
3354 3450 3628 3508 admixtio.
3679 3452 3847 3504 llomo

2264 3564 2399 3621 ergo
2429 3561 2525 3618 pro
2556 3544 2870 3601 mortalibus
2903 3543 3058 3599 malis
3094 3545 3386 3600 moriturus
3411 3555 3495 3599 est
3538 3543 3666 3609 Deo,
3693 3552 3747 3596 et
3776 3543 3849 3594 vi-

2271 3650 2456 3697 cturus
2486 3640 2692 3694 interno
2727 3656 2739 3691 2
2771 3638 2885 3692 haec
2910 3639 3010 3692 erit
3036 3637 3179 3693 illius
3219 3650 3384 3704 mors,
3418 3645 3475 3690 ut
3510 3635 3647 3691 mori
3694 3635 3744 3689 ei
3797 3637 3848 3691 in

2271 3733 2457 3789 dolore
2479 3746 2587 3786 non
2628 3730 2805 3785 liceat.
2836 3730 3093 3784 Extendis
3140 3730 3191 3784 in
3223 3729 3323 3785 hoc
3353 3744 3565 3799 quoque
3592 3728 3849 3783 sollicitu-

2271 3825 2451 3879 dinem
2482 3829 2648 3887 tuam,
2682 3830 2856 3874 utrum
2878 3821 3053 3873 anima
3081 3829 3135 3873 et
3161 3820 3377 3887 spiritus
3423 3820 3563 3875 idem
3602 3819 3730 3884 sint,
3759 3828 3849 3872 aut

2272 3914 2540 3987 quomodo
2571 3912 2958 3984 segregentur?
2989 3912 3126 3966 Duas
3156 3920 3356 3967 tantum
3385 3913 3437 3967 in
3462 3912 3702 3977 homine,
3732 3913 3845 3965 ani.

2272 4023 2373 4062 utre
2402 4016 2456 4061 et
2484 4004 2731 4075 corporis
2759 4004 3062 4059 noverimus
3085 4019 3206 4059 esse
3234 4004 3557 4060 substantias
3582 4020 3596 4071 ;
3626 4004 3846 4074 Spiritus

2273 4110 2454 4156 autem
2477 4112 2615 4152 nunc
2645 4096 2900 4151 naturalis
2925 4097 3197 4165 probatur,
3230 4111 3367 4151 nunc
3404 4096 3669 4151 accedens
3697 4096 3846 4150 inve-

2272 4191 2439 4258 nitur,
2468 4189 2751 4260 aliquando
2782 4187 2975 4241 virtute
3005 4187 3309 4257 intelligitur
3329 4186 3595 4257 appetitus
3616 4196 3672 4242 et
3691 4186 3847 4255 Spiri-

2274 4283 2395 4336 talis
2442 4281 2680 4338 allectus.
2734 4284 2845 4339 iloc
2890 4296 3105 4351 genere,
3160 4297 3295 4337 unus
3323 4288 3483 4351 atque
3513 4280 3655 4335 idem
3688 4280 3847 4334 homo

2274 4388 2414 4428 nunc
2439 4375 2688 4441 carnalis,
2720 4388 2859 4428 nunc
2892 4376 3050 4427 etiam
3088 4382 3142 4427 et
3179 4373 3432 4441 Spiritalis
3467 4380 3567 4426 est.
3596 4372 3847 4426 Carnales

2275 4471 2399 4517 sunt
2422 4463 2489 4517 de
2513 4465 2707 4532 quibus
2731 4465 2805 4517 ait
2836 4463 3092 4517 Dominus
3118 4480 3129 4516 :
3158 4461 3276 4517 Non
3305 4462 3612 4532 permanebit
3638 4462 3847 4529 spiritus

590 4561 884 4626 portaretur
920 4552 982 4605 ab
1034 4552 1229 4622 angelis
1255 4554 1307 4605 in
1350 4552 1520 4604 sinum
1560 4550 1776 4606 Abrahae
1800 4569 1818 4606 :
1850 4567 2165 4621 corpoream
2191 4529 2251 4593 Ῑ)
2274 4571 2416 4610 meus
2464 4557 2517 4609 in
2558 4555 2843 4608 hominibus
2894 4556 3025 4621 istis,
3048 4556 3167 4624 quia
3192 4529 3313 4609 caro
3326 4563 3443 4608 sunt
3467 4552 3619 4626 (Gen.
3648 4552 3760 4623 ut);
3793 4562 3847 4607 et

591 4660 716 4702 esse
769 4644 949 4700 docuit
1002 4643 1232 4698 animam
1280 4656 1453 4709 suam,
1486 4642 1610 4696 dum
1660 4642 1712 4694 in
1739 4644 1911 4696 sinum
1937 4642 2164 4701 Abrahae

596 4738 673 4808 (id
699 4747 800 4802 est,
824 4738 877 4790 in
915 4746 1181 4791 remotum
1226 4735 1547 4804 beatumque
1588 4736 1875 4803 secretum)
1915 4737 2165 4806 angelicis

566 4844 567 4847 η
592 4827 819 4882 infertur
848 4826 1137 4895 obsequiis.
1172 4825 1249 4880 De
1272 4826 1448 4879 anima
1470 4834 1645 4880 autem
1684 4839 1778 4879 sua
1799 4836 2013 4881 sanctus
2039 4842 2165 4896 pro-

589 4923 753 4992 pheta
781 4920 1106 4989 pronuntiat,
1141 4918 1270 4973 educ
1300 4919 1361 4973 de
1402 4934 1602 4974 carcere
1644 4921 1867 4973 animam
1892 4936 2075 4986 meam,
2108 4921 2163 4976 id

589 5022 691 5079 est,
744 5013 813 5068 de
860 5010 1079 5080 hospitii
1116 5006 1409 5079 corp‘oralis
1455 5012 1730 5081 angustiis.
1786 5011 1909 5066 ldeo
1960 5011 2160 5069 factura

580 5096 725 5173 ejus,
759 5117 877 5172 qua:
902 5100 986 5157 vel
1016 5109 1353 5171 peccatorum
1377 5099 1569 5170 jaculis
1592 5102 1921 5169 vulneratur,
1948 5104 2029 5157 vel
2070 5119 2160 5159 us-

584 5202 690 5265 que
711 5194 779 5247 ad
808 5192 1001 5247 divina:
1042 5191 1288 5260 imaginis
1326 5190 1487 5247 decus
1508 5205 1601 5260 per
1646 5192 1928 5262 qualitates
1958 5204 2158 5250 mutata

588 5282 940 5352 provehetur,
965 5282 1164 5351 absque
1189 5280 1369 5347 dubio,
1393 5291 1448 5338 et
1475 5281 1586 5338 Deo
1608 5292 1662 5338 et
1685 5284 1887 5354 angelis
1907 5299 1936 5339 a
1964 5287 2157 5353 quibus

587 5372 968 5442 comprehendi
996 5380 1051 5426 et
1076 5372 1353 5427 transferri
1377 5380 1571 5441 potest,
1600 5388 1855 5444 corporea
1884 5390 2003 5431 esse
2041 5378 2155 5432 evi-

585 5462 785 5520 denter
798 5461 1127 5519 ostendetur.
1160 5462 1554 5534 Requirendum
1579 5476 1660 5521 est
1690 5476 1865 5523 autem
1892 5468 2030 5525 inter
2060 5471 2161 5525 ista

642 5604 688 5634 -δ
706 5594 848 5665 Cave
874 5595 975 5651 ista
995 5596 1174 5651 omnia
1192 5610 1309 5665 qua:
1331 5596 1432 5651 hoc
1458 5596 1575 5652 loco
1595 5598 1750 5653 aﬂ'ert
1776 5599 2001 5657 Faustus
2029 5618 2042 5656 :
2070 5603 2166 5658 ab-

570 5666 750 5725 surda
775 5664 866 5721 illa
897 5680 1115 5735 prorsus
1151 5664 1219 5721 eti
1247 5681 1472 5721 erronea
1497 5682 1617 5723 cum
1655 5671 1943 5727 ostendere
1972 5673 2168 5729 nititur

569 5736 799 5821 tentatas
820 5737 1227 5821 humanas‘esss
1253 5750 1561 5807 corporeus.

2278 4645 2566 4715 Apostolus
2592 4663 2604 4698 ε
2640 4645 2739 4711 Qui
2768 4653 2938 4698 autem
2964 4645 3017 4698 in
3041 4661 3193 4699 carne
3212 4654 3351 4713 sunt,
3385 4643 3497 4698 Deo
3524 4645 3724 4714 placere
3744 4660 3847 4696 non

2277 4746 2487 4806 possunt
2515 4736 2687 4807 (Rom.
2720 4751 2833 4803 vnt,
2865 4736 2942 4807 8).
2972 4735 3212 4791 Carnalis
3234 4750 3312 4791 eSt
3340 4737 3429 4806 qui
3453 4736 3624 4791 ventri
3651 4748 3703 4791 et
3729 4743 3848 4803 gnta

2278 4829 2404 4896 turi,
2435 4836 2489 4882 et
2508 4826 2699 4883 edendi
2727 4837 2780 4883 et
2809 4827 3025 4883 bibendi
3056 4826 3330 4882 nimietate
3356 4826 3609 4893 deservit,
3643 4834 3698 4880 et
3725 4827 3849 4880 vita:

2277 4917 2477 4973 bonum
2533 4919 2588 4972 in
2643 4919 2777 4988 gula:
2829 4916 3060 4987 ingluvie
3104 4926 3157 4972 et
3212 4920 3500 4972 voracitate
3548 4919 3849 4980 constituit,

2275 5009 2483 5077 quando
2510 5008 2862 5065 manducandi
2888 5017 2941 5063 et
2970 5008 3180 5063 bibendi
3208 5009 3480 5064 nimietate
3506 5009 3670 5063 vitam
3694 5024 3845 5064 com-

2274 5111 2446 5173 putat,
2479 5101 2689 5171 quando
2718 5099 2769 5155 ei
2790 5100 2990 5156 ventris
3003 5099 3597 5170 dominaturingluvies.
3625 5103 3692 5154 At
3719 5115 3850 5155 vero

2272 5194 2522 5249 animalis
2546 5192 2793 5269 efﬁcitur,
2838 5192 3050 5261 quando
3077 5190 3251 5246 adlmc
3282 5206 3470 5261 purum
3504 5192 3669 5245 Deum
3700 5194 3815 5260 (τοεί
3834 5225 3850 5233 ο

2274 5297 2417 5353 tans,
2437 5285 2727 5339 secundum
2749 5284 2981 5337 animant
2998 5284 3237 5338 saeculari
3255 5283 3530 5352 prudentia
3550 5283 3618 5337 ad
3641 5283 3851 5351 aliqua-

2273 5392 2391 5431 rum
2433 5389 2611 5430 rerum
2651 5373 2926 5429 scientiam
2973 5384 3332 5441 permovetur,
3377 5373 3591 5443 quando
3628 5374 3849 5427 investi-

2273 5466 2461 5540 gandis
2504 5481 2679 5521 rerum
2709 5465 2984 5520 latentium
3034 5468 3228 5529 causis,
3261 5476 3349 5521 aut
3376 5466 3728 5534 philosophia:
3755 5466 3851 5520 de-

2350 5613 2376 5639 ο
2408 5600 2675 5672 Adversus
2715 5600 2851 5656 hanc
2896 5603 3215 5659 sententiam
3262 5602 3478 5672 scripsit
3526 5602 3853 5672 Claudianus

2280 5672 2567 5755 Mamertus
2615 5670 2928 5729 Viennensis
2986 5674 3285 5743 presbyter,
3341 5670 3435 5728 lib.
3482 5688 3536 5744 ιμ
3574 5671 3643 5729 de
3686 5672 3853 5729 Statu

2281 5761 2492 5800 annnrr.
