4068 6348
244 427 343 485 849

1669 402 2044 463 ΕΡΙΞΤΟΕᾸΞ.

3395 416 3496 473 83)

242 511 465 594 lectatur
517 526 742 593 studiis;
795 522 939 581 unde
981 528 1035 577 et
1057 518 1343 590 Apostolus
1371 516 2186 587 dicittAnimalisAaliquibus
2232 521 2348 590 ejus
2406 522 2681 593 integritas
2733 532 2785 579 et
2830 522 3060 592 dignitas
3116 536 3221 579 non
3271 525 3494 594 periret.

240 634 387 685 homo
408 641 508 681 non
533 621 747 693 percipit
777 633 889 687 qua:
908 623 1026 671 sunt
1052 614 1256 685 spiritus
1280 611 1373 665 Dei
1398 610 1449 681 (Ι
1473 607 1593 664 Cor.
1620 625 1676 672 ιι,
1702 609 1814 678 14).

241 717 544 793 Spiritualis
571 728 692 771 esse
720 710 905 779 incipit
933 706 1147 776 quando
1180 706 1403 759 honesta
1435 712 1488 758 et
1523 702 1815 771 Spiritualia

241 809 587 883 concupiscit,
618 803 831 876 quando
876 801 942 856 ad
973 797 1137 855 divini
1169 797 1374 852 timoris
1403 794 1626 859 cultum,
1679 796 1818 863 vigo-

238 924 297 964 re
318 903 498 962 cordis
541 896 804 961 ascendit,
830 891 1043 964 quando
1075 889 1140 944 ad
1168 903 1227 943 se
1257 886 1501 957 spiritum
1536 901 1630 954 per
1660 900 1816 939 mun-

238 998 422 1052 ditiem
452 966 694 1060 corporis
720 996 775 1042 et
801 999 897 1054 per
922 980 1218 1038 custodiam
1241 979 1500 1033 castitatis
1522 976 1735 1040 invitat,
1761 983 1819 1028 ut

238 1092 304 1146 de
351 1102 417 1144 ea
459 1082 591 1140 illud
638 1078 880 1151 Apostoli
910 1074 1015 1130 dici
1048 1072 1235 1144 possit,
1277 1070 1378 1124 Vos
1411 1070 1529 1123 estis
1571 1065 1817 1135 templum

240 1180 337 1235 Dei
358 1188 407 1233 et
450 1175 661 1247 spiritus
684 1170 779 1225 Dei
814 1169 1007 1222 habitat
1034 1168 1086 1219 in
1111 1160 1347 1234 uobis(ll
1375 1160 1494 1215 Cor.
1527 1160 1659 1227 xvr).
1689 1158 1819 1223 Qua:

240 1269 446 1327 homini
491 1282 596 1321 non
622 1265 779 1319 insita
808 1274 904 1329 per
932 1267 1199 1321 naturam,
1232 1253 1326 1309 sed
1377 1253 1448 1306 ita
1479 1259 1603 1305 sunt
1632 1248 1818 1317 adjun-

241 1373 327 1421 cta
355 1375 451 1433 per
474 1336 695 1429 gratiam
744 1360 803 1407 ut
855 1346 1089 1419 separari
1132 1344 1336 1416 possint
1365 1339 1569 1433 desidia
1591 1341 1819 1433 intereef

241 1430 403 1511 dente
433 1464 526 1520 per
556 1446 787 1516 culpam,
830 1440 981 1497 Unde
1040 1438 1178 1493 idem
1208 1435 1495 1505 Apostolus
1524 1432 1649 1487 dicit
1672 1444 1693 1484 :t
1720 1430 1821 1497 Qui

242 1554 413 1600 autem
458 1537 703 1609 templum
754 1533 850 1587 Dei
897 1530 1178 1595 violaverit,
1222 1525 1481 1595 disperdet
1528 1538 1644 1577 eum
1678 1520 1820 1574 Deus

242 1636 294 1708 (1
318 1635 437 1688 Cor.
468 1646 547 1697 ut,
572 1626 681 1697 17).
712 1625 851 1680 Ecce
872 1636 966 1691 per
988 1620 1148 1675 ﬁdem
1170 1632 1277 1673 non
1306 1616 1480 1671 solum
1502 1612 1818 1708 baptieatus,

242 1702 341 1787 sed
370 1736 423 1782 et
450 1722 549 1779 Dei
571 1720 834 1789 templum
852 1729 972 1772 esse
999 1713 1231 1775 videtur,
1249 1718 1304 1765 et
1326 1718 1501 1763 tamen
1526 1719 1622 1775 per
1643 1702 1820 1758 diver-

241 1837 302 1877 sa
330 1815 555 1888 ﬂagitia,
586 1813 681 1868 Dei
710 1809 996 1866 severitate
1023 1801 1383 1873 disperdetur.
1410 1798 1521 1853 lloc
1548 1797 1668 1851 loco
1696 1809 1818 1865 per-

1919 611 2093 667 Grave
2142 614 2349 667 crimen
2380 620 2484 678 est,
2516 614 2656 683 quod
2698 613 2981 669 hrrreticus
3009 614 3253 684 accipere
3303 617 3495 683 noluit,

1920 718 2025 757 non
2057 705 2230 759 minus
2272 690 2405 758 illud
2446 720 2624 773 grave,
2675 705 2816 774 quod
2844 705 3179 760 Christianus
3226 707 3418 777 accipit
3443 718 3499 763 et

1920 796 2139 864 perdit:
2195 794 2324 848 Nam
2377 803 2430 849 et
2483 796 2572 850 ille
2617 797 2705 865 qui
2738 796 2923 850 ﬁducia
2952 797 3225 867 baptismi,
3257 799 3496 867 nuptiale

1921 888 2244 951 convivium,
2277 890 2416 943 sacri
2444 889 2657 943 concilii
2686 897 2976 945 temerator
3004 891 3292 960 irruperat,
3324 891 3499 947 nitore

1920 981 2168 1049 puritatis
2198 980 2427 1045 amisso;
2475 980 2541 1034 de
2571 980 2764 1034 illustri
2792 980 3056 1049 justorum
3100 990 3368 1036 conventu
3401 997 3497 1036 ex-

1922 1071 2154 1138 pellitur,
2183 1080 2237 1125 et
2275 1071 2328 1125 in
2373 1071 2665 1126 exteriores
2690 1072 2937 1126 tenebras
2980 1073 3339 1141 perturbatur.
3368 1072 3501 1127 Nam

1921 1160 2223 1215 credendus
2246 1172 2326 1215 est
2354 1162 2566 1216 niveum
2598 1170 2797 1217 sanctae
2822 1165 3186 1233 generationis
3215 1162 3494 1232 possidere

1922 1256 2232 1326 candorem,
2264 1257 2353 1325 qui
2386 1257 2525 1309 inter
2552 1257 2812 1321 incestos,
2843 1256 3107 1311 veneﬁcos
3132 1266 3186 1310 et
3220 1266 3495 1321 cruentos,

1922 1347 2004 1401 vel
2028 1347 2319 1416 prmcipitio
2349 1356 2440 1401 aut
2459 1349 2747 1418 suspendio
2775 1350 2937 1403 vitam
2967 1348 3283 1418 praecidens,
3312 1350 3363 1403 in
3384 1364 3519 1419 par-p

1925 1445 2031 1491 tem
2090 1439 2302 1492 transiit
2367 1438 2672 1508 impiorum.
2731 1439 2978 1509 Legimus
3038 1440 3501 1511 inexstinguibiles

1922 1531 2164 1584 flammas
2196 1528 2348 1585 factis
2380 1532 2693 1600 capitalibus
2718 1522 3062 1601 ‘przeparatas,
3088 1533 3357 1586 hominem
3375 1545 3503 1607 vero

1923 1623 1975 1677 in
2009 1624 2163 1679 malis
2203 1624 2313 1677 suis
2357 1625 2662 1693 viventem,
2712 1626 2826 1680 solo
2879 1627 3197 1694 baptismate
3241 1627 3503 1681 salvatum

1923 1729 2043 1768 esse
2102 1728 2206 1768 non
2246 1714 2495 1782 legimus.
2548 1714 2850 1770 Periculosa
2902 1716 3043 1780 sibi,
3096 1716 3238 1785 quod
3295 1715 3502 1769 coelesti

1925 1805 2201 1874 Scriptura
2256 1821 2360 1859 non
2410 1807 2620 1875 legitur,
2652 1804 2867 1861 inimica
2900 1809 3158 1863 securitas
3191 1807 3500 1877 pollicetur,

241 1882 463 1968 ditionis
490 1903 828 1968 vocabulum,
880 1908 1141 1953 aeternum
1172 1891 1394 1963 perditae
1423 1889 1614 1943 anima:
1654 1900 1821 1940 nove-

1930 1896 2099 1951 multo
2130 1896 2475 1964 periculosior
2505 1897 2591 1951 illa
2616 1913 2718 1951 non
2748 1899 2968 1953 credere
2997 1914 3113 1965 quae
3136 1900 3329 1952 veritas
3358 1913 3502 1954 eom-

241 2007 411 2061 rimus
429 2013 549 2056 esse
565 1994 862 2053 interitum.
888 1992 943 2045 ln
963 1988 1354 2059 baptizatorum
1373 1994 1601 2037 numero
1623 1978 1826 2048 absque

241 2092 576 2153 dubitatione
598 2095 909 2150 censentur,
931 2091 986 2139 et
1008 2081 1245 2136 membra
1270 2076 1467 2131 Christi
1494 2086 1613 2129 esse
1641 2071 1826 2125 dicun-

242 2199 354 2256 tur,
386 2196 442 2241 et
469 2184 589 2238 vide
632 2178 898 2251 quomodo
925 2175 1148 2246 perditis
1175 2178 1568 2239 comparantur,
1603 2178 1828 2236 quomo-

242 2282 316 2337 do
343 2295 373 2335 a
400 2274 757 2349 generositate
790 2271 1041 2331 ﬁliorum,
1082 2265 1281 2334 ﬂagitio
1312 2269 1569 2331 operante
1597 2260 1826 2327 degene-

243 2385 388 2441 rant,
410 2371 622 2427 dicente
650 2362 904 2434 Apostolo
936 2378 948 2413 :
985 2358 1186 2413 Tollam
1218 2372 1336 2426 ergo
1364 2354 1582 2407 membra
1613 2351 1822 2441 Christi,

242 2476 290 2523 et
340 2439 530 2536 faciam
579 2456 803 2512 membra
856 2451 1133 2507 meretricis
1151 2448 1199 2520 (1
1238 2444 1356 2501 Cor.
1393 2442 1581 2512 xvnt)?
1636 2442 1702 2495 Et
1749 2439 1826 2494 illi

243 2535 458 2626 quoque
508 2545 938 2605 manifestissime
966 2543 1107 2596 dona
1139 2537 1386 2593 secundae
1416 2535 1706 2626 nativitatis
1731 2548 1823 2585 ac-

244 2623 524 2717 ceperant,
536 2641 623 2711 qui
641 2637 801 2693 etiam
814 2633 1193 2689 charismatum
1210 2628 1514 2684 diversitate
1534 2623 1824 2696 pollebant,

165 2719 174 2727 ’
242 2739 316 2797 de
340 2736 534 2808 quibus
566 2729 823 2805 Dominus
850 2729 901 2782 in
936 2723 1225 2794 Evangelio
1253 2721 1380 2777 dicit
1415 2739 1427 2772 :
1475 2718 1630 2773 Multi
1661 2718 1827 2769 dicent

242 2831 371 2885 mihi
391 2829 445 2882 in
474 2826 564 2881 illa
591 2824 691 2891 die,
714 2820 947 2885 Domine,
967 2815 1207 2881 Domine,
1232 2830 1399 2869 nonne
1424 2814 1478 2867 in
1508 2815 1709 2866 nomine
1739 2820 1846 2872 tuo,

243 2919 675 2993 prophetavimus,
703 2923 746 2968 et
774 2914 828 2966 in
854 2910 1057 2965 nomine
1083 2917 1168 2961 tuo
1198 2907 1454 2961 datmonia
1489 2903 1749 2975 ejecimus,
1779 2909 1826 2954 et

241 2991 302 3067 in
327 3011 528 3066 nomine
546 3017 629 3061 tuo
652 3006 859 3061 virtutes
878 3003 1064 3056 multas
1078 2994 1285 3071 fecimus
1299 2996 1323 3049 7
1337 2995 1401 3050 Ει
1423 3002 1540 3047 tunc
1556 2993 1685 3046 dicet
1702 2991 1824 3053 illis,

242 3107 369 3174 quia
417 3119 517 3156 non
562 3100 677 3155 novi
714 3114 821 3165 vos,
854 3094 1093 3149 discedite
1118 3109 1152 3145 a
1178 3107 1275 3155 me,
1309 3090 1396 3158 qui
1425 3084 1706 3155 operamini
1729 3083 1827 3135 ini-

242 3196 491 3266 quitatem
523 3189 739 3261 (Matth.
760 3202 859 3250 vn,
888 3185 1003 3253 22).
1028 3182 1157 3249 Quis
1183 3178 1459 3234 abdicatos
1489 3192 1595 3229 non
1626 3174 1824 3266 intclli-

1930 1988 2181 2042 minatur.
2214 1986 2402 2055 Aliqua
2445 1990 2522 2058 (ut
2546 1988 2747 2057 dicitis)
2780 1988 3115 2043 beatissimus
3142 1989 3222 2043 vir
3271 1989 3505 2043 Marinus

1927 2066 2047 2133 cum
2100 2079 2529 2133 iuterminatione
2572 2079 2860 2143 disseruit;
2917 2081 3011 2135 sed
3034 2081 3169 2134 sicut
3214 2079 3341 2132 illud
3363 2079 3505 2147 quod

1929 2170 2173 2239 promisit
2214 2170 2469 2222 Dominus
2510 2170 2851 2239 diligentibus
2880 2186 2961 2236 se,
2989 2170 3148 2224 etiam
3200 2169 3505 2223 testimonio

1929 2261 2170 2328 Apostoli
2201 2275 2296 2329 pro
2324 2260 2399 2313 rei
2428 2259 2790 2328 magnitudine
2815 2261 2869 2313 in
2898 2274 2989 2313 eor
3020 2260 3249 2313 hominis
3277 2274 3381 2312 non
3416 2272 3502 2313 as-
3542 2302 3551 2308 .

1928 2349 2124 2415 cendit,
2162 2350 2229 2403 ita
2262 2350 2557 2404 futurorum
2606 2349 2936 2404 immensitas
2977 2349 3302 2406 cruciatuutn
3334 2364 3500 2418 angu-

1928 2442 2059 2495 stias
2082 2441 2327 2494 humanae
2357 2440 2551 2494 mentis
2568 2438 2943 2507 excedet,quae
2969 2439 3106 2493 mala
3129 2447 3503 2493 momentanea

1926 2531 2253 2601 poenitentiae
2308 2531 2492 2585 umbra
2543 2546 2645 2585 non
2698 2539 2961 2597 removet,
3007 2545 3126 2598 quae
3174 2530 3328 2584 ﬁdem
3384 2530 3502 2583 sine

1928 2622 2176 2690 Operibus
2205 2636 2310 2676 non
2338 2622 2580 2689 repellet,
2610 2620 2800 2688 quibus
2843 2622 3126 2674 terminum
3179 2621 3503 2675 smeulorum

1931 2713 2216 2767 labentium
2269 2727 2459 2766 cursus
2500 2712 2552 2765 in
2584 2711 2810 2764 ﬁammis
2844 2710 3361 2780 inexstinguibilibus
3388 2720 3501 2766 sta-

1931 2812 2081 2858 tuere
2138 2818 2244 2856 non
2292 2802 2510 2867 valebit,
2558 2803 2697 2856 inter
2742 2817 2873 2871 quos
2903 2802 3251 2857 incxhaustos
3278 2817 3505 2871 vapores

1932 2895 2080 2949 tarde
2103 2909 2162 2949 se
2184 2895 2360 2948 anima
2386 2908 2642 2962 corporea
2662 2903 2715 2948 et
2735 2894 2928 2948 sentiet
2957 2903 3011 2948 et
3032 2893 3251 2948 videbit.
3276 2893 3342 2947 Et
3360 2893 3501 2957 ideo,

1926 2988 2100 3057 justis,
2136 2988 2299 3042 castis
2326 2995 2377 3043 et
2410 2988 2510 3056 piis
2540 2987 2790 3056 operibus
2820 2988 2961 3041 diem
2992 2987 3234 3040 ultimum
3263 3002 3502 3055 praecur-

1930 3095 2107 3134 ramus
2133 3097 2145 3133 :
2181 3089 2234 3135 et
2256 3080 2341 3134 hic
2383 3079 2619 3133 timendo
2647 3093 2711 3134 ea
2740 3079 2985 3149 quaeillic
3008 3078 3198 3134 timere
3224 3078 3355 3133 nihil
3378 3094 3503 3148 pro-

1929 3171 2087 3238 derit,
2123 3186 2217 3226 nos
2267 3171 2614 3225 declinemus.
2650 3171 2746 3225 llic
2787 3169 2945 3224 ﬁnem
2972 3168 3190 3223 inﬁnitis
3219 3167 3246 3207 ι)
3278 3177 3502 3223 conten-

243 3249 337 3357 gat
367 3298 395 3336 a
428 3249 622 3342 salute,
640 3280 729 3346 qui
752 3291 783 3329 a
805 3249 1095 3341 conspectu
1112 3269 1553 3339 Patrisjubeutur
1573 3265 1825 3321 abscede-
1851 3249 1895 3311 Ο
1931 3263 2161 3319 tionibus
2214 3261 2570 3330 imponamus,
2619 3271 2672 3315 et
2702 3260 3036 3315 intoleranda
3090 3259 3332 3314 incendia
3363 3275 3503 3314 nunc
3542 3320 3549 3321 ί

244 3376 346 3431 re?
378 3374 431 3427 in
480 3378 679 3424 sortem
709 3379 804 3422 eos
848 3377 941 3419 sua
990 3377 1139 3418 mors
1189 3360 1553 3415 indubitanter
1579 3359 1824 3429 accipiet,

245 3478 385 3535 quos
408 3461 516 3516 vita
546 3473 666 3527 quae
692 3456 937 3511 Christus
962 3463 1044 3509 est
1068 3452 1352 3523 ignorabit.
1382 3452 1688 3520 Baptizatos
1717 3464 1829 3520 per-

247 3553 443 3611 ditioni
471 3549 613 3606 tradi
656 3562 750 3617 pro
776 3544 1141 3616 iniquitatibus
1167 3545 1277 3598 suis
1307 3542 1552 3607 dubitas;
1582 3556 1701 3596 cum
1735 3541 1829 3594 ba-

250 3648 449 3719 ptisma
489 3642 658 3712 ipsum
700 3655 793 3710 per
833 3638 997 3694 multa
1044 3637 1247 3691 scelera
1278 3635 1455 3705 perire
1501 3633 1831 3704 cognoscas?

251 3736 408 3805 Quod
438 3744 640 3800 autem,
671 3732 812 3786 sicut
850 3730 1040 3799 pagina
1082 3729 1340 3790 continet,
1391 3740 1570 3781 sermo
1596 3736 1736 3797 tuus
1764 3727 1829 3779 de

256 3827 516 3900 propheta
563 3830 833 3879 mutuatus
860 3821 1035 3888 ignem
1062 3818 1253 3871 anima:
1298 3816 1555 3885 simplicis
1593 3818 1829 3869 mstima-

255 3921 353 3987 vit,
384 3918 452 3973 de
471 3917 582 3972 sola
612 3915 711 3969 hoc
731 3910 1023 3967 divinitatis
1039 3907 1336 3965 substantia
1353 3908 1530 3962 dicere
1556 3907 1826 3972 convenit,

255 4011 346 4068 cui
366 4009 497 4065 nihil
518 4008 842 4078 appositum,
872 4002 1000 4057 nihil
1027 4018 1054 4054 a
1086 4002 1367 4069 superiore
1396 4000 1671 4065 collatum,
1699 3998 1832 4051 nihil

255 4109 469 4159 constat
512 4100 840 4169 adjunctum.
874 4094 1056 4149 Justus
1104 4095 1304 4163 pariter
1333 4102 1383 4148 et
1415 4092 1617 4160 justitia
1646 4092 1830 4145 vivens

257 4203 313 4249 et
341 4192 467 4256 vita,
502 4191 713 4259 sapiens
752 4198 911 4256 atque
958 4184 1215 4255 sapientia
1263 4192 1348 4239 est
1377 4186 1546 4237 virtus
1576 4194 1629 4237 et
1682 4183 1832 4251 origo

258 4286 533 4340 virtutum.
567 4283 622 4337 In
652 4278 1029 4351 principalibus
1070 4278 1211 4332 enim
1240 4278 1399 4332 bonis
1445 4278 1576 4341 suis,
1607 4279 1706 4331 hoc
1751 4286 1833 4331 est

259 4380 376 4447 ipse
395 4375 535 4447 quod
588 4373 843 4445 possidet.
897 4372 1068 4426 ilomo
1106 4385 1234 4426 vero
1264 4370 1462 4439 duplex
1486 4370 1706 4439 intelligi
1740 4384 1833 4437 po-

259 4478 387 4540 test,
410 4468 500 4538 qui
528 4468 713 4522 vivens
743 4475 795 4521 et
818 4465 995 4535 justus
1022 4469 1075 4518 et
1096 4463 1308 4532 sapiens
1336 4461 1438 4516 dici
1471 4469 1648 4531 potest
1676 4478 1689 4513 :
1723 4461 1831 4515 vita

259 4569 439 4617 autem
465 4568 519 4614 et
542 4557 743 4626 iustitia
781 4556 886 4610 dici
918 4569 1022 4609 non
1054 4562 1246 4623 potest,
1279 4555 1400 4623 quia
1446 4554 1515 4606 ita
1550 4552 1631 4606 his
1659 4552 1832 4607 indui-

1929 3354 2214 3410 salubriter
2261 3352 2563 3423 cogitando,
2595 3367 2659 3407 ex
2705 3351 2836 3421 ipsis
2868 3351 3077 3420 ignibus
3123 3358 3319 3421 aeterna
3350 3350 3503 3404 nobis

1930 3445 2203 3515 refrigeria
2235 3457 2629 3512 comparemus.
2996 3448 2999 3459 ’
3331 3470 3358 3489 .

2016 3549 2036 3577 ο
2066 3538 2253 3594 Certus
2284 3546 2457 3592 autem
2484 3552 2604 3592 sum
2648 3536 2715 3591 de
2744 3536 2847 3591 ﬁde
2878 3544 3078 3605 vestra,
3109 3535 3255 3606 quod
3293 3535 3501 3591 falerati

1930 3630 2227 3698 composito
2250 3630 2422 3683 nitore
2443 3628 2705 3683 sermonis
2735 3626 3033 3695 acceptiora
3058 3626 3206 3680 vobis
3233 3634 3388 3680 erunt
3417 3640 3503 3679 sa-

1932 3722 2138 3776 lutifera
2164 3715 2385 3775 sincerae
2426 3719 2731 3774 tesﬁmonia
2764 3718 3026 3771 veritatis.
3078 3717 3269 3770 Filiutn
3326 3732 3502 3771 meum

1933 3813 2297 3879 Eminentlnm,
2330 3812 2485 3865 dulce
2509 3812 2671 3864 decus
2716 3818 2976 3870 nostrum,
3022 3815 3247 3876 paterno
3275 3809 3502 3875 sospita-

1934 3922 2050 3960 mus
2077 3906 2285 3959 affectu.
2326 3902 2579 3958 Domitius
2608 3911 2792 3956 noster
2822 3901 3189 3955 admirandam
3220 3899 3348 3952 mihi
3390 3914 3503 3952 ma—

1931 3996 2289 4067 gniﬁcentiam
2321 4008 2469 4048 suam
2521 3992 2876 4063 prmsentibus
2928 3989 3133 4056 repleat
3161 3987 3315 4041 bonis
3344 3996 3397 4043 et
3423 3989 3502 4042 di-

1930 4097 2092 4153 gnum
2116 4080 2315 4145 {reddat
2347 4080 2579 4134 aeternis.

2504 4188 2833 4245 EPISTOLA
2868 4186 2933 4240 γ.

1968 4301 2147 4341 FAUSTI
2171 4298 2467 4339 BHEGlENSlS
2483 4298 2777 4338 GALLIARUII
2799 4293 3029 4335 EPISCOPI
3054 4295 3119 4333 DE
3136 4293 3471 4333 PMNITENTIA
3531 4294 3537 4303 ’

2292 4372 2358 4409 ΑΙ)
2380 4370 2602 4408 FELICEM
2632 4369 2711 4405 PP.
2744 4369 2808 4405 ET
2838 4364 3147 4404 PATBITIUII.

2006 4449 2230 4502 Domino
2261 4445 2496 4516 piissimo
2533 4454 2589 4499 et
2611 4443 2930 4512 specialibus
2967 4441 3159 4497 ofﬁciis
3191 4440 3506 4504 excolendo,

1935 4549 1992 4595 ut
2020 4540 2248 4605 conﬁdo,
2281 4539 2334 4593 in
2373 4547 2626 4593 aeternum
2655 4534 2802 4589 fratri
2826 4542 2882 4590 et
2927 4547 3022 4601 per
3063 4532 3242 4588 omnia
3292 4530 3508 4587 domino

260 4664 370 4721 tur,
398 4610 758 4723 utali'quoties
782 4655 1028 4703 exuatur.
1055 4610 1218 4712 ’ρυοά
1246 4610 1452 4700 homini
1500 4645 1679 4700 datum
1727 4654 1829 4713 est,
1857 4610 1913 4673 D
1939 4634 2099 4691 FGIiCi
2128 4634 2372 4688 FaUSlus-

261 4747 377 4803 Deo
422 4739 640 4797 insitum
669 4746 770 4792 est.
794 4736 963 4790 Homo
1001 4735 1173 4806 (verbi
1198 4736 1387 4807 gratia)
1420 4735 1701 4791 deauratus
1731 4746 1833 4800 est,

265 4839 414 4894 Deus
459 4845 649 4888 aurum
701 4835 805 4895 est,
851 4827 903 4881 in
952 4840 1058 4895 quo
1087 4826 1189 4880 hoc
1216 4833 1300 4880 est
1326 4828 1560 4893 potentia
1591 4834 1644 4880 et
1668 4826 1836 4895 gloria

265 4927 405 4999 quod
429 4932 637 4979 natura.
668 4919 801 4974 Nam
830 4916 972 4988 quod
994 4915 1259 4970 subtiliter
1289 4915 1553 4981 indicasti,
1581 4917 1626 4970 si
1656 4918 1834 4971 omnia

266 5017 381 5071 haec
409 5027 528 5083 qua:
556 5008 808 5065 dominus
858 5005 1094 5061 Marinus
1123 5003 1520 5073 interminatur,
1566 5006 1840 5074 excipiunt

265 5110 596 5176 peccatores,
618 5099 746 5170 quid
774 5096 943 5167 magis
970 5094 1119 5165 impii
1148 5102 1455 5149 mereantur
1476 5094 1663 5163 ignoro
1688 5096 1701 5147 t
1732 5096 1840 5150 lia-

264 5197 394 5255 bent
423 5194 524 5249 sub
551 5191 877 5263 perennibus
901 5188 1078 5255 malis,
1107 5195 1162 5243 et
1188 5186 1448 5257 supplicia
1470 5186 1664 5256 gradus
1691 5200 1835 5251 suos,

265 5298 320 5347 et
368 5286 617 5358 gravibus
661 5282 924 5339 obn0xius
972 5279 1241 5350 peccatis,
1291 5276 1513 5332 inﬁnitis
1565 5276 1710 5349 (licet
1759 5286 1841 5331 ta-

266 5396 390 5440 men
403 5370 1024 5449 utcunquetolerandis),
1041 5372 1235 5443 impius
1263 5384 1393 5426 vero
1409 5410 1425 5435 ,
1455 5369 1705 5425 inauditis
1720 5383 1841 5425 cru-

191 5472 199 5519 |
268 5472 494 5531 eiatibus
536 5470 833 5539 torquetur.
862 5463 1013 5518 Tunc
1061 5469 1239 5518 autem
1278 5460 1530 5530 baptismi
1562 5468 1589 5497 ι
1616 5460 1842 5529 gratiam

271 5562 503 5630 habetis,
533 5574 637 5617 nec
664 5562 845 5629 posset
873 5562 1047 5609 morte
1075 5553 1304 5623 aliquem
1331 5550 1626 5614 vindicare,
1654 5549 1755 5606 nisi
1786 5552 1840 5606 in

347 5712 372 5736 ει
396 5698 507 5761 AL,
539 5692 723 5749 Gratia
748 5692 811 5744 ab
831 5696 1019 5742 (eterna
1047 5693 1206 5739 morte
1248 5684 1406 5753 possit
1434 5686 1684 5740 hominem
1723 5701 1837 5738 vm-

271 5771 443 5824 dicare
466 5768 509 5820 si
548 5766 600 5819 in
628 5761 898 5836 aliquibus,
930 5768 1068 5836 etc."
1150 5827 1161 5836 .
1239 5825 1249 5836 ο

346 5840 372 5878 b
407 5837 521 5903 AL,
569 5826 972 5889 contritionibus.
1026 5826 1103 5882 Ex
1146 5826 1339 5896 ignium
1364 5835 1664 5880 aeternorum
1696 5827 1837 5891 cogi-

2010 4728 2255 4796 Magnum
2303 4725 2513 4794 pietatis
2556 4730 2611 4777 et
2649 4721 2771 4776 ﬁdei
2824 4717 3375 4789 testimonium,quod
3417 4732 3511 4787 per

1940 4827 2207 4873 tantarum
2262 4824 2413 4869 vasta
2458 4812 2735 4867 intervalla
2788 4811 3084 4880 regionum,
3121 4818 3175 4865 et
3200 4821 3299 4879 per
3323 4817 3397 4865 tot
3428 4824 3513 4864 re-

1940 4926 2057 4965 rum
2087 4910 2363 4978 interiecta
2393 4907 2725 4973 discrimina,
2758 4904 2824 4959 ad
2854 4918 2954 4959 nos
2983 4918 3150 4974 usque
3180 4904 3511 4958 latitudinem

1939 5010 2135 5057 vestrae
2145 4999 2420 5054 cbaritatis
2434 4997 2740 5053 extenditis.
2767 4995 2825 5049 ln
2839 4997 2936 5049 hac
2959 4996 3285 5064 relegatione
3306 5002 3510 5057 nostra,

1945 5090 2137 5145 artifex
2168 5090 2261 5144 Dei
2296 5089 2463 5143 nostri
2493 5088 2878 5152 misericordia,
2923 5088 3135 5156 gemina
3158 5093 3371 5141 exercet
3393 5085 3513 5138 ofﬁ-

1945 5185 2044 5248 cia,
2082 5191 2322 5237 nostram
2376 5180 2577 5234 excutit
2617 5186 2838 5247 paterna
2888 5177 3511 5247 sedulitate-rubiginem,

1944 5286 1998 5332 et
2018 5286 2249 5331 vestram
2276 5273 2421 5328 circa
2452 5286 2550 5327 nos
2571 5270 2825 5326 dilucidat
2845 5269 3026 5335 ﬁdem,
3051 5277 3389 5338 vestramque
3417 5282 3514 5337 ap-

1944 5368 2135 5440 prohat
2160 5367 2437 5436 pietatem.
2486 5362 2593 5417 Nos
2636 5361 2817 5417 elimat
2865 5360 3094 5429 benigna
3150 5359 3389 5424 solertia,
3417 5372 3514 5413 vos

1946 5459 2211 5532 producit,
2241 5469 2345 5513 nos
2368 5460 2681 5524 coangustat
2716 5451 3025 5521 salubriter,
3050 5464 3145 5505 vos
3170 5450 3390 5505 dilatat..
3408 5447 3515 5499 Nos
3565 5494 3573 5503 .

1948 5550 2219 5617 arguimur
2269 5559 2364 5601 vos
2397 5544 2673 5614 proticitis.
2704 5543 3018 5600 detrimenta
3040 5550 3222 5596 nostra
3250 5540 3303 5593 in
3334 5541 3514 5590 vestra

1950 5692 2137 5737 talione
2164 5687 2454 5750 prteparata
2476 5678 2570 5733 sibi
2592 5687 2783 5752 (eterna
2810 5680 3092 5752 refrigeria.

2023 5764 2043 5790 ε
2074 5742 2199 5806 Haec
2229 5742 2283 5805 in
2304 5752 2560 5806 hactenus
2584 5748 2796 5804 excusis
2820 5742 3232 5814 non'habentur,
3256 5742 3347 5801 sed
3373 5754 3514 5798 nunc

1948 5839 2015 5879 ex
2039 5838 2138 5879 ms.
2168 5822 2381 5879 llenrici
2407 5821 2605 5878 Canisii
2626 5827 2983 5876 accesserunt.
