4068 6348
311 320 423 380 858

870 426 1202 488 EPISTOLA
1238 425 1332 483 Vl.

310 528 557 586 EJUSDEI
578 532 1089 582 ηυδτιίιιιεθιικειε
1104 532 1407 580 αιιιωιωί
1428 532 1662 577 ειηεοορι
1684 531 1898 575 CONTRA

736 610 981 652 NESTOBII
1006 612 1073 650 AD
1100 609 1151 650 ο.
1182 608 1472 648 οιΑοοΝυιι.

389 709 616 767 Domino
654 714 843 764 sancto
871 715 925 763 et
952 707 1008 761 in
1042 704 1256 760 Christo
1294 702 1696 760 devinctissimo
1744 701 1901 757 fratri

312 794 340 821 α
366 782 530 839 Grato
559 781 786 836 diacono
808 778 1056 833 Faustus.

382 874 693 930 Honoratus
719 871 899 927 officio
926 880 1037 939 tuo,
1068 870 1365 927 honoratus
1388 868 1613 939 judicio,
1645 881 1902 938 provoca-

313 976 401 1023 tus
428 965 650 1031 affectu;
686 965 873 1034 loquar
924 971 1100 1018 tecum
1146 962 1198 1017 in
1234 961 1534 1017 humilitate
1580 960 1818 1025 sincera,
1846 960 1899 1013 in

313 1061 564 1117 libertate
603 1058 863 1115 benevola
889 1096 905 1123 ,
933 1056 989 1135 in
1036 1056 1257 1111 caritate
1305 1070 1412 1109 non
1442 1054 1594 1121 ficta,
1638 1056 1691 1107 in
1740 1055 1901 1107 verbo

314 1153 581 1210 veritatis.
615 1153 682 1206 Et
707 1152 832 1206 licet
873 1149 1004 1204 mihi
1035 1148 1245 1205 tacendi
1276 1162 1490 1203 causam
1538 1147 1780 1202 indicere
1808 1161 1901 1216 po-

315 1247 505 1312 tueris,
539 1245 665 1300 dum
695 1243 924 1313 benigno
952 1256 1015 1297 ac
1046 1241 1205 1296 nimis
1234 1240 1456 1296 credulo
1483 1239 1662 1293 animo
1696 1246 1899 1293 tantum

315 1351 492 1407 paenae
542 1335 676 1391 mihi
724 1343 981 1405 quantum
1030 1332 1123 1387 tibi
1154 1333 1362 1402 peritia:
1392 1339 1446 1386 et
1475 1331 1789 1385 eruditionis
1821 1332 1901 1385 in-

316 1428 527 1498 dulges,
564 1436 739 1482 tamen
791 1441 889 1496 per
920 1424 1283 1494 interrogandi
1327 1423 1764 1489 sollicitudinem,
1795 1424 1897 1478 im-

315 1520 541 1592 posuisti
584 1518 717 1575 mihi
761 1518 1121 1589 respondendi
1172 1518 1576 1583 necessitatem,
1626 1531 1729 1586 qua
1777 1531 1901 1571 cum

316 1614 560 1692 absente,
591 1626 698 1667 non
728 1612 846 1667 sine
884 1610 1269 1681 trepidatione,
1301 1610 1431 1664 mibi
1478 1610 1689 1665 aestimo
1736 1608 1903 1663 collo-

317 1705 590 1777 quendum
624 1720 640 1762 :
671 1704 793 1773 quia
824 1704 890 1758 de
910 1704 1073 1759 rebus
1108 1712 1214 1757 tam
1242 1701 1548 1771 profundis,
1578 1710 1633 1757 et
1662 1715 1808 1755 meas
1836 1714 1901 1755 ac

1769 309 2145 371 EPISTOLE.

1923 429 1981 490 Α
2004 427 2129 481 fano
2158 439 2291 481 ausu
2322 426 2597 495 disputare
2642 438 2748 481 non
2776 425 2953 481 timuit
2980 424 3191 481 beatam
3224 425 3444 480 Matium
3468 434 3583 479 tan-

3478 306 3588 366 85‘

2007 528 2117 574 tum
2137 527 2363 575 matrem
2390 518 2559 575 fuisse
2589 518 2843 585 hominis,
2870 532 2978 574 non
3006 518 3169 574 etiam
3202 517 3329 584 Dei;
3358 523 3414 574 et
3440 516 3581 586 ideo,

2005 626 2103 682 pro
2148 612 2270 678 hoc,
2311 612 2589 669 catholicae
2628 629 2724 683 per
2773 629 2989 670 omnem
3030 612 3289 670 mundum
3331 613 3588 671 Ecclesia

2004 706 2642 763 districtionedamnatus
2667 715 2771 763 est.
2802 706 2920 763 Non
2940 707 3100 763 debet
3124 705 3339 778 (inquit)
3362 706 3585 777 suscipi,

2004 809 2063 856 ut
2086 801 2246 856 homo
2273 810 2444 856 mater
2469 801 2563 855 Dei
2594 801 2690 855 sit!
2717 800 2810 856 sed
2839 801 2928 856 ubi
2949 808 3031 856 est
3060 799 3186 854 illud
3214 798 3586 869 propheticum

2005 895 2090 949 vel
2118 894 2485 965 evangelicum
2516 911 2530 946 :
2559 894 2689 948 Ecce
2710 896 2853 965 virgo
2879 893 3125 963 concipiet
3146 902 3193 947 et
3218 893 3377 962 pariet
3399 891 3585 961 ﬁlium,

2005 996 2053 1041 et
2072 987 2317 1041 vocabunt
2345 1001 2526 1040 nomen
2553 989 2661 1056 ejus
2691 984 3008 1049 Emmanuel,
3034 985 3168 1053 quod
3194 984 3586 1052 estinterpreta-

2006 1086 2135 1143 tum,
2168 1076 2430 1130 nobiscum
2484 1073 2625 1129 Deus
2666 1073 2833 1143 (Esai.
2874 1089 2965 1137 vn,
2996 1072 3121 1142 14)?
3167 1073 3234 1127 Et
3282 1073 3473 1126 iterum
3533 1073 3586 1129 in

2006 1168 2297 1237 Evangelia
2327 1184 2339 1220 :
2368 1167 2503 1235 quod
2552 1175 2787 1220 nascetur
2816 1180 2878 1219 ex
2924 1175 2970 1218 te
3015 1173 3277 1227 sanctum,
3326 1164 3587 1217 vocabitur

2007 1258 2178 1312 Filius
2216 1256 2311 1311 Dei
2345 1255 2557 1326 (Matth.
2607 1272 2647 1319 ι,
2675 1252 2790 1322 25).
2826 1253 2925 1309 Ubi
2969 1254 3128 1307 etiam
3174 1251 3304 1306 illud
3333 1253 3587 1321 estquod

2007 1356 2257 1420 suscepta
2298 1362 2396 1417 per
2443 1361 2630 1403 omnes
2668 1345 2873 1400 insulas
2916 1352 2970 1398 et
3009 1344 3281 1398 Ecclesias
3305 1384 3321 1409 ,
3370 1343 3587 1399 Patrum

2004 1443 2180 1512 signat
2221 1439 2513 1501 auctoritas
2562 1445 2749 1492 contra
2780 1433 3089 1491 Nestorium
3122 1433 3346 1501 loquens
3377 1452 3387 1484 :
3428 1433 3589 1487 Male-

2005 1534 2199 1600 dictus,
2231 1533 2423 1602 inquit,
2455 1530 2547 1601 qui
2574 1530 2770 1587 Filium
2794 1530 2889 1584 Dei
2921 1530 3091 1584 Deum
3118 1542 3300 1581 verum
3331 1526 3397 1580 de
3424 1526 3591 1579 Maria

2006 1641 2115 1682 non
2142 1639 2315 1695 nuper
2364 1632 2549 1679 natum
2592 1637 2691 1692 pro
2720 1630 2904 1677 nostra
2933 1621 3105 1675 salute
3134 1634 3239 1673 non
3266 1618 3548 1672 conlitetur
3567 1616 3593 1669 ‘t

2007 1718 2259 1776 Secutum
2293 1726 2378 1772 est
2419 1725 2478 1771 ut
2502 1716 2709 1773 diceres
2750 1715 2847 1771 Dei
2886 1723 2937 1770 et
2986 1711 3220 1767 hominis
3269 1724 3427 1763 unam
3472 1722 3593 1763 esse

318 1807 437 1852 tuas
476 1797 616 1851 vires
641 1795 1050 1859 excedentibus,
1096 1810 1201 1849 non
1230 1795 1406 1851 minus
1452 1794 1674 1863 periculi
1703 1804 1786 1848 est
1815 1808 1900 1848 re-

2014 1822 2275 1876 naturam,
2329 1810 2433 1864 hoc
2480 1807 2673 1873 modo;
2722 1821 2882 1861 unam
2921 1804 3017 1859 Dei
3054 1818 3174 1857 esse
3217 1799 3590 1855 substantiam.

316 1888 586 1958 spondere
624 1901 785 1956 quam
826 1887 1100 1941 incondito
1139 1886 1277 1957 stylo
1309 1887 1543 1956 ingentia
1566 1894 1902 1941 sacramenta

317 1981 655 2037 committere
682 1998 693 2033 :
723 1989 777 2034 et
801 1980 922 2034 ideo
974 1993 1157 2033 carum
1183 1995 1383 2044 meum,
1411 1978 1467 2033 in
1488 1979 1571 2033 his
1592 1992 1715 2049 quae
1744 1979 1905 2033 nimis

317 2080 521 2126 temere
554 2071 796 2139 protulit,
830 2069 1056 2124 tacendo
1087 2069 1256 2139 magis
1286 2070 1550 2140 castigare
1574 2069 1901 2125 debuissem.

318 2163 373 2219 In
406 2172 567 2218 tanta:
594 2173 771 2218 autem
796 2162 874 2215 rei
904 2160 1314 2228 consultatione,
1345 2162 1399 2214 in
1428 2175 1532 2229 qua
1575 2160 1732 2229 longe
1764 2162 1904 2216 viam

320 2256 526 2326 regiam
570 2254 872 2323 reliquisti,
913 2253 1118 2321 aliquos
1166 2261 1401 2321 expertae
1450 2252 1689 2308 scientia:
1720 2252 1899 2318 viros,

318 2352 624 2408 eruditione
652 2358 812 2419 atque
839 2357 997 2403 :etate
1024 2351 1287 2411 seniores,
1318 2346 1509 2415 quibus
1538 2348 1759 2402 credere
1780 2346 1906 2400 faci-

321 2442 431 2498 lius
482 2442 680 2511 possis,
712 2442 1045 2509 interrogare
1094 2438 1396 2504 debueras,
1444 2438 1733 2493 secundum
1775 2439 1905 2493 illud

320 2533 697 2604 prOpheticum
741 2550 755 2585 :
805 2530 1074 2601 Interroga
1124 2540 1319 2599 patrem
1350 2541 1523 2598 tuum,
1565 2537 1611 2583 et
1662 2530 1905 2583 indicabit

320 2627 450 2691 tibi;
490 2625 711 2679 seniores
756 2634 893 2693 tuos,
937 2632 984 2676 et
1028 2625 1193 2676 dicent
1236 2624 1323 2675 tibi
1363 2622 1388 2660 ι»
1416 2622 1594 2694 (Deut.
1628 2638 1794 2689 xxxu,
1824 2623 1900 2691 7).

240 2704 260 2727 ’
319 2718 526 2775 Deinde
554 2719 607 2771 in
632 2717 714 2772 his
735 2732 852 2786 qua:
882 2717 1089 2785 agimus
1120 2715 1205 2770 vel
1228 2731 1345 2784 qum
1369 2716 1621 2782 dicimus,
1653 2725 1814 2785 atque
1840 2716 1905 2769 ad

319 2819 624 2865 extremum
672 2808 888 2877 scriptis
937 2807 1193 2861 mandare
1240 2807 1634 2876 praesumimus,
1681 2807 1908 2861 fructum

320 2902 732 2974 profectumque
788 2901 966 2971 operis
1009 2911 1323 2970 exspectare
1371 2900 1648 2955 debemus.
1706 2899 1761 2954 in
1809 2901 1909 2955 hac

319 3007 503 3053 autem
532 2996 854 3066 scripturula
882 3011 1041 3066 quam
1072 2996 1138 3049 ad
1167 3008 1254 3049 me
1282 2994 1513 3063 dirigere
1539 2994 1785 3063 dignatus
1828 3008 1905 3062 es,

318 3105 432 3145 non
474 3090 777 3157 eloquentia
798 3128 814 3155 ,
844 3102 951 3141 non
995 3086 1241 3151 scientia,
1272 3100 1379 3139 non
1418 3087 1577 3153 ratio,
1607 3100 1714 3139 non
1739 3085 1907 3140 aedifi-

2010 1903 2177 1959 Recte
2206 1904 2427 1958 dixeras
2455 1901 2498 1955 si
2548 1902 2614 1955 de
2660 1900 2775 1955 sola
2813 1897 3073 1953 Trinitate
3103 1896 3348 1958 dixisses,
3376 1893 3463 1947 ubi
3490 1905 3594 1945 una
3656 1948 3663 1955 ,

2009 2006 2169 2064 atque
2196 1996 2385 2050 eadem
2408 2005 2515 2059 est,
2544 1994 2645 2047 sub
2668 1993 2827 2047 trium
2857 2004 3207 2060 personarum
3228 1986 3594 2053 distinctione,

2009 2095 2219 2144 natura.
2255 2086 2523 2141 Ceterum
2552 2099 2674 2139 cum
2706 2085 2771 2138 ad
2804 2082 3039 2137 hominis
3068 2081 3327 2148 assumpti
3352 2080 3596 2131 incarna-

2014 2179 2211 2233 tionem
2241 2178 2451 2232 venitur
2484 2194 2497 2230 :
2529 2176 2669 2231 sicut
2699 2174 2931 2229 hominis
2967 2182 3020 2226 et
3061 2172 3154 2225 Dei
3184 2186 3343 2224 unam
3373 2170 3595 2223 confite-

2010 2282 2130 2321 mur
2176 2268 2301 2321 esse
2319 2279 2603 2334 personam
2636 2282 2650 2317 :
2680 2264 2753 2317 ita
2783 2261 3046 2329 duplicem
3083 2259 3283 2312 scimus
3308 2273 3429 2312 esse
3471 2259 3596 2311 sub-

2011 2360 2281 2415 stantiam.
2342 2358 2443 2424 Qui
2490 2366 2667 2411 autem
2728 2354 2886 2413 unius
2934 2358 3139 2405 naturae
3187 2350 3379 2404 asserit
3428 2349 3597 2402 Deum

2011 2452 2437 2519 redemptorem;
2470 2457 2562 2502 aut
2586 2448 2859 2501 hominem
2890 2445 2942 2498 in
2971 2442 3276 2505 Divinitate,
3307 2450 3400 2495 aut
3430 2440 3597 2494 Deum

2012 2545 2225 2615 negavit
2265 2545 2318 2598 in
2360 2557 2612 2612 corpore;
2664 2555 2787 2595 cum
2835 2536 3134 2606 redemptio
3181 2542 3363 2589 nostra
3393 2548 3499 2587 non
3530 2547 3598 2587 ex

2011 2638 2290 2700 alterutro,
2327 2634 2422 2689 sed
2454 2649 2520 2687 ex
2565 2642 2792 2700 utroque
2843 2628 3081 2697 perfecta
3129 2625 3218 2681 sit.
3269 2626 3379 2678 [loc
3421 2632 3599 2678 autem

2012 2728 2127 2782 loco
2169 2741 2330 2780 unum
2390 2725 2509 2779 sine
2552 2724 2657 2777 alio
2706 2722 2905 2777 erroris
2951 2719 3188 2788 periculo
3238 2728 3437 2771 nostrae
3474 2715 3601 2769 ﬁdei

2013 2821 2179 2876 solius
2226 2830 2247 2856 ε
2304 2819 2477 2873 nostri
2522 2832 2641 2873 esse
2688 2824 2950 2869 naturam.
3012 2813 3152 2880 Ergo
3199 2811 3251 2865 in
3301 2809 3599 2863 substantia

2014 2911 2305 2981 majestatis
2333 2926 2469 2977 suae,
2494 2908 2746 2963 divinitas
2778 2903 3033 2960 crucifixa
3065 2910 3148 2956 est
3176 2903 3186 2953 !
3228 2900 3284 2955 Si
3315 2914 3471 2953 uuam
3505 2898 3600 2954 Dei

2016 3004 2179 3059 solius
2218 3012 2462 3057 naturam
2510 3000 2673 3063 dicis;
2721 2999 2777 3052 in
2825 2994 3122 3051 substantia
3171 3009 3301 3056 sua,
3348 2991 3601 3059 majestas

2016 3107 2226 3153 mortua
2255 3097 2338 3152 vel
2370 3096 2575 3165 sepulta
2603 3094 2713 3149 est!
2743 3092 2873 3157 Quae
2904 3089 3082 3145 omnia
3122 3088 3264 3141 Deus
3296 3100 3401 3143 non
3432 3085 3484 3138 in
3520 3098 3598 3149 se,

318 3184 466 3239 catio
488 3182 663 3249 aliqua
687 3180 917 3235 ordinati
934 3188 1025 3232 aut
1044 3178 1351 3247 compuncti
1374 3181 1638 3232 sermonis
1657 3185 1910 3248 apparet;

2024 3192 2118 3250 sed
2146 3194 2197 3247 in
2248 3198 2435 3244 natura
2467 3188 2701 3257 suscepti
2732 3185 2966 3240 hominis
3011 3183 3241 3251 excepit;
3288 3180 3430 3234 Nihil
3457 3178 3602 3235 enim

258 3308 261 3311 ‹
318 3273 421 3329 sed
456 3272 759 3327 testimonia
788 3270 1159 3325 confusissime
1208 3284 1304 3339 pro
1348 3271 1617 3325 memoria:
1657 3266 1916 3327 facilitate

320 3372 581 3433 congesta
613 3361 964 3417 temeritatem
998 3361 1206 3416 incauti
1249 3361 1428 3419 cordis
1461 3369 1731 3417 accusant.
1758 3362 1917 3417 Novit

323 3458 588 3513 Dominus
612 3454 735 3525 quia
763 3454 1090 3523 stupefactus
1118 3469 1228 3525 prie
1249 3454 1425 3509 studio
1453 3464 1555 3509 tua:
1583 3455 1772 3510 salutis
1803 3456 1915 3510 haec

324 3549 604 3618 colloquor
636 3564 648 3599 :
681 3548 760 3602 sic
783 3556 837 3602 et
866 3555 915 3601 te
942 3546 1327 3617 interrogasse,
1358 3556 1413 3602 et
1435 3563 1521 3603 me
1548 3549 1912 3617 respondisse,

325 3641 399 3697 ad
427 3642 624 3696 bonum
650 3654 937 3695 commune
968 3640 1232 3707 proficiat.
1262 3640 1319 3694 In
1350 3644 1564 3710 scriptis
1584 3642 1755 3695 sancti
1783 3656 1917 3708 pon-

328 3733 489 3788 tificis
519 3731 825 3803 Augustini,
857 3732 1069 3786 etiamsi
1095 3732 1229 3800 quid
1257 3741 1471 3800 putatur
1502 3736 1639 3803 apud
1668 3734 1913 3788 doetissi-

328 3840 451 3882 mos
495 3826 638 3879 viros
688 3836 809 3878 esse
860 3831 1169 3892 suSpectum
1193 3864 1205 3887 ,
1239 3837 1303 3876 ex
1352 3823 1435 3877 his
1474 3839 1594 3892 quae
1620 3824 1916 3878 damnanda

330 3917 602 3990 iudicasti,
632 3916 767 3972 nihil
802 3916 1016 3971 noveris
1044 3916 1458 3984 reprehensum;
1504 3916 1600 3970 sed
1643 3916 1767 3970 fidei
1796 3931 1919 3972 sen-

331 4025 484 4076 sum,
515 4010 750 4065 maxime
776 4008 844 4063 de
873 4007 1083 4073 duabus
1117 4008 1428 4063 substantiis
1452 4009 1535 4063 vel
1574 4010 1783 4064 naturis
1826 4009 1918 4064 Dei

331 4112 390 4162 et
414 4104 647 4159 hominis
678 4102 890 4158 Domini
909 4116 971 4156 ac
988 4101 1365 4171 Redemptoris
1396 4104 1590 4173 nostri,
1618 4103 1753 4158 scito
1777 4104 1918 4174 apud

334 4196 675 4263 catholicam,
700 4210 806 4250 non
825 4195 997 4249 solum
1017 4194 1231 4249 Patrum
1257 4194 1572 4250 auctoritate
1589 4203 1916 4264 susceptum,

334 4292 434 4349 sed
462 4293 626 4348 etiam
674 4288 984 4361 apostolicis
1013 4288 1244 4343 oraculis
1265 4297 1656 4343 consecratum.
1690 4289 1919 4344 Proinde

334 4385 560 4440 verbum
588 4383 689 4438 hoc
730 4382 873 4454 quod
918 4396 1067 4437 more
1092 4380 1408 4451 prophetico
1439 4381 1505 4435 ad
1539 4388 1589 4437 te
1612 4382 1808 4437 factum
1838 4382 1919 4437 di-

337 4477 451 4541 cis;
488 4484 549 4531 ut
566 4485 769 4530 certum
799 4484 902 4542 est,
922 4488 1027 4529 non
1058 4474 1150 4527 Dei
1176 4475 1387 4543 spiritu,
1421 4482 1474 4528 et
1500 4474 1639 4544 apud
1671 4475 1837 4530 Deum
1867 4484 1920 4529 et

2022 3286 2161 3341 Deus
2188 3282 2215 3321 ἀ
2242 3283 2411 3338 sensit
2454 3296 2573 3336 cum
2605 3278 2853 3350 patientis
2898 3290 3060 3332 sensu
3086 3314 3101 3339 ,
3135 3272 3231 3329 sed
3276 3272 3444 3327 sensit
3480 3284 3603 3325 cum

2020 3377 2269 3449 patientis
2317 3375 2540 3438 effectu;
2594 3372 2725 3427 nihil
2769 3371 2937 3425 sensit
2993 3382 3091 3438 pro
3130 3366 3439 3421 diversitate
3478 3365 3604 3419 sub-

2020 3473 2270 3539 stantiae,
2321 3469 2416 3524 sed
2459 3468 2627 3523 sensit
2676 3479 2772 3535 pro
2814 3465 3020 3518 unitate
3080 3474 3344 3531 personae.
3389 3458 3605 3512 Unitate

2020 3563 2318 3633 conjunxit,
2355 3570 2410 3615 et
2440 3567 2836 3628 consequenter
2856 3556 3088 3626 adjecit;
3118 3568 3216 3607 nos
3261 3564 3424 3606 unum
3456 3564 3605 3605 eum-

2021 3656 2247 3724 demque
2285 3667 2470 3707 verum
2518 3651 2785 3705 hominem
2814 3656 2869 3702 et
2917 3660 3105 3701 verum
3156 3644 3323 3698 Deum
3356 3640 3605 3708 intelligi-

2021 3763 2139 3802 mus
2172 3765 2183 3799 :
2213 3756 2267 3801 et
2306 3745 2555 3806 iteravit,
2587 3756 2686 3797 nos
2711 3755 2896 3795 verum
2929 3740 3093 3794 Deum
3121 3745 3174 3791 et
3199 3751 3386 3792 verum
3433 3734 3607 3789 homi-

2021 3855 2145 3894 nem
2198 3837 2345 3891 nullo
2392 3835 2553 3889 modo
2605 3831 2925 3901 ambigimus
2982 3827 3366 3883 confitendum.
3410 3826 3607 3892 Accipe

2020 3931 2181 3986 etiam
2210 3930 2262 3983 in
2285 3927 2483 3997 hymno
2506 3927 2561 3979 S.
2590 3923 2843 3978 antistitis
2874 3930 2926 3975 et
2966 3918 3289 3975 confessoris
3315 3914 3604 3977 Ambrosii,

2022 4036 2180 4093 quem
2212 4021 2267 4073 in
2293 4014 2456 4073 natali
2492 3999 2759 4070 dolninico
2788 4011 3050 4093 catholica
3080 4024 3177 4077 per
3221 4019 3411 4062 omnes
3441 4004 3606 4059 italia:

2024 4122 2079 4168 et
2107 4110 2293 4167 Galliae
2348 4108 2597 4178 regiones
2639 4104 2898 4175 persultat
2940 4099 3177 4157 Ecclesia
3224 4116 3238 4151 :
3283 4096 3512 4151 Procede
3546 4095 3608 4149 de

2023 4204 2249 4258 thalamo
2293 4208 2380 4256 tuo
2429 4199 2641 4271 gemina:
2687 4198 2830 4267 gigas
2880 4191 3196 4247 substantiae.
3241 4187 3450 4258 Refuge
3479 4201 3605 4256 ergo

2024 4298 2162 4352 inter
2205 4295 2342 4360 haec,
2374 4300 2560 4349 sancte
2590 4290 2774 4355 frater,
2808 4286 3075 4341 alterutrae
3123 4281 3288 4350 partis
3324 4283 3596 4334 errorem:

2023 4387 2067 4442 si
2100 4394 2304 4440 tantum
2333 4383 2429 4438 Dei
2454 4388 2696 4436 naturam
2736 4376 2969 4442 dixeris,
3010 4370 3309 4441 imposuisti
3340 4371 3449 4424 Deo
3478 4383 3611 4424 cou-

2024 4478 2277 4533 ditionem
2318 4473 2583 4546 passionis
2622 4480 2677 4527 et
2703 4470 2924 4534 mortis;
2971 4466 3017 4521 si
3040 4478 3168 4520 vero
3194 4470 3400 4518 tantum
3430 4462 3602 4517 homi-

340 4566 483 4636 apud
524 4566 768 4620 homines
813 4567 968 4620 valde
1005 4566 1307 4621 damnabile
1339 4574 1457 4631 est,
1505 4567 1603 4621 nisi
1635 4566 1779 4636 prior
1808 4568 1922 4636 ipse
1950 4569 2002 4630 D
2028 4572 2110 4626 nis
2135 4580 2380 4625 naturam
2410 4567 2629 4631 dixeris,
2652 4560 2964 4620 subtraxisti
3009 4560 3121 4614 Deo
3148 4557 3373 4627 gloriam
3396 4555 3583 4610 redem
3608 4588 3611 4595 -

343 4656 703 4714 damnaveris.
731 4656 870 4723 Ergo
883 4665 941 4708 ut
959 4655 1081 4709 aliis
1102 4657 1478 4723 praetermissis
1500 4658 1639 4712 hunc
1656 4658 1922 4727 duplicem

346 4762 587 4808 errorem
621 4757 676 4802 et
704 4747 771 4801 de
812 4746 1004 4801 haeresi
1052 4754 1229 4800 natum
1274 4747 1402 4802 etin
1424 4748 1659 4817 pericula
1704 4730 1924 4805 haeresis

348 4838 744 4912 pertrahentem
773 4876 786 4902 ,
816 4836 965 4890 brevi
998 4834 1272 4904 (quantum
1325 4836 1518 4892 absens
1548 4840 1786 4911 possum)
1813 4854 1924 4896 ser-

351 4948 510 4991 mone
563 4931 964 5001 cottstringam,
1008 4943 1129 4983 cum
1178 4936 1380 4985 sanctae
1435 4929 1726 4986 sineeritati
1777 4941 1919 4999 tuae,

351 5028 637 5083 multorum
682 5025 811 5097 (non
868 5022 1043 5095 qualis
1101 5035 1203 5091 ego
1250 5022 1391 5091 sum)
1436 5023 1739 5078 necessaria
1780 5033 1926 5080 esset

352 5118 636 5190 praesentia
679 5116 1054 5187 magistrorum
1095 5131 1107 5166 :
1158 5113 1331 5183 primo
1372 5114 1490 5169 loco
1539 5114 1846 5183 ignoranter
1875 5123 1931 5170 et

354 5214 483 5266 satis
512 5210 827 5281 periculose,
852 5223 957 5263 non
979 5207 1174 5275 dicam,
1201 5206 1482 5273 scribitur;
1507 5208 1622 5274 sed,
1647 5208 1927 5280 cogitatur,

355 5306 551 5376 suscipi
582 5319 688 5359 non
720 5303 918 5358 debere
942 5310 998 5356 ut
1037 5301 1197 5357 homo
1222 5310 1392 5357 mater
1419 5301 1514 5357 Dei
1546 5303 1617 5357 sit
1645 5318 1657 5354 :
1691 5303 1833 5372 quod
1865 5304 1932 5359 de

356 5396 689 5455 Nestorianae
729 5394 949 5448 haeresis
997 5394 1269 5463 impietate
1315 5397 1620 5464 descendit;
1669 5399 1761 5469 qui
1807 5412 1932 5468 pro-

431 5569 459 5597 ιι
490 5556 657 5620 Alias,
687 5550 931 5621 Gregorio
959 5555 1013 5603 et
1040 5549 1234 5605 erco.

429 5628 457 5697 Ρ
489 5616 652 5683 ΑΠθέ
679 5616 918 5703 additur,
961 5621 1047 5673 sed
1076 5621 1439 5703 absguedubio
1469 5626 1552 5693 qui
1583 5626 1658 5679 vel
1706 5616 1935 5694 qualem-

364 5691 556 5839 ῧιὶεᾳιᾶε
610 5691 817 5823 νῗὲιιὶτίι
873 5690 1089 5758 ducem,
1140 5692 1397 5752 declinare
1435 5690 1627 5764 oportet
1686 5690 1931 5751 errorem.

417 5787 495 5831 em
535 5786 582 5837 ε,
612 5780 642 5822 e
699 5800 713 5818 .

565 5808 582 5837 ο
612 5800 713 5823 ῡινο

2034 4662 2250 4733 ptionis,
2305 4657 2616 4717 subtraxisti
2662 4654 2865 4710 auctori
2894 4650 3190 4722 potentiam
3236 4647 3607 4717 Reparatoris.

2032 4761 2172 4816 Audi
2215 4756 2484 4830 quomodo
2525 4768 2675 4809 sacra
2716 4751 2924 4821 eloquia
2974 4763 3071 4818 per
3110 4760 3273 4802 unam
3325 4757 3609 4815 personam

2034 4852 2303 4922 explicant
2342 4857 2622 4917 utramque
2661 4844 3039 4900 substantiam.
3068 4840 3229 4895 Juxta
3249 4838 3487 4893 divinam
3518 4849 3610 4889 na-

2034 4952 2206 4998 turam
2249 4941 2529 5011 loquitur:
2559 4937 2669 5009 Ego
2696 4945 2742 4990 et
2774 4934 2933 4990 Pater
2953 4947 3113 4988 unum
3137 4945 3311 4986 sumus
3339 4927 3515 4999 (Joan.
3550 4940 3607 4991 x,

2031 5037 2156 5107 30);
2184 5035 2500 5107 :secundum
2549 5030 2837 5087 humanam
2881 5035 3123 5082 naturam
3174 5021 3457 5077 confitetur
3485 5017 3609 5086 quia

2031 5129 2191 5184 Pater
2234 5129 2403 5198 major
2442 5141 2519 5179 me
2547 5131 2651 5189 est;
2688 5122 2837 5192 juxta
2886 5117 3162 5175 cmlestem
3211 5121 3452 5166 naturam
3484 5121 3606 5177 pro-

2033 5221 2284 5276 nuntiat:
2315 5217 2499 5271 Omnia
2520 5230 2630 5286 qua:
2656 5212 2809 5267 Pater
2836 5210 2983 5264 habet
3019 5221 3128 5260 mea
3156 5211 3303 5266 sunt;
3321 5200 3473 5270 juxta
3502 5205 3614 5251 ters-

2036 5326 2178 5367 renae
2208 5317 2407 5365 naturae
2435 5306 2795 5362 infirmitatem
2817 5301 2973 5357 dicit:
3006 5297 3174 5351 Filius
3197 5302 3364 5348 autem
3392 5286 3610 5343 hominis

2039 5421 2140 5459 non
2169 5403 2315 5457 habet
2365 5401 2449 5455 ubi
2490 5409 2641 5469 caput
2666 5398 2889 5452 reclinet.
2938 5390 3099 5461 Quasi
3133 5384 3293 5444 homo
3322 5381 3609 5444 indicabat,

2113 5566 2135 5594 α
2168 5554 2335 5619 Alias,
2374 5554 2531 5607 solius
2563 5548 2659 5603 Dei
2688 5544 2864 5603 nostri.
3035 5612 3044 5619 _
3195 5605 3229 5619 η
3414 5596 3477 5619 _‘_,

2110 5625 2134 5661 ἀ
2161 5594 2923 5695 iiij‘ieiiii"gaiiéitiiiéniu,
2954 5612 3044 5670 sed
3073 5605 3231 5667 sensit
3257 5594 3607 5673 compatienlis

2038 5695 2240 5769 affectu.
