4068 6348
375 4854 400 4996 '3;

388 5002 395 5011 ο

386 5016 395 5027 μ

376 5055 379 5059 ν
388 5054 393 5061 ι

376 5086 390 5106 Ἰ

490 352 595 410 855

1713 344 1770 400 S.
1811 341 2055 399 FAUSTI
2091 340 2496 402 RHEGIENSIS

3638 358 3745 415 856

488 468 673 521 Tristis
715 474 789 520 est
835 477 1005 518 anima
1048 476 1159 516 mea
1196 475 1353 531 usque
1375 460 1445 513 ad
1473 465 1719 525 mortem;
1744 460 1895 530 quasi
1924 461 2062 515 Deus
2090 462 2144 522 Α
2169 459 2331 517 Datus
2358 476 2486 531 ergo
2510 476 2574 517 ex
2602 460 2907 532 Divinitate,
2934 469 3089 520 natus
3116 476 3184 520 ex
3210 464 3445 535 Virgine,
3477 476 3635 523 natus
3652 473 3741 540 qui

486 559 897 622 contestabatur,
934 556 1241 609 Potestatem
1283 554 1442 607 habeo
1466 552 1689 622 ponendi
1717 569 1849 619 eam,
1889 561 1936 608 et
1965 569 2062 623 po-

485 664 714 708 testatem
752 650 910 704 habeo
947 649 1133 702 iterum
1175 647 1408 701 sumendi
1452 663 1563 700 eam
1592 646 1773 718 (Joan.
1825 662 1891 713 x,
1942 644 2056 717 18).

482 742 783 799 Secundum
812 739 989 795 carnis
1012 747 1254 794 naturam
1283 738 1338 794 in
1362 751 1521 795 cruce
1545 738 1833 807 pendebat,
1864 751 2056 793 secun-

479 839 606 891 dum
650 832 939 889 divinitatis
986 832 1337 889 substantiam
1386 830 1689 901 paradisum
1734 840 1789 885 et
1827 845 2051 900 regnum

477 927 701 981 caeleste
736 925 985 980 donabat.
1026 924 1137 979 Hoc
1166 923 1349 978 Ariani
1379 923 1665 977 obscurato
1692 920 1877 985 corde,
1907 921 2059 989 peni-

478 1024 561 1070 tus
588 1029 695 1069 non
724 1014 987 1078 videntes,
1013 1014 1137 1082 quia
1160 1011 1505 1081 praesumptio
1524 1018 1579 1066 et
1608 1010 1769 1065 elatio
1795 1010 2052 1065 suﬁundit

474 1108 671 1162 mentis
697 1106 968 1170 intuitum,
1001 1105 1067 1157 ad
1096 1105 1285 1168 Deum,
1318 1117 1438 1172 quae
1466 1110 1619 1157 erant
1654 1102 1887 1156 hominis
1908 1109 2054 1157 retu-

474 1201 675 1267 lerunt,
721 1198 1002 1253 credentes
1032 1196 1169 1266 quod
1218 1194 1392 1249 minor
1438 1194 1744 1262 loqueretur
1773 1192 2047 1263 divinitas,

475 1291 563 1347 ubi
590 1290 706 1345 sola
732 1288 962 1344 hominis
1006 1285 1469 1342 demonstrabatur
1506 1283 1810 1337 inﬁrmitas.
1844 1282 2050 1339 Nullam

472 1390 737 1452 ponentes
786 1357 925 1434 inter
965 1378 1207 1433 cmlestia
1257 1384 1311 1430 et
1361 1385 1572 1429 terrena
1608 1374 1892 1438 rationem,
1924 1374 2049 1428 dum

473 1483 692 1529 naturas
721 1473 774 1527 in
805 1472 917 1525 Deo
946 1459 1001 1524 et
1026 1469 1243 1522 homine
1269 1467 1401 1521 duas
1430 1465 1671 1534 recipere
1714 1466 1923 1532 nolunt,
1956 1464 2049 1520 Dei

472 1562 825 1619 substantiam
890 1560 1232 1622 diviserunt;
1282 1566 1337 1612 et
1382 1556 1509 1611 dum
1549 1556 1615 1610 ad
1664 1556 1777 1611 sola
1820 1556 2049 1612 hominis

472 1657 636 1712 verba
684 1654 993 1724 respiciunt,
1039 1653 1207 1707 Deum
1252 1652 1342 1721 qui
1388 1651 1575 1721 glorias
1623 1650 1898 1719 plenitudo
1942 1659 2044 1719 est,

470 1748 776 1803 intellectus
822 1746 1020 1799 lumine
1051 1743 1418 1812 perdiderunt.
1466 1744 1544 1796 Ac
1589 1741 1668 1797 sic
1693 1783 1708 1808 ,
1751 1743 1839 1812 qui
1881 1742 2045 1798 Deum

2162 553 2382 609 sentiret
2408 567 2680 620 occasum,
2708 554 2863 610 datus
2884 557 2973 625 qui
2996 555 3225 612 nesciret
3243 559 3545 616 exardium.
3571 561 3741 618 Natus

2159 645 2246 713 qui
2294 652 2348 699 et
2392 654 2562 701 matre
2606 656 2749 701 esset
2786 647 3000 713 junior;
3049 648 3205 704 datus
3250 659 3306 705 et
3334 664 3439 720 quo
3462 667 3563 709 nec
3591 666 3740 725 pater

2160 744 2303 791 esset
2346 736 2608 806 antiquior
2658 753 2672 790 :
2719 745 2873 793 natus
2920 740 3008 808 qui
3034 751 3407 811 moreretur;
3446 744 3602 801 datus
3646 764 3737 815 per

2158 844 2314 899 quem
2344 831 2449 884 vita
2479 841 2869 886 renasceretur.
2898 833 3011 889 lllic
3031 833 3357 903 dominatur,
3380 836 3469 892 hic
3488 837 3735 893 humilia-

2159 928 2245 975 tur
2269 939 2282 987 ;
2311 922 2410 977 sibi
2454 932 2663 992 regnat,
2696 933 2749 979 et
2777 924 2907 979 mihi
2936 926 3147 982 militat.
3199 927 3460 984 Parvulas
3485 941 3635 985 natus
3662 940 3734 986 est

2157 1015 2322 1081 nobis,
2359 1016 2497 1083 ﬁlius
2537 1017 2686 1069 datus
2714 1027 2789 1070 est
2820 1020 2963 1071 nobis
2997 1033 3017 1072 :
3039 1029 3085 1072 et
3123 1021 3289 1090 factus
3309 1032 3382 1075 est
3423 1023 3731 1094 principatus

2155 1124 2304 1177 super
2325 1110 2589 1163 humerum
2611 1112 2743 1179 ejus.
2760 1111 3096 1167 Manifestum
3112 1112 3382 1169 hominem
3404 1116 3730 1171 demonstrat

2156 1199 2441 1267 humerus;
2466 1203 2715 1257 latentem
2739 1204 2905 1259 Deum
2926 1204 3158 1275 loquitur
3179 1207 3527 1277 principatus.
3553 1212 3729 1279 Agno-

2153 1306 2243 1349 see
2286 1294 2547 1362 duplicem
2578 1295 2675 1349 sub
2725 1309 2967 1363 personae
2997 1298 3201 1353 unitate
3244 1299 3621 1355 substantiam.
3656 1300 3725 1358 De

2154 1394 2337 1441 nostro
2359 1395 2440 1441 est
2466 1388 2605 1457 quod
2628 1388 3005 1458 apprehendit,
3020 1390 3086 1446 de
3098 1404 3196 1446 suo
3217 1400 3300 1447 est
3329 1394 3472 1463 quod,
3492 1392 3723 1462 donavit,

2152 1478 2223 1534 de
2251 1490 2434 1534 nostro
2464 1479 2646 1533 habuit
2673 1480 2813 1535 unde
2839 1481 3089 1546 caderet,
3120 1483 3187 1538 de
3215 1496 3314 1538 suo
3342 1484 3487 1539 unde
3510 1499 3702 1541 consur

2151 1577 2319 1638 geret.
2353 1569 2427 1624 De
2457 1577 2642 1624 nostro
2665 1570 2850 1625 habuit
2878 1572 3018 1628 unde
3058 1588 3155 1641 pro
3184 1572 3339 1628 nobis
3369 1574 3630 1642 solveret;
3661 1577 3721 1633 de

2150 1676 2248 1715 suo
2278 1661 2420 1717 unde
2458 1663 2669 1730 penitus
2698 1663 2753 1716 in
2783 1663 2929 1718 nullo
2958 1663 3167 1719 debitor
3194 1674 3497 1735 appareret.
3530 1668 3607 1724 De
3632 1683 3719 1725 uo-

2150 1758 2262 1805 stro
2286 1752 2426 1807 unde
2456 1753 2878 1823 cruciﬁgeretur,
2910 1754 2977 1809 de
3018 1769 3117 1809 suo
3148 1756 3287 1811 unde
3313 1757 3719 1827 gloriﬁcaretur.

472 1840 666 1894 Filium
699 1822 930 1893 hominis
958 1836 1282 1892 credendum
1311 1835 1557 1904 denegat,
1585 1834 1815 1889 Nestorii
1857 1835 2047 1903 impie—
2073 1826 2124 1889 Β
2150 1842 2226 1898 De
2252 1854 2436 1899 nostro
2460 1843 2608 1899 dedit
2638 1822 2840 1914 peccati
2873 1846 3120 1913 hostiam,
3142 1847 3209 1903 de
3237 1822 3356 1914 suo,
3387 1848 3719 1919 indulgentia:

471 1939 582 1985 tate
610 1930 903 1983 maculatur
930 1946 943 1981 ε
975 1928 1067 1997 qui
1095 1927 1226 1981 duas
1249 1926 1573 1981 substantias
1603 1926 1656 1979 in
1687 1926 2047 1996 Redemptore

473 2037 579 2077 non
629 2021 828 2084 credit,
880 2018 990 2073 Arii
1041 2019 1230 2089 laqueo
1270 2019 1525 2087 deceptus
1574 2017 1882 2074 involvitur.
1936 2020 2045 2076 Nos

472 2124 625 2175 vero,
654 2109 727 2163 mi
770 2109 934 2162 frater
985 2107 1279 2172 carissime,
1326 2106 1378 2159 in
1422 2104 1690 2161 Christum
1738 2107 1930 2173 Deum,
1972 2109 2044 2164 ita

468 2202 704 2271 perfecta
756 2208 809 2254 et
844 2198 1189 2268 inseparabili
1231 2198 1576 2254 distinctione
1621 2198 1937 2268 credamus,
1988 2209 2047 2256 ut

467 2290 564 2347 Dei
610 2301 663 2346 et
711 2290 948 2346 hominis
1000 2291 1297 2361 simplicem
1350 2305 1630 2359 personam
1681 2302 1735 2346 et
1776 2292 2043 2363 duplicem

469 2385 777 2438 noverimus
820 2396 941 2437 esse
967 2381 1340 2436 substantiam.
1386 2381 1535 2437 Sicut
1560 2382 1740 2437 anima
1769 2393 1823 2438 et
1850 2399 2042 2453 corpus

467 2475 740 2528 hominem
782 2473 928 2537 facit,
962 2472 1033 2526 ita
1075 2472 1324 2526 divinitas
1367 2481 1421 2526 et
1449 2473 1752 2527 humanitas
1800 2490 1933 2528 unus
1961 2484 2043 2531 est

469 2566 728 2621 Christus.
782 2565 861 2619 Tu
888 2574 1064 2619 autem
1108 2566 1249 2634 quod
1276 2566 1487 2634 gemino
1516 2580 1699 2621 errore
1740 2577 2042 2636 praeventus

468 2655 806 2710 scribendum
839 2656 1053 2723 putasti,
1082 2656 1182 2710 sub
1202 2656 1424 2710 duarum
1449 2668 1754 2712 naturarum
1778 2670 2042 2715 conventu

465 2746 664 2814 suscipi
697 2761 803 2800 non
849 2746 1081 2813 debere,
1128 2755 1185 2801 ut
1215 2747 1373 2813 Deus,
1406 2757 1560 2817 pater
1602 2749 1833 2804 hominis
1862 2752 1951 2819 sit,
1984 2760 2042 2806 ιιι

466 2838 661 2906 homo,
710 2848 879 2894 mater
930 2840 1023 2893 Dei
1065 2839 1174 2893 sit:
1204 2855 1334 2905 nos,
1387 2856 1545 2894 unam
1569 2842 1662 2896 Dei
1704 2842 2041 2914 hominisque

466 2944 750 2999 personam
794 2929 1114 2985 ﬁducialiter
1140 2939 1196 2985 et
1243 2931 1530 2987 salubriter
1558 2943 1859 2989 asserentes
1889 2935 1941 2988 in
1974 2949 2039 2989 eo

465 3022 555 3089 qui
581 3030 696 3074 erat
723 3021 776 3073 in
810 3022 1088 3091 principio,
1114 3031 1169 3077 et
1196 3022 1286 3091 qui
1315 3025 1416 3079 sub
1435 3024 1812 3096 redemptionis
1840 3037 2036 3083 nostra:

467 3120 704 3180 tempore
752 3113 923 3166 factus
953 3122 1036 3168 est
1064 3113 1125 3166 ir!
1166 3114 1564 3170 similitudinem
1613 3120 1785 3172 carnis
1807 3123 2029 3189 peccati,

466 3201 520 3257 id
542 3212 643 3267 est,
663 3203 715 3255 in
739 3203 963 3257 veritate
990 3203 1241 3272 hominis,
1266 3215 1320 3259 et
1340 3207 1685 3263 similitudine
1706 3212 2035 3278 peccatoris:
2064 3180 2110 3244 Ο

468 3307 563 3347 nos
591 3294 850 3363 (inquam)
884 3297 954 3349 ita
988 3297 1155 3350 Deum
1186 3306 1387 3365 patrem
1418 3299 1646 3355 hominis
1672 3304 1770 3357 sub
1800 3320 2039 3373 personae

467 3383 669 3466 unitate
691 3391 966 3450 testamur,
992 3386 1127 3438 sicut
1146 3387 1244 3440 sub
1260 3388 1498 3454 ejusdem
1522 3392 1739 3446 unitatis
1764 3398 2038 3466 amplexu,

467 3453 690 3533 Matrem
738 3474 833 3527 Dei
894 3474 1163 3531 hominem
1218 3453 1571 3546 conﬁtemur,
1616 3482 1765 3551 juxta
1813 3453 2039 3555 svmboli

467 3564 838 3620 auctoritatem
888 3569 969 3637 (ut
998 3568 1099 3622 alia
1139 3572 1584 3641 praetermittam),
1614 3576 1735 3642 quia
1763 3577 1987 3633 dicimus
2020 3599 2035 3635 :

465 3654 641 3711 Credo
670 3667 722 3712 et
764 3659 817 3711 in
849 3658 1041 3713 Filium
1089 3660 1179 3714 Dei
1230 3661 1409 3716 Jesum
1463 3662 1731 3722 Christum
1751 3710 1766 3736 ,
1794 3670 1881 3740 qui
1912 3687 2039 3726 con-

466 3758 653 3816 ceptus
677 3750 851 3804 est'de
879 3751 1081 3819 Spiritu
1109 3760 1315 3820 sancto,
1347 3763 1501 3810 natus
1522 3772 1588 3811 ex
1615 3758 1778 3814 Maria
1800 3762 2032 3832 Virgine.

464 3837 563 3903 Qui
594 3840 637 3891 si
669 3839 788 3894 talis
831 3855 981 3895 error
1011 3848 1115 3907 est,
1148 3843 1201 3896 in
1233 3844 1456 3902 Domino
1484 3846 1763 3904 Salvatore
1793 3867 1952 3906 unam
1984 3864 2037 3909 et

461 3930 760 4001 simplicem
808 3934 1096 3989 credidisse
1134 3935 1506 4007 substantiam,
1554 3941 1724 4009 qualis
1755 3958 1905 3997 error
1930 3956 2030 4012 cst,

462 4024 726 4092 duplicem
764 4029 1060 4082 asseruisse
1099 4032 1417 4097 personam?
1448 4030 1579 4085 Nam
1610 4034 1654 4087 si
1699 4034 1749 4088 in
1779 4037 2033 4091 societate

458 4115 635 4169 carnis
673 4127 959 4187 assumptae
985 4162 999 4184 ,
1035 4103 1255 4172 formam
1303 4120 1483 4175 famuli
1515 4123 1657 4178 Deus
1697 4123 1883 4190 induit,
1914 4126 2032 4181 duae

458 4206 770 4260 substantia:
818 4224 923 4261 non
976 4208 1213 4263 fuerunt.
1261 4213 1400 4279 Ergo
1434 4214 1484 4266 in
1512 4214 1729 4271 homine
1758 4220 1894 4272 Deus
1925 4236 2029 4273 non

456 4295 576 4363 fuit,
605 4305 659 4349 et
683 4306 984 4365 separatae
1018 4298 1125 4353 Deo
1169 4315 1397 4367 porsenna
1440 4304 1668 4358 hominis
1709 4306 1839 4371 fuit;
1889 4324 1949 4361 ac
1984 4312 2027 4364 si

455 4386 556 4439 sub
600 4386 691 4438 tali
718 4401 876 4440 sensu
925 4388 1129 4442 videbis
1157 4391 1334 4445 subito
1378 4403 1622 4461 quartam
1668 4399 1849 4452 nescio
1892 4401 2029 4455 unde

454 4471 755 4528 aé‘crevisse
784 4490 1100 4544 personam;
1136 4489 1187 4534 et
1217 4482 1270 4534 in
1310 4482 1450 4537 hunc
1487 4484 1817 4541 intellectum
1854 4492 2027 4557 pravi-

454 4563 579 4619 tatis
602 4569 978 4635 consequentia
1021 4571 1465 4653 praacipitaberis,
1509 4584 1565 4629 ut
1589 4576 1696 4645 jam
1722 4594 1825 4633 non
1855 4549 2027 4638 Triui-
2054 4549 2108 4610 D

454 4661 616 4711 tatem
662 4671 881 4713 necesse
909 4660 979 4714 sit
1005 4662 1266 4721 conﬁteri.
1315 4663 1450 4719 Audi
1481 4667 1659 4734 potius
1679 4673 2023 4739 quemadmo-

449 4747 576 4801 dum
605 4748 663 4802 S.
692 4748 893 4815 Esaias,
925 4751 1175 4809 distincto
1205 4756 1392 4812 ordine
1417 4758 1808 4831 conjunctoque
1837 4763 2022 4819 discri-

446 4837 629 4905 mine,
681 4838 892 4894 Domini
950 4845 1117 4898 nostri
1167 4860 1230 4901 ac
1274 4847 1644 4918 Redemptoris
1688 4854 2017 4911 nativitatem

446 4926 693 4997 disponat
738 4946 751 4981 :
792 4928 1050 4986 Parvulas
1098 4936 1329 5008 (inquit)
1370 4949 1517 4995 natus
1560 4952 1633 4996 est
1672 4945 1837 5012 nobis,
1877 4947 2016 5014 ﬁlius

444 5018 597 5072 datus
637 5029 711 5073 est
741 5020 1056 5092 nobis(lsai.
1102 5040 1172 5091 Ix,
1213 5027 1289 5097 6).
1332 5028 1529 5099 Accipe
1568 5032 1758 5089 Filium
1813 5036 1905 5091 Dei
1963 5038 2016 5094 in

442 5117 684 5165 extrema
714 5120 863 5179 parte
889 5116 1200 5170 saeculorum
1221 5160 1236 5183 ,
1266 5133 1332 5173 ex
1362 5120 1581 5192 innupta
1610 5136 1800 5196 matre,
1831 5139 2016 5185 natura

370 5186 377 5271 ξ
440 5199 719 5268 ignorante
765 5213 819 5257 et
872 5204 973 5258 tide
1017 5208 1300 5264 maritante
1335 5186 1666 5283 progenitum
1693 5260 1709 5286 ,
1760 5186 2015 5290 superve-

379 5298 393 5362 ἶ
439 5290 623 5347 niente
668 5294 722 5347 in
767 5295 1027 5365 virginem
1074 5309 1257 5355 sancto
1306 5302 1540 5375 Spiritu,
1587 5311 1854 5369 hominem
1905 5316 2011 5373 Deo

384 5390 391 5465 ,7
436 5383 753 5440 mirabiliter
796 5385 1097 5456 impletum,
1148 5401 1200 5446 et
1230 5393 1396 5449 Deum
1424 5398 1475 5451 in
1507 5398 1776 5458 hominem
1805 5406 2010 5463 miseri-

437 5475 672 5531 corditer
695 5488 1107 5548 commutatum;
1138 5499 1237 5540 nec
1263 5488 1563 5546 exinanisse
1589 5493 1772 5561 gloriae
1807 5501 2011 5569 magni-

436 5568 696 5638 tudinem,
728 5571 823 5626 sed
854 5587 948 5641 per
973 5585 1272 5644 susceptam
1309 5582 1462 5635 servi
1490 5584 1869 5656 conditionem,
1902 5568 2010 5645 Do-

434 5663 564 5715 mini
612 5665 911 5721 ostendisse
963 5670 1230 5736 pietatem.
1264 5672 1521 5731 Parvulas
1551 5687 1699 5733 natus
1731 5691 1801 5735 est
1834 5684 1999 5749 nobis,

433 5753 573 5818 ﬁlius
605 5757 750 5811 datus
780 5768 851 5812 est
896 5762 1069 5817 nobis!
1097 5765 1260 5825 Natus
1308 5775 1390 5826 est
1419 5771 1571 5827 nobis
1601 5775 1689 5838 qui
1733 5775 1833 5831 sibi
1862 5786 1995 5836 erat.

2150 1935 2334 1990 tribuit
2360 1938 2629 2005 'gratiam.
2663 1937 2739 1991 De
2763 1946 2945 1992 nostro
2978 1938 3154 2008 itaque
3199 1939 3517 2008 humiliatio,
3542 1942 3609 1998 de
3628 1958 3719 1999 suo

2146 2042 2266 2084 esse
2295 2030 2552 2099 probatur
2578 2031 2843 2086 ascensio.
2868 2032 2943 2087 De
2960 2043 3143 2088 nostro
3169 2032 3365 2091 obtulit
3384 2035 3716 2104 sacriﬁcium,

2151 2122 2218 2176 de
2246 2135 2346 2177 suo
2377 2124 2600 2178 contulit
2644 2124 2939 2192 praemium.
2976 2123 3207 2179 Duarum
3258 2139 3386 2197 ergo
3414 2135 3717 2187 naturarum

2146 2228 2332 2284 capax,
2366 2215 2526 2270 homo
2556 2215 2950 2271 inﬁrmitatibus
2988 2218 3313 2286 agnoscitur,
3346 2220 3483 2274 Deus
3513 2220 3717 2276 virtuti-

2147 2306 2249 2360 bus
2276 2309 2620 2376 approbatur.
2668 2307 2815 2377 Piget
2852 2322 3155 2363 sermonem
3180 2316 3290 2363 tam
3312 2310 3613 2365 manifesta:
3643 2313 3715 2367 rei

2145 2402 2443 2455 assertione
2488 2401 2802 2469 producere.
2855 2401 2979 2457 Scio
3018 2404 3166 2470 quod
3193 2402 3307 2456 haec
3346 2403 3463 2472 ipsa
3492 2405 3715 2460 breviter

2145 2493 2477 2563 strictimque
2497 2504 2932 2560 commemorata,
2957 2503 3160 2550 temere
3181 2496 3457 2550 committo
3483 2497 3567 2551 vel
3588 2498 3713 2551 meis

2144 2581 2384 2648 epistolis
2409 2583 2491 2636 vel
2521 2584 2763 2637 sensibus
2792 2585 2915 2637 tuis.
2942 2584 3049 2639 Sed
3080 2583 3203 2637 dum
3236 2593 3286 2638 te
3328 2586 3395 2638 ad
3420 2586 3705 2657 interroga-

2145 2676 2303 2730 tionis
2353 2677 2721 2733 salubritatem
2771 2679 2997 2734 sollicita
3051 2679 3346 2735 humilitate
3404 2679 3709 2744 submittis,

2142 2768 2365 2821 multum
2415 2769 2545 2822 mihi
2583 2769 2650 2823 de
2694 2772 2894 2823 erroris
2940 2770 3095 2840 hujus
3143 2770 3382 2826 remedio
3423 2770 3706 2840 polliceris.

2144 2855 2375 2926 Revoca,
2396 2873 2596 2927 quaeso,
2615 2860 2682 2913 ab
2700 2859 2801 2915 hoc
2818 2860 3125 2915 discrimine
3142 2861 3328 2930 pedem
3346 2870 3515 2926 t'unm,
3546 2862 3711 2930 prius-

2141 2962 2299 3017 quam
2346 2949 2395 3002 in
2443 2950 2762 3018 profundum
2810 2952 3165 3007 irrevocabile
3205 2952 3451 3008 elationis
3480 2961 3712 3007 torrente

2141 3041 2363 3109 rapiaris
2390 3059 2401 3094 :
2431 3050 2484 3095 et
2504 3051 2705 3096 rectum
2728 3043 2887 3097 animi
2914 3058 3128 3098 sensum
3146 3047 3234 3116 qui
3264 3046 3445 3100 multa:
3465 3047 3709 3101 elationis

2144 3133 2348 3200 pondus
2386 3148 2491 3187 non
2536 3134 2783 3200 sustinet,
2819 3150 2917 3190 nec
2943 3138 3092 3191 novit
3136 3137 3437 3193 thesaurum
3470 3136 3705 3191 scientiae

2144 3223 2481 3291 dispensare,
2514 3228 2680 3296 magis
2710 3228 2901 3281 laboris
2924 3231 3275 3298 occupatione
3306 3233 3525 3301 castiga.
3551 3231 3709 3284 Tem-

2145 3330 2269 3383 pera
2309 3317 2714 3373 immoderatum
2759 3321 3100 3377 abstinentia:
3130 3323 3383 3391 rigorem,
3434 3326 3525 3394 qui
3554 3324 3709 3379 etiam

2144 3407 2304 3459 menti
2352 3417 2571 3474 generat
2607 3410 2996 3479 infirmitatem;
3042 3429 3199 3481 quem
3238 3423 3365 3482 puto
3390 3414 3513 3469 inde
3545 3414 3707 3479 nasci,

2144 3493 2281 3547 unde
2316 3497 2580 3550 scribendi
2624 3502 3111 3569 praesumptionem.
3154 3503 3456 3574 Regredere
3484 3506 3550 3559 ad
3579 3506 3708 3561 viam

2142 3586 2361 3653 regiam,
2408 3588 2664 3641 nutricem
2691 3591 2939 3646 elationis
2970 3594 3154 3663 refugo
3184 3595 3630 3660 sollicitudinem;
3660 3606 3709 3653 et

2142 3678 2262 3745 quia
2295 3679 2541 3747 legimus:
2570 3681 2890 3739 Manducare
2910 3688 3010 3739 mel
3039 3688 3275 3755 multum,
3293 3706 3397 3743 non
3424 3700 3499 3744 est
3528 3693 3707 3745 bonum

2141 3765 2320 3836 (Prov.
2346 3771 2475 3839 11,5)
2503 3771 2695 3840 (magis
2724 3776 2863 3828 enim
2893 3776 3042 3831 inﬁat
3066 3792 3251 3846 parum
3281 3779 3562 3834 fundatum
3592 3797 3706 3837 seu-

2138 3873 2254 3913 sum
2281 3858 2524 3927 scientia,
2545 3878 2702 3932 quam
2728 3864 3002 3937 aediﬁcat),
3022 3868 3095 3921 ita
3125 3884 3252 3923 cave
3274 3871 3495 3926 nimiam
3528 3873 3706 3929 lectio-

2139 3966 2280 4018 nem,
2300 3962 2355 4006 ut
2376 3954 2524 4008 cordi
2541 3968 2728 4024 parum
2743 3960 2947 4025 capaci,
2969 3967 3219 4030 tanquam
3242 3964 3437 4032 sumpti
3454 3963 3703 4018 immode-

2137 4042 2299 4095 ratius
2321 4043 2429 4097 vini
2457 4045 3040 4111 periculosamnoveris
3062 4050 3401 4107 ebrietatem.
3425 4051 3703 4121 Nunquam

2135 4134 2546 4202 cogitationibus
2577 4141 2679 4191 tuis
2704 4139 2913 4204 credas,
2952 4141 3045 4194 sed
3074 4144 3240 4211 magis
3271 4144 3527 4198 imitanda
3563 4147 3702 4215 legas

2134 4240 2289 4293 quam
2308 4227 2532 4296 legenda
2546 4229 2886 4295 conscribas;
2911 4239 2965 4285 et
2993 4233 3043 4285 in
3066 4241 3247 4288 mente
3272 4242 3357 4287 tua
3377 4235 3616 4305 loquaris
3638 4238 3703 4291 ad

2134 4315 2435 4381 Dominum,
2454 4317 2519 4371 In
2532 4320 2685 4374 corde
2695 4336 2805 4375 meo
2816 4322 3057 4377 abscondi
3068 4325 3267 4393 eloquia
3284 4334 3391 4395 tua,
3410 4337 3580 4383 utnon
3592 4346 3701 4399 pec-

2132 4421 2237 4458 cem
2266 4407 2354 4460 tibi
2382 4406 2551 4477 (Psal.
2580 4410 2754 4479 xvm).
2807 4412 2871 4465 Et
2900 4413 2943 4466 si
2968 4414 3196 4469 evadere
3240 4417 3474 4484 pericula
3506 4435 3611 4473 non
3637 4420 3699 4476 de

2133 4494 2260 4549 toris
2291 4498 2607 4567 ingruentia,
2639 4502 2733 4556 sed
2768 4503 2910 4558 intus
2934 4515 3188 4575 concepta
3217 4507 3491 4564 desideras
3511 4552 3526 4577 ,
3570 4512 3697 4568 nihil

2134 4586 2226 4640 tibi
2258 4588 2437 4644 utilius
2482 4590 2619 4644 scias
2648 4607 2806 4671 quam
2843 4604 2900 4650 ut
2920 4597 3019 4652 sub
3043 4598 3148 4653 alio
3173 4613 3491 4672 quocunque
3514 4604 3697 4672 proba-

2132 4676 2341 4761 tissimo
2384 4678 2576 4736 abbate
2622 4684 2783 4738 vitam
2823 4693 2964 4743 tuam
3012 4690 3249 4761 munias,
3291 4707 3355 4747 ac
3399 4694 3696 4752 voluntates

2130 4776 2245 4821 tuas
2268 4770 2496 4827 senioris
2520 4772 2723 4844 legibus
2748 4779 2948 4834 tradas.
2979 4781 3046 4836 Et
3074 4791 3134 4838 ut
3159 4784 3450 4841 adversarii
3476 4788 3693 4845 insidias

2128 4862 2297 4927 possis
2326 4877 2599 4933 superare,
2629 4877 2684 4924 te
2711 4871 3081 4940 scripturulam
3122 4876 3293 4945 ipsam
3321 4880 3653 4937 retinendam
3672 4925 3687 4950 ,

2122 4950 2230 5006 imo
2254 4956 2687 5023 supprimendam
2717 4963 2893 5029 putavi
2921 4982 2932 5016 :
2957 4979 3026 5020 ne
3049 4966 3188 5021 ultra
3209 4968 3262 5023 in
3285 4968 3505 5027 alterius
3532 4972 3691 5028 alicu-

2116 5042 2201 5110 jus
2226 5044 2509 5113 catholici,
2540 5051 2629 5119 qui
2666 5060 2718 5108 te
2748 5054 2923 5110 minus
2949 5056 3216 5127 diligeret,
3246 5075 3463 5117 manum
3492 5072 3547 5120 et
3565 5079 3689 5120 con-

2118 5135 2394 5191 scientiam
2436 5142 2659 5197 veniret.
2702 5144 2778 5199 Ex
2827 5147 2929 5202 hoc
2955 5158 3133 5205 autem
3175 5153 3374 5220 poteris
3400 5169 3688 5226 agnoscere

2117 5238 2242 5279 sana
2270 5241 2387 5282 esse
2421 5229 2604 5286 intima
2633 5235 2811 5290 cordis
2839 5238 2935 5305 tui,
2966 5238 3011 5293 si
3040 5241 3215 5297 adhuc
3268 5246 3418 5315 quasi
3446 5247 3580 5303 liber
3607 5265 3688 5305 me

2116 5317 2377 5374 cultorem
2403 5329 2547 5377 tuum
2572 5324 2842 5382 humiliter
2863 5337 2917 5383 et
2938 5332 3239 5389 amabiliter
3261 5349 3683 5395 commonentem

2116 5409 2340 5467 sollicite
2382 5424 2437 5468 et
2475 5416 2703 5472 libenter
2742 5420 2993 5475 audieris.
3036 5426 3175 5482 Ante
3216 5428 3684 5501 interrogationem

2114 5502 2327 5557 incauta
2348 5505 2609 5563 videbitur
2629 5510 2792 5567 fuisse
2818 5516 3113 5584 persuasio,
3141 5529 3261 5589 post
3282 5523 3683 5592 responsionem

2112 5597 2483 5654 inexcusabilis
2519 5602 2798 5673 apparebit
2848 5607 3091 5665 intentio:
3142 5610 3293 5679 Quod
3325 5615 3369 5669 si
3401 5616 3543 5671 inter
3572 5619 3681 5672 haec

2071 5764 2074 5769 ἢ
2108 5690 2303 5760 aliquid
2334 5692 2501 5759 mihi,
2547 5695 2635 5763 qui
2667 5699 2893 5755 austeris
2922 5703 3089 5771 magis
3130 5719 3289 5773 quam
3319 5706 3566 5764 dulcibus
3591 5724 3677 5763 sa-

2105 5786 2221 5844 nari
2265 5784 2495 5845 animam
2548 5796 2690 5849 tuam
2721 5792 2905 5856 cupio.
2942 5796 3233 5855 credideris
3277 5799 3673 5859 inmutandum.
