4068 6348
283 350 379 416 857

1720 346 2095 408 EPISTOLIE.

3440 348 3548 417 858

284 474 551 529 memento
577 465 778 525 osculis
806 467 946 525 male
993 465 1318 525 blandientis
1352 465 1595 539 praeponi
1635 464 1857 522 vulnera
1883 469 1940 530 Α
1967 480 2067 522 nec
2091 475 2267 523 tamen
2296 467 2471 538 capite
2511 440 2607 526 suo
2641 467 2827 540 junior
2866 468 3163 537 invenitur;
3205 481 3269 525 ac
3312 467 3359 525 si
3405 470 3550 531 Deus

285 560 541 619 caritatis.

807 629 1142 687 EPISTOLA
1180 629 1272 686 VII
1298 640 1346 686 ⁸.

354 748 585 833 Domino
626 745 866 817 piissimo
904 754 961 802 et
996 746 1049 802 in
1100 745 1316 803 Christo
1360 760 1571 803 summo
1610 745 1741 802 mihi
1773 746 1869 802 ho-

285 856 419 898 nore
446 838 789 911 singulariter
810 839 1108 895 excolendo
1146 839 1365 895 Ruricio
1392 840 1504 895 ﬁlio
1534 840 1782 895 Faustus.

355 934 506 989 Licet
532 947 626 1002 per
667 944 1042 1003 quamcunque
1073 946 1360 1001 personam
1404 932 1697 1002 jucundum
1737 930 1870 986 mihi

286 1027 355 1081 sit
397 1039 517 1079 cum
560 1023 834 1079 individuo
884 1031 1104 1093 pectore
1149 1024 1318 1092 ipsius
1358 1024 1598 1079 caritatis
1647 1023 1887 1080 vocibus'

284 1117 552 1189 colloqui,
588 1124 644 1172 et
671 1116 856 1172 sedula
903 1130 1000 1171 vos
1042 1114 1345 1171 ofﬁciorum
1389 1116 1679 1170 ambitione
1725 1129 1873 1169 com-

288 1209 480 1281 plecti;
506 1208 599 1264 sed
644 1224 785 1263 nunc
829 1217 1031 1278 quanto
1072 1208 1450 1277 opportunius,
1482 1216 1632 1263 tanto
1662 1207 1873 1263 avidius

288 1304 477 1375 pignus
506 1302 669 1357 animi
716 1301 903 1367 vestri,
937 1299 1239 1355 ministerio
1285 1300 1566 1355 domestici
1595 1299 1871 1369 portitoris

286 1394 585 1464 assumpsi;
631 1393 685 1448 in
719 1392 872 1462 cujus
902 1393 1096 1446 merito
1142 1392 1320 1445 minus
1367 1390 1653 1460 assignavit
1686 1389 1875 1444 relatio

288 1502 448 1559 quam
493 1484 736 1556 probavit
759 1483 977 1555 agnitio.
1010 1483 1079 1537 Et
1114 1492 1397 1552 propterea
1428 1482 1493 1537 ad
1523 1482 1752 1536 fructum
1784 1496 1875 1536 ve-

289 1588 459 1635 strum
481 1576 717 1632 crevisse
737 1575 1035 1647 gratulatus
1054 1590 1193 1642 sum,
1219 1574 1361 1645 quod
1389 1575 1440 1628 in
1462 1588 1529 1628 eo
1549 1573 1653 1627 vita
1686 1571 1876 1627 melior

290 1669 651 1728 conditionem
705 1669 892 1739 primae
928 1665 1221 1721 nativitatis
1250 1665 1504 1728 abolevit,
1543 1671 1701 1733 atque
1731 1664 1783 1716 in
1811 1676 1876 1716 eo

291 1776 501 1816 naevum
524 1759 735 1830 generis
760 1757 1109 1813 ntanumissio
1134 1757 1408 1826 religionis
1434 1755 1712 1819 abstersit,
1737 1763 1790 1808 et
1820 1753 1873 1807 in

1972 575 2154 620 noster
2178 580 2275 619 uec
2310 566 2601 634 permixtus
2629 566 2680 619 in
2714 565 2961 636 personis
2988 564 3241 635 propriis,
3289 580 3386 621 nec
3415 564 3548 623 divi-

1971 670 2080 721 sus,
2110 671 2214 711 una
2244 657 2432 724 virtus,
2478 673 2575 712 nec
2614 666 2878 727 potestate
2915 657 3108 725 divisa,
3151 671 3250 714 nec
3284 667 3545 730 tempore.

1971 750 2122 807 Sicut
2163 752 2214 805 in
2269 750 2611 806 subsistentia
2647 752 2835 821 triplex
2866 759 2968 819 est,
3023 751 3144 821 quia
3189 750 3287 805 sibi
3326 753 3553 822 quisque

1972 843 2232 910 subsistit,
2252 844 2323 897 ita
2343 844 2392 896 in
2416 843 2711 897 substantia
2736 844 2984 912 simplex,
3009 844 3130 907 quia
3150 859 3287 899 unus
3312 844 3551 914 seipsum

1972 935 2279 1006 praecedere
2323 936 2606 1002 nesciens,
2653 949 2751 989 nec
2796 936 3148 1004 posteriorem
3190 937 3413 1006 recipit',
3454 950 3555 992 nec

1974 1030 2227 1099 priorem.
2252 1029 2378 1083 Inde
2408 1039 2462 1084 ct
2492 1043 2589 1082 nos
2620 1029 2685 1083 de
2720 1028 2819 1082 hac
2847 1024 3153 1097 accepimus
3190 1028 3551 1098 simplicitate,

1973 1123 2019 1179 si
2055 1125 2106 1177 in
2139 1124 2291 1179 nobis
2331 1124 2461 1177 nihil
2498 1126 2566 1177 sit
2613 1124 2912 1190 dissonum,
2964 1124 3095 1178 nihil
3149 1126 3378 1192 varium,
3421 1124 3556 1183 nihil

1974 1216 2264 1276 diversum.
2306 1216 2348 1268 si
2382 1230 2597 1283 semper
2628 1216 2767 1269 idem
2803 1228 2923 1270 esse
2960 1215 3325 1285 probabilibus
3365 1216 3557 1272 studiis

1975 1318 2027 1364 et
2059 1308 2287 1363 fundatis
2319 1309 2371 1362 in
2398 1309 2611 1363 Christo
2633 1310 2883 1364 sensibus
2912 1310 3201 1375 enitamur,
3228 1320 3283 1364 ut
3305 1310 3557 1366 immuta-

1978 1401 2111 1455 biles
2160 1400 2213 1454 in
2268 1400 2447 1465 bono,
2498 1399 2652 1453 novis
2710 1406 2913 1453 tantum
2964 1400 3016 1454 in
3054 1400 3194 1455 diem
3237 1400 3558 1471 profectibus

1977 1494 2337 1547 immutemur.

2050 1586 2124 1639 De
2162 1602 2225 1640 eo
2252 1592 2464 1646 autem.
2505 1588 2644 1655 quod
2680 1585 2896 1655 quidam
2930 1586 3328 1656 provocationis
3375 1602 3561 1645 amore

1976 1676 2264 1743 consuluit,
2295 1661 2567 1731 salutifera
2602 1686 2652 1731 et
2697 1677 2929 1743 perfecta
2974 1677 3250 1732 meditatio
3292 1686 3375 1733 est
3405 1692 3563 1733 curas

1977 1767 2162 1833 animi,
2194 1769 2385 1837 partito
2405 1784 2498 1837 per
2519 1770 2701 1837 plures
2727 1778 2954 1824 terrena:
2973 1767 3230 1838 regimine
3256 1769 3356 1834 rei,
3386 1769 3548 1824 suble

288 1856 637 1927 adoptionem
687 1851 883 1907 Christi
923 1864 1208 1935 Ρθῐὲοηθιη
1256 1848 1505 1918 mandi)“
1556 1847 1659 1902 “de
1686 1860 1872 1901 em‘m'
1904 1840 1953 1901 B
1980 1876 2105 1916 vare
2128 1870 2176 1916 et
2220 1871 2339 1930 post
2370 1864 2483 1917 haec
2524 1863 2715 1932 triplici
2749 1864 3137 1919 deliberatione
3177 1873 3404 1919 tractare
3436 1863 3566 1933 quid

293 1948 496 2019 cipavit
527 1956 582 2002 et
624 1943 979 2013 transcripsit.
1024 1941 1303 2009 Quomodo
1351 1952 1528 1994 autem
1575 1938 1717 2005 apud
1762 1938 1876 2007 ejus

282 2044 366 2101 vel
423 2038 562 2109 apud
607 2036 935 2107 requuorum
983 2034 1206 2089 fratrum
1253 2033 1476 2087 lacteam
1520 2030 1876 2086 sinceritatem

301 2140 460 2203 agere
507 2130 853 2195 deberemus,
896 2127 1206 2181 latissimam
1257 2123 1496 2194 Apostoli
1545 2122 1796 2190 (Philem.
1837 2118 1879 2190 ι)

300 2224 774 2295 dispensationem,
805 2219 1053 2288 expedito
1082 2217 1382 2287 digessistis
1410 2214 1665 2283 alloquio,
1690 2223 1881 2267 etcum

301 2330 492 2373 eorum
521 2312 829 2369 doctissima
881 2310 1069 2379 pagina
1114 2308 1288 2361 minus
1318 2306 1508 2361 doctus
1536 2303 1745 2359 asserit.
1778 2302 1883 2356 Nos

306 2424 486 2465 tamen
540 2407 593 2462 in
618 2420 801 2462 eorum
843 2401 1099 2459 defecatis
1128 2401 1367 2456 moribus
1414 2397 1658 2452 admirati
1702 2408 1886 2450 sumus

307 2518 400 2573 per
427 2502 625 2555 donum
671 2494 1097 2551 mansuetudinis
1127 2501 1183 2547 et
1226 2490 1568 2555 humilitatis,
1603 2486 1887 2557 plenitudi—

308 2608 429 2648 nem
480 2589 741 2645 lectionis.
784 2586 961 2640 Vincit
1003 2584 1144 2639 enim
1188 2582 1403 2652 largitas
1431 2579 1617 2649 gratiae
1648 2576 1885 2631 instituta

305 2683 585 2739 doctrinam.
615 2679 746 2735 Nam
770 2679 871 2734 etsi
898 2676 997 2732 sub
1027 2675 1220 2744 exiguo
1263 2683 1502 2741 tempore
1532 2670 1670 2723 intra
1697 2680 1885 2722 eorum

309 2777 482 2835 lucida
514 2785 730 2846 pectora
760 2782 811 2829 et
850 2771 1127 2842 perspicua
1160 2767 1450 2838 penetralia
1494 2762 1793 2819 introduxit
1827 2774 1888 2816 se

311 2884 518 2924 morum
549 2865 775 2921 candida
807 2865 1032 2935 puritas,
1064 2870 1120 2917 et
1147 2859 1401 2930 przeclara
1444 2854 1760 2924 simplicitas
1790 2866 1885 2922 per

310 2974 467 3031 quam
500 2958 696 3013 divina:
726 2953 972 3026 imaginis
987 2953 1259 3023 speculum
1285 2951 1337 3005 in
1360 2947 1628 3003 interioris
1651 2944 1883 2999 hominis

311 3053 487 3107 nitore
518 3050 809 3120 perfulget;
836 3047 1049 3111 divina},
1083 3045 1319 3114 inquam,
1354 3039 1621 3110 imaginis.
1651 3038 1727 3092 lta
1747 3036 1889 3091 enim

312 3144 380 3198 de
413 3141 636 3195 Domino
672 3139 894 3208 legimus
925 3154 938 3191 :
968 3138 1159 3201 Purus,
1203 3133 1462 3201 simplex,
1511 3129 1737 3185 subtilis.
1785 3126 1889 3182 Sed

1982 1954 2172 2008 melius
2216 1954 2282 2008 sit
2322 1954 2521 2022 locare,
2570 1955 2653 2009 vel
2691 1955 3085 2011 administrare.
3144 1955 3232 2009 vel
3266 1954 3569 2011 distrahere

1984 2045 2253 2113 propriam
2283 2046 2581 2113 portionem

2056 2135 2291 2189 Primum
2326 2151 2509 2190 revera
2548 2138 2745 2191 bonum
2786 2148 2961 2202 esset,
3004 2148 3061 2191 ut
3100 2138 3297 2193 Christi
3342 2139 3570 2195 famulus

1988 2227 2188 2281 Christi
2224 2228 2474 2296 pauperis
2522 2229 2636 2281 vias
2675 2244 2742 2283 ex
2772 2238 2884 2283 toto
2914 2245 3115 2298 pauper
3148 2231 3389 2285 studeret
3427 2231 3572 2286 incc-

1987 2320 2134 2385 tlere,
2180 2319 2223 2373 si
2273 2320 2563 2388 perfectam
2596 2321 2771 2390 magni
2812 2321 3038 2390 alicujus
3079 2321 3390 2376 monasterii
3416 2321 3576 2377 scho-

1988 2411 2116 2479 lam,
2142 2412 2222 2465 vel
2248 2419 2395 2467 certe
2425 2412 2653 2467 insulam
2683 2414 2943 2482 angelica:
2969 2414 3401 2483 congregationis
3427 2415 3576 2468 mili-

1992 2503 2118 2556 tiam
2155 2503 2339 2558 liceret
2362 2511 2632 2573 expetere.
2677 2504 2809 2557 Nam
2843 2504 2897 2558 in
2926 2504 3103 2559 medio
3147 2505 3328 2560 saeculi
3366 2506 3575 2561 institu~

1993 2594 2195 2649 tionem
2242 2596 2570 2650 eremiticam
2614 2595 2873 2665 proﬁteri,
2920 2604 3116 2665 quanta
3147 2596 3578 2667 magnanimitas,

1991 2693 2138 2739 tanta
2168 2693 2250 2739 est
2283 2684 2587 2739 difﬁcultas.

2063 2776 2185 2830 Suis
2214 2775 2345 2847 [Al.,
2378 2775 2533 2846 senis]
2562 2791 2693 2833 vero
2719 2778 2860 2832 vitiis
2906 2792 3017 2831 suae
3048 2778 3256 2847 pondus
3279 2778 3580 2848 imponere,

1994 2869 2285 2923 secundum
2327 2883 2425 2939 pro
2455 2870 2646 2924 anima:
2677 2870 3010 2924 revelatione
3041 2869 3437 2939 compendium.
3472 2869 3580 2925 Sed

1996 2962 2397 3030 pervidendum,
2432 2962 2476 3017 si
2504 2963 2695 3031 aliquis
2728 2962 2955 3017 ﬁliorum
2983 2971 3090 3016 tam
3112 2962 3281 3016 arduo
3307 2960 3581 3025 sufﬁciens

1994 3066 2114 3107 esse
2145 3052 2313 3122 possit
2344 3051 2627 3121 obsequio.
2659 3051 2687 3089 ι)
2724 3051 2799 3105 Ne
2841 3050 2978 3105 forte
3018 3058 3237 3119 paterna
3275 3050 3394 3119 ejus
3436 3049 3583 3107 sonis

1998 3145 2102 3217 [A|,
2135 3143 2288 3215 senis]
2318 3144 2605 3198 auctoritas
2638 3146 2689 3196 in
2719 3153 3043 3212 patrem.....
3094 3142 3368 3213 Optimum
3408 3151 3492 3197 cst
3527 3142 3583 3198 in

311 3233 479 3288 multo
509 3230 649 3285 aliud
676 3230 870 3283 indicat
899 3227 1073 3281 divina
1116 3226 1204 3279 illa
1248 3223 1583 3293 simplicitas.
1616 3219 1890 3290 Siquidem
1916 3213 1964 3277 C
1997 3213 2234 3289 ἐθρυηάο
2274 3213 2439 3305 gradu
2471 3234 2571 3289 sub
2614 3234 2774 3289 notio
2822 3234 3096 3290 beneﬁciis
3145 3233 3583 3289 administrator-3

309 3325 366 3379 in
398 3322 553 3378 nobis
581 3320 772 3389 duplex
806 3319 965 3385 inest,
998 3318 1049 3371 in
1080 3317 1269 3387 spiritu
1308 3323 1363 3369 et
1396 3328 1556 3368 carne
1577 3310 1891 3367 substantia.

312 3416 422 3472 Nos
448 3413 592 3483 quod
623 3411 901 3475 habemus,
942 3407 1275 3477 accepimus;
1309 3404 1464 3460 nobis
1492 3403 1703 3460 diversa
1735 3402 1897 3456 virtu-

315 3518 426 3562 tum
441 3504 761 3560 charismata
784 3501 1032 3571 adjuncta
1053 3507 1194 3563 sunt;
1213 3512 1319 3552 non
1346 3496 1549 3553 innata.
1583 3495 1712 3551 Sine
1733 3493 1896 3549 dubio

316 3598 619 3669 apponitur,
650 3594 789 3664 quod
833 3592 1028 3648 auferri
1080 3600 1257 3661 potest
1290 3599 1388 3644 :ut
1430 3588 1554 3643 boni
1585 3587 1782 3650 simus,
1830 3585 1897 3641 de

318 3689 550 3746 auctoris
598 3700 783 3743 sumus
837 3685 1075 3740 bonitate
1118 3683 1362 3738 mutuati.
1423 3680 1506 3735 Ea:
1542 3681 1632 3734 illo
1681 3680 1897 3749 quidem

319 3783 561 3845 vivimus;
591 3778 684 3833 scd
707 3778 838 3845 vita,
871 3776 1011 3831 sicut
1030 3776 1119 3829 ille
1140 3784 1242 3839 est,
1268 3789 1372 3828 non
1394 3786 1597 3828 sumus.
1620 3772 1755 3827 JuSti
1779 3784 1901 3826 esse

322 3887 621 3946 possumus,
650 3870 853 3941 justitia
881 3883 1002 3925 esse
1032 3882 1136 3924 non
1182 3879 1485 3936 possumus.
1517 3865 1608 3918 Ille
1630 3863 1751 3918 ideo
1771 3863 1903 3917 sim-

320 3972 465 4041 plex,
493 3970 616 4040 quia
661 3968 790 4022 nihil
834 3967 883 4021 ei
941 3982 1007 4021 ex
1053 3962 1328 4020 accedenti
1372 3962 1618 4031 largitate
1648 3960 1899 4015 collatum

320 4070 421 4118 est.
453 4062 550 4129 Qui
581 4077 645 4117 ex
679 4075 737 4115 se
774 4059 1050 4123 subsistit,
1080 4057 1293 4111 aliunde
1322 4057 1453 4110 nihil
1482 4052 1730 4119 sumpsit.
1763 4051 1903 4106 Deus

325 4162 381 4211 et
424 4155 610 4209 vivens
640 4152 837 4224 pariter
880 4160 935 4207 et
960 4151 1101 4214 vita;
1134 4150 1306 4205 bonus
1335 4158 1390 4205 et
1423 4149 1666 4211 bonitas;
1697 4146 1905 4201 miseri-

326 4260 448 4302 cors
472 4256 527 4301 et
554 4245 953 4310 misericordia;
985 4243 1039 4299 in
1064 4244 1319 4299 virtutum
1343 4257 1557 4297 suarum
1579 4241 1769 4312 gloria,
1803 4226 1925 4295 hoc»

326 4349 410 4396 est
433 4341 567 4411 ipse,
606 4339 749 4409 quod
778 4338 1014 4408 possidet
1041 4337 1207 4392 verbo
1248 4346 1403 4392 tenus
1431 4336 1590 4390 homo
1617 4334 1907 4389 deant-atus

326 4439 427 4486 est.
470 4431 610 4486 Deus
631 4446 821 4485 aurum
861 4438 944 4485 est
976 4446 988 4481 :
1017 4428 1159 4499 quod
1185 4428 1238 4482 in
1270 4428 1486 4483 homine
1530 4426 1696 4497 gratia
1724 4432 1824 4488 est,
1851 4425 1903 4478 in

327 4521 440 4577 Deo
468 4530 653 4577 natura
679 4530 779 4577 est.
805 4521 870 4577 Et
892 4531 1200 4593 propterea,
1230 4521 1355 4591 quia
1392 4518 1523 4574 nihil
1554 4520 1602 4574 ei
1643 4518 1907 4573 extrinse-

1999 3327 2316 3391 consisterc,
2352 3327 2397 3379 si
2420 3325 2504 3380 vel
2536 3327 2781 3381 voluntas
2812 3334 3081 3396 suppetat,
3120 3325 3207 3381 vel
3239 3325 3462 3381 facultas
3489 3339 3584 3381 ne-

2001 3418 2306 3474 cessitatem
2337 3432 2526 3471 annuae
2557 3418 2831 3488 pensiouis
2858 3416 3183 3485 impleverit.

2069 3509 2311 3564 Tertium
2343 3518 2424 3563 est
2450 3523 2544 3578 per
2567 3508 2799 3563 ﬁdelium
2832 3508 3151 3562 famulorum
3180 3507 3348 3562 electa
3372 3507 3585 3574 solatia,

2001 3601 2265 3670 impositae
2300 3600 2691 3668 procurationis
2726 3599 2939 3663 ofﬁciis,
2980 3599 3080 3653 sub
3121 3598 3333 3667 propria
3377 3614 3439 3651 ac
3482 3596 3587 3651 mi:

2002 3705 2134 3745 nore
2165 3689 2529 3744 sollicitudine
2573 3689 2926 3757 quantitatem
2970 3697 3257 3742 reservata:
3290 3688 3588 3757 gubernare

2003 3786 2339 3846 substantia),
2372 3795 2425 3839 et
2454 3773 2573 3838 eur'n
2619 3799 2714 3852 per
2737 3783 2878 3836 viam
2910 3782 3106 3850 regiam
3153 3790 3259 3835 tota
3302 3781 3588 3837 mediocri-

2004 3884 2113 3931 tate
2141 3877 2393 3946 dirigere.
2423 3876 2573 3942 Quod
2602 3891 2723 3929 cnm
2753 3875 2976 3939 suadeo,
3004 3874 3193 3929 videor
3225 3876 3311 3929 vel
3349 3886 3586 3930 nostram

2005 3968 2323 4033 utilitatem,
2378 3968 2462 4021 vel
2505 3981 2799 4036 pauperum
2854 3966 3115 4031 cogitare.
3163 3967 3217 4018 lu
3257 3981 3362 4035 quo
3399 3966 3589 4021 ordine

2007 4074 2111 4113 non
2160 4072 2344 4128 parum
2389 4064 2473 4112 est
2517 4057 2671 4122 lucri,
2711 4057 2755 4109 si
2801 4064 3073 4109 reservato
3115 4070 3243 4121 usu,
3292 4042 3589 4124 proprietas

2007 4147 2356 4203 distrahatur.
2394 4149 2574 4217 Itaque
2600 4146 2834 4201 breviter
2856 4144 3150 4200 indicantes
3186 4146 3309 4216 quid
3332 4148 3584 4217 primum,

2007 4239 2130 4309 quid
2161 4239 2477 4305 secundum,
2512 4237 2706 4307 quidve
2735 4238 2805 4290 sit
2834 4237 3068 4302 tertium,
3101 4237 3419 4293 electionem
3442 4238 3589 4307 judi-

2008 4332 2093 4388 cio
2128 4333 2214 4388 vel
2258 4331 2591 4401 possibilitati
2624 4329 3017 4385 reservavimus
3057 4329 3408 4384 consulentis.
3450 4327 3591 4394 Quid

2010 4427 2177 4497 magis
2204 4434 2475 4495 competat
2505 4423 2651 4494 quod
2689 4424 2990 4493 promptius
3034 4422 3203 4490 possit
3236 4421 3469 4492 impleri,
3504 4420 3593 4476 ille

2011 4520 2285 4574 insinuare
2314 4517 2586 4588 dignetur,
2610 4530 2707 4586 pro
2728 4517 2878 4586 cujus
2903 4516 3097 4570 timore
3117 4522 3171 4568 et
3192 4527 3372 4568 amore
3401 4527 3594 4567 conso-

326 4628 422 4669 cus
448 4614 702 4679 accessit,
753 4588 968 4669 nihil-ei
993 4588 1219 4669 vdetrahi
1248 4588 1464 4683 potest.
1516 4612 1903 4668 Detrimentum
1931 4588 1983 4648 D
2010 4611 2141 4666 latio
2168 4612 2280 4680 ipsa
2332 4618 2610 4664 tractatur.
2644 4608 2902 4663 Dominus
2944 4606 3083 4661 Deus
3119 4615 3301 4661 noster
3335 4606 3594 4661 beneﬁcia

330 4718 437 4759 non
466 4703 673 4772 recipit,
702 4703 825 4772 quia
849 4704 1021 4758 nescit
1050 4713 1413 4773 augmentum.
1453 4705 1570 4774 Ipse
1594 4714 1647 4761 et
1675 4705 1773 4760 sibi
1805 4720 1905 4759 au-

328 4803 446 4852 ctor
465 4802 518 4848 et
540 4792 696 4869 Filio,
729 4792 850 4863 quia
870 4808 975 4848 una
1000 4794 1149 4863 origo
1171 4803 1253 4849 est
1277 4802 1333 4848 et
1360 4794 1543 4860 fontis,
1567 4804 1623 4849 et
1649 4795 1900 4851 fluminis.

332 4886 410 4941 Ex
436 4885 538 4950 his,
572 4898 690 4954 qua:
730 4884 935 4953 absque
981 4882 1134 4939 initio
1183 4883 1403 4952 habent,
1451 4886 1756 4941 communio
1796 4894 1901 4954 est,

334 4976 619 5034 transfusio
651 4990 756 5031 non
786 4983 889 5032 est.

403 5070 471 5125 Et
494 5068 616 5140 quia
656 5068 722 5123 de
764 5067 903 5123 Filio
945 5066 1206 5138 legimus:
1251 5066 1493 5138 splendor
1537 5075 1611 5122 est
1658 5067 1904 5122 claritatis

337 5161 463 5229 Dei;
491 5162 628 5217 sicut
656 5174 925 5230 nunquam
952 5160 1094 5215 Deus
1132 5161 1248 5214 sine
1289 5159 1595 5229 splendore,
1632 5160 1706 5214 ita
1749 5160 1908 5216 Pater

338 5265 603 5321 nunquam
636 5250 732 5305 fuit
762 5252 878 5305 sine
907 5249 1027 5305 Filii
1054 5250 1351 5321 majestate.
1382 5248 1451 5305 Et
1470 5250 1606 5306 sicut
1632 5250 1907 5320 utriusque

339 5357 566 5411 rquzeva
615 5351 740 5396 sunt
786 5341 1005 5397 nomina
1054 5342 1184 5412 (nisi
1243 5342 1386 5397 enim
1429 5343 1528 5397 iste
1574 5351 1904 5411 nasceretur,
1932 5328 1952 5356 ’

335 5435 493 5490 Pater
515 5433 603 5490 ille
645 5447 751 5487 non
798 5432 1111 5502 diceretur),
1158 5434 1229 5491 ita
1278 5449 1373 5491 eos
1420 5435 1535 5490 sine
1569 5436 1907 5505 separatione

294 5536 301 5537 ί
336 5525 564 5580 concitat
585 5524 739 5578 unius
763 5523 1096 5593 paternitatis
1122 5526 1444 5596 antiquitas;
1476 5542 1542 5582 ex
1563 5526 1653 5582 illo
1682 5536 1786 5593 est,
1810 5528 1903 5585 sed

336 5620 599 5691 posterior
623 5618 716 5673 illo
739 5632 844 5672 non
872 5625 954 5673 est
979 5636 989 5669 ε
1010 5618 1150 5674 sicut
1170 5619 1333 5675 facies
1358 5620 1424 5675 de
1446 5621 1620 5690 capite
1646 5622 1901 5693 nascitur,

405 5744 429 5771 υ
463 5731 587 5788 Haec
615 5730 834 5801 epistola
866 5730 1004 5799 apttd
1033 5729 1300 5788 Canisium
1330 5741 1542 5789 notatur
1570 5734 1630 5788 V.

402 5804 428 5841 ι’
472 5804 646 5859 Locus
673 5801 913 5857 vitiosus.

2008 4704 2060 4757 in
2092 4702 2245 4756 nobis
2273 4715 2367 4755 sua
2401 4700 2541 4755 felici
2566 4713 2627 4753 ac
2655 4698 2848 4767 placita
2882 4697 3218 4766 longmvitate
3247 4695 3590 4767 multiplicet,

2007 4796 2222 4853 domine
2253 4796 2491 4866 piissime
2533 4804 2587 4850 et
2632 4796 2684 4849 in
2731 4793 2947 4849 Christo
2976 4809 3189 4849 summo
3216 4794 3345 4857 mihi
3385 4793 3593 4850 honore

2009 4891 2358 4961 singulariter
2385 4888 2680 4945 excolende
2711 4888 2806 4943 ﬁli.

2529 4979 2863 5036 EPISTULA
2900 4982 3009 5037 VIII
3045 4984 3106 5039 ο.’

2085 5074 2312 5128 Domino
2358 5073 2762 5130 deviuctissimo
2802 5083 2855 5130 et
2885 5083 2993 5131 tota
3028 5076 3238 5146 pietatis
3265 5075 3461 5131 virtute
3491 5076 3593 5132 siu-

2013 5164 2267 5235 gulariter
2292 5165 2588 5220 excolendo
2620 5165 2765 5219 fratri
2795 5165 3015 5220 Ruricio
3044 5166 3312 5234 Faustus,

2085 5258 2322 5328 Propitia
2367 5257 2649 5314 divinitate
2684 5260 2737 5313 in
2780 5268 2989 5314 secreto
3039 5259 3312 5329 religionis
3361 5274 3596 5331 congruo

2015 5362 2069 5408 et
2099 5352 2539 5423 tranquillissime
2579 5352 2635 5406 in
2680 5352 2892 5407 silentio
2930 5351 3229 5420 constituti,
3267 5352 3321 5407 in
3352 5368 3459 5421 quo
3490 5354 3591 5406 Do-

2016 5444 2196 5499 minus
2246 5444 2313 5498 ad
2361 5444 2657 5515 rubiginem
2706 5445 2863 5515 longa
2920 5444 3205 5499 securitate
3259 5449 3589 5499 contractam

2014 5536 2307 5593 salutifera:
2337 5538 2461 5591 lima
2494 5536 2857 5609 castigationis
2887 5535 3183 5591 admonuit.
3235 5535 3292 5589 ln
3339 5535 3458 5598 hac,
3505 5535 3589 5587 in-

1956 5702 1962 5707 .
2015 5646 2197 5700 quam,
2228 5632 2317 5700 qui
2346 5642 2397 5687 et
2431 5647 2642 5702 magna,
2687 5632 2731 5687 si
2762 5643 3136 5701 agnoscamus,
3178 5627 3459 5684 vacatione
3489 5625 3588 5683 do-

2094 5751 2114 5775 t'
2156 5741 2279 5798 Haec
2307 5742 2531 5814 epistola
2560 5741 2700 5813 apud
2729 5740 2996 5800 Canisittm
3021 5744 3236 5799 notatur
3264 5736 3333 5796 Vl
