4068 6348
481 407 586 470 859

1718 401 1773 457 S.
1816 400 2061 458 FAUSTI
2100 400 2509 457 RHEGIENSIS

3632 408 3734 470 860

479 534 612 602 nati,
639 533 763 588 dum
796 541 964 586 novos
988 526 1134 581 cives
1158 521 1482 578 commercio
1531 519 1771 575 caritatis
1819 518 2050 588 acquiri-
2074 521 2129 578 Î‘
2155 517 2242 581 ubi
2269 519 2354 573 ille
2384 517 2693 587 magnificus
2714 518 2967 588 Helcana,
3001 521 3092 592 qui
3137 522 3408 591 possessio
3438 522 3535 579 Dei
3563 524 3730 582 inter-

481 644 621 695 mtts,
655 627 778 680 dum
822 624 888 678 de
926 620 1306 690 acquisitorum
1351 616 1520 671 salute
1556 614 1880 685 gaudemus,
1916 612 2053 666 inter

482 720 594 773 hsce
635 714 790 786 positi
833 713 1002 779 bona,
1054 709 1304 780 praesenti
1352 707 1671 762 insultamus
1717 705 1939 771 exsilio,
2000 711 2054 759 et

478 817 682 879 patrem
731 820 829 860 nos
871 819 976 858 non
1004 800 1281 868 amisisse,
1317 800 1411 855 sed
1450 805 1811 854 commutasse
1855 809 2051 865 cogno-

479 903 695 957 scimus.
728 898 859 953 Nam
888 896 1015 952 dum
1038 895 1221 950 fideles
1244 892 1427 947 famuli
1451 892 1544 947 Dei
1568 893 1620 945 in
1643 888 2053 946 necessitatibus

479 994 675 1049 nostris
700 991 991 1046 bonitatem
1020 1003 1132 1044 suae
1162 986 1465 1043 devotionis
1488 992 1764 1052 exercent,
1790 982 1906 1038 sine
1926 983 2053 1038 sede

479 1078 692 1154 propria
725 1094 1091 1152 possessores,
1115 1079 1230 1134 sine
1258 1077 1598 1148 possessione
1626 1076 1820 1131 divites
1844 1088 2049 1129 sumus.

480 1162 589 1229 lino
612 1188 705 1229 eos
726 1173 815 1244 qui
840 1173 905 1227 de
926 1181 1105 1226 nostra
1131 1168 1360 1226 fructum
1382 1168 2046 1239 accipiuntconsolatione,

478 1268 743 1335 ditamus;
789 1266 927 1321 miro
958 1264 1118 1319 modo
1145 1264 1512 1319 consolatores
1539 1263 1704 1318 nostri
1737 1260 1805 1315 de
1830 1275 2055 1330 pauper-

479 1361 614 1417 culis
638 1360 997 1432 negotiantur,
1027 1366 1082 1413 ct
1112 1357 1177 1413 de
1204 1358 1384 1427 egenis
1414 1352 1558 1411 lucra
1583 1364 1835 1425 perpetua
1862 1368 2054 1409 conse-

479 1468 731 1530 quuntur.
779 1457 889 1527 Ego
934 1464 1109 1510 autem
1152 1453 1289 1509 hanc
1336 1454 1561 1522 primam
1609 1452 2049 1518 munificentiam,

480 1550 708 1605 Domino
754 1548 1043 1618 largiente,
1090 1545 1347 1615 percepi,
1396 1544 1537 1613 quod
1581 1542 1852 1612 piissimus
1900 1555 2052 1597 meus

481 1644 731 1699 Ruricius
755 1650 873 1712 post
901 1640 1025 1695 vitae
1056 1638 1213 1708 hujus
1238 1637 1557 1708 jactationes
1586 1635 1653 1690 ad
1684 1644 1894 1706 portum
1926 1634 2054 1689 reli-

480 1734 671 1807 gionis,
730 1746 944 1803 proram
982 1730 1193 1795 salutis,
1237 1728 1449 1785 Excelsi
1496 1742 1657 1782 manu
1699 1727 2047 1795 gubernante,

480 1830 765 1895 convertit,
797 1826 937 1899 quod
966 1835 1087 1897 post
1112 1824 1327 1879 umbras
1358 1821 1725 1877 seducentium
1757 1820 2048 1873 vanitalum

2157 618 2411 678 pretatur,
2443 612 2525 663 vir
2555 626 2688 665 unus
2714 613 2939 682 mystico
2961 622 3298 683 nuncupatur
3318 615 3554 684 eloquio.
3580 614 3729 687 Erat,

2155 702 2345 771 inquit,
2376 703 2450 757 vir
2478 718 2630 767 unus,
2660 703 2762 758 hoc
2786 714 2887 769 est,
2918 720 3134 773 semper
3155 706 3320 762 idem.
3352 706 3487 774 Quia
3516 708 3648 763 nihil
3676 711 3728 765 in

2153 806 2219 848 eo
2240 794 2532 863 apparebat
2572 794 2817 861 dubium,
2866 796 3002 851 nihil
3054 797 3272 866 duplex,
3324 799 3453 859 nihil
3502 801 3727 871 varium,

2155 884 2283 940 nihil
2310 886 2601 956 diversum,
2642 889 2735 942 sed
2780 904 2899 943 cum
2944 890 2994 943 in
3046 900 3191 945 statu
3237 892 3493 947 virtutum
3538 896 3726 950 incon-

2155 992 2313 1033 cusso
2336 980 2522 1035 ordine
2551 992 2977 1050 permanentem,
3000 984 3308 1038 accedentia
3331 985 3383 1040 in
3401 989 3726 1044 contrarium

2154 1084 2262 1124 non
2298 1072 2751 1139 commovebant;
2810 1074 3079 1129 mutabilia
3121 1084 3361 1144 tempora
3404 1093 3509 1133 non
3550 1091 3725 1137 muta-

2153 1161 2313 1227 bant;
2358 1178 2457 1218 nec
2497 1179 2643 1229 eum,
2681 1172 2739 1219 ut
2768 1166 2972 1234 magnis
3000 1166 3286 1223 virtutibus
3323 1170 3488 1225 moris
3535 1180 3637 1238 est,
3673 1175 3726 1230 in

2153 1255 2385 1310 alternas
2406 1267 2585 1326 partes
2623 1258 2760 1313 levia
2792 1270 3072 1314 ventorum
3104 1255 3270 1316 flabra
3303 1264 3612 1319 versabant.
3652 1268 3725 1323 lta

2153 1355 2209 1402 et
2227 1347 2488 1403 sollicitus
2520 1349 2610 1403 Dei
2639 1350 2867 1405 famulus
2904 1361 3050 1406 vasta
3092 1353 3235 1407 mole
3281 1354 3402 1410 fidei
3451 1356 3716 1425 fundatus,

2155 1438 2206 1491 in
2232 1437 2333 1492 hoc
2363 1448 2587 1507 tantum,
2618 1440 2830 1509 Christo
2862 1443 2913 1496 in
2962 1457 3021 1497 se
3059 1452 3338 1513 operante,
3381 1456 3637 1515 mutatur,
3666 1459 3722 1505 ut

2154 1530 2305 1584 novis
2333 1545 2547 1599 semper
2565 1533 2749 1601 gratiis
2772 1533 3044 1590 induatur.
3082 1535 3135 1589 lu
3165 1550 3294 1602 agro
3322 1540 3559 1605 pectoris
3579 1541 3721 1610 plan-

2155 1626 2335 1677 tcntur
2362 1622 2543 1688 utilia;
2576 1624 2730 1678 noxia
2771 1625 3133 1681 succidantur.
3188 1627 3254 1682 Et
3297 1630 3420 1698 quia
3467 1631 3717 1689 militibus

2153 1716 2264 1772 suis
2290 1717 2543 1785 praecepit
2568 1732 2745 1772 sermo
2774 1719 3005 1775 divinus.
3036 1720 3185 1785 Cum,
3221 1721 3412 1790 inquit,
3445 1724 3515 1777 ad
3541 1724 3719 1779 bellum

2153 1809 2489 1878 processeris,
2518 1819 2565 1861 et
2586 1810 2719 1863 inter
2746 1811 2971 1881 reliquas
2997 1813 3197 1881 prtcdas
3224 1814 3425 1883 petieris
3459 1816 3717 1887 virginem,

481 1932 533 1979 et
559 1897 837 1977 illusiones
867 1916 1305 1972 transvolantium
1335 1914 1687 1979 somniorum,
1718 1924 1964 1965 mansura
1991 1918 2044 1964 et
2074 1897 2122 1957 B
2148 1900 2405 1955 abscindas
2426 1918 2617 1972 ungues
2648 1911 2694 1955 et
2735 1904 2894 1957 crines
2918 1908 3047 1974 ejus,
3079 1916 3126 1960 ct
3147 1906 3219 1959 ita
3242 1923 3354 1960 eam
3376 1908 3465 1960 tibi
3488 1912 3719 1981 conjugio

480 2012 651 2070 solida
675 2009 999 2078 concupivit,
1022 2017 1073 2064 et
1095 2006 1349 2075 despecto
1372 2003 1584 2058 tandem
1606 2002 1806 2056 saeculo
1832 2000 2046 2065 infelici,

479 2114 647 2161 artem
676 2101 792 2172 ejus
820 2113 1063 2169 magnam
1088 2097 1283 2166 rapuit,
1315 2095 1623 2149 felicitatem
1648 2100 1701 2147 et
1736 2092 1941 2145 lucrum
1970 2090 2048 2144 sui

480 2196 546 2252 de
565 2191 766 2249 mundo
794 2196 1050 2261 pereunte
1076 2186 1376 2256 acquisivit,
1407 2193 1523 2239 arte
1554 2182 1715 2247 fideli,
1754 2191 1911 2251 atque
1937 2181 2051 2235 colo

479 2287 769 2351 labentium
796 2297 975 2341 rerum
1006 2280 1125 2351 fuga
1157 2278 1490 2350 praeteriens,
1521 2291 1622 2345 qua
1653 2289 1783 2344 opes
1812 2282 2053 2329 contem-

481 2389 578 2451 ptu
606 2395 703 2435 suo
742 2377 1006 2444 contulit,
1038 2387 1156 2444 quae
1195 2372 1307 2442 jam
1352 2382 1453 2424 usu
1497 2383 1594 2423 suo
1636 2368 1883 2422 conferre
1922 2365 2053 2420 nihil

480 2478 746 2543 poterant.
777 2468 923 2524 Unde
954 2472 1153 2536 quanta
1184 2461 1385 2517 dudum
1408 2458 1684 2513 alacritate
1710 2456 2052 2511 saecularibus

481 2562 669 2619 studiis
699 2560 1067 2624 militavimus,
1122 2562 1268 2608 tanta
1318 2567 1460 2607 nunc
1509 2549 1794 2604 devotione
1827 2548 2055 2602 Domino

481 2655 797 2713 serviamus.
829 2651 894 2706 Et
939 2649 1061 2719 quia
1110 2661 1197 2702 me
1243 2644 1507 2700 austerius
1554 2643 1698 2713 loqui
1746 2656 1926 2697 secum
1960 2655 2054 2709 pro

482 2754 825 2818 peccatorum
864 2741 1163 2804 curatione,
1204 2738 1374 2808 pietas
1416 2743 1595 2791 vestra
1621 2732 1968 2803 constringit,
2002 2740 2057 2787 et

482 2839 623 2896 illius
659 2835 942 2893 sententia:
974 2847 1079 2887 non
1119 2830 1376 2886 observat
1414 2828 1692 2895 invidiam,
1722 2840 1840 2895 qua:
1883 2824 2009 2878 dicit
2038 2841 2050 2876 :

481 2930 659 2985 Justus
685 2929 737 2982 in
768 2925 1023 2999 principio
1049 2924 1130 2977 sui
1159 2931 1231 2977 est
1252 2927 1521 2976 accusator
1550 2918 1730 2989 (Prov.
1764 2932 1909 2983 xvm,
1941 2915 2052 2985 17).

482 3012 747 3095 Imprimis
776 3036 903 3091 ergo
949 3021 1129 3088 lapsus
1172 3018 1282 3071 oris
1325 3014 1613 3082 cordisque
1655 3013 1901 3066 vitemus.
1950 3008 2055 3063 Sed

484 3118 623 3189 quod
652 3114 755 3171 oris
787 3112 1019 3168 diximus
1040 3155 1053 3179 ,
1094 3109 1139 3163 si
1165 3107 1316 3164 cordi
1347 3104 1614 3161 studueris
1661 3102 1918 3158 adhibere
1956 3116 2054 3156 cu-

483 3209 733 3276 stodiam,
782 3206 863 3260 ori
902 3217 1012 3257 non
1056 3199 1325 3255 laborabis
1379 3199 1657 3266 imponere
1698 3195 2049 3263 disciplinam.

2154 1993 2415 2058 capulubis
2442 1990 2617 2065 (Deut.
2655 1994 2926 2064 xxt,12);
2952 1996 3021 2049 ita
3054 2010 3152 2050 nos
3179 1996 3247 2050 ad
3279 2009 3540 2067 sanctam,
3569 1998 3711 2053 Chri-

2155 2086 2223 2138 sti
2257 2086 2446 2139 timore
2474 2086 2772 2155 prcecincti,
2806 2087 3141 2156 prudentiam
3186 2088 3394 2159 saeculi,
3439 2105 3560 2159 qua:
3602 2092 3720 2144 sim-

2158 2176 2303 2245 plex,
2338 2176 2663 2246 incorrupta,
2693 2178 2924 2243 sincera,
2958 2192 2988 2231 a
3020 2179 3131 2234 Deo
3163 2178 3303 2237 facta
3331 2188 3435 2246 est,
3463 2181 3719 2251 captivam

2157 2268 2385 2337 Spiritali
2424 2268 2699 2335 sapientiae
2746 2268 3152 2338 subjungamus,
3187 2286 3250 2325 ac
3290 2272 3557 2340 superï¬‚ua
3592 2273 3719 2341 ejus,

2154 2361 2444 2430 amputatis
2472 2361 2635 2424 vitiis,
2660 2362 3059 2431 abscindamus,
3103 2370 3158 2418 et
3184 2373 3404 2434 pectore
3429 2372 3576 2419 casta
3597 2379 3718 2420 con-

2152 2452 2428 2521 junctione
2449 2453 2733 2509 sociemus.

2227 2546 2364 2602 Ante
2400 2546 2578 2601 omnia
2616 2547 2672 2601 in
2710 2554 2987 2616 quantum,
3031 2549 3319 2618 adjuvante
3360 2549 3494 2616 Deo,
3543 2564 3725 2619 possu-

2154 2651 2295 2703 mus,
2343 2636 2465 2692 illas
2503 2638 2554 2691 in
2592 2639 2746 2693 nobis
2771 2639 3049 2696 debellare
3072 2654 3322 2696 curemus
3344 2641 3581 2711 quinque
3610 2657 3725 2697 sen-

2158 2744 2312 2783 suum
2358 2730 2653 2799 passiones.
2695 2730 2962 2801 Quidquid
3002 2732 3146 2786 enim
3206 2732 3526 2800 pulchrescit
3571 2734 3723 2800 visu,

2157 2820 2410 2889 quidquid
2461 2820 2734 2876 blanditur
2778 2822 3035 2888 odoratu,
3090 2823 3346 2894 quidquid
3399 2825 3727 2879 lenocinatur
3812 2846 3821 2855 -

2158 2922 2381 2981 attactu,
2401 2915 2655 2985 quidquid
2680 2914 3134 2987 dulcescitgustu,
3155 2916 3410 2986 quidquid
3431 2919 3725 2987 corrumpit

2157 3006 2360 3071 auditu,
2408 3006 2522 3063 haec
2550 3008 2750 3073 omnia,
2798 3008 2841 3062 si
2891 3007 2977 3063 his
3024 3008 3326 3074 abutamur,
3382 3009 3730 3064 intentionem

2158 3100 2353 3155 mentis
2384 3099 2452 3155 de
2483 3099 2813 3169 spiritalibus
2833 3100 2909 3157 .ad
2944 3109 3152 3156 terrena
3179 3101 3478 3157 devolvent.
3511 3102 3574 3155 Et
3604 3102 3727 3157 ideo

2158 3191 2297 3245 sicut
2318 3201 2471 3260 pater
2499 3192 2621 3247 fidei
2657 3191 2809 3262 (Gen.
2843 3208 2949 3261 xw,
2978 3194 3067 3262 14)
3096 3195 3326 3263 quinque
3354 3194 3469 3249 illos
3493 3208 3647 3263 reges
3672 3193 3729 3248 in

484 3299 609 3355 Siue
634 3272 945 3351 difficultate
976 3291 1163 3344 ostium
1207 3288 1601 3342 circumstantias
1651 3300 1921 3355 opponere
1954 3300 2052 3355 poâ€”
2085 3272 2130 3337 C
2165 3284 2418 3338 trecentis
2457 3283 2643 3341 decem
2693 3294 2748 3341 et
2794 3294 2916 3341 octo
2939 3327 2952 3351 ,
3000 3288 3254 3356 mysterio
3286 3287 3483 3341 in......
3533 3286 3731 3342 latente

485 3389 606 3444 terit
633 3385 778 3439 labiis
807 3384 914 3437 suis
942 3381 1064 3450 (Ps.
1096 3394 1218 3443 CXL,
1249 3380 1326 3446 5).
1359 3378 1490 3433 Illud
1515 3378 1777 3446 siquidem
1809 3392 1938 3433 voce
1964 3377 2056 3432 de-

485 3480 765 3554 promitur,
795 3475 939 3546 quod
971 3474 1116 3545 prius
1157 3474 1210 3527 in
1243 3470 1455 3527 officina
1489 3471 1836 3527 conscientiae
1880 3470 2059 3524 defor-

485 3580 679 3628 matur.
733 3568 845 3623 lloc
889 3566 1125 3622 exterior
1168 3563 1363 3629 reddit,
1418 3561 1559 3632 quod
1606 3561 1771 3615 dictat
1816 3560 2055 3617 interior.

485 3665 633 3722 Mens
661 3668 876 3718 exercet
918 3657 1240 3727 imperium;
1274 3656 1458 3725 lingua
1484 3653 1819 3715 famulatum.
1846 3653 1912 3708 Et
1939 3669 2058 3723 pro-

387 3824 400 3836 .
486 3766 669 3828 pterea
698 3753 1007 3811 caelestibus
1027 3751 1318 3806 edocetnur
1337 3748 1619 3817 colloquiis
1645 3765 1655 3800 :
1693 3746 1773 3801 Ex
1793 3747 2059 3802 abundan-

486 3851 558 3903 tia
586 3850 751 3902 cordis
776 3863 831 3901 os
862 3846 1085 3914 loquitur
1125 3842 1339 3914 (Matth.
1378 3856 1448 3896 Ï‡Î¹Î¹
1469 3880 1485 3907 ,
1516 3840 1629 3911 51).
1664 3838 1814 3908 Quod
1846 3840 1913 3896 de
1943 3855 2059 3895 scr-

485 3956 644 3997 tuone
670 3937 818 3995 nasci
840 3937 1074 4002 videtur,
1105 3934 1251 4005 prius
1274 3931 1597 4003 cogitatione
1624 3930 1944 4001 concipitur.
1994 3930 2061 3987 Ut

485 4032 594 4089 oris
623 4043 784 4086 sonus
819 4028 1031 4098 indigna
1063 4040 1166 4080 non
1203 4024 1470 4095 proferat,
1516 4023 1727 4076 animus
1749 4021 1890 4091 justa
1925 4036 2059 4090 prce-

485 4122 663 4192 cipiat.

558 4212 627 4265 Et
646 4210 769 4281 quia
795 4209 902 4263 duo
930 4215 1055 4262 sunt
1078 4206 1403 4275 jejuniorum
1432 4219 1652 4273 genera,
1688 4218 1847 4257 unum
1876 4202 2062 4258 incon-

485 4302 726 4360 tinentiae
751 4298 1045 4368 appetitum
1074 4310 1104 4349 a
1129 4295 1263 4349 male
1304 4292 1512 4348 blandis
1548 4294 1855 4348 deliciarum
1885 4292 2063 4348 suavi-

487 4382 685 4450 tatibus
703 4402 975 4454 coercere,
997 4385 1299 4440 utexterior
1320 4396 1374 4440 et
1396 4392 1645 4440 terrenus
1668 4384 1827 4439 homo
1845 4400 2061 4440 vomere

487 4482 664 4543 crucis
708 4475 974 4533 edomitus
1029 4474 1307 4528 commoda
1358 4474 1665 4528 infirmitate
1716 4483 2056 4539 macrescat;

485 4573 711 4628 alterum
731 4565 1067 4624 abstinentiae
1089 4579 1257 4635 genus
1279 4571 1361 4618 est
1386 4564 1553 4617 multo
1574 4562 1875 4626 sublimius,
1892 4564 2060 4618 multo

2160 3375 2390 3441 devicit;
2438 3378 2507 3430 ita
2542 3393 2635 3445 per
2664 3378 2986 3447 adjutorium
3013 3379 3258 3449 Domini,
3290 3392 3345 3436 et
3394 3396 3493 3450 per
3521 3396 3728 3438 crucent

2159 3480 2310 3521 suam
2344 3466 2440 3521 has
2467 3468 2698 3536 quinque
2725 3469 3097 3539 principalium
3142 3471 3394 3526 vitiorum
3434 3488 3732 3544 expugnare

2158 3558 2473 3613 studeamus
2494 3559 2795 3615 illecebras.
2829 3561 2929 3616 Per
2956 3562 3127 3616 crucis
3148 3562 3549 3633 cnimrsignum,
3568 3574 3621 3619 et
3641 3580 3732 3634 per

2160 3665 2371 3707 sacrum
2394 3652 2522 3708 Jesu
2553 3668 2771 3720 nomen,
2811 3654 2950 3722 apud
2982 3656 3197 3710 Graecos
3230 3655 3377 3710 Hera
3407 3658 3580 3712 utrius
3610 3672 3733 3727 sup-

2161 3746 2449 3816 putationis
2484 3745 2824 3815 imprimitur.
2875 3746 3080 3813 Quibus
3112 3748 3277 3801 armis
3316 3750 3553 3805 carnalia
3595 3750 3733 3806 delc-

2161 3844 2430 3893 ctamenta
2480 3847 2799 3907 superantes
2836 3839 3182 3894 merebuntur
3222 3839 3408 3894 audire
3443 3860 3455 3893 :
3507 3842 3733 3899 Vincenti

2160 3930 2295 3985 dabo
2341 3946 2583 3984 coronam
2627 3932 2758 3985 vitae.
2816 3931 2923 3985 Et:
2971 3932 3071 3998 Qui
3114 3933 3286 3985 vicerit
3330 3949 3431 3986 non
3472 3935 3676 3989 (ceditur
3705 3953 3734 3989 Î·

2164 4030 2322 4075 morte
2359 4022 2579 4075 secunda
2623 4022 2811 4092 (Apoc.
2844 4022 2933 4092 tt).
2982 4023 3135 4079 Unde
3172 4025 3286 4092 ipsa
3325 4025 3481 4081 facile
3528 4036 3734 4083 terrena

2162 4110 2412 4180 despicis,
2459 4113 2542 4166 vel
2592 4112 2879 4167 fenerantis
2920 4128 3070 4169 more
3096 4114 3401 4184 dispensas,
3446 4116 3572 4170 dum
3606 4119 3734 4173 illud

2161 4203 2361 4272 cogitas
2390 4211 2603 4271 tempus
2632 4219 2740 4273 quo
2782 4214 3075 4260 cxurentur
3118 4216 3431 4275 peccatores
3477 4209 3617 4264 sicut
3662 4210 3735 4264 fe-

2162 4309 2309 4359 num,
2333 4310 2437 4365 quo
2462 4304 2752 4351 aestuantes
2781 4296 3041 4367 gehennze
3062 4296 3242 4352 furore
3270 4307 3551 4367 perpetuo,
3581 4302 3733 4370 cujus

2163 4386 2331 4453 fumus
2374 4388 2597 4441 ascendit
2640 4389 2694 4440 in
2731 4389 2919 4443 swcula
2957 4390 3259 4444 sazculorum
3306 4391 3489 4462 (Apoc.
3517 4408 3631 4458 vm,
3660 4395 3731 4463 7).

2165 4476 2226 4530 lli
2257 4477 2340 4545 qui
2383 4478 2732 4544 neglexerunt
2762 4479 2957 4544 oblata,
3014 4480 3107 4533 tali
3136 4490 3309 4536 morte
3336 4483 3653 4551 punientur;
3682 4496 3731 4537 ut

2163 4569 2240 4621 eis
2290 4568 2424 4621 mori
2470 4568 2522 4622 in
2568 4567 2756 4623 dolore
2805 4584 2913 4623 non
2958 4571 3158 4627 liceat:
3205 4573 3450 4627 morituri
3493 4577 3637 4643 vitae,
3686 4586 3734 4631 et

424 4664 430 4670 â€™
486 4660 797 4739 pretiosius,
836 4657 922 4714 cui
948 4657 1091 4713 nulla
1120 4655 1494 4711 contradicere
1530 4654 1697 4724 possit
1737 4655 2044 4721 infirmitas,
2086 4654 2132 4712 D
2157 4661 2317 4715 morti
2347 4662 2461 4715 sine
2486 4663 2590 4716 fine
2618 4663 2831 4718 victuri.
2883 4666 3013 4720 Dum
3045 4667 3194 4735 illud,
3241 4668 3476 4738 inquam,
3530 4678 3734 4741 tempus

486 4762 663 4811 motus
687 4750 853 4806 animi
880 4765 1090 4820 regere,
1124 4759 1178 4804 et
1205 4748 1598 4804 irrationabiles
1626 4747 2058 4818 perturbationes

486 4847 571 4903 vel
590 4844 991 4900 colluctantium
1014 4842 1151 4896 inter
1182 4856 1240 4896 se
1262 4841 1644 4911 cogitationum
1678 4840 1952 4906 tumultus,
1979 4840 2059 4895 in-

487 4938 699 4997 terioris
723 4935 928 5007 judicio
965 4934 1263 5000 refrenare,
1310 4945 1362 4989 et
1401 4943 1589 4989 contra
1635 4936 2060 5005 impugnationes

486 5032 754 5096 occultas,
821 5027 903 5083 vel
971 5016 1153 5082 contra
1209 5025 1533 5080 domesticos
1591 5026 1835 5081 inimicos
1888 5029 2056 5081 rixam

486 5122 770 5194 quamdam
804 5120 1118 5185 irascentes,
1165 5116 1285 5171 fidei
1315 5118 1631 5171 auctoritate
1659 5126 1959 5182 conterere,
2002 5127 2056 5172 et

487 5228 581 5287 per
630 5212 1087 5272 benevolentiam,
1151 5208 1651 5276 mansuetudinem,
1705 5208 2050 5279 patientiam,

486 5304 943 5375 tranquillitatem,
1013 5301 1108 5357 Dei
1158 5301 1442 5371 imaginem
1492 5302 1543 5355 in
1599 5301 1732 5356 facie
1788 5301 2055 5355 interioris

485 5400 775 5462 excolere:
826 5398 977 5465 cujus
1024 5394 1186 5450 decus
1227 5408 1329 5448 non
1365 5395 1417 5449 in
1458 5394 1699 5462 corporis
1742 5412 2053 5466 personam,

486 5492 584 5552 sed
612 5491 666 5546 in
693 5488 851 5543 animi
884 5486 1106 5540 formam
1131 5486 1346 5541 solertia
1379 5485 1597 5540 factoris
1625 5488 1913 5556 impressit.

559 5566 741 5638 Virum
763 5578 1057 5649 spiritu-alia
1078 5588 1130 5633 et
1159 5578 1334 5632 divina
1358 5578 1678 5655 cogitantem
1709 5581 1919 5636 tristitia
1947 5598 2059 5645 non,

486 5671 716 5741 frangat,
768 5670 949 5725 laetitia
992 5685 1097 5723 non
1138 5670 1390 5734 resolvat,
1429 5671 1720 5726 stabilitum
1768 5674 1820 5727 in
1866 5674 2053 5741 timore

490 5759 587 5817 Dei
610 5738 792 5830 pectus
827 5762 1232 5829 magnanimitas
1260 5760 1575 5831 aequalitatis
1601 5765 1868 5832 ostendit,
1916 5738 2057 5822 utâ€˜et

488 5849 647 5912 nobis
673 5854 907 5923 coaptari
934 5853 1282 5923 possitlibelli
1317 5853 1457 5912 illius
1476 5854 1681 5925 insigne
1716 5857 2056 5928 principium,

2161 4760 2285 4807 ante
2309 4751 2493 4807 oculos
2518 4762 2638 4807 tuos
2667 4755 2892 4821 provida
2922 4756 2972 4810 in
2999 4758 3231 4812 futurum
3262 4769 3445 4815 mente
3473 4760 3734 4831 disponis,

2162 4843 2229 4898 de
2249 4858 2355 4913 quo
2379 4844 2605 4912 legimus
2635 4861 2647 4897 :
2678 4843 2909 4900 Intt'oibo
2942 4848 2990 4901 in
3017 4849 3223 4901 domum
3265 4860 3407 4903 tuam
3441 4867 3555 4904 cum
3596 4853 3736 4908 holo-

2162 4936 2351 4989 caustis
2374 4934 2489 5005 (Ps.
2527 4953 2646 5001 va,
2682 4939 2769 5007 15)
2806 4956 2818 4991 :
2853 4938 2904 4992 id
2936 4949 3040 5005 est,
3082 4941 3293 5009 quando
3323 4944 3583 4999 bonorum
3614 4962 3737 5014 0pc-

2164 5045 2280 5099 rum
2310 5030 2483 5084 fructu
2522 5032 2946 5098 subsarcinatus,
2985 5041 3039 5087 et
3073 5032 3297 5102 justitite
3331 5036 3628 5106 insignibus
3661 5055 3737 5091 rr-

2163 5119 2621 5190 dimitusjannam
2670 5124 2796 5177 vitm
2836 5138 2954 5177 cum
3009 5123 3275 5193 triumpho
3322 5127 3510 5182 evictte
3563 5129 3738 5181 carnis

2166 5212 2405 5267 intrabis.
2438 5213 2513 5267 De
2542 5228 2647 5281 quo
2674 5214 2899 5282 legimus
2934 5231 2947 5264 :
2994 5214 3295 5268 Adorabunt
3323 5232 3441 5269 eunt
3473 5217 3598 5284 ï¬lia:
3622 5217 3737 5284 Tyri

2162 5305 2214 5357 in
2255 5305 2543 5357 muneribus
2587 5303 2702 5374 (Ps.
2734 5320 2874 5371 ÎºÏ‰Î½,
2911 5304 3020 5375 lii),
3073 5306 3125 5360 id
3154 5315 3255 5376 est,
3302 5308 3496 5363 animae
3526 5307 3738 5362 Christo

2163 5394 2230 5455 de
2254 5395 2500 5465 gentibus
2531 5395 2825 5464 acquisitae,
2867 5410 3089 5451 munera
3124 5413 3229 5453 non
3261 5397 3328 5454 de
3357 5413 3456 5455 suo
3486 5399 3736 5461 offerent,

2164 5504 2282 5544 cum
2326 5491 2612 5559 gratiarum
2656 5490 2869 5546 actione
2906 5490 3128 5548 dicturae
3159 5512 3173 5547 :
3208 5494 3349 5550 Ecce
3395 5494 3737 5563 multiplicavi

2164 5583 2419 5636 talentum
2450 5582 2590 5650 quod
2616 5581 2829 5657 dedisti.
2880 5582 3078 5655 Recipe
3119 5600 3238 5641 cum
3270 5602 3432 5646 usura
3456 5631 3470 5657 ,
3501 5586 3736 5650 domine,

2167 5672 2317 5728 fenus
2340 5680 2507 5727 tuum.
2537 5670 2650 5727 Erit
2677 5675 2817 5728 enim
2848 5683 2956 5731 tum
2995 5678 3265 5747 quoddam
3303 5680 3464 5735 dandi
3497 5688 3550 5736 et
3595 5681 3737 5735 acci-

2167 5765 2342 5833 piendi
2374 5765 2753 5820 commercium
2782 5766 2923 5822 inter
2947 5768 3218 5825 hominem
3250 5778 3304 5827 et
3334 5771 3523 5828 Deum.
3572 5773 3737 5826 llomo

2168 5854 2355 5915 aï¬‚'eret
2382 5856 2519 5927 quod
2545 5856 2845 5925 laboravit;
2886 5868 2937 5916 et.
2968 5861 3105 5921 Deus
3156 5863 3405 5922 restituet
3438 5862 3581 5933 quod
3607 5878 3731 5933 pro.
