4068 6348
324 355 341 366 ’
415 388 510 450 861

1874 386 2247 448 EPISTOLAB.

3545 401 3653 460 86!

410 494 574 566 misit.
601 507 718 577 Quo
742 514 983 581 tempore
1014 523 1136 565 eum
1160 515 1374 565 sanctus
1398 507 1533 564 alter
1560 522 1655 579 pro
1682 508 1851 565 altero
1885 522 1973 564 re-
2002 508 2056 568 Α
2084 509 2375 566 visceribus
2404 511 2725 578 evellantur,
2758 519 2814 567 ut
2840 511 2927 569 hic
2967 512 3188 570 vulnera
3215 512 3346 583 ipsis
3387 512 3494 570 alte
3532 531 3653 573 me-

413 606 797 671 munerandus,
825 620 1022 661 corona
1050 605 1244 675 duplici
1271 618 1367 673 pro
1401 612 1580 658 mutua
1620 604 1791 658 salute
1820 602 1980 658 deco-

410 695 631 764 rendus,
663 697 845 752 audire
866 695 1153 752 mereberis
1182 714 1196 749 :
1223 695 1388 765 Euge,
1412 711 1550 749 serve
1575 695 1699 749 bone
1718 705 1763 749 et
1790 695 1977 765 ﬁdelis,

406 790 527 861 quia
543 780 701 859 super
730 805 896 860 pauca
929 789 1075 859 fuisti
1103 788 1291 856 ﬁdelis,
1323 805 1477 856 super
1506 789 1668 842 multa
1704 798 1750 843 te
1788 789 1980 844 consti-

407 891 549 937 tuam
570 897 591 947 ;
621 881 752 934 intra
778 880 831 935 in
858 879 1104 951 gaudium
1129 880 1335 934 Domini
1363 882 1455 935 tui.

478 972 629 1027 Tunc
658 987 812 1028 usum
842 966 1187 1042 praesentium
1234 972 1287 1026 in
1338 980 1657 1028 aeternorum
1688 972 1980 1043 proprieta-

414 1052 522 1119 tem
555 1064 809 1120 transisse
852 1062 1160 1131 miraberis,
1201 1073 1253 1120 et
1288 1080 1386 1135 pro
1426 1065 1702 1121 datoribus
1734 1066 1835 1121 tuis
1863 1066 1979 1135 glo-

405 1146 733 1222 riﬁcandus,
787 1156 1082 1211 debitorem
1137 1166 1185 1211 te
1244 1160 1293 1212 ei
1352 1158 1468 1213 ﬁeri
1515 1156 1745 1227 jucunda
1795 1174 1975 1215 rerum

404 1248 701 1303 mutatione
729 1246 1004 1317 gaudebis.

474 1337 806 1393 Individuum
838 1336 1002 1392 ﬁlium
1040 1346 1276 1393 nostrum
1315 1337 1622 1409 Leontium,
1656 1355 1979 1411 omnemque

402 1430 619 1486 domum
673 1431 774 1501 piis
828 1432 946 1489 illos
999 1447 1119 1487 cum
1177 1432 1466 1503 majoribus
1521 1434 1608 1504 pio
1656 1438 1977 1505 sosmtamus

402 1521 603 1602 ofﬁcio.
638 1522 893 1578 Dominus
918 1524 1058 1579 Deus
1088 1508 1271 1580 noSter
1295 1524 1551 1580 beneﬁcia
1592 1526 1645 1580 in
1674 1527 1827 1582 vobis
1857 1541 1975 1592 sua,

402 1616 547 1673 felici
574 1626 626 1673 et
652 1618 843 1687 placita
871 1618 972 1673 sibi
1005 1619 1342 1688 longaevitate
1372 1618 1683 1687 multiplicet
1704 1661 1717 1685 ,
1762 1618 1976 1674 domine

402 1706 804 1766 devinctissime
854 1719 907 1765 et
954 1709 1065 1764 sola
1118 1709 1330 1778 pietatis
1374 1709 1569 1763 virtute
1632 1709 1972 1779 singulariter

401 1801 696 1859 excolende
726 1802 907 1859 frater.

939 1894 1267 1954 EPISTOLA
1309 1895 1378 1951 IX
1408 1904 1454 1950 τι.

483 1989 712 2044 Domino
732 1988 1151 2055 devinctissime,
1171 1989 1371 2044 honore
1387 1989 1652 2058 praecipuo
1674 1987 1974 2058 specialiter

401 2079 718 2147 excolendo,
753 2079 968 2135 Ruricio
997 2080 1105 2134 ﬁlio
1128 2079 1374 2135 Faustus.

477 2169 687 2225 Gratias
736 2168 991 2235 Domino,
1048 2168 1137 2237 qui
1187 2168 1238 2223 id
1295 2168 1529 2239 generali
1582 2168 1978 2236 dispensatione

400 2262 625 2333 largitus
652 2271 754 2328 est,
781 2270 840 2316 ut
868 2262 1009 2315 inter
1034 2274 1127 2316 eos
1151 2274 1284 2330 quos
1319 2261 1555 2315 locorum
1578 2260 1857 2315 intervalla
1898 2259 1977 2313 di-

398 2353 736 2418 scriminant,
761 2352 895 2409 liber
920 2366 983 2407 ac
1005 2352 1171 2407 nullis
1193 2351 1475 2407 conclusus
1494 2350 1752 2406 absentiae
1774 2349 1977 2419 legibus

397 2447 615 2502 animus
636 2428 979 2510 commearet,
998 2443 1236 2514 nihilque
1262 2452 1400 2499 esset
1429 2450 1532 2497 tam
1556 2440 1975 2511 impenetrabile,

400 2538 550 2611 quod
582 2538 775 2593 mentis
801 2536 1106 2607 aspectibus
1136 2551 1240 2590 non
1273 2542 1517 2605 pateret;
1555 2532 1647 2588 sed
1678 2548 1772 2603 per
1802 2531 1979 2588 cordis

398 2630 656 2697 intuitum
701 2629 825 2686 inde
853 2644 912 2686 se
940 2630 1167 2684 invicem
1196 2627 1329 2693 cari,
1366 2628 1536 2697 gratia
1565 2626 1974 2689 intercurrente,

395 2721 798 2790 conSpicerent,
838 2720 924 2775 ubi
953 2720 1149 2774 caritas
1179 2719 1289 2788 ipsa
1322 2718 1567 2773 consistit

482 2815 654 2870 liabet
705 2812 963 2883 siquidem
1019 2819 1072 2867 et
1122 2810 1343 2865 interior
1383 2818 1566 2864 noster
1604 2808 1787 2863 oculos
1826 2819 1975 2873 suos,

395 2910 602 2979 quibus
626 2922 685 2962 se
714 2906 1054 2963 conscientia:
1080 2905 1231 2961 testis
1266 2903 1596 2973 introspicit;
1625 2901 1817 2972 quibus
1842 2900 1896 2954 in
1922 2912 1980 2952 se

393 3014 704 3057 conversus
733 3006 824 3054 aut
852 2996 1245 3062 erubescenda,
1285 3004 1377 3050 aut
1420 2994 1697 3064 gaudenda
1736 2990 1981 3047 conside-

393 3101 522 3158 ret;
549 3092 739 3162 quibus
772 3090 915 3145 diem
946 3089 1190 3143 ultimum
1217 3086 1492 3157 pervidet;
1523 3085 1715 3156 quibus
1736 3084 1818 3138 vel
1848 3097 1978 3136 con-

392 3184 678 3241 I'usibilem
706 3183 818 3248 vel,
850 3182 959 3235 Deo
987 3180 1287 3244 tribuente,
1316 3177 1633 3232 laudabilem
1664 3176 1826 3231 totius
1856 3175 1978 3228 vita:

2004 1886 2052 1948 B

2082 602 2240 658 dullis
2274 603 2530 672 impressa
2573 612 2852 674 curentur,
2896 615 2951 660 ut
2988 606 3075 663 hic
3106 606 3324 662 macula:
3365 608 3652 665 invisibiles

2081 697 2351 752 diluantur
2371 741 2385 765 ,
2430 704 2488 752 ut
2518 698 2605 753 hic
2639 708 2837 754 aeterna
2865 699 3054 769 gaudia
3093 699 3324 755 ﬁdelium
3355 701 3651 757 studiorum

2083 787 2267 842 labore
2318 796 2719 858 comparentur.
2778 789 2891 845 Illic
2941 790 3153 860 quidem
3211 793 3316 845 vita
3374 793 3651 861 prarmium

2082 879 2235 935 istius
2261 880 2390 946 erit;
2420 882 2514 936 sed
2549 890 2759 950 oportet
2789 890 2845 937 ut
2874 883 3014 938 illius
3042 883 3141 938 ista
3168 884 3238 939 sit
3268 885 3517 952 pretium.

2151 971 2392 1027 Praelatis
2422 972 2600 1043 itaque
2625 972 2917 1043 obsequiis,
2950 989 3131 1042 quteso
3160 984 3220 1029 ut
3249 990 3370 1030 cum
3400 990 3458 1031 se
3487 975 3651 1031 facul-

2084 1071 2161 1119 tas
2192 1072 2490 1133 opportune
2517 1064 2821 1133 praebucrit,
2855 1065 3085 1135 gaudere
3127 1081 3223 1121 nos
3252 1067 3321 1122 de
3362 1078 3535 1122 vestra
3567 1083 3651 1123 so-

2080 1157 2271 1226 spitate
2299 1171 2360 1211 ac
2390 1158 2714 1228 proprietate
2735 1156 2961 1213 faciatis.
2993 1160 3093 1213 Pro
3117 1158 3238 1213 ﬁliis
3256 1168 3309 1213 et
3340 1160 3650 1213 diacouihus

2080 1246 2215 1303 meis
2238 1247 2432 1303 uberes
2464 1248 2637 1304 refero
2683 1248 2899 1319 gratias.
2955 1250 3233 1305 Dominam
3268 1250 3430 1305 ﬁliam
3477 1268 3648 1307 meam

2080 1338 2353 1409 religionis
2394 1339 2695 1408 speculum,
2734 1349 2787 1394 et
2829 1339 3040 1408 pietatis
3085 1341 3426 1410 exemplum,
3471 1342 3649 1397 debito

2079 1433 2225 1487 cultu
2254 1442 2537 1488 veneratus
2560 1434 2751 1488 saluto.
2789 1434 3043 1487 Dominus
3067 1434 3205 1489 Deus
3236 1444 3417 1490 noster
3446 1434 3647 1503 magni-

2081 1525 2339 1580 ﬁcandam
2385 1525 2514 1580 mihi
2554 1525 2845 1580 bonitatem
2892 1535 3145 1594 vestram,
3195 1535 3250 1581 ct
3298 1528 3647 1596 praesentibus

2080 1618 2285 1687 repleat
2322 1618 2495 1684 bonis,
2551 1627 2603 1673 ct
2646 1618 2857 1689 dignam
2904 1619 3092 1674 reddat
3140 1620 3385 1689 aeternis,
3433 1620 3648 1674 domine

2078 1710 2476 1767 devinctissime
2508 1721 2561 1765 et
2606 1714 2806 1765 honore
2850 1694 3117 1781 praecipuo
3157 1710 3460 1781 specialiter
3487 1726 3648 1765 exco-

2079 1803 2233 1859 lende
2257 1804 2348 1858 ﬁli.
2948 1816 2953 1821 '

2616 1894 2945 1951 EPISTOLA
2984 1894 3030 1951 Χ
3059 1907 3102 1950 ο.

2149 1990 2372 2045 Domino
2418 1989 2727 2046 beatissimo
2774 2000 2828 2045 et
2868 2006 3077 2045 summo
3119 1991 3249 2046 mihi
3285 1990 3485 2046 honore
3524 1998 3646 2047 ante

2078 2097 2264 2139 omnes
2292 2084 2630 2152 singulariter
2648 2083 2958 2147 excolendo,
2984 2084 3133 2138 fratri
3165 2084 3379 2139 Ruricio
3396 2084 3645 2156 episcopo

2079 2172 2327 2229 Faustus.

2150 2265 2317 2319 Tanta
2345 2262 2474 2319 mihi
2503 2262 2570 2320 de
2599 2262 2759 2319 animi
2789 2265 2951 2321 vestri
2981 2264 3305 2334 benignitate
3328 2266 3516 2321 ﬁducia
3542 2276 3644 2331 est,

2080 2363 2139 2409 ut
2179 2370 2245 2410 ex
2285 2355 2400 2424 ejus
2443 2354 2589 2410 fonte
2624 2355 2909 2424 purissimo
2944 2371 3048 2410 non
3085 2355 3194 2425 jam
3239 2355 3383 2412 solus
3433 2357 3646 2411 haurire

2080 2456 2361 2503 contentus
2390 2448 2514 2509 sim,
2561 2447 2655 2502 sed
2687 2448 2824 2503 alios
2858 2463 3096 2518 quoque,
3140 2449 3227 2519 qui
3260 2450 3374 2518 ejus
3405 2465 3501 2506 usu
3535 2452 3665 2505 me-‘

2081 2554 2201 2595 cum
2238 2528 2579 2606 reﬁciantur,
2601 2540 2842 2595 invitem.
2884 2539 3185 2596 Praesertim
3216 2557 3334 2596 cum
3365 2552 3646 2613 prorogata

2083 2631 2237 2700 hujus
2268 2631 2485 2699 largitas
2515 2631 2567 2684 in
2599 2630 2803 2686 lucrum
2836 2639 3068 2686 transeat
3092 2631 3398 2702 largientis;
3426 2634 3646 2704 ejusque

2080 2721 2222 2776 bono
2244 2724 2314 2776 ita
2342 2732 2652 2777 muneretur
2677 2723 2968 2792 accipiens,
2998 2731 3057 2777 ut
3083 2738 3187 2779 non
3212 2725 3507 2780 miuoretur
3550 2726 3645 2781 im-

2082 2811 2348 2879 pertiens;
2377 2820 2430 2865 et
2456 2810 2507 2865 in
2536 2826 2739 2865 morem
2773 2812 2970 2866 fenoris
2996 2813 3077 2867 sui
3120 2822 3327 2868 crescat
3376 2816 3644 2883 expensis,

2082 2903 2295 2959 domine
2353 2904 2660 2959 beatissime
2723 2912 2777 2958 et
2834 2919 3042 2959 summo
3086 2905 3215 2960 mihi
3272 2904 3475 2960 honore
3524 2916 3646 2962 ante

2081 3010 2265 3050 omnes
2293 2995 2633 3065 singulariter
2656 2996 2967 3051 excolende.

2153 3089 2244 3142 His
2274 3089 2451 3155 itaque
2481 3087 2719 3143 caritatis
2749 3086 3154 3142 inexsolubilem
3186 3087 3514 3158 pensionem,
3545 3104 3647 3159 quo

2081 3179 2334 3235 solventis
2366 3178 2531 3247 magis
2562 3192 2754 3233 census
2784 3177 2996 3243 dilatus,
3023 3177 3274 3247 exhibeo,
3296 3188 3348 3234 et
3370 3179 3649 3235 materiam

400 3277 711 3340 historiam,
737 3282 859 3327 ante
874 3272 1063 3326 anima:
1084 3286 1194 3326 sua:
1218 3270 1407 3325 faciem
1432 3270 1647 3338 provida
1671 3269 1723 3322 in
1749 3267 1977 3322 futurum
2007 3249 2053 3313 C
2085 3266 2209 3322 boni
2234 3267 2413 3336 operis
2438 3268 2679 3335 ingerere
2707 3283 2802 3337 pro
2826 3267 3158 3322 laborantum
3187 3269 3648 3340 commendatione

404 3364 737 3436 cogitatione
764 3363 1022 3433 disponit,
1050 3370 1105 3417 et
1133 3361 1186 3416 in
1219 3361 1555 3430 praesentiam
1589 3359 1805 3428 trepidae
1835 3358 1981 3412 solli-

403 3454 659 3513 citudinis
692 3463 899 3523 tempus
936 3450 1220 3507 reddendae
1260 3452 1481 3505 rationis
1526 3449 1783 3514 adducit;
1831 3459 1885 3503 et
1918 3463 1979 3502 ea

404 3564 523 3620 qua:
552 3547 747 3617 paravit
777 3544 917 3600 De'us
955 3544 1281 3616 diligentibus
1330 3561 1381 3599 se
1425 3542 1474 3612 (Ι
1510 3544 1627 3597 Cor.
1677 3558 1712 3597 tt
1735 3582 1749 3606 ,
1781 3542 1881 3611 9),
1928 3543 1979 3595 itt

405 3650 614 3698 secreta
632 3638 861 3710 pectoris
886 3638 966 3692 sui
986 3638 1196 3706 pagina,
1228 3652 1323 3705 spe
1344 3636 1689 3705 imaginante,
1718 3634 1975 3705 depingit.

405 3734 577 3801 Quos,
624 3740 682 3785 ut
717 3738 864 3798 puto,
905 3728 1089 3783 oculos
1128 3740 1181 3783 et
1214 3729 1328 3797 ipse
1370 3727 1436 3781 ad
1476 3724 1738 3781 tremendi
1782 3725 1980 3779 Judicis

406 3828 664 3881 thronum
691 3836 905 3891 semper
932 3820 1159 3884 attollis,
1188 3828 1245 3873 ut
1278 3820 1345 3874 de
1378 3828 1426 3873 te
1456 3819 1584 3872 illud
1614 3816 1981 3888 pr0pheticum

408 3919 604 3974 merito
665 3915 767 3971 dici
814 3913 1030 3984 possit:
1081 3912 1344 3979 Sapientis
1385 3912 1517 3965 oculi
1560 3913 1613 3964 in
1660 3912 1825 3979 capite
1872 3912 1981 3980 ejus

314 4054 321 4065 ,
408 4010 581 4083 (Eccl.
614 4025 671 4073 tt,
702 4006 812 4077 14).
838 4005 865 4044 δ
896 4004 1023 4061 Inde
1045 4014 1147 4070 est,
1180 4006 1243 4059 ab
1276 4020 1337 4060 eo
1371 4005 1508 4059 enim
1555 4004 1660 4058 illic
1696 4003 1835 4056 ﬁlius
1865 4017 1980 4055 ma-

410 4111 607 4157 ter.....
640 4100 843 4155 ditorcs
882 4108 1019 4153 tuos.
1069 4096 1195 4152 Inde
1236 4108 1339 4164 est,
1380 4097 1615 4166 inquam,
1662 4095 1803 4165 quod
1847 4110 1983 4165 prae-

408 4193 638 4249 sentium
694 4205 871 4246 rerum
918 4190 1265 4260 relinquenda
1298 4188 1566 4254 subsidia,
1621 4189 1770 4258 quasi
1798 4187 1982 4242 avidus

410 4286 717 4350 fenerator;
750 4298 846 4353 per
876 4281 1041 4351 pretia
1072 4281 1433 4351 captivorum,
1472 4281 1523 4333 in
1564 4280 1687 4333 sinu
1736 4293 1984 4333 remune-

409 4375 625 4441 ratoris,
658 4372 967 4429 seminantis
993 4387 1163 4435 more,
1195 4371 1570 4435 commendas;
1612 4371 1678 4424 de
1711 4385 1809 4424 usu
1854 4386 1979 4440 pro-

408 4467 694 4538 prietatem
726 4464 875 4527 facis,
923 4471 979 4518 et
1016 4462 1070 4516 in
1111 4475 1375 4532 perennes
1424 4464 1703 4517 thesauros
1750 4460 1983 4529 peritura

412 4557 702 4610 convertis.
754 4554 879 4607 Inde
922 4553 1176 4622 estquod
1210 4569 1329 4609 cum
1376 4553 1681 4609 ﬁdelissima
1722 4556 1848 4609 Sara
1895 4563 1981 4607 tua

2084 3374 2366 3429 praesumo.
2397 3360 2529 3426 Quia
2558 3362 2655 3415 etsi
2680 3360 3091 3415 insinuationem
3118 3375 3291 3416 meam
3328 3362 3389 3416 ad
3422 3362 3651 3418 fructum
3730 3364 3733 3367 ’

2082 3462 2316 3509 vestrum
2358 3455 2625 3523 pertinere
2669 3452 2917 3519 conﬁdo,
2959 3460 3013 3507 et
3052 3452 3170 3508 ideo
3208 3454 3649 3526 misericordiam,

2081 3561 2237 3617 quam
2268 3547 2475 3603 miseris
2503 3546 2865 3602 ecclesiastica
2891 3545 3131 3616 praebere
3160 3548 3433 3603 consuevit
3461 3549 3653 3603 innua-

2083 3638 2243 3703 nitas,
2280 3638 2467 3692 harum
2500 3638 2767 3708 portitori,
2814 3640 2901 3707 qui
2946 3638 2998 3692 in
3041 3639 3384 3709 Lugdunensi
3436 3643 3654 3710 pertulit

2083 3730 2464 3797 captivitatem,
2506 3744 2704 3799 negare
2742 3745 2847 3785 non
2890 3732 3055 3799 potui.
3106 3732 3321 3787 Utinam
3356 3743 3457 3787 tam
3488 3736 3654 3803 possit

2085 3828 2326 3890 prompta
2370 3833 2488 3874 esse
2528 3820 2767 3873 ﬁdelium
2808 3821 3053 3888 largitas,
3101 3834 3255 3890 quam
3300 3824 3453 3891 hujus
3497 3826 3653 3881 nimis

2085 3910 2359 3965 manifesta
2384 3910 2675 3965 necessitas
2704 3911 2822 3965 est!
2868 3911 2936 3964 Et
2964 3912 3085 3979 quia
3126 3912 3178 3965 in
3224 3926 3282 3966 se
3323 3912 3654 3982 aliquatenus

2083 4004 2398 4071 absolutus,
2446 4004 2499 4058 in
2549 4017 2714 4057 uxore
2756 4002 2839 4058 vel
2879 4003 3107 4058 ﬁliorum
3149 4011 3358 4057 tenetur
3398 4004 3654 4060 servitute

2085 4099 2345 4166 captivus,
2374 4095 2606 4166 praelatis
2632 4094 2846 4159 ofﬁciis,
2872 4109 3053 4163 qumso
3084 4105 3139 4149 ut
3175 4109 3378 4149 morem
3415 4095 3655 4164 benigni-

2087 4190 2211 4245 tatis
2241 4198 2454 4255 vestrm,
2487 4188 2645 4243 etiam
2688 4189 2738 4240 in
2784 4186 2942 4256 hujus
2975 4184 3342 4242 consolatione
3386 4188 3652 4251 teneatis;

2084 4291 2139 4336 et
2164 4278 2301 4349 apud
2330 4287 2454 4334 ante
2485 4278 2712 4347 positos,
2756 4290 2861 4347 quo
2890 4277 3263 4346 poposcerint,
3304 4276 3499 4332 litteris
3528 4291 3652 4347 pro-

2085 4371 2350 4441 sequaris.

2155 4460 2481 4530 Conservus,
2515 4466 2569 4514 et
2608 4459 2881 4528 praecipue
2915 4457 3206 4512 admirator
3250 4465 3451 4525 vester,
3497 4458 3657 4513 frater

2088 4567 2263 4618 meus,
2319 4551 2599 4621 presbyter
2629 4549 2916 4605 Memorins
2969 4562 3177 4603 mecum
3224 4548 3659 4605 reverentissime

413 4645 513 4700 sub
544 4660 648 4697 uno
688 4643 885 4697 Christi
922 4644 1047 4713 jugo
1084 4645 1150 4697 ad
1192 4660 1529 4700 communem
1567 4648 1790 4701 tendens
1832 4662 1983 4702 coro-
2013 4622 2063 4683 D
2088 4646 2370 4714 sospitant.
2400 4643 2650 4697 Dominus
2674 4640 2813 4694 Deus
2838 4647 3023 4693 noster
3054 4653 3345 4694 memorem
3380 4640 3482 4695 mei
3516 4641 3658 4709 piam

413 4751 558 4806 nam,
591 4742 925 4789 terrenarum
958 4734 1259 4802 despector,
1299 4746 1351 4789 et
1391 4737 1689 4791 cmlestium
1720 4739 1982 4807 competi-

414 4825 717 4892 tor,.s:rculi
743 4826 1072 4894 peregrinus,
1098 4836 1145 4879 ct
1164 4824 1401 4880 Paradisi
1426 4829 1768 4895 candidatus;
1786 4830 1984 4884 mundo

416 4920 557 4985 huic,
594 4918 682 4989 qui
700 4918 809 4987 jam
834 4932 943 4971 non
984 4915 1144 4970 habet
1174 4917 1314 4971 unde
1351 4917 1577 4988 decipiat
1622 4922 1705 4975 vel
1744 4922 1982 4988 seducat,

416 5011 567 5066 miles
596 5007 796 5065 Christi
826 5016 1070 5063 secretus
1096 5005 1309 5073 illudis;
1342 5023 1463 5063 cum
1494 5012 1640 5080 regni
1677 5012 1987 5065 intermina-

414 5102 533 5157 bilis
562 5099 702 5155 socia
726 5097 972 5169 jejuniis,
1019 5106 1075 5152 et
1116 5098 1466 5166 orationibus,
1508 5109 1563 5155 et
1591 5100 1819 5169 quadam
1862 5102 1982 5157 ﬁdei

416 5206 577 5249 manu
614 5190 829 5260 januam
878 5190 1020 5255 vitae,
1069 5188 1153 5259 pia
1198 5190 1585 5260 conjnratione,
1636 5192 1878 5261 pulsatis,
1927 5201 1985 5248 ut

415 5284 681 5354 duplicem
712 5282 943 5351 palmam
971 5283 1037 5338 de
1068 5291 1251 5338 mutua
1275 5284 1445 5338 salute
1472 5285 1715 5351 capiatis.

488 5376 593 5434 Sed
636 5377 774 5431 inter
824 5374 938 5430 haec
984 5390 1169 5445 parum
1218 5385 1328 5441 est,
1372 5376 1627 5448 quidquid
1674 5378 1875 5449 agitur,
1924 5385 1987 5432 ut

415 5484 592 5527 causa;
621 5466 939 5524 insanabiles
987 5467 1073 5523 hic
1116 5479 1393 5535 sanentur,
1435 5479 1493 5524 ut
1538 5471 1983 5541 inexstinguibilis

416 5560 555 5631 ignis
578 5558 663 5612 hic
690 5556 1083 5627 exstinguat‘ur,
1110 5560 1178 5627 :ut
1217 5552 1605 5615 ineluctabiles'
1636 5562 1984 5616 necessitates

417 5651 506 5707 hic
525 5658 864 5717 superentur,
898 5658 952 5703 ut
979 5649 1066 5703 hic
1093 5660 1431 5719 peccatorum
1462 5653 1665 5723 sagitta:
1693 5654 1761 5709 de
1790 5656 1981 5712 animae

490 5774 516 5835 s
546 5763 671 5819 Haec
700 5761 920 5835 epistola
950 5770 1164 5835 notatur
1189 5762 1278 5816 Vll
1310 5763 1447 5833 apud
1479 5763 1770 5818 Canisium.

487 5834 516 5875 ιι
554 5835 728 5893 Locus
750 5833 991 5891 vitiosus.

2088 4736 2468 4792 beatitudinem
2496 4740 2728 4787 vestram
2762 4722 3019 4786 Ecclesiae
3039 4745 3149 4786 sua:
3175 4730 3501 4802 profectibus
3518 4731 3657 4787 felici

2087 4828 2425 4896 longaevitate
2448 4831 2753 4889 conservet,
2787 4822 3004 4877 domine
3034 4823 3346 4879 beatissime
3372 4831 3429 4878 et
3449 4836 3658 4878 summo

2090 4920 2219 4973 mihi
2275 4917 2479 4972 honore
2529 4922 2655 4970 ante
2710 4927 2897 4970 omnes
2958 4915 3305 4985 singulariter
3361 4913 3657 4970 excolendo

2090 5011 2272 5064 frater.

2621 5096 2951 5153 EPISTOLA
2988 5097 3059 5152 XI
3083 5095 3131 5151 ἀ.

2164 5193 2389 5249 Domino
2440 5192 2784 5258 beatissimo,
2834 5191 3009 5246 debita
3058 5191 3258 5260 pietate
3295 5188 3656 5260 suspiciendo,

2093 5295 2253 5355 atque
2312 5283 2601 5354 apostolica
2666 5283 2796 5339 sede
2845 5282 3188 5352 dignissimo,
3245 5283 3394 5338 fratri
3449 5282 3657 5337 Ruricio

2094 5380 2367 5448 episcopo,
2398 5375 2644 5432 Faustus.

2165 5468 2373 5525 Gratias
2415 5468 2481 5523 ad
2527 5483 2647 5534 vos,
2691 5467 2817 5524 dum
2859 5467 3012 5523 vobis
3051 5468 3120 5523 de
3160 5469 3331 5538 patria
3359 5464 3656 5532 scribimus,

2094 5563 2181 5632 qui
2213 5562 2365 5616 nobis
2397 5559 2619 5631 patriam
2654 5558 2705 5614 in
2739 5560 3163 5630 peregrinatione
3192 5557 3411 5620 fecistis,
3452 5556 3541 5625 qui
3583 5558 3655 5611 in-

2095 5653 2303 5710 defessa
2354 5655 2672 5709 liberalitate
2732 5655 2918 5723 patria:
2972 5652 3236 5709 desideria
3291 5651 3681 5722 temperastis;.

2174 5776 2193 5834 ς
2236 5764 2359 5817 Haec
2380 5764 2610 5834 epistola
2637 5764 2775 5833 apud
2798 5762 3063 5834 Canisiu‘m
3088 5768 3299 5818 notatur
3332 5762 3460 5821 Vlll.

2168 5830 2194 5873 ά
2235 5834 2388 5909 Apud
2414 5830 2687 5891 Canisiutti
2716 5842 2931 5897 notatur
2956 5831 3045 5887 IX.
