4068 6348
1660 197 1667 200 .
1705 192 1769 202 'v‘,

427 306 528 365 839

1668 300 1724 356 S.
1769 296 2015 354 FAUSTI
2056 294 2462 352 RHEGIENSIS

3598 291 3715 348 840

496 422 630 477 Cum
672 431 846 476 autem
888 419 954 474 ad
999 420 1163 473 Deum
1187 415 1478 482 'vemmus,
1522 418 1623 472 hoc
1668 425 1749 471 cst
1779 415 2000 487 {genitus
2028 412 2083 473 A
2107 410 2385 478 dilexisse,
2430 419 2485 467 et
2514 410 2653 465 Esau
2684 409 2807 465 odio
2837 420 3086 464 nanulsse
3116 406 3456 462 describitur.
3487 406 3709 461 Contri-

427 514 569 585 quod
590 514 771 569 Justus
800 522 855 579 et
875 510 1110 574 Justitia,
1156 509 1371 578 sapiens
1397 519 1451 563 et
1472 509 1755 578 sapientia,
1802 505 2006 560 miseri-

429 623 551 662 cors
598 615 651 660 et
691 602 1082 674 misericordia,
1124 602 1374 657 absolute
1414 617 1480 656 ex
1530 601 1638 655 Deo
1665 600 1809 669 justo
1852 607 2009 666 atque

429 698 671 765 sapiente
712 693 1006 749 secundum
1053 691 1364 761 Apostolum
1398 690 1525 745 oriri
1558 689 1904 759 intelligimus
1924 687 2011 755 ju-

428 788 625 843 stitiam
667 793 829 854 atque
856 785 1198 854 sapientiam.
1252 783 1320 836 Et
1362 782 1500 836 sicut
1529 795 1796 851 nunquam
1838 779 2010 848 justus

427 879 542 932 sine
562 876 792 946 justitia,
817 889 1087 945 nunquam
1118 874 1333 942 sapiens
1356 874 1473 927 sine
1498 872 1761 941 sapientia
1790 870 1913 935 fuit;
1939 868 2009 923 i'a

429 969 598 1023 Filius
626 983 689 1022 ex
728 967 904 1033 Patre,
946 966 1040 1041 sed
1065 981 1334 1036 nunquam
1361 966 1532 1034 potuit
1562 978 1681 1019 esse
1709 963 1825 1017 sine
1854 960 2008 1015 Filio.

502 1060 723 1129 Absque
762 1059 925 1114 dubio
964 1057 1149 1113 Ariani
1173 1058 1504 1113 Salvatorem
1546 1065 1786 1110 nostrum
1818 1066 2013 1122 negare

436 1168 544 1207 non
585 1152 803 1207 audent.
838 1150 944 1206 Sed
975 1152 1099 1206 dum
1133 1150 1393 1205 minorem
1423 1149 1628 1214 dicunt,
1664 1148 1827 1201 Deum
1869 1159 2013 1200 asse-

431 1260 554 1300 rere
588 1260 692 1299 non
725 1251 967 1314 possunt.
995 1243 1134 1297 Deus
1161 1241 1303 1297 enim
1328 1242 1641 1295 naturaliter
1667 1237 2013 1308 plenitudinis

434 1336 691 1406 dignitate
721 1335 986 1401 subsistit,
1018 1343 1072 1389 et
1093 1348 1278 1388 eorum
1304 1333 1546 1401 impietas
1576 1346 1738 1385 unum
1762 1344 1821 1383 se
1842 1329 2010 1384 Deum

434 1428 615 1481 colere
645 1425 817 1494 prima
840 1422 1179 1479 confessione
1207 1431 1455 1478 testatur.
1492 1421 1596 1477 Sed
1625 1420 1714 1489 qui
1748 1420 2009 1488 iuniorem

434 1534 527 1588 per
575 1532 696 1571 eum
733 1516 823 1586 qui
864 1523 1081 1585 putatur
1132 1513 1312 1568 senior
1340 1512 1473 1567 duos
1508 1512 1652 1577 facit,
1682 1520 1734 1566 et
1767 1510 2011 1564 solidita-

434 1620 540 1664 tem
576 1609 795 1663 unitatis
837 1608 1144 1662 intersecat.
1175 1604 1307 1660 Natn
1336 1605 1510 1674 ipsum
1551 1618 1744 1658 nomen
1787 1600 2013 1656 minoris

436 1702 663 1754 alterum
706 1699 795 1769 qui
827 1698 918 1752 illo
964 1696 1033 1752 sit
1074 1696 1247 1766 major
1278 1694 1531 1750 ostendit.
1587 1693 1719 1759 Quis
1760 1692 1851 1746 illo
1876 1690 2013 1744 anti-

2118 503 2247 558 stari
2280 504 2333 558 in
2358 505 2591 571 peccatis
2613 503 2813 559 nostris
2845 511 2901 557 et
2930 502 3097 557 lartari
3143 502 3337 557 dicitur
3366 503 3418 555 in
3447 503 3708 571 operibus

2120 600 2251 664 suis,
2293 607 2353 654 et
2379 599 2655 655 affectibus
2684 599 2969 667 subjaeens
2995 596 3063 651 de
3089 611 3148 651 se
3178 595 3293 665 ipse
3315 596 3446 650 dicit
3476 612 3492 650 :
3530 596 3713 650 Poenis-

2122 702 2190 747 tet
2236 708 2317 745 me
2356 691 2533 762 fecisse
2560 690 2812 744 hominem
2839 686 2995 759 (Cen.
3040 702 3113 752 v1,
3154 687 3235 756 7).
3260 688 3333 741 ‘Et
3381 687 3449 741 de
3489 703 3709 743 summa

2120 786 2245 842 coeli
2287 784 2416 840 sede
2457 784 2768 853 pronuntiat
2807 798 2821 835 :
2872 780 3055 845 Saule,
3105 778 3227 849 quid
3270 795 3347 833 me
3386 779 3713 848 persequeris

2116 879 2255 949 (Act.
2284 893 2358 940 rx,
2383 877 2477 945 4)?
2509 874 2640 931 Nam
2661 882 2717 929 et
2738 870 3111 943 compatientis
3140 873 3426 925 ostendere
3455 871 3713 925 affectum

2113 969 2327 1023 videtur
2356 982 2476 1022 cum
2507 966 2676 1021 dicit:
2714 963 2945 1026 Esurioi,
2988 970 3037 1015 et
3067 960 3281 1015 dedistis
3320 961 3446 1014 mihi
3489 963 3714 1015 mandu-

2114 1074 2266 1122 care;
2295 1058 2451 1123 sitivi,
2484 1066 2530 1111 et
2556 1055 2769 1110 dedistis
2814 1051 2941 1107 mihi
2977 1051 3142 1105 bibere
3168 1049 3386 1122 (Matth.
3417 1067 3542 1117 xxv,
3576 1051 3673 1120 35)
3693 1094 3711 1117 ,

2112 1159 2169 1206 et
2197 1150 2400 1218 reliqua
2440 1146 2747 1216 huiusmodi
2777 1159 2898 1215 qua:
2927 1142 3212 1214 jmemoriae
3243 1141 3584 1197 abundanter
3621 1156 3717 1196 oc-

2115 1252 2362 1299 Clll'l‘llﬂl.

2185 1332 2464 1402 Quomodo
2506 1347 2669 1402 ergo,
2702 1332 2746 1387 si
2795 1331 3073 1401 quisquam
3121 1330 3374 1387 sacerdos
3418 1328 3709 1398 multiplici

2116 1428 2414 1497 linguarum
2445 1424 2666 1480 scientia
2697 1424 2970 1494 praeditus,
2992 1426 3123 1481 etin
3156 1423 3334 1479 medio
3363 1422 3707 1477 diversarum

2124 1521 2361 1590 gentium
2411 1519 2728 1574 constitutus
2756 1560 2771 1583 ,
2821 1517 3104 1573 Hebraeum
3150 1518 3410 1583 Hebraeo,
3464 1514 3716 1571 Graecum

2076 1610 2356 1681 ,Grteco,
2408 1609 2707 1664 Romanum
2770 1609 3009 1664 Romano
3064 1600 3424 1664 instructurus
3479 1607 3718 1676 alloquio

2132 1702 2428 1759 secundum
2460 1702 2788 1772 singulorum
2828 1701 3161 1756 intellectum
3203 1699 3368 1755 verba
3410 1698 3714 1765 conﬁrmet,

436 1792 594 1861 quior
624 1792 713 1860 qui
764 1790 832 1846 de
871 1790 1050 1859 seipso
1090 1788 1435 1857 pronuntiat:
1469 1784 1581 1856 Ego
1624 1801 1736 1838 sum
1775 1785 1932 1853 alpha
1962 1792 2009 1837 et

2132 1804 2169 1850 at
2190 1796 2339 1863 juxta
2372 1792 2789 1861 uniuscujusque
2818 1805 3033 1847 sensum
3064 1792 3176 1845 oris
3199 1790 3282 1845 sui
3310 1798 3529 1858 eoaptet
3573 1789 3717 1843 allo-

434 1899 630 1951 omega,
657 1881 851 1949 primus
873 1888 921 1933 et
951 1879 1250 1933 novissimus
1275 1876 1409 1947 (Isa.
1436 1891 1586 1942 thv;
1619 1875 1777 1945 Apoc.
1815 1876 1890 1941 t)?
1910 1872 2011 1938 Qui

432 1984 573 2028 esset
598 1975 974 2041 interrogatus,
1012 1970 1083 2024 ita
1112 1969 1422 2037 respondit:
1452 1967 1788 2035 Principimn,
1815 1969 1948 2034 quod
1971 1972 2016 2016 et

434 2080 553 2119 cum
572 2063 765 2118 Judmis
779 2063 869 2132 qui
889 2062 1068 2131 loquor
1081 2063 1217 2114 vobis
1233 2058 1411 2129 (Joan.
1425 2054 1763 2125 vut,25).Qui
1779 2054 2009 2109 veridica

434 2171 532 2226 per
554 2154 867 2225 prophetam
897 2167 1027 2207 voce
1051 2152 1333 2205 conﬁrmat
1353 2168 1363 2201 :
1381 2152 1510 2203 Ante
1527 2164 1605 2201 me
1626 2146 1841 2214 nonfuit
1860 2144 2017 2209 Deus,

436 2257 481 2299 et
505 2262 616 2317 post
643 2262 721 2300 me
754 2260 853 2299 non
886 2245 979 2297 erit
1002 2241 1153 2312 (Isai.
1180 2257 1330 2308 thtt,
1350 2240 1461 2310 10).
1485 2240 1542 2295 Si
1571 2238 1846 2294 Paterltoc
1870 2238 2017 2304 dicit,

462 2338 764 2394 inferiorem
786 2345 903 2406 post
936 2348 994 2389 se
1027 2348 1132 2389 non
1159 2333 1387 2402 erupisse
1417 2331 1732 2395 conﬁrmat;
1758 2331 1803 2385 si
1833 2330 2017 2398 Filius,

445 2442 571 2487 ante
615 2446 673 2485 se
701 2431 913 2499 penitus
949 2442 1058 2483 non
1100 2426 1263 2481 fuisse
1292 2426 1617 2494 pronuntiat.
1663 2424 1738 2478 De
1769 2424 1871 2477 hoc
1900 2438 2023 2493 pro-

438 2525 683 2595 pheticus
712 2536 892 2577 sermo
916 2519 1197 2575 evidenter
1233 2514 1468 2572 insinuat
1493 2533 1507 2571 :
1540 2515 1640 2569 Hic
1668 2524 1739 2569 est
1768 2515 1906 2569 Deus
1930 2532 2023 2569 no-

440 2627 562 2684 ster,
586 2626 631 2670 et
662 2632 764 2669 non
794 2613 1116 2685 reputabitur
1132 2612 1267 2665 alius
1296 2612 1363 2663 ad
1388 2627 1505 2664 eum
1528 2609 1676 2679 (Bar.
1702 2624 1781 2675 tn,
1815 2608 1927 2677 56).
1956 2607 2024 2662 Et

442 2719 564 2778 post
585 2707 699 2761 hate
726 2724 738 2758 :
769 2706 900 2759 inter
940 2704 1171 2757 homines
1210 2702 1344 2756 visus
1378 2709 1470 2768 est,
1504 2710 1548 2753 et
1593 2715 1709 2753 cum
1738 2697 2024 2752 hominibus

440 2808 767 2856 conversatus
824 2806 896 2851 est
926 2795 1115 2869 (Ibid.,
1150 2794 1264 2866 '58).
1291 2793 1594 2849 Secundum
1638 2792 1751 2846 haec
1790 2804 1917 2861 ergo
1942 2792 2023 2846 in-

445 2902 528 2948 ter
554 2892 790 2963 genitum
821 2899 877 2946 et
918 2888 1212 2960 ingenitum
1269 2901 1367 2942 nec
1412 2886 1544 2940 ordo
1589 2892 1691 2951 est,
1723 2883 1847 2953 quia
1886 2896 2024 2937 unus

445 2992 559 3048 cst;
590 2998 687 3037 nec
712 2991 921 3051 tempus
945 2979 1191 3042 interest,
1226 2977 1345 3046 quia
1376 2976 1579 3045 primus
1610 2983 1727 3039 est;
1752 2988 1851 3029 nec
1881 2981 2023 3042 post-

444 3078 722 3150 ponendus
766 3084 870 3143 est,
914 3074 1035 3144 quia
1067 3074 1214 3127 solus
1251 3081 1366 3137 est;
1419 3086 1517 3126 nec
1558 3071 1733 3125 minor
1763 3068 2023 3124 dicendus

2120 1887 2323 1955 quium,
2356 1891 2411 1938 et
2436 1882 2668 1938 dissonis
2710 1882 2869 1937 unius
2899 1882 3080 1937 cordis
3108 1891 3447 1951 exspectatas
3480 1879 3719 1950 pectoris

2121 1990 2279 2031 voces
2310 1974 2361 2029 in
2406 1974 2584 2029 varios
2632 1973 2908 2043 dispenset
2945 1972 3178 2037 auditus,
3221 1972 3293 2026 ita
3331 1981 3387 2026 et
3417 1972 3559 2026 Deus
3593 1987 3719 2026 cum

2124 2064 2341 2121 homine
2370 2065 2670 2133 locuturus,
2719 2078 2997 2119 assumere
3044 2063 3295 2133 dignatur
3346 2063 3580 2117 hominis
3610 2064 3719 2118 lin-

2135 2173 2315 2226 guam,
2349 2156 2572 2211 formam
2603 2156 2763 2211 etiam
2793 2164 3143 2225 suscepturus
3190 2156 3476 2210 bumanatn
3508 2171 3606 2226 per
3638 2156 3720 2211 in-

2108 2248 2402 2312 ,tellectum
2459 2255 2702 2301 nostrum
2757 2261 2919 2303 sonos
2962 2247 3357 2302 ordinationum
3407 2256 3719 2301 nostrarum

2129 2348 2352 2394 testatur
2377 2336 2617 2393 affectus.
2645 2337 2776 2392 Nam
2797 2337 2922 2393 dum
2956 2337 3189 2407 quinque
3214 2337 3570 2399 humanorum
3595 2354 3720 2394 sen-

2127 2447 2278 2485 suum
2298 2430 2475 2485 ofﬁcia
2503 2430 2842 2497 describens,
2873 2430 2943 2484 ita
2965 2430 3127 2485 dicit:
3159 2431 3307 2483 Oculi
3336 2429 3543 2483 Domini
3565 2448 3721 2500 super

2118 2525 2309 2594 justos,
2332 2532 2380 2577 et
2402 2539 2549 2577 aures
2573 2523 2682 2593 ejus
2701 2523 2768 2575 ad
2789 2538 2961 2591 preces
2984 2538 3157 2575 eorum
3181 2520 3357 2587 (Psal.
3386 2537 3576 2588 xxsnt,
3603 2522 3717 2590 ili).

2129 2617 2195 2669 Et
2214 2616 2431 2670 iterum:
2453 2615 2523 2670 0s
2540 2615 2747 2669 Domini
2768 2616 2986 2669 locutum
3016 2614 3255 2685 est(lsai.
3276 2614 3443 2683 520).
3468 2615 3622 2670 ltetn:
3650 2613 3721 2668 Et

2128 2708 2371 2760 odoratus
2391 2717 2461 2760 est
2478 2709 2685 2761 adorent
2701 2708 2963 2760 suavitatis
2980 2705 3137 2775 (Gen.
3160 2721 3271 2769 Vill,
3284 2705 3400 2775 21).
3420 2706 3509 2759 Et:
3530 2705 3721 2759 Manus

2128 2814 2239 2851 mea
2263 2798 2378 2865 fecit
2398 2800 2504 2852 hch
2529 2797 2719 2852 omnia.
2746 2799 2935 2853 Curium
2962 2799 3085 2851 mihi
3114 2800 3329 2852 thronus
3348 2809 3439 2862 est,
3464 2809 3594 2852 terra
3623 2816 3719 2851 au-

2131 2900 2236 2944 tem
2255 2890 2527 2944 scabellum
2550 2892 2734 2961 pedum
2759 2906 2985 2945 meorum
3008 2890 3057 2961 (1
3068 2892 3159 2945 soi.
3188 2908 3247 2945 1.x
3259 2907 3330 2958 Vl,
3352 2891 3425 2957 i).
3455 2891 3724 2947 Cordibus

2128 2983 2328 3036 nostris
2358 2981 2673 3037 eiﬁcientias
2720 2981 2954 3035 insinuat
2983 2997 3159 3036 rerum
3198 2981 3297 3035 sub
3326 2980 3727 3048 signiﬁcatione

2129 3075 2513 3129 membrorum.
2552 3073 2701 3129 Unde
2732 3088 2827 3143 pro
2860 3072 3139 3129 ,efﬁciabili
3184 3073 3297 3141 ejus
3325 3074 3462 3127 circa
3515 3074 3725 3127 huma-

447 3180 551 3237 cst,
584 3171 705 3241 quia
736 3170 928 3238 plenus
956 3176 1060 3221 est.
1091 3164 1232 3233 Ergo
1265 3162 1458 3218 dicitur
1487 3161 1778 3231 perfectus,
1817 3159 2021 3227 simpli-

2132 3183 2258 3222 num
2284 3181 2453 3238 genus
2482 3166 2810 3237 dignatione,
2843 3179 3047 3231 servos,
3098 3166 3301 3219 amicos
3348 3178 3408 3218 ac
3437 3164 3577 3219 ﬁlios
3624 3182 3727 3217 no-

443 3264 627 3331 eisque
649 3270 872 3323 naturae,
904 3254 1290 3311 inaestimabilis
1311 3264 1364 3309 et
1390 3253 1755 3322 impassibilis,
1779 3252 1878 3306 etsi
1902 3267 2022 3306 eum

446 3353 735 3407 secundum
785 3366 1001 3405 carnem
1046 3363 1261 3419 passum
1299 3362 1420 3403 esse
1451 3360 1547 3415 pro
1577 3344 1733 3399 nobis
1762 3345 2024 3399 veraciter

448 3454 500 3499 et
523 3443 810 3497 salubriter
840 3443 1176 3497 conﬁtemur.

496 3537 646 3605 Post
686 3534 802 3588 hate
846 3535 1089 3604 sequenti
1144 3535 1261 3587 loco
1312 3532 1509 3601 quaeris
1554 3547 1584 3586 a
1637 3548 1723 3587 me
1756 3534 2026 3602 quomodo

449 3628 598 3695 juxta
638 3625 988 3679 substantiam
1021 3623 1115 3679 Dei
1156 3624 1209 3678 in
1254 3622 1479 3693 epistola
1507 3622 1736 3693 quadam
1766 3626 2024 3695 scriptum

452 3721 520 3774 sit
548 3735 561 3772 :
592 3717 733 3773 Nihil
774 3717 943 3772 sensit
975 3716 1210 3785 patiente
1239 3729 1423 3782 sensu,
1457 3717 1551 3770 sed
1596 3716 1767 3771 sensit
1810 3732 2027 3788 compa-

452 3812 614 3865 ticnte
651 3810 843 3864 alfectu
873 3818 920 3863 ⁸.

521 3904 702 3957 Primo
750 3902 872 3967 hoc,
923 3901 1062 3971 quod
1114 3916 1213 3956 nec
1264 3901 1615 3971 philosophos
1665 3903 1841 3969 latuit,
1889 3904 2028 3959 scire

450 3994 929 4065 promptissimum.
978 3993 1034 4047 ln
1085 3991 1304 4047 homine
1334 3991 1561 4047 diversae
1606 3992 1934 4059 affectiones,
1977 3993 2028 4047 id

450 4094 551 4147 est.
600 4084 825 4152 justitia,
877 4082 1267 4149 misericordia,
1316 4083 1591 4148 sanctitas,
1632 4084 2025 4151 benevolentia,

450 4179 642 4248 pietas,
672 4193 759 4232 res
793 4176 1113 4255 accedentes
1156 4184 1298 4240 sunt,
1329 4185 1383 4231 et
1423 4177 1544 4231 ideo
1589 4176 1811 4232 allectus
1835 4192 2031 4233 vocan-

450 4280 554 4326 tur.
583 4272 721 4324 Deus
755 4284 881 4323 vero
911 4269 993 4321 liis
1034 4283 1138 4321 non
1177 4267 1509 4336 possibiliter
1538 4268 1789 4338 afﬁcitur,
1816 4272 1939 4339 quia
1978 4272 2031 4327 ei

453 4364 631 4417 inesse
650 4360 841 4429 jngiter
863 4366 920 4412 et
947 4358 1263 4411 naturaliter
1288 4358 1691 4426 dignoscantur.
1717 4360 1857 4429 Ergo
1885 4362 2028 4428 quod

458 4453 511 4504 in
538 4450 753 4504 homine
774 4450 996 4503 allectus
1026 4463 1091 4502 ex
1115 4449 1305 4516 gratia,
1328 4450 1377 4501 in
1409 4448 1516 4503 Deo
1538 4449 1706 4504 virtus
1726 4461 1809 4504 est
1837 4466 1901 4506 ex
1931 4468 2029 4506 na-

2133 3258 2340 3311 minare
2387 3266 2441 3311 et
2484 3256 2810 3323 compellare
2858 3270 2963 3309 non
3014 3255 3263 3324 despicit,
3290 3266 3345 3308 nt
3395 3256 3558 3311 homo
3600 3271 3725 3311 cum

2130 3348 2321 3403 eodem
2352 3346 2584 3401 vicissim
2618 3348 2850 3401 humano
2880 3360 2974 3401 ore
3003 3357 3055 3400 et
3084 3361 3231 3401 more
3262 3346 3583 3401 collocutus.

2200 3440 2466 3495 Caeterum
2497 3440 2589 3494 Dei
2616 3440 2690 3493 ira
2716 3439 2920 3508 justitia
2952 3448 3052 3506 est,
3099 3440 3188 3493 Dei
3231 3441 3377 3495 furor
3418 3440 3728 3495 severitatis

2147 3533 2297 3600 vigor
2328 3540 2430 3597 est,
2459 3530 2551 3585 Dei
2593 3531 2806 3601 jurasse
2834 3531 3085 3587 deﬁnisse
3112 3540 3210 3597 est,
3246 3532 3338 3586 Dei
3387 3533 3727 3601 pmnituisse,

2135 3625 2424 3687 sententia,
2445 3631 2623 3677 tamen
2650 3622 2833 3693 saepeb
2856 3632 3032 3688 muta;
3060 3634 3114 3678 et
3138 3638 3261 3678 cum
3284 3638 3341 3678 se
3364 3635 3729 3694 persequente

2135 3715 2335 3785 aliquo,
2364 3715 2483 3770 lmdi
2530 3716 2675 3781 dicit,
2710 3715 3205 3771 crimen'laedentis
3247 3717 3502 3772 ostendit.
3553 3718 3731 3773 Inter-

2136 3808 2370 3865 cluditur
2434 3809 2588 3863 nobis
2636 3809 2959 3863 omnimodis
3014 3808 3272 3863 orationis
3339 3810 3727 3879 ministerium,

2135 3904 2416 3973 ounisque
2445 3904 2604 3969 ratio,
2628 3917 2733 3973 qua
2756 3903 2968 3967 dicitur,
2998 3902 3079 3973 vel
3109 3902 3448 3971 intelligitur,
3477 3904 3564 3957 vel
3591 3917 3730 3972 prte-

2135 3998 2342 4053 dicatur
2363 4040 2376 4064 ,
2410 3997 2453 4051 si
2484 3996 2598 4051 haec
2628 3996 2841 4051 humani
2870 3996 3131 4050 sermonis
3158 3996 3479 4049 commercia
3508 3996 3729 4050 subtra-

2138 4089 2355 4142 huntur.
2387 4087 2494 4141 Cur
2524 4102 2651 4157 ergo
2677 4086 2780 4141 dici
2812 4086 2950 4140 inter
2981 4086 3079 4139 ista
3138 4101 3241 4139 non
3277 4087 3462 4155 possit,
3496 4086 3589 4140 sed
3616 4103 3732 4142 sen-

2138 4183 2205 4235 sit
2236 4181 2588 4249 compatientis
2614 4178 2838 4246 aﬂ'ectu?

2207 4272 2261 4328 Si
2289 4288 2416 4342 ergo
2451 4272 2755 4327 discutienti
2784 4272 3041 4341 magistro
3068 4271 3295 4338 simplex
3326 4279 3378 4325 et
3425 4279 3613 4341 aperta
3643 4287 3733 4327 re-

2136 4369 2353 4437 sponsio
2374 4366 2651 4433 satisfecit,
2672 4376 3004 4421 transeamus
3024 4364 3091 4419 ad
3115 4366 3324 4420 tertiam
3349 4364 3732 4432 quaestionem,

2136 4478 2239 4531 qna
2270 4472 2291 4499 ο
2326 4470 2383 4515 ut
2412 4459 2761 4529 respondeam
2783 4457 2809 4496 ιι
2841 4460 3088 4529 praecipis
3121 4478 3131 4512 :
3168 4458 3300 4526 Qua:
3328 4460 3378 4512 in
3419 4458 3587 4514 rebus
3629 4458 3733 4513 hu-

453 4541 735 4595 tura.Nam
751 4540 888 4607 quod
903 4539 1103 4594 dictum
1116 4549 1197 4595 est
1217 4559 1227 4591 ε
1245 4540 1829 4609 Nihilsensitpatientis
1842 4558 2025 4613 sensu,
2060 4534 2111 4595 Ῑ)
2140 4554 2313 4608 manis
2335 4566 2617 4622 corporea,
2650 4566 2835 4621 qumve
2865 4552 3183 4621 incorporea
3210 4548 3488 4605 semjenda
3514 4550 3624 4605 sint

453 4634 545 4689 sed
564 4633 730 4687 sensit
745 4632 1346 4702 eompatientisaﬁ'ectu,
1361 4648 1457 4687 cur
1469 4635 1747 4703 quisquam
1766 4635 1855 4689 illo
1867 4651 2030 4692 sensu
2104 4654 2111 4661 ί

451 4725 633 4778 dicere
651 4738 752 4777 non
770 4732 1077 4793 praasumat,
1094 4724 1234 4794 quod
1250 4723 1409 4779 etiam
1425 4724 1792 4794 propheticum
1807 4740 2035 4783 comme-

451 4824 623 4870 morat
649 4832 661 4867 :
693 4816 925 4880 Domine,
953 4832 1015 4868 ne
1042 4818 1094 4869 in
1125 4818 1203 4869 ira
1227 4827 1318 4879 tua
1342 4834 1528 4885 arguas
1557 4834 1654 4879 me.
1688 4835 1847 4886 neque
1876 4820 1927 4872 in
1950 4821 2034 4891 fu-

452 4926 563 4963 rore
592 4919 678 4961 tuo
700 4909 946 4979 corripias
972 4926 1048 4962 me
1071 4909 1243 4978 (Psal.
1274 4925 1347 4974 vr,
1371 4910 1434 4973 2;
1461 4926 1662 4977 xxxvn,
1692 4912 1768 4982 l).
1794 4912 1863 4966 Et
1894 4929 1907 4966 :
1938 4912 2036 4967 Ju-

450 5006 579 5058 ravit
612 5003 885 5067 Dominus,
919 5020 1009 5057 nec
1030 5005 1284 5073 paenitebit
1313 5020 1424 5057 eum
1449 5002 1569 5072 (Ps.
1599 5019 1708 5070 Ctx,
1732 5004 1809 5076 4).
1848 5007 1914 5060 Ει
1941 5007 2042 5062 ite-

456 5110 570 5149 rum
593 5111 606 5145 :
636 5093 807 5147 Iratus
840 5103 910 5147 est
936 5092 1185 5147 Dominus
1204 5095 1393 5164 populo
1426 5110 1540 5159 suo,
1564 5104 1609 5148 et
1630 5096 1949 5153 abominatus
1974 5111 2047 5155 est

453 5188 513 5236 Il
533 5188 800 5241 rcditatem
810 5202 958 5239 suam
974 5185 1091 5281 (Iis.
1105 5186 1215 5256 ον).
1232 5186 1298 5241 Ει
1311 5186 1437 5242 item
1451 5187 1664 5244 diverso
1676 5188 1866 5245 allecto
1882 5191 2046 5252 Jaeob

526 5407 548 5433 ⁸
582 5396 690 5451 Hoc
731 5395 927 5450 dictum
967 5404 1141 5451 exstat
1183 5393 1319 5449 infra
1372 5394 1425 5448 in
1468 5393 1623 5462 epist.
1683 5394 1748 5450 ad
1790 5395 2034 5454 Gratum.

526 5468 550 5505 ι)
587 5467 743 5521 Forte
768 5476 982 5519 mutata.

529 5550 548 5575 ο
584 5538 664 5592 Ab
696 5539 797 5610 hoc
820 5537 981 5610 verbo
1008 5553 1129 5610 qua:
1155 5545 1474 5604 sequuntur,
1522 5535 1832 5610 in__modnm
1885 5554 2040 5610 sepa-

456 5610 554 5665 rati
588 5609 746 5663 libelli
775 5623 868 5661 sen
900 5606 1160 5674 epistolae,
1192 5616 1401 5662 exstant
1430 5618 1556 5659 tom.
1586 5606 1648 5659 IV
1679 5609 1814 5664 Bibl.
1847 5606 1979 5675 ΡΡΣ,
2006 5614 2041 5665 Ξ).

457 5682 609 5743 etlit.,
644 5681 733 5731 l'ul.
764 5680 886 5734 759.
924 5679 1112 5745 Turpis
1138 5694 1266 5732 sane
1295 5694 1444 5732 error
1476 5678 1560 5731 hic.
1589 5678 1791 5745 Fausti,
1823 5684 1888 5735 de
1931 5698 2044 5750 quo

461 5751 579 5804 vide
610 5750 1007 5805 adnotationem
1041 5750 1093 5804 in
1122 5750 1257 5803 hanc
1283 5752 1436 5817 epist.

2215 4642 2297 4697 Ad
2327 4642 2442 4697 haec
2487 4643 2661 4712 aliqua
2697 4659 2802 4698 non
2836 4660 2931 4714 pro
2960 4658 3151 4699 sensus
3182 4643 3285 4698 mei
3312 4642 3735 4713 prazsumptione

2147 4749 2386 4805 promam
2414 4774 2428 4798 ,
2480 4733 2575 4788 sed
2626 4750 2721 4803 pro
2768 4744 3072 4790 sanctorum
3122 4735 3375 4804 opinione
3426 4736 3731 4790 seniorum.

2149 4828 2451 4884 Praesertim
2480 4842 2601 4881 cum
2631 4827 2746 4882 haec
2785 4828 3020 4882 animum
3060 4828 3257 4883 laedere
3285 4842 3390 4881 non
3419 4828 3646 4899 possint,
3677 4839 3737 4884 et

2148 4921 2215 4975 ad
2245 4919 2401 4975 ﬁdem
2430 4920 2636 4975 nutrire
2658 4919 2886 4988 possint,
2918 4927 2972 4975 et
3014 4935 3185 4990 usque
3212 4920 3276 4975 ad
3309 4919 3384 4985 id,
3414 4921 3554 4990 quod
3585 4921 3738 4976 Patri

2150 5012 2316 5068 Filius
2360 5011 2581 5082 aequalis
2626 5020 2918 5081 appareat,
2991 5020 3176 5067 contra
3235 5012 3462 5065 Arianas
3515 5027 3739 5068 armare

2154 5117 2178 5145 ο
2208 5115 2367 5176 atque
2411 5121 2598 5176 regere
2640 5105 2853 5160 valeant
2884 5106 3194 5175 pravitates.
3239 5105 3382 5177 Ergo
3408 5106 3623 5175 quando
3662 5106 3737 5159 de

2154 5205 2382 5252 tractatu
2407 5196 2583 5252 altiori
2612 5195 2827 5251 ccilatio
2867 5204 2968 5263 est,
3014 5196 3081 5250 ad
3127 5195 3461 5252 subtiliorem
3511 5195 3733 5253 intelle-

2213 5397 2239 5436 ἀ
2271 5399 2326 5453 ln
2351 5397 2588 5466 margine
2613 5406 2712 5451 ms.
2738 5396 2937 5451 codicis
2958 5395 3208 5464 adjuncta
3234 5403 3386 5451 erant
3410 5394 3585 5465 aliqua
3609 5410 3736 5466 qua:

2144 5471 2289 5525 hunc
2317 5484 2531 5523 sensum
2561 5467 2809 5522 videntur
2852 5467 3077 5522 reddere
3110 5470 3309 5537 (neque
3338 5466 3483 5521 enim
3516 5467 3624 5537 alio
3651 5470 3738 5522 in-

2146 5544 2248 5603 seri
2280 5549 2521 5608 possunt,
2571 5538 2669 5591 nisi
2701 5538 2821 5603 huc,
2851 5548 2903 5593 et
2929 5536 3141 5608 quidem
3170 5538 3323 5606 signo
3352 5536 3643 5607 apposito),
3677 5550 3738 5593 ut

2146 5610 2502 5679 respondeam,
2534 5612 2770 5678 principis
2810 5611 3183 5664 ventilationem
3233 5608 3387 5678 hujus
3436 5610 3738 5677 qutestionis

2149 5683 2388 5734 ntinima’.
2423 5680 2571 5745 οταν,
2596 5686 2699 5733 (γε.

2227 5762 2245 5787 θ
2282 5752 2529 5820 Margar.,
2556 5760 2705 5819 atque
2728 5752 2914 5819 rrigrre
2942 5752 3073 5820 erigi
3100 5751 3296 5804 valeant
3318 5750 3607 5819 pravitates.
