4068 6348
396 310 496 374 841

392 522 741 580 eruditissimi
787 524 1001 583 Patrum
1048 529 1150 585 aiis
1198 541 1446 588 asserunt
1491 548 1611 592 esse
1660 537 1967 608 invisibilia,

390 613 492 667 alia
521 628 652 670 vero
680 615 1010 687 incorporea.
1040 620 1306 691 Quidquid
1332 633 1572 681 creatum
1595 636 1677 683 est
1701 638 1726 665 ει
1748 632 1967 687 materia

390 705 576 773 videri,
608 717 663 763 et
691 706 875 765 factori
905 725 1005 766 suo
1052 716 1533 784 comprehensibile
1561 729 1614 775 et
1648 736 1963 792 corporeum

388 809 508 851 esse
536 796 818 854 definiunt.
850 800 981 856 Nam
1009 812 1063 858 et
1092 806 1411 875 animarum,
1452 818 1506 864 et
1530 814 1836 881 angelorum
1869 832 1966 869 na-

390 896 563 943 turam
594 902 841 948 asserunt
882 909 1001 951 esse
1038 912 1377 967 corpoream,
1425 918 1521 972 pro
1549 921 1614 960 eo
1646 908 1786 976 quod
1816 909 1965 964 initio

386 978 896 1039 circumscrihantur
945 996 997 1042 et
1039 992 1233 1058 spatio.
1278 991 1410 1047 Nam
1458 994 1595 1050 sicut
1638 997 1690 1051 in
1733 1000 1961 1067 quodam

384 1067 440 1125 S.
471 1070 780 1143 Hieronymi
811 1084 1034 1132 tractatu
1061 1078 1310 1150 legimus,
1336 1084 1543 1152 globos,
1581 1088 1772 1156 inquit,
1816 1090 1960 1147 side-

384 1174 501 1215 rum
531 1159 557 1199 b
588 1175 899 1234 corporales
927 1181 1046 1223 esse
1071 1171 1289 1238 spiritus
1316 1173 1665 1235 arbitrantur.
1698 1179 1765 1233 Et
1792 1180 1917 1235 item
1946 1199 1958 1236 :

383 1248 438 1304 Si
470 1254 666 1322 angeli,
699 1255 889 1326 inquit,
915 1260 1151 1315 coelestia
1172 1278 1393 1333 corpora
1416 1265 1482 1319 ad
1505 1270 1957 1337 comparationem

383 1343 478 1399 Dei
510 1346 777 1403 immunda
811 1365 931 1406 esse
961 1351 1231 1421 dicuntur,
1277 1358 1402 1425 quid
1443 1367 1596 1426 putas
1627 1362 1789 1417 homo
1818 1364 1958 1418 aesti-

380 1434 652 1489 mandus?
682 1438 776 1493 sed
806 1439 947 1495 inter
975 1441 1089 1497 haec
1137 1453 1191 1497 tu
1222 1444 1452 1500 animam
1501 1447 1672 1518 negas
1690 1465 1808 1506 esse
1837 1467 1957 1507 cor-

379 1539 597 1595 poream
622 1532 744 1596 quia
771 1532 921 1601 juxta
951 1534 1251 1603 aliquorum
1296 1534 1603 1607 opinionem
1634 1558 1733 1598 nec
1774 1545 1955 1600 localis

378 1619 469 1682 sit,
502 1632 599 1673 nec
633 1630 653 1657 ο
688 1621 939 1689 qualitate
963 1625 1108 1678 credi
1135 1626 1329 1703 debere
1358 1630 1696 1686 manifestum
1726 1642 1828 1688 est.
1853 1635 1954 1689 Lc-

376 1707 550 1776 gimus
572 1710 713 1764 enim
736 1712 786 1765 in
810 1714 1038 1780 quodam
1061 1717 1427 1785 receptissimo
1449 1721 1665 1776 Patrum
1690 1732 1947 1778 tractatu:

378 1796 608 1865 lngredi,
644 1800 831 1870 inquit,
855 1812 909 1858 et
933 1806 1154 1873 implere
1184 1810 1384 1877 omnia,
1419 1812 1520 1866 soli
1576 1822 1657 1868 est
1702 1816 1953 1881 possibile
1984 1809 2032 1869 B

373 1888 619 1945 Trinitati
652 1910 663 1943 :
694 1909 813 1963 quae
858 1896 995 1949 sicut
1032 1900 1296 1955 universae
1324 1902 1694 1959 intellectualis
1740 1914 1946 1963 natura:

372 1979 599 2035 efﬁcitur
624 1986 967 2053 penetratrix,
1004 1999 1189 2043 utnon
1223 1992 1395 2047 solum
1432 1995 1798 2065 circumplecti
1826 2014 1942 2054 eam

371 2077 530 2141 atque
559 2074 780 2143 ambire,
809 2077 901 2132 sed
926 2078 1087 2134 etiam
1116 2082 1258 2136 illabi
1282 2084 1350 2153 ei,
1378 2093 1432 2138 et
1462 2086 1605 2140 velut
1629 2088 1942 2158 incorporea

370 2162 583 2230 corpori
632 2166 798 2232 possit
841 2167 1064 2225 infundi.
1135 2171 1294 2234 Licet,
1347 2176 1488 2229 enim
1538 2181 1942 2245 pronuntiemus

373 2253 661 2309 nonnullas
708 2257 1011 2325 spirituales
1059 2277 1179 2317 esse
1224 2273 1461 2335 naturas,
1494 2278 1550 2323 ut
1595 2280 1720 2325 sunt
1748 2274 1936 2342 angeli,

367 2342 695 2414 archangeli,
742 2359 1055 2420 cmtermque
1102 2353 1343 2422 virtutes,
1387 2356 1739 2430 ipsaquoque
1764 2364 1939 2419 anima

344 2440 568 2503 ‘nostra,
596 2439 679 2494 vel
710 2449 855 2497 certe
882 2458 975 2499 aer
1002 2444 1102 2501 iste
1130 2448 1374 2515 subtilis;
1402 2460 1577 2508 tamen
1610 2456 1939 2525 incorporea:

367 2530 671 2587 nullatenus
698 2535 1022 2591 aestimandae
1053 2548 1197 2593 sunt.
1246 2541 1451 2598 Habent
1476 2546 1618 2600 enim
1645 2551 1936 2604 secundum

364 2632 425 2675 se
452 2635 665 2691 corpus,
698 2639 803 2694 quo
831 2627 1147 2693 subsistunt,
1178 2630 1303 2687 licet
1328 2634 1495 2690 multo
1524 2646 1575 2691 et
1607 2637 1936 2707 incompara-

363 2708 542 2768 biliter
573 2716 973 2787 tenuius,quam
1003 2729 1183 2775 nostra
1212 2733 1335 2778 sunt
1360 2740 1609 2796 corpora,
1642 2730 1941 2786 secundum

362 2801 605 2873 Apostoli
632 2809 973 2874 sententiam,
1005 2810 1254 2880 dicentis,
1286 2824 1333 2868 et
1372 2832 1587 2888 corpora
1616 2810 1933 2885 catenam

363 2910 577 2982 corpora
606 2903 859 2955 terrestria
890 2902 976 2973 (II
1009 2904 1125 2959 Cor.
1156 2923 1243 2974 xv,
1274 2908 1384 2977 40).
1410 2910 1608 2977 Quibus
1636 2927 1734 2982 pro
1765 2930 1933 2967 mant-

363 2975 501 3045 fésto
542 2992 831 3064 colligitur,
864 2996 998 3051 nihil
1041 3013 1162 3055 esse
1206 3001 1578 3071 incorporeum
1607 3007 1709 3060 nisi
1759 3008 1928 3062 solum

361 3074 551 3134 Deum.
580 3081 647 3136 Et
685 3083 887 3141 idcirco
916 3085 1016 3155 ipsi
1042 3085 1067 3123 ἀ
1094 3093 1457 3148 tantummodo
1483 3109 1575 3163 per
1604 3110 1663 3151 se
1688 3096 1931 3165 penetra-

358 3167 492 3224 biles
538 3186 745 3243 omnes,
777 3183 935 3244 atque
984 3176 1373 3237 intellectuales
1418 3198 1537 3239 esse
1581 3185 1925 3244 substantias.
1957 3176 2002 3240 C

357 3259 491 3327 Quae
518 3277 637 3317 cum
666 3266 735 3319 ita
765 3266 891 3336 sint,
916 3269 1100 3338 objicit
1123 3272 1267 3339 mihi,
1295 3274 1416 3331 ideo
1434 3278 1663 3334 animam
1686 3295 1791 3336 non
1812 3297 1931 3339 esse

356 3351 752 3424 incorpoream,
780 3359 922 3427 quia,
955 3369 1013 3415 ut
1039 3361 1237 3417 dictum
1267 3372 1365 3432 est,
1392 3382 1490 3423 nec
1510 3368 1691 3426 localis
1717 3373 1810 3440 sit,
1832 3388 1930 3430 nec

356 3442 617 3513 qualitate
662 3457 754 3502 aut
796 3450 1086 3518 quantitate
1126 3454 1395 3512 subsistat.
1445 3458 1595 3526 Quod
1625 3472 1648 3501 θ
1678 3465 1829 3534 cujus
1862 3467 1929 3521 sit

356 3536 602 3603 periculi,
633 3539 703 3593 ita
734 3540 784 3594 in
818 3540 917 3596 hac
946 3552 1113 3600 status
1159 3552 1330 3605 nostri
1375 3552 1555 3609 habita
1599 3556 1931 3616 discussione

357 3625 625 3694 pendebit,
656 3636 713 3683 ut
739 3629 785 3683 si
812 3644 914 3687 nec
938 3632 1121 3691 localis
1141 3638 1229 3703 sit,
1255 3654 1351 3694 nec
1374 3644 1614 3711 qualitati
1637 3648 1927 3717 subjaceat,

358 3728 477 3771 esse
512 3730 627 3772 eam
674 3718 811 3775 haud
842 3722 1003 3778 dubie
1046 3726 1414 3797 incorpoream
1455 3737 1828 3794 concedamus.
1875 3741 1930 3795 Si

358 3821 485 3863 vero
522 3808 959 3871 demonstravero
988 3831 1107 3872 eam
1157 3823 1452 3889 quantitate
1479 3820 1822 3884 determinari
1850 3832 1928 3887 lo-

359 3914 491 3956 covc
518 3904 785 3974 concludi,
819 3918 1210 3978 consequenter
1234 3927 1350 3967 eam
1374 3916 1532 3969 etiam
1556 3933 1783 3988 corpore
1803 3937 1930 3978 con-

372 3993 546 4062 tineri,
579 4006 675 4052 nec
712 3997 828 4068 ipse
866 3999 973 4070 jam
1001 4001 1231 4058 dubites.
1261 4002 1280 4041 τ
1311 4006 1587 4072 Quomodo
1614 4027 1719 4067 non
1746 4013 1930 4072 localis

358 4092 460 4153 est,
494 4102 611 4157 qute
633 4088 834 4146 inserta
864 4093 1138 4161 membris,
1164 4103 1217 4150 et
1248 4096 1448 4167 illigata
1480 4101 1772 4159 visceribus
1802 4107 1930 4162 solis

356 4176 585 4232 motibus
609 4188 635 4227 ε
658 4194 794 4250 vaga
838 4183 1142 4240 conditione
1176 4187 1486 4246 substantiae
1529 4200 1737 4249 tenetur
1763 4195 1932 4252 inclu-

356 4269 449 4323 sa?
474 4268 622 4337 Quod
664 4273 710 4329 si
750 4273 973 4331 localem
1023 4293 1130 4334 non
1174 4294 1292 4337 esse
1337 4284 1590 4351 animam,
1622 4287 1743 4343 ideo
1783 4304 1932 4346 assu-

356 4362 607 4418 mendum
637 4373 809 4434 putes,
839 4369 979 4437 quod
1012 4384 1108 4439 per
1134 4371 1345 4428 diversa
1377 4376 1626 4431 sensibus
1655 4392 1928 4450 evagetur,

353 4460 411 4507 et
459 4455 870 4525 cogitationibus
914 4460 1203 4532 deferatur,
1252 4465 1480 4533 primum
1525 4468 1928 4542 intelligendum

354 4553 459 4609 est,
491 4546 635 4614 quod
667 4546 809 4601 aliud
855 4550 925 4604 sit
963 4550 1157 4607 animae
1195 4560 1383 4620 status,
1430 4557 1576 4613 aliud
1608 4562 1694 4615 hic
1729 4564 1819 4632 qui
1862 4564 1930 4620 de

356 4635 534 4688 anima
580 4637 817 4692 nascitur
865 4640 1200 4711 cogitationis
1228 4642 1256 4681 ιι
1282 4645 1534 4716 aﬂ‘ectus,
1584 4654 1929 4719 quamobrem

353 4732 414 4780 ut
440 4724 540 4780 hoc
570 4726 747 4795 potius
773 4726 789 4766 ί
814 4732 1183 4789 aestimandum
1211 4746 1313 4805 est,
1338 4740 1478 4807 quod
1506 4741 1551 4795 si
1579 4744 1794 4812 quando
1827 4748 1930 4805 sibi

352 4816 551 4887 aliquid
576 4819 916 4891 imaginatur,
947 4826 1114 4898 magis
1142 4843 1263 4886 cum
1291 4831 1404 4888 suis
1427 4833 1566 4891 intra
1586 4843 1927 4914 semetipsam

422 4984 448 5049 ξ
479 4974 730 5049 biurgan,
759 4982 1026 5035 materiam
1048 4985 1228 5039 videri.

422 5043 450 5084 ιι
476 5043 943 5123 ᾔει-ἐπίνὶιίοεο,
970 5065 1307 5123 comparatos.

423 5123 449 5153 °
478 5116 730 5241 Mar-lgna,
752 5136 840 5175 nec
862 5116 1104 5193 qualitate
1125 5140 1215 5179 nec
1233 5129 1511 5195 quantitate
1527 5132 1766 5192 subsistat
1786 5144 1922 5209 quod

436 5187 546 5241 sola
626 5189 671 5241 ei
700 5192 962 5241 maiestate
988 5194 1126 5241 credi
1157 5196 1334 5241 άρὺριορ
1362 5215 1439 5241 mn

351 5181 418 5237 de
435 5187 546 5261 sola
574 5181 671 5242 Dei
700 5181 962 5261 majestate
988 5186 1126 5249 credi
1157 5181 1334 5252 debere
1356 5181 1458 5255 si;

422 5251 453 5293 ἀ
477 5254 727 5338 plangam,
758 5251 1102 5338 tantummodo
1129 5251 1460 5335 penetrabiles
1504 5290 1676 5334 omnes
1725 5282 1923 5338 intelle-

350 5327 542 5383 etuales
573 5344 681 5382 esse
705 5329 1035 5389 substantias.

431 5402 457 5430 °
480 5397 731 5478 Margar"
772 5403 1063 5478 cujusntodi
1091 5411 1305 5478 periculi
1328 5413 1391 5467 sit
1410 5414 1481 5468 ita
1528 5418 1732 5474 credere
1769 5421 1823 5475 in
1853 5438 1931 5476 se-

351 5466 615 5546 quentibus
640 5466 1247 5546 demonstrabitur,'nunc
1277 5466 1392 5538 vero
1414 5466 1493 5539 "5}.
1532 5466 1929 5546 'Iiéi'iFaéiaZJs

352 5536 511 5629 nostri
537 5545 672 5629 statu
699 5541 933 5620 pendebit
957 5555 1013 5597 ut
1045 5536 1089 5600 si
1116 5566 1205 5603 nec
1244 5536 1421 5609 localis
1443 5536 1651 5615 Quid

355 5603 612 5711 sulzjaeeat
639 5603 828 5664 anima.

483 5674 558 5711 Ma
566 5692 687 5711 rnol-
768 5682 828 5711 11.

479 5674 730 5751 ῃθτεθτη
768 5682 1035 5745 Quomodo
1066 5688 1243 5747 localis
1270 5705 1355 5751 est.

427 5752 453 5793 Β
482 5745 736 5817 Margar.,
770 5766 978 5808 vneam.

372 5891 411 5900 -_
436 5898 437 5901 η
632 5841 906 5908 Parrum.
940 5844 1167 5921 1.th

1835 329 2214 392 EPISTOLAJ.

394 438 539 488 etum
568 444 758 490 sensus
786 441 841 491 et
883 434 1091 494 animus
1120 426 1516 510 praeparandus
1562 452 1663 502 est.
1709 446 1961 505 Nonnulli
1989 453 2040 513 Δ
2068 458 2321 530 motibus,
2351 475 2659 537 occupatur,

3545 372 3650 430 842

2686 479 2738 526 et
2766 472 2811 528 si
2841 476 2965 546 quid
2996 479 3010 528 t
3049 480 3178 537 illud
3207 492 3309 551 est,
3333 488 3476 557 quod
3502 496 3646 564 aspi-

2076 567 2198 610 cere
2228 556 2458 624 videtur,
2490 558 2517 597 ¹τ
2548 565 2714 633 magis
2744 565 2794 621 ei
2834 567 2886 623 in
2935 572 3258 632 cordationis
3284 556 3502 649 speculo
3549 556 3642 642 de-

2072 646 2359 701 scribatur.
2392 650 2521 705 Nam
2550 656 2762 722 quando
2790 660 3063 718 absentem
3106 681 3260 723 suum
3287 646 3468 729 carum
3497 680 3643 748 cogi-

2072 743 2167 805 tat,
2204 741 2437 807 nunquid
2466 742 2575 809 jam
2596 746 2743 800 velut
2791 749 2907 819 ipso
2942 766 3229 824 conspectu
3260 760 3528 822 desiderio
3557 741 3642 823 sa-

2071 827 2306 884 tisfecit?
2341 832 2445 886 Aut
2473 848 2614 902 cum,
2646 839 2794 894 verbi
2824 844 3016 912 gratia,
3048 846 3190 903 Petri
3221 861 3311 905 aut
3337 852 3487 910 Pauli
3517 872 3639 927 spe-

2069 918 2205 973 ciem
2242 920 2379 976 intra
2409 926 2603 981 mentis
2632 943 2824 984 arcana
2871 933 3128 1006 depingit,
3180 944 3417 1011 nunquid
3459 918 3636 1003 statim

2068 1007 2283 1066 intimas
2309 1015 2537 1083 paradisi
2566 1018 2739 1085 sedes,
2774 1023 2860 1077 ubi
2900 1038 2993 1081 eos
3033 1042 3153 1085 esse
3179 1033 3445 1101 novimus,
3480 1054 3638 1107 pene-

2069 1102 2261 1157 travit?
2290 1107 2395 1161 Aut
2423 1122 2543 1164 cum
2591 1112 2691 1167 sibi
2722 1114 2773 1168 in
2805 1117 2965 1172 corde
2994 1120 3172 1177 divitis
3219 1124 3357 1184 illiu's
3397 1102 3636 1189 ﬂammas
3657 1130 3668 1219 ε’

2069 1207 2130 1219 η
2160 1196 2382 1219 ,μὼμ
2417 1216 2541 1219 μμ
2574 1202 2603 1219 -κ
2656 1204 2688 1219 ..
2934 1209 2981 1219 ..
3030 1212 3041 1219 -
3205 1215 3220 1219 -

2064 1207 2133 1249 ex
2160 1196 2387 1254 lectione
2417 1202 2715 1272 proposuit,
2747 1209 2983 1278 nunquid
3021 1212 3131 1280 jam
3156 1215 3222 1269 ad
3252 1218 3366 1286 ejus
3402 1229 3607 1279 tormen
3651 1196 3665 1282 tI

2065 1294 2239 1341 torum
2288 1292 2405 1345 loca
2450 1292 2618 1347 cuivis
2672 1296 3061 1357 inaccessibilia
3127 1306 3322 1363 inferni
3373 1313 3631 1379 profunda

2065 1378 2388 1435 descendit?
2419 1384 2545 1441 Haec
2570 1390 2744 1443 omnia
2776 1395 2959 1459 procul
2988 1396 3149 1453 dubio
3170 1412 3262 1455 aut
3282 1378 3462 1460 secum
3494 1407 3630 1463 intra

2061 1472 2291 1536 pectoris
2332 1488 2525 1531 arcana
2558 1494 2652 1546 per
2693 1482 2867 1536 varias
2905 1484 3279 1546 similitudines
3311 1495 3493 1564 ﬁngit;
3541 1509 3627 1554 aut

2061 1572 2204 1616 certe
2250 1565 2295 1618 si
2341 1576 2487 1621 extra
2520 1570 2712 1627 animae
2736 1573 2922 1629 sedem
2968 1577 3231 1635 instabilis
3262 1588 3513 1654 cogitatio
3550 1590 3603 1644 lu

2058 1651 2206 1707 brico
2265 1665 2411 1710 motu
2460 1660 2653 1728 agitata
2700 1662 2971 1733 discurrit,
3020 1666 3120 1723 hoc
3168 1651 3352 1739 ipsum‘
3390 1674 3626 1733 localiter

2058 1745 2182 1812 agit.
2212 1747 2277 1800 Et
2302 1748 2415 1804 sive
2444 1750 2654 1818 urbem,
2689 1755 2801 1810 sive
2831 1773 3198 1831 quamcunque
3228 1766 3496 1834 regionem
3540 1784 3604 1824 co

2056 1834 2206 1904 gitet,
2237 1836 2308 1891 ibi
2350 1848 2552 1895 tantum
2607 1859 2763 1898 sensu
2814 1861 3177 1906 commorante
3224 1854 3487 1925 deﬁgitur,
3521 1876 3624 1928 quo

2048 1928 2209 1980 animi
2238 1928 2532 1986 intentione
2558 1929 2573 1968 1
2604 1944 2861 2002 raptatur.
2895 1938 3172 2009 lmaginari
3204 1944 3305 1997 sibi
3334 1945 3507 2016 aliqua
3530 1964 3622 2017 po-

2047 2027 2180 2082 test;
2216 2022 2499 2088 complecti
2530 2027 2707 2080 omnia
2735 2029 2899 2085 simul
2938 2048 3044 2087 non
3091 2045 3286 2102 potest.
3336 2039 3466 2093 Cum
3498 2057 3623 2112 ergo

2045 2112 2218 2165 anima
2265 2114 2641 2172 Alexandriam
2691 2121 2771 2174 vel
2842 2116 3263 2196 Hierosolymam
3330 2134 3617 2201 cogitavit,

2042 2209 2080 2237 ω
2103 2203 2219 2257 sive
2247 2203 2355 2260 illic
2383 2213 2493 2261 tota
2522 2210 2605 2263 sui
2636 2215 2940 2281 praesentia,
2964 2226 3019 2270 ut
3039 2219 3333 2287 arbitraris,
3360 2223 3617 2291 interfuit,

2042 2292 2239 2348 referat
2266 2297 2419 2351 nobis
2450 2299 2580 2355 situs
2609 2302 2868 2369 locorum,
2903 2307 3081 2363 vultus
3111 2309 3410 2379 hominum,
3444 2326 3618 2371 motus

2041 2392 2296 2453 actusque
2342 2389 2677 2456 pepulornm.
2724 2393 2827 2450 Sed
2877 2395 2979 2451 hoc
3027 2399 3234 2467 ipsum,
3286 2404 3428 2472 quod
3473 2422 3615 2461 nunc

2039 2472 2179 2528 inter
2225 2490 2321 2529 nos
2389 2483 2709 2536 commercia
2780 2498 3086 2542 sermonum
3154 2502 3336 2547 mutua
3400 2496 3615 2563 spiritus

2040 2567 2248 2622 actione
2277 2578 2303 2604 η
2330 2570 2549 2638 scimus,
2584 2575 2729 2642 loqui
2756 2592 2843 2632 me
2870 2579 3167 2646 vobiscum,
3199 2585 3292 2638 sed
3324 2588 3462 2655 apud
3489 2603 3615 2643 con-

2036 2657 2313 2713 scientiam
2350 2676 2519 2715 meam
2551 2665 2755 2731 sentio;
2800 2669 2866 2722 ad
2915 2686 3009 2725 vos
3040 2687 3124 2727 me
3167 2677 3459 2733 accessisse
3507 2693 3613 2733 non

2036 2751 2227 2805 sentio.
2262 2752 2392 2807 Nam
2418 2754 2463 2809 si
2510 2770 2632 2811 vere
2664 2758 2839 2815 anima
2882 2777 3002 2817 cum
3034 2765 3143 2819 suis
3187 2766 3316 2822 ferri
3362 2770 3613 2825 sensibus

2034 2845 2286 2913 creditur,
2337 2858 2390 2903 et
2437 2849 2539 2919 his,
2591 2867 2815 2921 quorum
2868 2859 3228 2913 reminiscitur
3276 2862 3387 2930 ipsa
3419 2877 3513 2931 per
3546 2880 3606 2919 se

2034 2935 2144 2990 suis
2172 2938 2581 3006 cogitationibus
2610 2951 2977 3009 praesentatur.
3032 2947 3170 3001 Ecce
3210 2964 3304 3016 per
3331 2950 3445 3005 ιιῶο
3474 2966 3610 3020 ριιωο

2033 3028 2200 3083 sentis
2225 3031 2477 3099 temporis
2505 3043 2771 3087 momenta
2804 3048 2903 3088 vos
2930 3040 3127 3104 cogito,
3153 3048 3207 3092 et
3235 3041 3410 3093 animo
3438 3043 3605 3097 remi-

2033 3117 2271 3172 niscente
2300 3134 2394 3172 vos
2424 3120 2596 3187 video,
2631 3130 2685 3176 et
2712 3138 2938 3192 quorum
2962 3127 3284 3183 omnimodis
3304 3130 3431 3197 quid
3453 3146 3605 3199 gera-

2153 3217 2205 3263 et
2231 3219 2407 3264 utrum
2435 3212 2624 3279 quieti,
2653 3227 2717 3267 an
2751 3214 2986 3282 lectioni,
3015 3218 3101 3272 vel
3132 3219 3356 3274 orationi
3381 3222 3598 3291 vacetis,

2031 3297 2242 3367 ignoro.
2291 3299 2397 3354 Sed
2443 3300 2543 3356 hoc
2588 3301 2707 3356 ideo
2748 3303 2948 3372 evenit,
2998 3307 3119 3375 quia
3163 3307 3229 3362 ad
3280 3324 3375 3364 vos
3426 3313 3602 3368 cordis

2030 3389 2243 3455 atl‘ectu,
2274 3405 2378 3445 non
2408 3391 2522 3461 ipsa
2552 3392 2864 3450 substantiae
2899 3412 3030 3451 mea:
3062 3400 3283 3455 veritate
3329 3405 3602 3470 pervenio.

2029 3481 2211 3551 Neque
2232 3484 2373 3538 enim
2400 3484 2451 3538 in
2477 3485 2589 3540 suis
2608 3487 2861 3555 motibus,
2880 3504 3014 3559 quos
3035 3507 3176 3546 nunc
3195 3496 3445 3564 Optimos,
3464 3512 3604 3553 nunc

2032 3575 2304 3642 pessimos
2335 3589 2454 3631 esse
2479 3577 2759 3643 sentimus,
2791 3579 2983 3635 animae
3012 3590 3208 3638 nostra:
3256 3594 3441 3641 natura
3476 3603 3603 3643 con-

2029 3664 2186 3719 sistit.
2214 3664 2347 3720 Nam
2368 3665 2413 3719 si
2438 3680 2531 3733 per
2551 3662 2899 3734 cogitationes
2920 3684 3045 3726 suas
3064 3682 3309 3730 constare
3335 3678 3598 3734 credenda

2030 3762 2131 3819 est,
2163 3768 2260 3808 cur
2297 3756 2373 3809 eis
2404 3755 2670 3811 interdum
2709 3763 3147 3817 evanescentibus
3187 3774 3346 3834 atque
3367 3782 3599 3837 pereun-

2032 3845 2173 3899 tibus
2201 3845 2316 3912 ipsa
2346 3845 2399 3899 in
2429 3848 2513 3900 sui
2559 3849 2740 3917 vigore
2783 3859 2942 3919 atque
2988 3852 3260 3909 alacritate
3307 3860 3602 3925 perdurat?

2031 3932 2252 3999 Quanta:
2281 3947 2409 4003 ergo
2437 3935 2490 3989 in
2522 3936 2674 3991 nobis
2704 3936 3147 4006 frequentissimae
3171 3946 3522 4012 cogitationes
3548 3960 3601 4005 et

2032 4039 2176 4080 curae
2205 4028 2365 4081 etiam
2396 4026 2679 4081 salubriter
2708 4030 3025 4098 moriuntur,
3056 4041 3111 4087 et
3139 4034 3259 4088 vitae
3284 4040 3453 4106 magis
3486 4048 3513 4077 υ
3539 4041 3602 4095 li-

2032 4115 2223 4172 bertati
2254 4117 2525 4173 interioris
2554 4122 2870 4187 operantur!
2921 4120 2977 4175 Si
3023 4122 3155 4191 ipsis
3184 4124 3359 4180 anima
3390 4139 3599 4185 consta~

2033 4218 2134 4276 ret,
2168 4210 2368 4280 absque
2412 4210 2573 4266 dubio
2598 4211 2729 4280 ipsis
2754 4222 2781 4261 Ρ
2812 4215 3155 4282 pereuntibus
3188 4232 3468 4288 superesse
3493 4236 3602 4279 non

2034 4308 2231 4370 posset.
2257 4298 2409 4356 Unde
2435 4300 2537 4355 hoc
2563 4302 2730 4371 magis
2750 4302 2862 4371 ipsa
2886 4305 3226 4363 conscientiis
3248 4310 3447 4366 nostris
3466 4312 3603 4368 ratio

2034 4392 2289 4461 loquitur,
2319 4392 2460 4461 quod
2486 4406 2815 4463 unaquaeque
2840 4396 3016 4450 anima
3042 4405 3133 4452 aut
3162 4400 3471 4471 multiplicia
3506 4418 3602 4460 co-

1957 4533 2012 4594 D
2033 4485 2193 4553 gitata
2222 4497 2400 4538 rerum
2425 4483 2602 4537 causis
2632 4484 2768 4539 intra
2798 4498 2857 4540 se
2883 4495 2910 4535 (ι
2935 4498 3190 4557 concepta
3213 4492 3491 4560 parturiat,
3515 4502 3607 4550 aut

2039 4586 2224 4594 _-______
2257 4587 2379 4594 μη,
2413 4572 2554 4594 ,,Α.,,.
2590 4574 2819 4594 μηλω
3080 4593 3089 4594 ,
3145 4586 3157 4594 .
3249 4579 3261 4591 ο
3306 4580 3318 4592 .
3357 4589 3366 4594 .
3437 4583 3447 4594 .
3543 4583 3580 4594 .-

2036 4586 2226 4630 semus
2254 4587 2381 4629 suos
2413 4572 2557 4628 velut
2586 4574 2825 4643 quaedam
2872 4575 3042 4631 ofﬁcia
3071 4586 3165 4632 aut
3192 4579 3483 4637 ministeria
3526 4583 3606 4638 di-

2036 4666 2208 4723 versis
2237 4663 2647 4721 necessitatibus
2691 4666 2999 4735 occupanda
3026 4669 3312 4739 dispergat,
3338 4673 3452 4740 ipsa
3477 4688 3606 4731 vero

2036 4756 2093 4812 in
2121 4756 2362 4813 conclavi
2385 4756 2628 4825 corporis
2654 4755 2736 4809 sui
2762 4756 2927 4811 semel
2955 4756 3023 4811 de
3050 4772 3115 4812 eo
3143 4760 3350 4816 exitura
3394 4763 3606 4832 requie-

2037 4857 2172 4907 scat.
2203 4846 2565 4915 Quamobrem
2591 4846 2813 4904 localem
2843 4862 2964 4905 esse
2985 4850 3178 4920 ipsam.
3207 4860 3265 4909 ut
3291 4853 3470 4911 denuo
3492 4856 3605 4913 sui-

2106 5003 2136 5075 1}
2162 5002 2410 5075 Μαι-εδδ,
2438 5002 2663 5075 e/fectus.

2114 5073 2131 5110 ί
2161 5073 2418 5145 Μετεθιεέ,
2450 5074 2865 5145 existimandum.

2106 5146 2121 5212 t
2159 5144 2405 5212 Margar.,
2438 5144 2600 5197 aliud.

2103 5211 2132 5283 ξι
2163 5211 2415 5283 Margar.,
2446 5215 2607 5283 magis
2632 5215 3012 5273 incordationis.

2110 5280 2129 5320 ι
2166 5280 2413 5353 Margar.,
2439 5280 2594 5336 simul
2623 5286 2838 5350 rapitur.

2106 5361 2145 5388 ω
2178 5353 2429 5421 Margar.,
2465 5354 2507 5406 si
2528 5367 2643 5406 vero
2670 5354 2798 5409 illic.

2107 5429 2135 5457 ιι
2164 5421 2416 5491 Margar.,
2448 5423 2738 5477 miscemur.

2108 5499 2131 5525 υ
2164 5491 2417 5563 Margar.,
2448 5491 2730 5563 libertatem
2756 5502 3041 5563 aperantur.

2104 5569 2132 5608 Ρ
2159 5560 2389 5631 Margar.
2424 5561 2645 5631 vitiose,
2676 5579 2765 5630 per
2786 5560 2974 5619 sevum.

2109 5630 2418 5709 qMa_rg_ar.,_
2455 5636 2706 5709 conceptis
2744 5636 3013 5709 parturiat,
3045 5644 3131 5709 aut
3172 5639 3405 5708 quadam
3449 5639 3609 5709 oﬂicia

2038 5710 2126 5753 aut
2172 5701 2450 5756 ministeria
2513 5701 2753 5758 diversis'
2785 5701 3611 5777 necessitatibus'ncrupata"dis-

2037 5778 2233 5839 perqat.
2450 5823 2452 5825 .
3281 5790 3286 5794 ”

3187 5871 3265 5930 27

2142 5932 2187 5948 ..ὲ
