4068 6348
493 265 594 322 845

1733 252 1786 306 S.
1832 245 2074 304 FAUSTI
2114 244 2517 302 RllEGIENSIS

3649 243 3757 298 844

494 375 676 432 ficiens
706 371 1035 441 proferamus
1062 367 1383 435 exemplum.
1419 363 1602 416 Nonne
1644 361 1818 414 anima
1850 358 2054 422 Lazari,
2086 357 2140 419 A
2163 371 2357 426 corpus
2388 374 2492 413 non
2545 357 2702 413 habet
2750 357 2836 411 ubi
2885 356 3159 415 inhaerere,
3186 364 3480 421 concretio,
3515 356 3605 410 ubi
3637 357 3767 415 haec

496 476 744 527 manente
779 466 923 527 wita,
963 463 1101 515 intra
1151 470 1344 527 corpus
1387 454 1521 517 fuit;
1573 453 1856 508 secedente
1884 458 2061 505 autem

495 562 602 616 vita
630 561 696 614 de
723 553 1025 611 habitaculo
1070 546 1309 619 corporis
1358 546 1638 609 exsulavit,
1671 554 1721 599 et
1752 557 1959 597 rursum
2010 542 2065 595 in

495 651 796 709 exanimum
838 646 1013 700 refusa
1059 656 1275 710 corpus,
1311 640 1401 693 illo
1430 638 1567 692 unde
1613 651 1671 691 se
1699 636 2066 689 absentavorat

493 750 713 800 evocata
752 736 1042 793 remeavit?
1082 734 1231 787 Tunc
1278 747 1393 785 eam
1444 738 1693 796 tanquam
1735 739 1801 780 ex
1849 721 2066 791 hospitii

495 832 819 889 habitatione
836 827 1128 896 depulsam,
1148 834 1201 878 et
1225 836 1433 877 rursum
1454 823 1591 873 inter
1615 816 1903 885 hospitium
1928 813 2067 867 unde

494 928 866 981 absentaverat
894 921 1188 975 restitutam
1237 916 1412 978 vides;
1446 923 1496 967 et
1542 910 1766 965 localem
1815 922 1919 962 non
1950 920 2068 961 esse

495 1020 806 1075 contendis?
838 1018 931 1072 sed
956 1016 1080 1084 quid
1108 1028 1205 1080 ego
1237 1014 1351 1065 haec
1380 1011 1447 1064 de
1492 1004 1822 1075 corruptibili
1853 1002 2068 1055 homine

497 1116 723 1186 loquar?
764 1114 895 1168 Cum
948 1111 1036 1164 ille
1083 1109 1231 1175 cujus
1275 1121 1399 1159 caro
1450 1120 1551 1186 non
1596 1101 1728 1154 vidit
1773 1094 2069 1163 corruptio-

496 1184 640 1277 nem,
675 1205 1063 1261 immaculatum
1097 1200 1307 1269 quidem
1338 1184 1565 1250 animam
1611 1189 1929 1260 possederit,
1976 1184 2067 1238 sed

497 1302 741 1361 localem,
769 1310 926 1365 quam
960 1294 1139 1359 utique
1168 1292 1303 1342 intra
1327 1302 1386 1340 se
1418 1284 1617 1347 habuit,
1646 1280 1857 1350 quando
1877 1277 2070 1329 affixus

498 1404 579 1448 est
611 1394 660 1445 iu
694 1389 948 1459 patibulo,
985 1394 1132 1437 extra
1160 1398 1216 1435 se
1248 1381 1430 1449 procul
1455 1379 1613 1432 dubio
1636 1374 1834 1435 emisit,
1860 1367 2071 1440 quando

496 1486 659 1556 jacuit
690 1486 738 1534 in
765 1480 1045 1547 sepulcro:
1080 1473 1346 1542 quomodo
1396 1486 1500 1525 non
1531 1478 1614 1522 est
1659 1464 1861 1528 localis,
1913 1474 2069 1529 quam

500 1554 622 1631 caro
650 1572 905 1630 continet,
934 1568 1204 1635 conjungit
1226 1566 1352 1630 vita,
1384 1578 1525 1615 mors
1554 1568 1763 1627 separat
1785 1556 1806 1608 ?
1829 1554 1977 1621 Quod
2003 1554 2068 1618 si,

498 1676 556 1719 ut
586 1664 737 1725 dicis,
770 1660 990 1714 localem
1022 1657 1391 1710 necessitatem
1419 1653 1715 1705 animarqu
1748 1656 1933 1700 natura
1965 1657 2069 1697 non

499 1766 524 1794 ει
548 1755 767 1821 recepit,
803 1767 905 1804 non
938 1749 1128 1802 desunt
1173 1760 1298 1814 ergo
1336 1752 1389 1798 et
1433 1744 1501 1796 de
1552 1741 1767 1809 regione
1813 1734 2065 1805 paradisi,
2100 1717 2146 1777 Β

497 1846 601 1899 illa:
633 1856 753 1911 quae
785 1853 999 1911 carcere
1025 1837 1343 1891 clauduntur
1373 1831 1611 1887 inferni?
1642 1830 1758 1895 Dic,
1790 1841 1991 1897 quaeso,
2025 1824 2069 1878 si

497 1936 695 1991 locales
716 1948 818 1986 non
851 1940 990 1993 sunt,
1019 1928 1286 1998 quomodo
1315 1933 1621 1994 peccatores
1643 1936 1669 1973 a
1700 1920 1924 1975 coetibus
1944 1933 2071 1972 con-

497 2028 785 2096 sortiisque
814 2026 1077 2093 justorum
1105 2023 1305 2101 justum
1354 2018 1480 2071 illud
1528 2016 1693 2070 chaos
1727 2014 1862 2067 tristi
1907 2012 2071 2065 inter-

495 2122 725 2191 iectione
753 2117 1099 2180 discriminat,
1129 2124 1186 2168 ut
1226 2126 1397 2181 neque
1429 2109 1552 2163 hinc
1581 2108 1705 2162 illuc
1734 2106 1939 2175 possint
1980 2116 2069 2156 ac-

495 2214 705 2279 cedere,
740 2223 910 2279 neque
962 2208 1084 2262 inde
1113 2207 1219 2260 huc
1262 2201 1626 2258 transmeare?
1655 2199 1770 2254 Jam
1804 2195 1930 2251 illud
1961 2209 2073 2248 ma-

496 2305 896 2360 nifestissimum
927 2311 1032 2365 cst,
1055 2298 1194 2370 quod
1226 2297 1519 2368 quantitate
1539 2292 2067 2354 circumscribantur,

495 2411 614 2466 quae
644 2395 830 2463 Spatiis
864 2392 1225 2446 continentur.
1274 2388 1337 2442 Si
1363 2386 1624 2456 agnovisti
1653 2384 1884 2438 animam
1931 2382 2072 2435 loca-

492 2488 622 2551 lem,
657 2484 890 2539 concede
918 2494 1252 2549 corpoream.
1279 2478 1373 2532 Dic
1401 2476 1528 2531 mihi
1552 2490 1690 2529 anne
1721 2475 1828 2542 ipsa
1851 2471 2090 2542 gloriosi

494 2576 671 2630 anima
703 2573 1075 2640 Redemptoris
1104 2567 1273 2623 nostri
1304 2566 1517 2635 reliquit
1556 2564 1830 2629 mundum,
1858 2562 2070 2633 quando

494 2664 809 2721 conscendit
834 2664 898 2717 ad
926 2662 1159 2717 coelum?

566 2742 881 2827 Ego'autem
911 2770 979 2809 ne
1010 2754 1227 2824 angelos
1256 2752 1467 2822 quidem
1497 2751 1691 2807 locales
1719 2766 1839 2805 esse
1864 2750 2071 2805 dubita-

494 2851 681 2914 verim,
712 2862 845 2917 quos
885 2857 1092 2902 certum
1139 2860 1281 2899 nunc
1326 2846 1381 2898 in
1429 2844 1737 2899 coelestibus
1779 2842 2066 2906 contineri,

493 2956 636 2996 nunc
677 2956 771 3009 per
819 2939 955 2995 aeris
1002 2954 1230 2995 vacuum
1278 2936 1429 3003 ferri,
1458 2952 1598 2991 nunc
1643 2937 1707 2991 ad
1749 2946 1959 2991 terrena
1991 2935 2070 2989 di-

493 3032 663 3095 mitti;
694 3045 826 3101 quos
848 3045 1028 3085 sermo
1051 3030 1266 3084 divinus
1288 3029 1634 3083 ascendentes
1657 3037 1708 3082 ct
1737 3027 2067 3083 descenden-

491 3131 574 3177 tes
600 3123 650 3175 in
676 3121 991 3189 patriarcha:
1019 3120 1224 3175 visione
1267 3120 1540 3185 describit,
1574 3120 1755 3188 utique
1796 3118 1840 3172 si
1874 3118 2069 3173 locales
2094 3091 2140 3154 (ἶ

491 3228 597 3268 non
628 3224 809 3268 essent
838 3221 891 3267 et
916 3212 1110 3279 ubique
1133 3219 1313 3266 essent
1356 3211 1544 3265 adesse
1589 3220 1749 3281 atque
1794 3211 2067 3266 discedere

490 3315 714 3357 ascensu
744 3304 1111 3370 descensuque
1142 3316 1247 3355 non
1300 3311 1535 3370 possent.
1568 3301 1685 3371 Ipse
1729 3302 2070 3359 beatissimus

492 3393 729 3458 Gabriel,
762 3394 848 3463 qui
882 3408 939 3447 se
975 3399 1099 3448 ante
1143 3393 1421 3446 Dominum
1463 3401 1639 3449 astare
1671 3397 1914 3458 testatur,
1947 3410 2067 3449 cum

491 3486 747 3542 caelorum
792 3487 1073 3541 Dominum
1124 3487 1304 3541 Mariae
1350 3487 1732 3543 infundendum
1776 3489 2069 3544 visceribus

488 3577 781 3645 nuntiaret,
828 3592 1054 3647 cumque
1103 3578 1201 3634 sub
1245 3578 1537 3634 Dominicte
1590 3580 1755 3635 oculis
1800 3582 2071 3651 genitricis

490 3670 785 3733 assisteret,
820 3669 936 3724 sine
962 3668 1124 3724 dubio
1151 3669 1288 3725 coelo
1310 3668 1338 3707 δ
1366 3678 1501 3737 erat,
1546 3671 1715 3726 maria
1750 3687 1857 3727 non
1887 3687 2071 3743 super-

491 3761 722 3827 volabat,
755 3775 918 3815 vacua
951 3770 1108 3831 atque
1154 3761 1351 3817 diffusa
1383 3764 1518 3818 vasti
1562 3766 1698 3819 aeris
1730 3781 1834 3820 non
1882 3765 2071 3836 imple-

490 3850 606 3919 bat,
638 3852 731 3907 sed
758 3852 907 3906 illum
936 3859 1139 3907 tantum
1168 3853 1342 3907 locum
1368 3852 1421 3907 in
1453 3869 1555 3921 quo
1580 3862 1717 3923 erat,
1748 3857 2060 3923 occupabat.

495 3954 515 3981 ε
549 3942 679 4008 Qua:
708 3957 828 3997 cum
860 3942 929 3995 ita
962 3942 1088 4009 sint,
1120 3941 1375 4012 quidquid
1407 3944 1580 3997 locum
1612 3955 1855 4014 occupat,
1874 3960 2067 4015 corpus

486 4040 593 4097 ’eSt,
626 4035 806 4088 nescio
834 4034 1102 4103 quomodo
1132 4033 1286 4088 locali
1322 4034 1438 4103 lege
1465 4050 1570 4089 non
1598 4043 1858 4101 teneatur,
1889 4038 1976 4107 qui
2003 4038 2070 4093 de

486 4121 608 4179 loco
640 4124 705 4178 ad
732 4125 907 4180 locum
938 4125 1180 4187 mittitur,
1212 4132 1265 4178 et
1294 4123 1435 4178 v'elut
1479 4140 1672 4193 corpus
1702 4136 1848 4182 motu
1890 4142 2071 4183 acces-

486 4228 660 4284 suque
688 4216 1027 4277 transfertur,
1058 4215 1198 4268 mole
1226 4215 1524 4281 descendit,
1549 4218 1843 4274 mobilitate
1863 4219 2069 4275 discur-

487 4307 582 4369 rit,
611 4305 775 4369 vadit,
801 4304 961 4369 redit,
986 4304 1251 4365 absentat,
1279 4303 1575 4361 descendit.
1603 4308 1699 4363 Vel
1742 4310 1850 4376 illc,
1882 4312 2065 4376 credo,

488 4393 677 4446 localis
718 4403 822 4456 est,
857 4406 956 4446 nec
984 4407 1041 4445 se
1073 4394 1245 4446 solum
1275 4394 1493 4449 localem
1524 4410 1643 4451 esse
1688 4399 1944 4466 prodidit,
1978 4402 2068 4470 qui

2168 449 2283 518 ipsa
2308 450 2487 503 nescio
2507 464 2623 518 qua:
2652 449 2904 518 colligere
2934 463 2993 505 se
3022 450 3195 519 potuit
3233 449 3554 516 crassitudo,
3580 450 3627 504 si
3668 464 3764 507 se-

2168 557 2287 597 cum
2318 541 2512 611 aliquid
2549 543 2829 611 corporale
2856 543 2922 597 de
2948 542 3036 596 illa
3081 543 3286 598 caelesti
3317 558 3439 598 arce
3461 558 3568 597 non
3599 544 3760 601 detu-

2168 633 2261 687 lit?
2286 633 2551 698 Alienum,
2583 642 2639 687 ut
2676 633 2852 699 video,
2885 648 3079 702 corpus
3106 634 3173 688 ad
3217 642 3539 689 tormentqu
3575 646 3767 705 porta-

2169 724 2272 780 bis.
2303 724 2508 793 Corpus
2536 724 2713 794 itaque
2743 740 2865 780 esse
2889 726 3047 779 etiam
3072 741 3140 780 ex
3161 740 3255 781 sua
3282 714 3582 782 assertione
3604 743 3763 783 reco-
3802 724 3807 729 ’

2168 833 2382 890 gnosce.
2416 821 2623 889 Corpus
2652 829 2734 874 est
2763 819 2901 890 quod
2942 820 3193 882 inficitur,
3245 820 3386 889 quod
3433 820 3757 886 maculatur,

2170 910 2311 979 quod
2341 925 2654 981 quacunque
2699 925 2765 965 ex
2808 910 3080 965 accedenti
3115 910 3417 979 adjectione
3445 908 3473 949 ἀ
3504 913 3759 981 vertitur.

2171 1000 2267 1056 Hic
2288 1015 2415 1071 ergo
2445 1001 2642 1055 dudum
2674 1002 3059 1071 primogenitus
3089 1001 3417 1071 angelorum,
3466 1018 3607 1059 nunc
3648 1003 3760 1074 pri-

2172 1109 2290 1148 mus
2312 1093 2479 1148 factus
2506 1103 2589 1148 est
2616 1103 2639 1130 ε
2667 1095 3027 1158 tenebrarum,
3057 1101 3111 1148 et
3138 1094 3292 1164 quasi
3318 1108 3611 1164 corporeus
3639 1095 3760 1164 pul—

2173 1184 2302 1240 cher
2344 1194 2467 1239 ante
2495 1200 2635 1240 nunc
2664 1185 2928 1253 degener;
2977 1184 3176 1239 dudum
3219 1185 3427 1241 caelesti
3467 1186 3763 1255 splendore

2172 1277 2509 1353 conspicuus,
2544 1292 2683 1332 nunc
2712 1285 2850 1332 tetro
2880 1277 3155 1331 infernalis
3180 1279 3378 1345 peccati
3410 1278 3634 1333 horrore
3658 1278 3758 1333 fm-

2172 1368 2348 1425 datus.
2381 1367 2583 1438 Corpus
2608 1370 2819 1437 inquam
2850 1378 2931 1424 est
2957 1368 3095 1437 quod
3131 1368 3308 1435 habet,
3338 1370 3547 1424 actione
3567 1368 3759 1439 depcl-

2176 1464 2322 1532 litur,
2354 1463 2648 1533 quantitate
2698 1463 3168 1526 circumscribitur,
3204 1465 3459 1531 qualitate
3496 1472 3761 1530 mutatur,

2174 1554 2362 1608 dolore
2387 1554 2666 1608 conficitur
2693 1571 2703 1604 ε
2730 1569 2847 1623 qua:
2875 1568 2995 1608 cum
3026 1554 3096 1607 ita
3125 1554 3374 1617 habeant,
3405 1554 3537 1622 quin
3565 1568 3762 1626 corpo-

2176 1647 2529 1701 reumdicunt
2557 1646 2835 1701 animum?
2868 1645 2999 1700 Vide
3031 1645 3084 1700 in
3131 1660 3288 1716 quam
3338 1645 3662 1715 profundum
3703 1661 3761 1701 se

2174 1739 2375 1794 crimen
2409 1738 2747 1807 immergant.
2776 1738 2892 1792 Jatn
2923 1738 3152 1808 primum
3182 1752 3303 1793 cum
3331 1748 3517 1793 auctor
3547 1740 3760 1794 univer-

2176 1833 2349 1887 sitatis
2382 1832 2517 1886 Deus
2545 1832 2722 1885 omnia
2749 1832 2800 1885 in
2826 1846 3044 1886 numero
3065 1841 3119 1886 et
3138 1830 3376 1900 pondere
3404 1821 3597 1887 fecisse
3618 1831 3761 1888 refe-

2175 1934 2341 1977 ratur.
2377 1923 2511 1992 Ergo
2540 1922 2715 1977 anima
2746 1939 2775 1977 a
2805 1923 3025 1977 materia
3068 1923 3329 1978 universa:
3368 1934 3634 1979 creatura:
3662 1940 3756 1980 ex-

2174 2023 2325 2083 cepta
2355 2029 2474 2068 esse
2501 2014 2734 2067 creditur
2766 2032 2775 2065 :
2805 2028 2923 2083 quae
2950 2028 3058 2069 non
3083 2022 3165 2068 est
3194 2028 3478 2083 corporea,
3506 2031 3605 2069 nec
3624 2016 3757 2071 loca-

2175 2105 2240 2159 lis
2270 2113 2369 2169 est,
2397 2105 2441 2158 si
2469 2106 2586 2159 loco
2615 2121 2721 2158 non
2759 2106 3081 2170 continetur,
3114 2119 3241 2175 ergo
3271 2106 3467 2176 ubique
3508 2107 3754 2163 diffundi-

2176 2203 2302 2252 tur:
2328 2197 2503 2252 omnia
2531 2196 3009 2264 intrare,'implere
3039 2203 3093 2249 et
3130 2196 3325 2266 ubique
3368 2210 3605 2267 praesens
3637 2215 3759 2254 esse

2176 2287 2388 2354 dicitur,
2434 2302 2495 2341 ac
2539 2289 2614 2341 sic
2660 2287 2890 2342 creatori
2930 2301 3027 2341 suo
3062 2298 3304 2342 creatura
3352 2289 3675 2357 sociaretur,
3704 2300 3757 2346 et

2176 2379 2431 2449 fragilitas
2462 2378 2665 2433 auctori
2695 2392 2791 2433 suo
2821 2393 2928 2431 non
2961 2377 3071 2447 jam
3114 2392 3201 2433 res
3226 2377 3340 2445 Dei,
3370 2380 3465 2434 sed
3512 2395 3632 2449 pars
3662 2380 3754 2437 Dei

2175 2471 2488 2527 aestimanda
2514 2471 2772 2541 jungitur.
2809 2470 2940 2525 Vide
2970 2486 3075 2539 quo
3103 2478 3400 2526 assertores
3428 2486 3556 2527 suos
3596 2473 3755 2530 ducat

2175 2565 2267 2620 alti
2297 2580 2391 2635 per
2417 2565 2599 2634 lapsus
2625 2563 2845 2619 erroris.
2876 2562 3136 2633 Equidem
3166 2564 3319 2618 nobis
3349 2578 3412 2618 ea
3439 2580 3561 2635 qua:
3595 2581 3755 2634 supra

2175 2674 2273 2715 nos
2306 2668 2446 2724 sunt,
2482 2658 2767 2712 invisibilia
2792 2665 2953 2722 sunt;
2984 2656 3078 2711 sed
3110 2657 3288 2711 omnia
3312 2657 3420 2724 illa,
3446 2659 3588 2735 sicut
3608 2674 3754 2714 com-

2174 2750 2571 2822 prehensibilia’,
2601 2752 2669 2804 ita
2695 2759 2747 2806 et
2773 2764 3032 2819 corporea
3060 2757 3206 2811 sunt,
3233 2750 3322 2818 qui
3349 2764 3420 2805 ex
3448 2749 3614 2807 nihilo
3632 2750 3755 2806 fecit

2174 2844 2373 2910 omnia,
2403 2858 2521 2911 quae
2549 2841 2687 2896 sicut
2717 2856 2879 2911 opere
2908 2840 3156 2906 instituit,
3182 2842 3253 2896 ita
3284 2850 3338 2897 et
3385 2842 3605 2897 materia
3633 2858 3754 2899 cor-

2174 2935 2400 3004 poravit,
2432 2941 2485 2988 et
2510 2933 2671 2988 rebus
2703 2933 2973 2998 omnibus,
3004 2933 3144 2988 inter
3172 2947 3302 3003 quas
3330 2942 3386 2989 et
3421 2935 3597 2990 anima
3626 2948 3755 2990 cen-

2173 3036 2341 3093 setur,
2373 3028 2508 3083 sicut
2539 3024 2811 3080 distribuit
2834 3024 3045 3095 pondus
3074 3033 3127 3079 et
3154 3038 3452 3090 numerum,
3486 3025 3557 3079 ita
3583 3034 3638 3081 et
3659 3040 3754 3096 po-

2173 3118 2280 3173 suit
2324 3117 2623 3187 qualitates.
2674 3116 2817 3170 Inter
2862 3115 2976 3169 ha:c
3025 3115 3069 3169 si
3118 3114 3280 3183 forte,
3312 3123 3369 3169 ut
3411 3114 3613 3170 dictum
3644 3126 3753 3181 eat,

2175 3211 2520 3267 asserendum
2551 3210 2741 3280 aliquis
2774 3217 2938 3278 putet,
2974 3208 3115 3278 quod
3144 3208 3229 3262 illa
3258 3208 3512 3278 angelicae
3541 3208 3753 3264 subtilis

2175 3314 2256 3361 tas
2277 3314 2482 3359 naturae
2502 3303 2728 3373 quadam
2751 3302 3069 3371 contagione
3090 3302 3233 3356 aeris
3250 3300 3407 3370 hujus
3423 3301 3758 3357 admixtione

2174 3397 2419 3463 collecta,
2451 3396 2676 3449 ﬂammis
2728 3392 3032 3449 inveniatur
3078 3392 3333 3459 obnoxia,
3374 3407 3502 3463 ergo
3535 3393 3589 3447 in
3629 3407 3757 3450 aere

2175 3489 2314 3553 solo,
2342 3497 2499 3557 prout
2543 3488 2635 3554 ait,
2665 3486 2710 3541 si
2740 3481 2957 3541 aereum
2987 3493 3089 3552 est,
3117 3485 3257 3554 quod
3288 3484 3519 3552 ardebit,
3566 3501 3674 3540 non
3702 3486 3756 3539 in

2176 3579 2288 3648 illo,
2319 3579 2413 3634 sed
2442 3586 2590 3634 extra
2621 3578 2767 3632 illum
2796 3591 2952 3645 paena
2979 3576 3285 3642 desaeviret,
3315 3575 3409 3631 sed
3438 3576 3640 3647 absque
3661 3577 3759 3633 du—

2174 3672 2263 3728 bio
2291 3687 2395 3727 non
2425 3670 2564 3724 aliud
2596 3677 2676 3724 est
2701 3683 2860 3739 quam
2907 3667 3202 3723 substantia
3232 3667 3499 3736 corporis,
3529 3667 3615 3721 ubi
3660 3667 3759 3721 do-

2177 3763 2367 3819 minari
2400 3761 2597 3833 poterit
2625 3761 2705 3815 vis
2728 3759 2945 3815 doloris.
2963 3758 3097 3813 Vide
3118 3771 3221 3828 quo
3242 3756 3423 3813 tendat
3439 3756 3760 3828 imprudens

2174 3863 2228 3909 et
2257 3854 2503 3922 imperita
2536 3850 2837 3920 persuasio,
2870 3848 2960 3919 qui
2990 3849 3363 3917 incorporeum
3412 3848 3667 3918 loquitur,
3705 3856 3760 3904 et

2170 3947 2279 4017 jam
2310 3942 2903 4014 incomprehensibilem
2949 3941 3234 3997 confitetur
3262 3957 3277 3995 :
3334 3955 3399 3995 ac
3426 3940 3505 3995 sic
3534 3941 3757 3996 condito

2174 4039 2391 4095 ascribit
2414 4039 2583 4107 operi,
2611 4034 2751 4106 quod
2778 4034 2878 4089 soli
2902 4032 3161 4102 competit
3183 4031 3482 4097 conditori;
3511 4046 3574 4085 ac
3595 4032 3757 4087 rebus

2173 4129 2365 4184 creatis
2391 4126 2747 4182 communicat
2774 4123 3049 4194 privilegia
3099 4122 3411 4192 majestatis,
3444 4131 3500 4176 et
3544 4121 3756 4181 indebi-

2173 4229 2280 4274 tam
2310 4227 2568 4273 creaturae
2598 4218 2886 4287 potentiam
2941 4229 3109 4286 usque
3137 4214 3203 4268 ad
3253 4213 3471 4268 factoris
3516 4213 3755 4269 extendit

2173 4308 2441 4378 injuriam.
2475 4306 2529 4362 Si
2578 4306 2713 4360 bene
2742 4306 3072 4375 requiramus
3110 4303 3176 4357 ad
3204 4317 3336 4372 quos
3365 4318 3549 4358 rerum
3578 4302 3754 4359 exitus

2173 4399 2409 4453 animum
2441 4397 2662 4465 referas,
2698 4397 2813 4451 htec
2844 4397 2927 4451 vel
2960 4396 3190 4450 maxime
3219 4395 3490 4449 diabolum
3520 4394 3752 4451 crudeli-

480 4492 669 4534 secum
700 4483 906 4533 tertiam
936 4492 1140 4550 partem
1181 4485 1454 4539 stellarum
1486 4500 1548 4541 ex
1591 4488 1697 4542 alto
1728 4492 2068 4559 proturbatus
2098 4463 2147 4522 θ
2174 4500 2253 4545 tas
2280 4507 2343 4546 ex
2394 4491 2481 4546 illa
2533 4463 2703 4545 beatae
2732 4490 2873 4545 sedis
2919 4491 3149 4544 statione
3172 4488 3424 4559 devolvit,
3450 4498 3503 4544 et
3531 4502 3752 4561 propter

484 4569 770 4623 abstraxit.
801 4571 895 4625 Dic
925 4572 1053 4625 mihi
1081 4577 1124 4627 si
1170 4588 1362 4643 corpus
1406 4591 1510 4630 non
1544 4576 1723 4645 habet,
1758 4582 1811 4635 in
1857 4582 1946 4638 illa
1976 4583 2069 4639 de-

482 4658 714 4727 jectione
741 4662 830 4729 qui
852 4661 1085 4716 decidit?
1108 4664 1233 4732 quid
1262 4665 1339 4719 illi
1364 4679 1527 4736 negas
1548 4671 1884 4738 corporalem
1914 4684 2066 4729 natu-

481 4761 623 4813 ram,
651 4750 800 4819 cujus
832 4766 1027 4821 negare
1056 4770 1159 4809 non
1191 4754 1354 4810 audes
1377 4758 1624 4813 ruinam?
1656 4760 1720 4815 Et
1742 4761 1808 4827 si,
1833 4772 1891 4817 ut
1911 4765 2062 4831 dicis,

482 4849 677 4909 corpus
725 4856 832 4895 non
878 4843 1055 4910 habet,
1108 4860 1215 4900 non
1260 4847 1508 4915 ardebit;
1536 4851 1628 4905 ubi
1674 4860 1849 4908 autem
1878 4856 1979 4909 nisi
2009 4857 2064 4911 in

481 4943 712 5000 corpore
740 4934 932 4989 sentiet
961 4936 1137 5004 ignem
1168 4937 1337 5003 illum,
1372 4940 1460 5007 qui
1492 4949 1708 5009 paratus
1740 4954 1823 4999 est
1846 4946 2061 5002 diabolo

478 5028 535 5076 et
556 5023 757 5091 angelis
784 5024 931 5091 ejus?
959 5024 1074 5078 Jam
1106 5026 1232 5080 illud
1263 5026 1368 5082 dici
1393 5028 1715 5097 superﬂuum
1743 5045 1891 5104 puto,
1914 5036 2061 5091 illum

478 5110 536 5165 in
559 5113 697 5168 aeris
719 5115 871 5169 istius
891 5119 1299 5173 conversatione
1329 5122 1618 5189 quamdam
1650 5129 2059 5185 crassitudinem

484 5200 554 5255 de
594 5203 977 5261 elementorum
1025 5208 1366 5263 concretione
1421 5214 1667 5270 traxisse.
1718 5216 1813 5273 Dic
1855 5219 1985 5275 mihi
2014 5222 2057 5275 si

549 5387 577 5455 ξι
605 5377 852 5455 biargar.,
876 5386 1101 5455 respicit.

544 5444 575 5485 δ
605 5444 853 5519 Margar.,
885 5444 1075 5509 deerat.

475 5518 853 5645 Μίῗιίξξιίξξέἓᾷν
890 5522 1013 5587 θυαε
1042 5542 1155 5587 Cum
1181 5530 1253 5585 ita
1288 5532 1406 5601 sint,
1430 5537 1517 5607 qui
1543 5538 1610 5595 de
1641 5540 1752 5599 loco
1781 5544 1849 5599 ad
1878 5545 2043 5599 locum

700 5631 713 5654 ’
739 5629 842 5645 νον.

546 5652 575 5693 δ
602 5652 1112 5747 Μδιππιίυξιὸσιαν.

2171 4582 2273 4637 hoc
2294 4582 2467 4651 angeli
2498 4580 2727 4650 perdidit
2770 4581 3104 4649 dignitatem,
3133 4580 3257 4634 dum
3309 4592 3367 4634 se
3406 4578 3500 4633 Dei
3546 4593 3750 4649 pracsu-

2170 4674 2265 4729 mit
2296 4673 2492 4727 habere
2523 4673 2785 4726 naturam.
2818 4670 2836 4709 ί
2864 4671 3010 4726 Unus
3054 4685 3178 4740 ergo
3207 4672 3343 4724 Deus
3370 4669 3743 4738 incorporeus,

2166 4766 2291 4837 quia
2335 4774 2386 4819 et
2414 4765 2988 4837 incomprehensibilis,
3039 4772 3091 4819 et
3137 4764 3331 4833 ubique
3376 4762 3640 4829 diffusus;
3679 4777 3745 4817 ex

2169 4856 2369 4936 n'ullius
2433 4857 2574 4911 enim
2622 4856 2841 4911 facturae
2902 4869 3127 4925 corpore
3186 4854 3461 4910 materiale
3517 4857 3746 4924 sumpsit

2171 4951 2469 5007 exordium.
2501 4950 2567 5005 Et
2595 4950 2716 5006 ideo
2756 4959 3057 5009 cozeternus
3084 4949 3249 5005 Filius
3277 4950 3453 5015 Patri,
3504 4949 3631 5018 quia
3676 4962 3741 5002 ex

2164 5042 2311 5097 nullo
2339 5056 2500 5111 opere
2531 5042 2795 5107 conditus,
2842 5041 3110 5111 nullisque
3157 5040 3318 5095 initiis
3343 5039 3740 5096 circumscribi-

2165 5140 2285 5196 tur;
2317 5146 2479 5200 super
2508 5133 2686 5186 omnia
2729 5146 2847 5202 quaz
2892 5130 3053 5201 ﬁgulo
3086 5145 3184 5187 suo
3234 5128 3739 5201 comprehensibilia

2163 5232 2322 5294 atque
2366 5238 2622 5294 corporea
2650 5224 2789 5281 intra
2832 5223 3087 5280 mundum
3132 5237 3328 5293 corpus
3373 5230 3630 5294 operatus
3656 5230 3739 5277 est

2234 5415 2257 5476 ς
2289 5406 2372 5460 Ab
2401 5406 2503 5460 hoc
2530 5406 2694 5462 verbo
2716 5421 2835 5476 quae
2863 5417 3155 5476 sequuntur
3184 5425 3287 5466 non
3310 5420 3434 5465 sunt
3462 5411 3517 5463 in
3538 5423 3743 5465 excuso

2159 5475 2342 5548 codice
2372 5477 2653 5546 Margarini
2685 5475 2852 5548 usque
2884 5475 2957 5534 ad
2978 5480 3068 5535 illa
3112 5481 3273 5537 verba
3328 5481 3381 5536 in
3411 5479 3517 5537 fine
3543 5496 3557 5533 :
3590 5478 3739 5535 Unus

2155 5562 2275 5617 ergo
2290 5545 2461 5617 petis.

2158 5614 2399 5744 3.1;“ch
2421 5631 2587 5687 usque
2615 5630 2717 5677 ms.
2748 5620 2917 5688 codex
2960 5620 3144 5688 habuit
3186 5634 3248 5682 ea
3279 5634 3400 5694 qua:
3437 5621 3496 5683 iu
3520 5620 3745 5695 vulgato
