4068 6348
310 243 411 301 845

1768 202 2145 295 Ειηετοιηιε.

3467 254 3575 316 846

309 358 622 424 incorporea
651 363 933 425 majestate
979 353 1311 413 diﬁ‘unditur.
1364 351 1441 406 Ex
1474 351 1713 421 ingenito
1739 348 1890 441 geni-
1915 349 1971 410 Α
1999 348 2062 405 Ει
2105 366 2172 407 ne
2214 368 2365 423 spem
2414 366 2650 415 nostram
2691 360 2743 416 in
2788 362 2900 419 sola
2946 363 3067 421 ﬁdei
3112 375 3261 436 parte
3290 384 3570 441 ponamus,

308 458 409 513 tus,
447 448 496 502 id
524 457 627 515 est,
655 464 721 504 ex
743 448 924 520 Patre,
958 453 1049 507 sed
1076 465 1289 520 semper
1315 463 1435 504 cum
1469 446 1627 501 Patre
1654 444 1737 499 his
1768 440 1886 512 quae

1992 443 2065 499 ita
2114 447 2377 503 conclusit
2416 463 2431 502 :
2480 450 2627 508 Sicut
2669 470 2850 525 corpus
2908 460 3016 513 sine
3074 463 3255 529 spiritu
3314 446 3574 521 mortuum

304 540 557 595 excitavit
586 556 649 595 ex
684 541 878 611 nihilo,
910 542 1193 601 indiscreta
1234 542 1403 598 saneti
1444 540 1676 611 Spiritus
1717 538 1886 594 socie-
1990 545 2085 604 est,
2115 538 2186 591 ita
2222 546 2270 592 et
2316 540 2441 607 ﬁdes
2488 544 2597 597 sine
2632 546 2863 609 aperibus
2910 558 3111 603 mortua
3150 563 3241 617 est,
3290 553 3407 610 sine
3458 558 3577 626 qui-

304 641 410 687 tate
443 630 767 688 dominatur.
798 636 993 689 Amen.

843 725 1175 781 EPISTOLA
1213 724 1280 779 ιν
1313 734 1360 777 ει.

310 828 496 871 ηυετι
524 831 832 872 ωιεδιειςειε
858 832 1157 877 GALLIARUM
1186 832 1440 884 EPISCOPI,
1463 834 1529 871 Ai)
1559 829 1890 871 BENEDIC'IUI

933 904 1195 943 ιιΔιιιιΝωι
1223 888 1271 941 b.
1725 917 1736 924 -

380 999 710 1055 Admiranda
736 999 866 1055 mihi
894 1016 1107 1071 semper
1136 1011 1347 1056 tuarum
1381 1002 1571 1071 pagina
1593 1000 1890 1054 litterarum

308 1106 448 1147 nunc
476 1092 833 1148 abundantius
860 1095 1071 1163 gemina
1114 1095 1311 1164 eloquii
1338 1103 1393 1151 et
1432 1093 1554 1149 ﬁdei
1596 1094 1711 1148 luce
1757 1107 1893 1162 prte-

308 1182 473 1251 fulsit,
502 1183 627 1238 dum
677 1200 838 1255 super
886 1193 1030 1241 statu
1076 1188 1269 1241 animae
1317 1197 1338 1224 ε
1370 1187 1610 1256 cogitans
1638 1227 1653 1249 ,
1702 1185 1892 1241 timore

307 1274 537 1332 sollicito
577 1276 775 1345 judicia
827 1277 1004 1332 futura
1051 1279 1306 1348 suspirat.
1356 1279 1443 1334 Ait
1489 1278 1718 1348 quodam
1772 1277 1891 1331 loco

308 1381 489 1424 sermo
516 1368 726 1425 divinus
754 1385 768 1421 :
799 1369 963 1426 Recte
986 1370 1339 1441 interroganti
1370 1370 1630 1439 sapientia
1675 1377 1891 1438 reputa-

308 1461 470 1518 bitur.
505 1463 757 1529 Quaedam
789 1464 931 1519 enim
961 1465 1199 1520 scientia:
1245 1466 1419 1533 portio
1448 1472 1552 1530 est,
1584 1465 1722 1518 seire
1753 1462 1891 1531 quod

307 1558 504 1621 nescis,
533 1564 586 1611 et
610 1571 672 1611 ea
698 1572 815 1626 quae
838 1557 1148 1625 ignoranter
1170 1571 1274 1611 non
1303 1555 1576 1624 intelligis,
1602 1555 1894 1625 prudenter

309 1646 599 1718 inquirere.
655 1647 832 1703 Primo
864 1649 982 1704 loco
1033 1649 1407 1719 inquirendum
1440 1649 1667 1717 putasti;
1718 1648 1763 1702 si
1810 1647 1891 1702 in-

1992 628 2093 684 bus
2136 630 2348 686 inanem
2408 648 2528 690 esse
2598 636 2864 693 hominem
2926 641 3083 696 dixit.
3154 644 3371 702 Multum
3424 650 3575 705 simi-

1995 723 2123 778 lium
2174 726 2645 796 testimoniorum,
2716 733 2892 787 studio
2968 733 3248 790 brevitatis
3305 739 3570 799 omittam.

1993 813 2284 887 Apostolus
2323 818 2540 887 Paulus,
2582 821 2648 877 de
2691 823 2842 891 cujus
2887 833 3102 895 pectore
3141 829 3293 898 quasi
3330 831 3398 886 de
3439 841 3574 889 tem-

1996 909 2085 979 plo
2124 924 2220 964 suo
2261 909 2516 967 Dominus
2546 914 2877 984 loquebatur,
2912 919 3151 989 nunquid
3190 918 3368 977 solam
3414 924 3577 981 ﬁdem

1996 1003 2099 1058 sibi
2126 1002 2384 1071 judicavit
2430 1004 2495 1058 ad
2526 1006 2824 1073 superanda
2860 1009 3041 1064 mundi
3078 1012 3216 1067 mala
3249 1029 3405 1083 posse
3430 1030 3576 1071 com-

1996 1102 2203 1163 petere,
2244 1094 2313 1149 ita
2348 1095 2564 1151 dicens?
2597 1096 2790 1168 Corpus
2815 1116 2982 1154 meum
3021 1104 3213 1173 castigo
3248 1114 3295 1158 et
3330 1108 3384 1160 in
3425 1110 3579 1163 servi-

1999 1191 2152 1238 tutem
2199 1186 2410 1255 redigo,
2460 1202 2521 1239 ne
2566 1189 2694 1257 forte
2744 1204 2855 1241 cum
2904 1192 3019 1246 aliis
3068 1194 3424 1262 pradicavero,
3470 1199 3579 1265 ipse

1998 1277 2239 1346 reprobus
2265 1277 2468 1344 eﬂiciar.
2505 1277 2644 1333 Ecce
2670 1294 2766 1348 per
2795 1281 2918 1334 vitia
2942 1284 3179 1351 corporis
3208 1289 3467 1356 reprobus
3484 1290 3580 1345 fie-

1999 1367 2044 1421 ri
2079 1368 2403 1435 pertimescit
2424 1368 2559 1437 ;jam
2584 1370 2857 1437 probatus,
2886 1387 2984 1442 per
3000 1376 3272 1432 mortifera
3286 1382 3581 1437 carnalium

1998 1460 2240 1530 contagia
2275 1460 2601 1529 passionum,
2630 1476 2722 1516 vas
2749 1466 3088 1521 contumeliae
3112 1467 3225 1524 ﬁeri
3246 1472 3456 1537 metuit,
3486 1475 3578 1545 qui

1994 1549 2104 1618 jam
2134 1564 2225 1605 vas
2253 1550 2530 1608 elecdonis
2558 1551 2778 1609 eﬁ’ectus
2801 1557 2916 1609 est!
2948 1556 3233 1615 Videamus
3260 1564 3302 1617 si
3327 1564 3447 1620 vita:
3469 1580 3582 1622 suae

2002 1642 2278 1712 prodigum
2305 1641 2437 1697 ﬁdes
2460 1644 2573 1698 sola
2601 1643 2881 1711 defendat;
2916 1655 2970 1703 et
2996 1649 3292 1719 baptizatus
3315 1654 3396 1724 (ut
3427 1655 3583 1728 dicis)

309 1738 681 1794 cumbentibus
704 1747 958 1793 extremae
991 1739 1326 1794 necessitatis
1364 1739 1623 1808 angustiis
1654 1753 1894 1792 momen—
1923 1724 1971 1785 Β
1995 1733 2104 1802 jam
2132 1733 2307 1802 perire
2352 1750 2458 1789 non
2501 1737 2688 1805 possit.
2724 1738 2967 1807 Agnosce
2992 1743 3260 1810 quomodo
3300 1748 3435 1803 mala
3468 1724 3583 1803 car;-

309 1842 461 1889 tanea
497 1832 807 1901 poenitentia
836 1832 1076 1900 capitalis
1107 1832 1323 1886 inimica
1355 1830 1702 1901 persuasione
1746 1846 1897 1885 men-

310 1928 462 1989 titur,
513 1929 601 1996 qui
651 1926 883 1979 maculas
932 1926 1087 1995 longa
1155 1933 1311 1980 {etate
1358 1933 1659 1979 contractas
1706 1924 1896 1979 subitis

308 2018 469 2073 etiam
497 2016 768 2071 inutilibus
794 2016 1085 2070 abolendas
1106 2015 1393 2085 gemitibus
1435 2016 1727 2069 arbitratur
1754 2034 1765 2067 :
1792 2030 1896 2084 quo

310 2118 553 2179 tempore
601 2108 867 2161 confessio
910 2122 1028 2163 esse
1078 2116 1274 2176 potest,
1304 2108 1596 2162 satisfactio
1642 2121 1758 2161 esse
1790 2122 1894 2161 non

307 2208 506 2275 potest.
540 2200 671 2253 Nam
700 2198 823 2269 quia
855 2198 989 2253 Deus
1014 2215 1115 2251 non
1141 2199 1416 2264 irridetur;
1461 2202 1574 2269 ipse
1603 2213 1660 2252 se
1691 2199 1899 2267 decepit

246 2286 253 2289 ⁷
308 2290 402 2361 qui
432 2299 655 2344 mortem
686 2290 864 2344 multis
895 2288 1221 2359 temporibus
1268 2290 1416 2354 vicit,
1450 2298 1504 2344 et
1545 2289 1612 2343 ad
1655 2304 1897 2357 quaeren-

306 2379 433 2439 dam
459 2383 595 2436 viam
620 2384 727 2451 jam
757 2376 1052 2437 semivivus
1080 2384 1328 2451 assurgit,
1362 2392 1420 2435 ut
1464 2391 1586 2437 tunc
1626 2382 1897 2437 ofﬁciosus

306 2486 585 2546 appareat,
620 2475 831 2544 quando
866 2475 1147 2530 dominicze
1180 2475 1423 2529 servituti
1450 2475 1627 2528 omnia
1656 2473 1897 2542 corporis

306 2576 368 2625 et
416 2568 606 2621 animae
652 2567 1034 2621 subtrahuntur
1076 2567 1272 2621 ofﬁcia.
1304 2567 1460 2623 Circa
1500 2566 1895 2635 exsequendum

307 2660 583 2716 interioris
612 2660 841 2714 hominis
870 2661 1151 2716 sanitatem
1171 2705 1185 2729 ,
1220 2676 1324 2714 non
1373 2661 1544 2714 solum
1596 2658 1893 2727 accipiendi

305 2754 580 2821 voluntas,
629 2755 722 2809 sed
754 2755 944 2825 agendi
992 2764 1330 2824 exspectatur
1373 2756 1593 2834 utilitas.
1644 2754 1717 2807 ita
1753 2753 1893 2807 enim

240 2851 244 2854 ⁴
304 2846 569 2918 legimus;
603 2846 663 2902 Si
684 2846 899 2918 (inquit)
927 2856 1159 2917 peccator
1181 2848 1523 2917 paenitentiam
1550 2851 1647 2918 egit
1667 2863 1759 2912 pro
1783 2862 1897 2915 pec-

302 2941 441 2995 catis
483 2941 586 2995 suis
615 2941 814 3011 (egerit,
845 2940 1184 3004 memoravit,
1216 2954 1321 2993 non
1354 2939 1524 2992 solum
1555 2938 1708 2999 dixit,
1754 2953 1886 2991 acce-

249 3028 255 3039 ι
302 3031 492 3104 perit),
522 3033 573 3085 in
594 3050 711 3098 sua,
752 3031 941 3102 inquit,
963 3034 1173 3103 justitia
1210 3049 1364 3102 quam
1393 3041 1630 3102 operatus
1660 3040 1733 3085 est
1758 3032 1891 3085 vivit.

2002 1826 2161 1891 nalia,
2206 1826 2437 1883 alienum
2460 1842 2489 1881 a
2522 1828 2632 1884 Deo
2662 1830 2857 1886 faciant
2877 1833 3231 1891 obscenarum
3260 1841 3582 1911 mancipium

2000 1917 2352 1987 voluptatum.
2411 1918 2491 1973 Ad
2542 1918 2758 1977 Galatas
2814 1924 2887 1977 ait
2934 1925 3265 1993 Apostolus:
3308 1930 3585 2003 Manifesta

2000 2018 2117 2064 sunt
2149 2027 2304 2077 opera
2351 2014 2550 2077 carnis;
2580 2030 2695 2083 qua:
2722 2026 2860 2080 sunt,
2906 2021 3199 2087 fornicatio,
3232 2024 3581 2093 immunditia,

2001 2104 2229 2168 luxuria,
2272 2104 2621 2171 homicidium,
2661 2108 2941 2175 ebrietates,
2993 2116 3395 2182 comessationes,
3430 2128 3475 2171 et
3507 2121 3585 2175 his

2000 2195 2188 2249 similia
2206 2210 2224 2257 ;
2242 2196 2329 2265 qui
2356 2197 2481 2249 talia
2506 2198 2946 2269 faciunt,regnum
2964 2201 3061 2255 Dei
3082 2220 3181 2257 non
3195 2217 3580 2277 consequentur.

2000 2285 2132 2341 Item
2166 2287 2231 2349 ad
2267 2287 2529 2355 Ephesios
2560 2307 2571 2341 :
2605 2290 2782 2345 Omnis
2812 2294 3115 2361 fornicator,
3160 2308 3249 2350 aut
3271 2300 3584 2369 immundus,

2000 2386 2090 2429 aut
2118 2393 2299 2430 avarus
2329 2378 2573 2449 (quodest
2593 2381 2851 2433 idolorum
2867 2384 3101 2455 servitus)
3127 2402 3227 2440 non
3249 2389 3446 2444 habebit
3474 2390 3585 2447 haz-

2000 2470 2265 2524 reditatem
2295 2472 2346 2523 in
2374 2487 2528 2539 regno
2551 2472 2740 2527 Christi
2768 2485 2813 2527 et
2842 2475 2957 2529 Dei.
2990 2477 3119 2532 Sine
3149 2480 3313 2536 dubio
3335 2485 3585 2541 exclusus

2000 2578 2232 2633 aregno,
2281 2563 2489 2619 interno
2537 2575 2590 2619 et
2642 2568 2799 2621 morti
2828 2579 2911 2623 est
2941 2573 3354 2640 mancipandus;
3389 2576 3586 2635 multos

2000 2665 2175 2711 autem
2230 2658 2542 2725 baptizatos,
2591 2660 2736 2714 salva
2780 2661 2883 2716 ﬁde
2941 2662 3165 2720 diversis
3195 2670 3484 2738 generibus
3529 2673 3585 2727 in

2000 2758 2256 2803 :eternum
2290 2751 2463 2818 perire
2485 2751 2823 2805 tnariiiestum
2872 2765 2975 2809 est.
3009 2757 3196 2826 Arguit
3237 2774 3417 2816 sermo
3446 2763 3584 2819 divi-

2000 2857 2099 2895 nus
2123 2857 2226 2896 non
2252 2849 2674 2910 tranSgressores
2698 2843 2842 2912 fidei,
2860 2860 2965 2900 non
2992 2849 3243 2917 baptismi
3270 2850 3582 2924 violatores,

1999 2934 2091 2986 sed
2122 2948 2213 2988 eos
2244 2934 2331 3004 qui
2358 2932 2733 2987 misericordes
2761 2950 2880 2990 esse
2901 2937 3258 3007 neglexerint,
3279 2941 3463 2999 dicens
3483 2948 3582 3017 ju-

2000 3027 2163 3079 dicari
2185 3027 2293 3079 sine
2305 3024 2653 3077 misericordia
2676 3042 2788 3078 eum
2808 3028 2895 3094 qui
2915 3045 3014 3081 non
3029 3030 3145 3099 fecit
3159 3031 3579 3092 misericordiam.

301 3124 566 3181 Advenis
615 3123 755 3195 quod
804 3123 1104 3193 hujusmodi
1151 3124 1434 3189 medicina,
1485 3125 1621 3178 sicut
1669 3140 1763 3179 ore
1801 3140 1895 3193 po-
1924 3097 1968 3158 Ο
2001 3119 2067 3174 Ει
2096 3120 2321 3174 iterum:
2358 3117 2582 3183 Esurivi,
2606 3129 2651 3172 et
2679 3136 2777 3173 non
2809 3120 3019 3176 dedistis
3065 3124 3193 3177 mihi
3234 3129 3583 3196 manducare;

298 3216 530 3283 scenda,
566 3218 637 3269 ita
682 3231 845 3286 opere
890 3217 1308 3272 consummanda
1331 3218 1455 3271 est?
1494 3217 1756 3273 insultare
1789 3220 1897 3275 Deo

299 3308 537 3365 videtur
564 3308 654 3378 qui
692 3307 785 3363 illo
813 3317 1049 3378 tempore
1078 3309 1141 3362 ad
1190 3310 1453 3365 medicum
1507 3312 1675 3366 noluit
1718 3313 1898 3367 venire

300 3417 419 3474 quo
449 3402 653 3471 potuit;
679 3410 731 3455 et
763 3401 1019 3466 illo,tunc
1043 3403 1227 3473 incipit
1251 3405 1409 3471 velle,
1440 3421 1544 3474 quo
1574 3424 1677 3462 non
1704 3417 1895 3476 potest.

302 3498 463 3566 Opus
494 3494 672 3563 itaque
703 3503 802 3559 est,
831 3505 884 3548 ut
909 3510 1065 3564 quam
1090 3496 1143 3550 in
1170 3498 1439 3566 peccando
1476 3498 1573 3554 fuit
1597 3500 1823 3570 abrupta
1848 3508 1901 3555 et

305 3595 499 3657 vegeta
523 3586 587 3639 ad
620 3586 814 3640 malum
859 3588 1050 3641 mentis
1078 3589 1330 3654 intentio;
1367 3600 1505 3643 tanta
1536 3593 1603 3645 sit
1634 3596 1684 3645 in
1720 3586 1899 3648 vulne-

309 3694 434 3735 rum
457 3680 730 3734 curatione
751 3679 985 3733 devotio.
1006 3679 1255 3735 Secundo
1272 3683 1507 3750 quaesisti
1531 3684 1670 3749 loco,
1685 3682 1711 3721 ιι
1727 3696 1898 3739 utrum

308 3771 429 3827 sola
460 3770 699 3839 proﬁciat
747 3769 813 3824 ad
864 3771 1089 3825 salutem
1136 3771 1305 3826 unica:
1352 3774 1572 3826 scicntia
1604 3774 1898 3831 Trinitatis.

309 3864 375 3921 In
404 3862 559 3918 rebus
587 3862 779 3916 divinis
808 3878 912 3917 non
945 3862 1117 3915 solum
1146 3863 1401 3917 credendi
1431 3865 1564 3918 ratio
1588 3868 1897 3935 requiritur,

310 3953 413 4015 sed
440 3954 696 4025 placendi.
720 3952 877 4008 Fides
900 3968 1027 4023 ergo
1052 3954 1191 4009 nuda
1216 3955 1439 4020 meritis,
1467 3957 1637 4010 inanis
1665 3966 1719 4012 et
1739 3973 1900 4011 vacua

310 4054 404 4105 est
425 4088 440 4113 ,
474 4049 612 4101 sicut
641 4046 926 4115 Apostolus
957 4046 1087 4099 dicit
1113 4063 1124 4098 :
1157 4045 1291 4112 Quid
1318 4048 1521 4117 prodest
1549 4048 1592 4101 si
1612 4048 1765 4114 [idem
1793 4051 1902 4114 quis

310 4155 373 4195 se
403 4139 535 4191 dicat
575 4138 779 4206 habere,
823 4152 979 4208 Opera
1028 4148 1199 4189 autem
1247 4154 1348 4191 non
1394 4138 1618 4192 habeat?
1658 4136 1902 4215 Nunquid

312 4238 498 4303 potest
525 4243 741 4284 servare
767 4230 925 4283 eum?
954 4228 1204 4297 Sequitur
1225 4231 1365 4282 enim
1398 4248 1408 4281 :
1436 4228 1594 4285 Fides
1621 4232 1665 4283 si
1686 4248 1785 4286 non
1813 4236 1901 4283 Im-

314 4312 434 4375 beat
462 4336 633 4389 opera,
669 4330 865 4373 mortua
887 4328 957 4372 est
986 4320 1037 4371 in
1064 4320 1350 4388 semetipsa.
1379 4321 1481 4375 Sed
1511 4322 1632 4374 dicit
1662 4324 1797 4391 quis,
1825 4322 1902 4374 Tu

314 4411 473 4483 ﬁdem
502 4410 651 4463 habes
682 4420 726 4463 et
772 4428 861 4480 ego
891 4424 1045 4476 Opera
1087 4409 1288 4475 habeo;
1335 4414 1539 4466 ostende
1586 4414 1712 4467 mihi
1748 4415 1900 4482 fidem

317 4514 464 4558 tuam
485 4504 593 4557 sine
624 4502 876 4571 aperibus,
920 4514 967 4556 et
995 4520 1087 4572 ego
1134 4506 1393 4558 ostendam
1426 4506 1514 4559 tibi
1558 4523 1619 4561 ex
1666 4509 1901 4577 operibus

316 4594 481 4666 ﬁdem
505 4595 695 4646 meum!
724 4593 1022 4648 Secundum
1054 4595 1187 4660 haec,
1221 4595 1470 4652 sufﬁcere
1501 4614 1595 4665 per
1638 4613 1694 4654 se
1734 4600 1899 4655 solam

316 4684 698 4745 credulitatem
732 4700 837 4738 non
884 4686 1155 4755 probatur.
1210 4687 1341 4743 Nam
1372 4690 1497 4744 dum
1528 4691 1667 4746 scire
1705 4700 1758 4746 et
1784 4707 1903 4748 cre-

317 4777 453 4835 dere
474 4779 634 4832 etiam
665 4777 908 4832 diabolus
940 4779 1237 4845 invenitur;
1271 4782 1408 4835 sicut
1452 4781 1591 4836 idem
1618 4783 1903 4851 Apostolus

317 4870 454 4927 dicit
483 4888 495 4924 :
530 4870 607 4924 Tu
637 4870 803 4933 credis
831 4872 968 4940 quod
1007 4886 1139 4926 unus
1168 4880 1240 4926 est
1287 4872 1449 4938 Deus,
1482 4876 1755 4945 benefacis,
1785 4893 1902 4931 nam

316 4972 369 5020 et
398 4962 650 5017 dwmones
674 4961 886 5015 credunt
911 4972 956 5016 et
988 4963 1379 5017 contremiscunt
1409 4980 1426 5018 :
1456 4967 1529 5018 vis
1558 4976 1729 5021 autem
1753 4970 1897 5037 scire,

321 5072 355 5113 0
383 5057 532 5109 homo
571 5056 756 5122 inanis,
786 5056 921 5126 quod
955 5055 1083 5124 fides
1128 5057 1237 5120 sine
1277 5056 1509 5125 aperibus
1554 5070 1754 5114 mortua
1791 5064 1906 5121 est?

321 5147 581 5204 Abraham
601 5159 745 5204 pater
763 5159 932 5207 uoster
947 5165 1112 5205 nonne
1134 5164 1195 5205 ea:
1215 5149 1450 5219 operibus
1464 5152 1774 5223 justiﬁcatus
1798 5160 1907 5213 est?

444 5354 571 5409 Haec
599 5352 824 5422 epistola
855 5352 996 5421 apud
1020 5352 1289 5410 Canisium
1319 5362 1533 5411 notatur
1560 5356 1726 5411 XVII.

397 5424 423 5462 δ
455 5425 575 5479 Haec
604 5425 829 5493 epistola
856 5434 910 5478 et
938 5424 1213 5494 sequentia
1239 5440 1359 5495 qua:
1387 5424 1745 5495 subjiciuntur
1770 5429 1903 5485 Fau-

324 5494 394 5567 sti
420 5496 689 5567 opuscula
704 5496 857 5549 'caute
883 5495 1131 5567 legenda,
1162 5505 1218 5548 ut
1250 5494 1371 5567 pote
1394 5494 1565 5567 opera
1608 5500 1810 5567 rejecta
1856 5510 1909 5556 et

321 5566 570 5639 damnata
603 5580 633 5619 a
664 5565 903 5639 Romana
933 5566 1195 5620 Ecclesia.
1226 5566 1357 5639 (dum
1386 5566 1588 5633 judicio
1618 5565 1738 5639 lege
1788 5588 1908 5638 qua:

324 5635 410 5689 hic
449 5636 679 5691 Faustus
708 5634 963 5690 disserit:
999 5650 1119 5687 nam
1154 5634 1254 5689 etsi
1292 5646 1535 5690 extrema
1590 5634 1914 5696 necessitate

325 5718 698 5764 momentanea
743 5718 872 5761 vera
911 5702 1231 5769 poenitentia
1257 5704 1477 5763 diiﬁcile
1507 5708 1787 5772 habeatur.
1820 5728 1913 5769 ve-
1950 5702 1953 5705 ’

2001 3212 2137 3267 sitivi
2178 3220 2222 3264 et
2252 3228 2354 3265 non
2380 3210 2594 3264 dedistis
2622 3212 2746 3265 mihi
2785 3211 2979 3280 bibere;
3009 3213 3193 3287 hospes
3220 3233 3381 3285 eram,
3410 3230 3458 3274 et
3484 3238 3585 3276 non

2003 3307 2277 3379 collegistis
2291 3324 2368 3361 me
2382 3323 2398 3370 ;
2418 3307 2606 3373 nudus,
2624 3315 2669 3360 et
2688 3322 2786 3360 non
2803 3308 3072 3377 operuistis
3085 3325 3182 3363 me.
3200 3310 3257 3367 Si
3276 3312 3360 3368 hic
3381 3313 3583 3371 sinistri

2003 3401 2177 3471 gregis
2208 3414 2459 3457 numerus
2483 3400 2681 3455 donum
2708 3401 3038 3470 baptismatis
3064 3403 3583 3473 ignorasset,inﬁde-

2006 3494 2206 3547 litatem
2238 3495 2314 3547 eis
2359 3502 2411 3547 et
2461 3493 2787 3562 impietatem
2822 3493 3068 3569 primitus
3109 3496 3428 3566 objecisset;
3461 3500 3580 3566 sed,

2004 3584 2301 3653 baptizatos
2346 3586 2488 3650 licet,
2536 3585 2601 3637 ab
2656 3586 2905 3654 operibus
2939 3595 3116 3643 tamen
3169 3588 3322 3645 bonis
3361 3605 3581 3659 vacuos,

2005 3678 2164 3733 morti
2184 3678 2403 3745 deputat
2419 3688 2469 3731 et
2488 3678 2713 3730 flammis
2734 3680 3058 3745 perennibus
3076 3680 3421 3751 derelinquit,
3435 3696 3491 3741 et
3508 3700 3588 3740 se-

2006 3771 2280 3824 veritatem
2295 3769 2572 3823 scntentiae
2586 3768 2655 3820 ita
2670 3767 2966 3822 concludit:
2989 3768 3261 3835 Discedite,
3278 3772 3468 3842 inquit,
3485 3792 3589 3829 ma-

2006 3852 2256 3928 ledicti,la
2278 3878 2355 3914 me
2376 3861 2427 3912 in
2459 3862 2623 3929 ignem
2645 3869 2913 3927 wternum,
2939 3863 3026 3930 qui
3055 3870 3264 3931 paratus
3289 3874 3360 3916 est
3383 3866 3588 3929 diabolo

2008 3964 2053 4008 et
2081 3952 2274 4021 angelis
2292 3953 2437 4020 ejus;
2461 3960 2513 4005 et
2536 3964 2775 4004 rursum:
2800 3950 3376 4023 Triticumcongregavit
3390 3956 3443 4008 in
3465 3956 3587 4015 hor-

2008 4062 2149 4099 reum
2167 4060 2334 4107 suum,
2352 4043 2525 4112 paleas
2547 4056 2716 4095 autem
2732 4042 3004 4096 combussit
3024 4044 3141 4113 igne
3164 4044 3585 4116 inexslinguibili.

2010 4138 2255 4193 Similiter
2287 4136 2544 4205 (inquam)
2568 4136 2705 4187 ibunt
2732 4135 2786 4188 in
2806 4136 2960 4188 vitam
2989 4144 3251 4201 (sternam,
3275 4135 3354 4189 illi
3393 4154 3507 4192 vero
3538 4141 3588 4192 in

2006 4229 2319 4299 supplicium
2366 4236 2632 4281 (sternunt.
2672 4226 2813 4280 Inter
2858 4226 2975 4280 haec
3026 4226 3204 4281 videat
3246 4229 3469 4300 quisque
3518 4245 3587 4284 ne

2009 4321 2314 4378 mendacem
2346 4328 2532 4389 arguat
2562 4320 2724 4372 Deum
2743 4320 2808 4373 de
2824 4319 3211 4387 pollicitatione
3227 4323 3428 4390 praemii
3452 4365 3469 4391 ,
3497 4326 3587 4393 qui

2009 4414 2214 4470 dubitat
2241 4413 2308 4468 de
2332 4412 2629 4466 mternitate
2658 4411 2925 4480 supplicii.
2956 4411 3069 4467 Non
3110 4412 3184 4467 ita
3208 4422 3317 4480 est;
3349 4430 3471 4473 nam
3495 4416 3588 4485 qui

2012 4508 2157 4563 novit
2194 4507 2382 4576 punire
2412 4512 2648 4573 peccata.
2693 4502 2818 4556 Tria
2845 4502 3025 4572 itaque
3051 4503 3167 4559 haec
3194 4506 3477 4574 capitalia;
3503 4495 3589 4561 sa-

2010 4598 2309 4667 crilegium,
2353 4597 2699 4661 adulterium,
2738 4594 3125 4659 homicidium;
3153 4595 3255 4653 nisi
3288 4597 3375 4651 hic
3421 4600 3592 4665 perfe-

2011 4702 2109 4749 ctae
2133 4691 2464 4763 poenitentiae
2486 4689 2685 4744 fuerint
2709 4686 2924 4758 e’xpiata
2952 4688 3229 4755 remediis,
3264 4693 3593 4759 perennibus

2013 4784 2091 4840 illi
2119 4768 2603 4841 concremabuutur
2634 4780 2915 4837 incendiis.
2960 4780 3067 4836 Hos
3095 4779 3271 4852 itaque
3309 4784 3594 4841 immiseri.

2014 4876 2224 4940 cordes,
2264 4890 2291 4928 a
2347 4872 2449 4928 ﬁde
2479 4881 2531 4927 et
2556 4872 2821 4941 baptismo
2852 4886 2957 4927 non
2978 4871 3110 4943 legis
3139 4871 3460 4939 declinasse,
3495 4876 3588 4929 sed

2014 4976 2323 5039 perpetuam
2354 4972 2580 5019 mortem
2603 4962 2781 5017 divina
2812 4963 3093 5035 cognoscis
3120 4966 3441 5021 auctoritate
3472 4980 3590 5019 me-

2012 5061 2205 5117 ruisse.
2227 5058 2291 5113 Et
2314 5057 2415 5113 hoc
2437 5057 2597 5112 etiam
2619 5055 2855 5113 animum
2878 5063 3027 5113 tuum
3049 5055 3275 5126 provida
3292 5056 3344 5112 in
3359 5056 3592 5111 futurum

2015 5168 2142 5212 cura
2165 5150 2446 5217 sollicitat;
2473 5157 2652 5205 utrum
2675 5147 3063 5219 animaeexutte
3083 5162 3329 5220 corpore,
3360 5149 3594 5205 sentien-

2015 5375 2128 5416 ram
2159 5367 2336 5413 tamen
2366 5365 2421 5412 et
2464 5352 2757 5425 legitimam
2798 5354 3063 5425 interdum
3096 5366 3254 5425 posse
3297 5363 3419 5425 tunc
3460 5367 3593 5425 eon-

2014 5433 2220 5501 tingere
2270 5428 2446 5501 nullus
2483 5423 3112 5501 unquamnorth‘o‘doxus
3151 5423 3430 5501 dubitavit.
3460 5423 3595 5477 Vide

2017 5493 2277 5556 Doininic.
2313 5498 2441 5553 Soto
2470 5497 2502 5549 4
2530 5493 2691 5561 εθήι..
2723 5496 2851 5550 dist.
2886 5495 2968 5561 l9,
2999 5511 3053 5565 q.
3081 5493 3137 5558 2,
3170 5503 3269 5549 art.
3300 5495 3352 5549 6.

2096 5582 2116 5609 ε
2144 5569 2293 5626 Alias
2321 5570 2507 5638 rogitat
2535 5579 2581 5622 et
2612 5569 2811 5621 timore.
3080 5636 3086 5638 _
3162 5594 3165 5595 ν

2090 5640 2118 5679 ἀ
2146 5643 2316 5700 Alias,
2357 5632 2523 5692 uirum
2549 5639 2661 5692 sola
2691 5639 2901 5706 suﬁiciat
2921 5638 2989 5691 ad
3009 5636 3222 5690 salutem
3251 5632 3373 5706 ﬁdes
3395 5647 3459 5686 ea;
3484 5640 3597 5691 unt--

2025 5721 2124 5768 late
2146 5711 2399 5767 scientia..
2505 5707 2665 5766 Fides
2681 5703 2792 5766 sola
2814 5725 2917 5763 non
2944 5706 3153 5775 proﬁcit.
3172 5703 3500 5765 admittunt.
