4068 6348
566 286 668 357 "8n

1784 288 1838 345 s.
1882 287 2126 346 FAUSTI
2164 254 2603 353 nnsclsasis,

3716 273 3830 333 843

566 420 620 475 di
662 426 715 473 et
744 414 1068 484 intelligendi
1114 412 1347 481 vigorem
1392 396 1885 479 allectumque'non
1925 412 2141 461 exuant.
2173 406 2229 466 Α
2251 403 2376 473 quid
2398 402 2528 457 illud
2557 402 2625 455 sit
2654 400 2797 471 quod
2825 414 2945 455 cum
2977 407 3201 469 uterque
3242 397 3400 453 homo
3428 395 3505 468 (id
3534 402 3620 450 est
3644 394 3830 449 anima

561 504 956 576 lnterrogemus
985 502 1204 559 divitem
1227 500 1377 555 illum
1406 512 1471 553 ex
1496 495 1785 566 Evangelio
1807 511 1914 551 non
1943 496 1995 550 in
2037 504 2145 550 ter-

526 628 531 633 -
562 601 639 657 ris
662 599 857 661 aureis,
890 603 948 651 ut
993 602 1270 664 poetarum
1299 590 1648 645 deliramenta
1688 594 1958 653 asserunt,
1987 586 2145 641 ober-

563 700 768 747 rantem
794 708 809 753 ;
840 687 935 743 sed
986 688 1039 742 in
1075 685 1265 740 inferni
1308 697 1548 748 carcere,
1572 696 1640 736 ex
1678 680 1887 735 illorum
1919 693 2144 734 numero

496 768 503 778 ’
564 784 653 852 qui
704 780 896 835 inclusi
929 793 1143 848 poenam
1192 781 1529 843 exspectant,
1562 773 1702 827 inter
1731 772 1975 825 flammas
2014 782 2143 823 con-

564 873 802 930 scientiae
831 879 955 925 ante
984 870 1125 924 diem
1155 867 1339 937 iudicii
1367 864 1733 926 consumtum,
1768 876 1864 930 pro
1897 863 2138 925 fratrum,

564 964 655 1035 qui
684 960 858 1018 adhuc
884 964 937 1016 in
959 961 1059 1016 hoc
1084 960 1283 1015 mundo
1325 966 1495 1021 erant,
1530 955 1906 1010 emendatione
1942 952 2140 1007 sollici-

567 1065 701 1119 tum,
733 1050 966 1121 colloqui
1013 1065 1134 1104 cum
1160 1047 1450 1111 Abraham,
1497 1059 1591 1113 per
1612 1044 1948 1111 interiectum
1978 1042 2142 1096 chaos

567 1146 929 1202 vastissimum
979 1142 1217 1197 sedulam
1267 1139 1687 1193 obsecrationem
1720 1136 2054 1198 miscentem,
2087 1140 2142 1187 et

566 1238 740 1295 ViVilCi
778 1248 1156 1306 germanorum
1214 1229 1583 1286 recordatione
1623 1228 1908 1296 pulsatum,
1934 1227 2005 1279 ita
2043 1238 2140 1292 pro

566 1329 863 1386 viventibus
889 1325 1218 1396 supplicasse
1245 1339 1257 1375 :
1291 1324 1433 1391 Rogo
1450 1330 1517 1385 te,
1542 1322 1779 1388 inquam,
1806 1326 1950 1387 pater
1966 1314 2128 1366 Abra-

565 1425 704 1489 ltam,
734 1431 789 1475 ut
816 1421 985 1473 mittas
1012 1417 1267 1470 Lazarum
1308 1415 1359 1466 in
1396 1414 1600 1465 domum
1626 1409 1785 1476 patris
1816 1408 1942 1469 mei;
1981 1403 2140 1459 habeo

568 1518 704 1569 enim
731 1514 952 1584 quinque
974 1515 1176 1581 fratres,
1208 1516 1263 1558 ut
1304 1505 1591 1571 testiﬁcetur
1618 1502 1745 1566 illis,
1770 1517 1832 1552 ne
1855 1507 1901 1552 et
1928 1496 2027 1564 ipsi
2053 1510 2142 1548 ve-

566 1608 705 1661 niant
734 1606 783 1657 in
806 1605 937 1656 hunc
969 1600 1133 1653 locant
1157 1604 1542 1657 tormentorum,
1574 1602 1620 1645 et
1649 1592 1691 1643 si
1720 1592 1807 1660 qui
1839 1606 1901 1643 ea:
1928 1591 2140 1643 mortuis

566 1698 681 1751 ierit
711 1694 776 1747 ad
803 1709 905 1759 eos,
933 1690 1271 1759 pwnitentiam
1294 1695 1440 1757 agent
1472 1684 1622 1754 (Luc.
1654 1681 1785 1752 xw).
1816 1683 1955 1737 Ecce
1984 1683 2035 1736 in
2059 1682 2140 1736 in-

2244 505 2299 552 et
2319 495 2537 564 corpus)
2561 494 2732 549 adhuc
2761 494 2817 547 in
2845 492 3076 562 paradisi
3107 490 3325 561 regione
3349 488 3568 543 diabolo
3601 500 3831 557 persua-

2243 587 2403 642 dente
2431 586 2731 657 deliquerit,
2768 584 2886 639 sola
2915 598 3040 639 caro
3088 597 3184 652 per
3204 580 3587 652 {conditionem
3632 576 3830 659 mortis

2243 679 2495 733 mulctam
2540 675 2981 747 transgressionis
3032 672 3326 743 exceperit,
3366 681 3420 727 et
3467 672 3612 725 circa
3663 668 3832 724 unius

2244 784 2477 840 poenam,
2508 767 2825 825 remanserit
2874 767 3031 835 culpa
3059 763 3378 821 communis.
3418 760 3711 818 Sciendum
3738 776 3830 815 cr-

2243 877 2310 931 go
2335 871 2417 917 est
2460 861 2598 931 quod
2644 861 2765 915 ideo
2810 873 2955 914 mors
2983 857 3049 913 ad
3081 857 3313 913 animam
3357 869 3462 910 non
3492 853 3825 923 pervenerit,

2242 953 2363 1022 quia
2404 954 2457 1006 in
2484 967 2544 1007 ea
2572 940 3141 1019 Dominusimaginem
3169 962 3322 1002 suam
3345 954 3401 1001 et
3416 944 3825 999 similitudinem

2242 1044 2546 1098 collocavit.
2598 1042 2730 1095 Nam
2778 1043 2913 1096 sicut
2940 1041 3079 1096 Deus
3109 1037 3451 1103 immortalis,
3492 1033 3823 1095 misericors,

2238 1132 2413 1201 iustus
2434 1142 2486 1186 et
2517 1132 2723 1200 patiens
2751 1138 2854 1196 est,
2887 1131 2958 1184 ita
3006 1129 3191 1183 harum
3219 1127 3357 1183 dona
3379 1125 3634 1180 virtutum
3662 1125 3717 1178 in
3745 1124 3824 1177 fa-

2241 1222 2377 1279 ciem
2402 1231 2638 1276 nostram
2676 1221 2987 1275 interiorem
3012 1218 3203 1274 infudit
3232 1235 3243 1271 :
3273 1226 3331 1273 ut
3353 1224 3552 1287 quanto
3592 1214 3824 1285 quisque

2242 1314 2411 1382 magis
2436 1311 2609 1382 iustus
2658 1323 2713 1366 et
2754 1311 2922 1380 magis
2956 1311 3262 1365 misericors
3292 1308 3609 1372 exstitisset,
3670 1314 3822 1359 tanto

2243 1406 2412 1474 magis
2441 1403 2635 1458 divinie
2674 1402 3094 1472 participationis
3127 1414 3347 1456 munere
3371 1398 3624 1469 praeditus
3664 1397 3718 1451 in
3742 1396 3822 1450 in-

2244 1496 2438 1551 teriore
2470 1494 2683 1550 homine
2709 1501 2991 1565 appareret
3040 1492 3277 1547 habitare
3323 1490 3593 1546 Christum
3614 1504 3711 1558 per
3756 1487 3819 1541 li-

2247 1586 2389 1640 dem.
2450 1588 2747 1656 lnterrogas
2793 1590 2953 1641 etiam
2997 1598 3093 1639 cur
3144 1583 3337 1637 animae
3362 1597 3484 1638 cum
3513 1595 3678 1635 carne
3698 1594 3819 1645 sua,

2246 1676 2446 1746 aliquid
2472 1692 2566 1746 pro
2609 1677 2873 1746 corporali
2912 1689 3095 1731 errore
3124 1688 3409 1731 commune
3430 1674 3519 1740 sit,
3548 1673 3687 1728 sicut
3714 1672 3823 1727 ori~

567 1788 700 1843 lerni
727 1784 970 1854 angustia
998 1782 1299 1843 damnatus,
1322 1776 1527 1831 nullum
1544 1777 1650 1844 iam
1677 1775 1742 1828 de
1768 1788 1825 1828 se
1847 1773 2140 1828 remedium
2173 1758 2221 1819 Β
2246 1769 2422 1839 ginale
2469 1777 2742 1838 peccatum
2769 1808 2784 1834 ,
2828 1783 2923 1837 pro
2969 1768 3171 1823 unitate
3219 1764 3513 1836 corporalis
3560 1763 3818 1834 hospitii,

566 1878 793 1939 habens,
819 1882 995 1928 tamen
1026 1874 1301 1939 antiquum
1327 1868 1379 1922 in
1411 1868 1601 1921 fratres
1650 1874 1828 1920 servat
1855 1866 2101 1920 allectum
2127 1882 2141 1928 ;

569 1979 623 2025 et
655 1969 778 2023 dum
808 1967 1087 2021 damnatus
1101 1978 1198 2031 pro
1216 1961 1585 2031 peccatoribus
1607 1967 1779 2027 rogat,
1804 1972 2045 2026 magnam
2067 1956 2145 2011 iu-

568 2071 651 2113 ter
679 2055 907 2127 paradisi
931 2068 1149 2109 nemora
1172 2050 1554 2120 respirantihus
1576 2048 1753 2117 iustis,
1778 2064 1872 2116 pro
1899 2061 2144 2101 carorum

568 2164 789 2205 suorum
823 2145 1122 2209 commodis
1148 2157 1330 2198 curam
1353 2154 1471 2196 esse
1502 2140 1853 2195 demonstrat.
1876 2137 2027 2205 Quod
2053 2151 2145 2191 au-

568 2253 674 2296 tem
698 2239 924 2309 requiris
959 2255 971 2290 :
1003 2235 1129 2306 quid
1180 2234 1305 2289 mali
1337 2242 1456 2302 post
1501 2230 1662 2285 ﬁnem
1711 2238 1802 2283 aut
1851 2228 2006 2283 detur
2054 2236 2145 2282 aut

568 2334 830 2387 adimatur
884 2329 1111 2396 iniquis,
1167 2325 1234 2379 de
1275 2324 1464 2393 quibus
1509 2320 1771 2390 legimus,
1822 2317 2146 2373 Desiderium

568 2430 889 2491 peccatorum
918 2417 1117 2487 peribit.
1137 2424 1161 2451 α
1184 2415 1541 2469 Terrenorum
1567 2410 1855 2480 cupiditate
1883 2410 2146 2464 bonorum

570 2520 624 2567 et
652 2510 943 2564 ambitione
972 2507 1236 2571 submota,
1262 2504 1434 2559 solum
1467 2501 1751 2557 reddendae
1774 2501 1995 2555 rationis
2019 2515 2148 2567 pon-

571 2600 691 2667 dus,
724 2608 779 2653 et
809 2604 982 2653 metus
1010 2593 1334 2650 intolerandi
1374 2593 1673 2657 examinis;
1714 2606 1813 2648 nec
1840 2591 2149 2646 auferentur

572 2706 781 2753 sensus,
804 2688 901 2743 sed
922 2687 1298 2758 cogitationem
1323 2685 1542 2740 alterius
1570 2684 1751 2739 saeculi
1784 2683 1952 2753 magis
1983 2697 2149 2752 expe-

572 2780 669 2836 diti
694 2779 993 2846 aiacrisque
1025 2762 1455 2841 reddentrQuod
1499 2782 1677 2829 autem
1706 2774 1773 2828 de
1802 2774 1915 2843 ipsa
1949 2774 2144 2839 anima,

572 2881 747 2926 utrum
786 2882 1043 2937 corporea
1088 2881 1155 2921 an
1185 2867 1498 2935 incorporea
1543 2866 1613 2919 sit
1644 2862 1881 2933 postulas
1910 2863 2145 2919 edoceri.

572 2962 755 3031 Itaque
783 2958 925 3029 quod
955 2956 1288 3033 temporibus
1320 2970 1426 3009 non
1468 2954 1755 3009 includitur
1785 2967 1884 3008 nec
1907 2953 2146 3007 locorum

574 3052 813 3109 terminis
836 3058 1111 3109 coercetur
1143 3047 1309 3117 (quod
1335 3048 1435 3103 soli
1459 3046 1568 3101 Deo
1599 3046 1872 3115 competit)
1907 3045 2009 3099 hoc
2032 3054 2147 3099 tan-

498 3153 509 3165 '
575 3153 687 3200 tum
729 3146 1104 3211 incorporeum
1141 3154 1262 3195 esse
1290 3154 1575 3208 cognosce.
1604 3139 1753 3194 Sicut
1781 3155 1920 3193 unus
1959 3139 2149 3194 doetor
2175 3123 2222 3185 Ο

574 3233 804 3294 eximius
832 3232 1035 3286 diserte
1060 3228 1271 3284 cuidam
1320 3228 1613 3283 sciscitanti
1655 3228 1745 3282 ubi
1794 3222 1937 3303 esset
1983 3228 2145 3294 Deus,

576 3324 852 3394 respondit
881 3321 1143 3376 ita:Deus
1168 3332 1274 3373 non
1300 3318 1497 3371 alicubi
1520 3326 1621 3385 est,
1652 3318 1791 3385 quod
1825 3318 2021 3372 alicubi
2044 3328 2146 3387 est,

576 3416 876 3477 continetur
895 3414 1034 3481 loco,
1058 3410 1197 3484 quod
1218 3410 1520 3467 continetur
1545 3409 1662 3467 loco
1678 3424 1871 3481 corpus
1896 3421 1995 3469 est.
2019 3412 2149 3479 Qua:

576 3527 698 3568 etim
727 3512 798 3564 ita
821 3509 951 3575 sint,
985 3505 1160 3561 omnis
1188 3519 1313 3560 caro
1352 3519 1566 3573 corpus,
1617 3518 1721 3559 non
1753 3519 1911 3559 omne
1956 3519 2151 3573 corpus

532 3618 535 3623 '
577 3615 656 3661 est
686 3617 832 3660 caro.
863 3601 929 3656 Et
954 3600 1076 3670 quia
1095 3612 1201 3653 non
1231 3598 1404 3652 solum
1432 3598 1631 3664 anima,
1658 3598 1751 3652 sed
1780 3598 1939 3652 etiam
1984 3613 2147 3667 ange-

575 3698 749 3751 lorum
780 3692 1060 3749 invisibilis
1080 3689 1421 3758 coelestisque
1448 3688 1765 3757 substantia,
1794 3690 1932 3745 sicut
1969 3689 2149 3744 locali-

576 3787 677 3844 bus
705 3786 890 3856 spatiis
927 3784 1253 3852 continetur,
1285 3783 1353 3836 ita
1382 3790 1599 3837 auctore
1626 3797 1723 3836 suo
1748 3790 2008 3851 corporea
2029 3797 2150 3838 esse

574 3876 603 3919 b
630 3887 685 3934 et
709 3874 1208 3947 comprehensibilis
1234 3874 1581 3943 approbatur.
1607 3874 1743 3942 Quid
1771 3883 1853 3929 est
1873 3875 2013 3929 enim
2046 3877 2150 3930 nisi

572 3985 913 4041 corporeum,
944 3967 1084 4037 quod
1125 3968 1191 4021 de
1241 3968 1488 4035 supernis
1517 3967 1737 4023 sedibus
1784 3969 2147 4036 perturbatum

572 4065 693 4119 loco
718 4062 919 4118 cessit?
965 4060 1093 4129 quid
1143 4068 1224 4115 est
1261 4059 1402 4129 quod
1432 4060 1598 4114 sensit
1627 4061 1864 4114 ruinam?
1892 4060 2019 4129 quid
2069 4071 2151 4115 est

576 4155 720 4226 quod
748 4166 963 4209 aeterna:
988 4152 1216 4205 flamma:
1250 4151 1539 4206 obnoxium
1581 4161 1913 4221 praeparatur
1939 4152 2004 4205 ad
2034 4167 2147 4220 pm-

544 4232 553 4266 ²
580 4262 703 4302 nam
726 4246 750 4297 γ
774 4244 883 4300 Sed
908 4251 963 4296 et
988 4242 1101 4310 ipse
1130 4244 1317 4295 beatus
1343 4243 1576 4296 Lazarus
1601 4251 1719 4310 post
1742 4242 1949 4311 linguas
1972 4242 2145 4296 l‘amu-

570 4334 796 4389 lantium
841 4346 1033 4386 canum
1080 4340 1362 4398 susceptus
1411 4333 1657 4385 manibus
1711 4336 2040 4402 angelorum,
2080 4334 2149 4389 de

571 4436 679 4492 quo
706 4423 953 4491 legimus,
1002 4418 1224 4473 Factum
1274 4430 1345 4473 est
1400 4430 1455 4473 ut
1496 4432 1771 4475 moreretur
1800 4424 2057 4478 nicitdicus
2102 4435 2150 4479 et

572 4491 866 4586 portaretur
902 4514 964 4567 ab
1017 4512 1211 4583 angelis
1238 4514 1290 4566 in
1333 4514 1502 4567 sinum
1543 4513 1800 4568 Abrahaz:
1832 4529 2147 4583 corpoream
2174 4491 2234 4554 Ῑ)

574 4620 699 4662 esse
751 4605 932 4660 docuit
985 4604 1215 4659 animam
1263 4618 1435 4671 suam,
1469 4603 1591 4657 dum
1643 4604 1694 4655 in
1721 4604 1893 4658 sinum
1920 4604 2146 4662 Abrahae

579 4697 656 4768 (id
682 4707 782 4762 est,
806 4698 859 4750 in
897 4707 1164 4752 remotum
1209 4697 1530 4766 beatumque
1570 4697 1857 4766 secretum)
1897 4699 2147 4768 angelicis

548 4804 549 4807 ‘
575 4786 801 4843 infertur
830 4786 1119 4855 obsequiis.
1155 4787 1231 4842 De
1255 4790 1430 4842 anima
1452 4796 1627 4842 autem
1666 4801 1761 4841 sua
1781 4798 1995 4843 sanctus
2022 4804 2147 4858 pro-

571 4883 735 4951 pheta
764 4880 1088 4949 pronuntiat,
1124 4880 1252 4933 educ
1282 4882 1343 4935 de
1383 4897 1584 4935 carcere
1627 4883 1849 4936 animam
1875 4899 2057 4949 meam,
2090 4883 2145 4938 id

572 4982 674 5038 est,
727 4972 795 5028 de
842 4970 1061 5040 hospitii
1098 4968 1391 5040 corp‘oralis
1437 4974 1712 5043 angustiis.
1768 4973 1891 5028 Ideo
1942 4974 2142 5031 factura

568 5066 709 5132 eius,
742 5078 860 5133 qua:
884 5060 969 5117 vel
998 5069 1335 5131 peccatorum
1358 5061 1550 5132 iaculis
1574 5064 1902 5129 vulneratur,
1929 5066 2011 5120 vel
2053 5082 2142 5121 us-

568 5156 672 5225 que
694 5154 761 5207 ad
790 5152 985 5207 divina:
1026 5151 1270 5220 imaginis
1307 5152 1469 5208 decus
1490 5166 1583 5221 per
1629 5154 1909 5224 qualitates
1940 5166 2141 5212 mutata

570 5242 921 5312 provehetur,
947 5242 1146 5311 absque
1171 5240 1351 5307 dubio,
1375 5252 1430 5298 et
1457 5242 1568 5299 Deo
1590 5253 1643 5299 et
1666 5245 1868 5315 angelis
1889 5261 1917 5301 a
1945 5249 2139 5315 quibus

570 5332 950 5401 comprehendi
978 5341 1034 5386 et
1059 5330 1335 5386 transferri
1358 5341 1553 5401 potest,
1582 5349 1836 5404 corporea
1866 5351 1985 5393 esse
2022 5340 2137 5394 evi-

567 5422 767 5480 denter
779 5421 1109 5479 ostendetur.
1142 5421 1536 5493 Requirendum
1561 5436 1642 5481 est
1671 5436 1849 5483 autem
1874 5430 2012 5487 inter
2042 5433 2143 5487 ista

625 5564 672 5593 -ι
690 5554 831 5611 Cave
857 5555 957 5611 ista
977 5554 1155 5611 omnia
1173 5568 1290 5624 qute
1313 5555 1413 5610 hoc
1439 5555 1557 5612 loco
1576 5558 1731 5614 ali'ert
1758 5559 1983 5617 Faustus
2010 5579 2024 5617 :
2052 5564 2147 5617 ab-

569 5627 735 5681 surda
759 5625 850 5681 illa
879 5640 1096 5694 prorsus
1132 5634 1187 5680 et
1229 5640 1453 5680 erronea
1479 5642 1598 5683 cum
1636 5631 1925 5688 ostendere
1954 5633 2149 5689 nititur

552 5680 783 5781 ianimas
803 5680 1208 5779 humanas‘esso
1235 5680 1543 5766 corporeas.

2167 5834 2202 5859 μ

2249 1871 2532 1931 utrumque
2560 1861 2926 1930 complectitur
2961 1874 3074 1929 par,
3108 1859 3266 1915 modo
3288 1867 3517 1927 uterque
3545 1857 3598 1911 in
3625 1871 3814 1926 pecca-

2250 1963 2422 2008 torum
2452 1953 2708 2008 societate
2736 1952 3149 2021 constringatur.
3180 1951 3257 2006 Ita
3286 1953 3430 2007 enim
3461 1952 3513 2004 in
3534 1949 3823 2005 criminum

2250 2043 2656 2116 participatione
2687 2058 2789 2097 una
2814 2057 2974 2097 causa
3000 2050 3100 2108 est,
3126 2041 3263 2096 sicut
3292 2040 3347 2095 in
3364 2041 3615 2095 virtutum
3642 2053 3821 2095 remu-

2250 2138 2525 2195 neratione
2553 2151 2647 2206 par
2675 2135 2842 2206 gloria
2889 2145 2993 2190 est.
3024 2134 3302 2204 Nunquam
3327 2135 3474 2187 enim
3499 2130 3738 2186 exterior
3768 2132 3822 2185 in

2250 2231 2522 2287 baratrum
2553 2228 2779 2283 luxuria:
2805 2227 3040 2293 caderet,
3066 2226 3168 2280 nisi
3194 2226 3241 2281 ei
3270 2239 3590 2281 consensum
3622 2222 3824 2292 praebe-

2251 2332 2334 2379 ret
2354 2320 2590 2376 interior.
2627 2321 2731 2374 Nos
2757 2320 2899 2388 ipsos
2929 2319 3336 2387 interrogemus,
3369 2326 3423 2372 et
3453 2317 3591 2370 inter
3612 2330 3711 2371 nos
3733 2330 3823 2385 po-

2252 2415 2477 2470 terimus
2506 2425 2815 2481 agnOscere,
2844 2412 2981 2478 quod
3010 2426 3160 2465 mens
3186 2410 3453 2465 dominica
3483 2419 3699 2465 exercet
3725 2410 3825 2464 im-

2253 2508 2481 2577 perium,
2525 2515 2578 2560 et
2618 2518 2744 2559 caro
2792 2503 3026 2572 subjecta
3075 2500 3419 2564 famulatum;
3461 2502 3576 2555 haec
3613 2499 3825 2555 exhibet

2253 2596 2627 2661 ministerium,
2656 2596 2744 2649 illa
2790 2594 3070 2649 consilium
3106 2611 3118 2645 :
3161 2592 3463 2647 obedientia
3509 2606 3539 2645 a
3570 2591 3827 2646 servitute

2251 2698 2504 2753 cessaret,
2530 2686 2629 2742 nisi
2660 2686 2904 2741 voluntas
2932 2698 2962 2738 a
2985 2684 3203 2754 iubente
3230 2684 3561 2753 procederet.
3588 2682 3827 2737 Similem

2252 2793 2475 2835 necesse
2511 2786 2592 2832 est
2636 2777 2992 2833 conditionem
3026 2777 3075 2830 in
3115 2775 3456 2830 damnatione
3482 2782 3826 2843 cognoscant,

2253 2870 2342 2939 qui
2371 2880 2555 2924 contra
2578 2869 2739 2925 simul
2761 2869 2811 2922 in
2836 2867 3186 2923 retributione
3210 2864 3539 2936 gaudebunt.
3568 2864 3713 2919 Dicis
3736 2866 3827 2917 ad-

2254 2963 2521 3031 huc,qu:c
2547 2970 2629 3016 est
2656 2960 3001 3027 immortalis,
3050 2958 3317 3029 quomodo
3372 2972 3470 3028 pro
3516 2955 3829 3013 mortalibus

2254 3054 2397 3109 vitiis
2451 3062 2783 3123 torqueatur.
2828 3052 3065 3108 Mortalia
3105 3051 3323 3121 quidem
3376 3050 3509 3103 mala
3552 3058 3705 3114 sunt,
3737 3049 3830 3102 sed

2255 3146 2572 3201 immortalis
2614 3147 2716 3199 erit
2756 3144 3023 3199 cruciatus
3073 3143 3358 3207 malorum,
3408 3149 3461 3197 et
3504 3140 3830 3196 delictorum

2253 3238 2544 3303 cruciatus,
2564 3235 2705 3291 vitiis
2723 3234 3112 3301 deﬁcientibus,
3133 3232 3537 3303 permanebunt.
3555 3231 3830 3287 Meliorem

2253 3328 2533 3383 materiam
2579 3328 2649 3381 ita
2706 3325 2926 3389 inferior
2972 3326 3228 3380 traditura
3268 3324 3468 3393 iudicio
3515 3331 3638 3391 est,
3694 3325 3831 3378 sicut

2254 3420 2476 3492 conﬂari
2533 3433 2717 3472 aurum
2774 3418 2972 3487 plumbi
3020 3417 3292 3486 compellit
3338 3415 3612 3472 admixtio.
3661 3416 3833 3469 llomo

2250 3528 2382 3583 ergo
2412 3526 2507 3582 pro
2538 3508 2852 3565 mortalibus
2886 3507 3041 3563 malis
3077 3509 3369 3564 moriturus
3394 3519 3478 3563 est
3521 3509 3649 3573 Deo,
3675 3517 3733 3561 et
3759 3508 3834 3560 vi-

2254 3615 2439 3661 cturus
2469 3604 2674 3658 inleruo
2709 3620 2723 3655 ι
2753 3601 2867 3656 haec
2893 3603 2993 3656 erit
3020 3602 3162 3657 illius
3202 3615 3367 3668 mors,
3401 3610 3457 3655 ut
3493 3600 3630 3655 mori
3676 3600 3729 3654 ci
3780 3601 3835 3656 in

2254 3697 2440 3753 dolore
2462 3709 2569 3750 non
2610 3694 2787 3749 liceat.
2819 3694 3075 3748 Extendis
3122 3694 3174 3749 in
3207 3693 3306 3749 hoc
3336 3709 3547 3763 quoque
3574 3692 3835 3747 sollicitu-

2255 3789 2435 3842 dinem
2464 3793 2631 3851 tuam,
2665 3794 2839 3838 utrum
2861 3785 3036 3838 anima
3064 3793 3117 3838 et
3144 3785 3360 3852 spiritus
3406 3784 3545 3839 idem
3585 3784 3715 3848 sint,
3743 3793 3838 3837 aut

2255 3878 2523 3951 quomodo
2554 3876 2940 3948 segregentur?
2972 3876 3109 3930 Duas
3139 3885 3340 3931 tantum
3367 3877 3419 3931 in
3445 3876 3685 3941 homine,
3717 3877 3834 3929 ani-

2256 3987 2357 4026 ma:
2386 3980 2439 4026 et
2468 3968 2714 4039 corporis
2742 3968 3045 4024 noverimus
3068 3984 3188 4023 esse
3216 3968 3579 4033 substantias;
3609 3968 3836 4038 spiritus

2255 4074 2437 4120 autem
2460 4076 2599 4116 nunc
2628 4060 2883 4115 naturalis
2908 4061 3180 4129 probatur,
3213 4076 3351 4114 nunc
3387 4060 3650 4115 accedens
3677 4060 3835 4114 inve-

2255 4156 2422 4222 nitur,
2451 4153 2735 4223 aliquando
2765 4151 2958 4205 virtute
2988 4150 3291 4220 intelligitur
3312 4150 3576 4221 appetitus
3599 4160 3653 4206 et
3672 4151 3835 4219 spiri-

2257 4247 2378 4301 talis
2424 4245 2663 4302 ailectus.
2717 4248 2828 4302 iioc
2874 4259 3088 4315 genere,
3142 4260 3278 4301 unus
3306 4252 3465 4315 atque
3495 4244 3636 4299 idem
3668 4244 3836 4298 homo

2256 4352 2397 4391 nunc
2420 4338 2670 4403 carnalis,
2703 4352 2842 4391 nunc
2875 4339 3034 4391 etiam
3071 4346 3125 4391 et
3162 4336 3415 4405 spiritalis
3449 4344 3549 4390 est.
3577 4336 3835 4389 Carnales

2258 4433 2381 4480 sunt
2404 4426 2471 4479 de
2495 4427 2689 4495 quibus
2714 4428 2788 4479 ait
2819 4426 3074 4481 Dominus
3100 4444 3112 4479 :
3140 4425 3259 4481 Non
3288 4426 3595 4496 permanebit
3620 4426 3834 4494 spiritus

2257 4534 2399 4571 meus
2446 4519 2499 4571 in
2540 4518 2825 4570 hominibus
2877 4518 3007 4584 istis,
3031 4520 3151 4588 quia
3175 4534 3293 4573 caro
3309 4528 3426 4572 sunt
3449 4516 3602 4589 (Gen.
3630 4517 3743 4587 tu);
3776 4527 3832 4572 et

2259 4608 2547 4678 Apostolus
2575 4625 2586 4660 :
2622 4608 2722 4674 Qui
2750 4615 2920 4661 autem
2948 4608 3000 4661 in
3024 4624 3175 4662 carne
3194 4618 3333 4676 sunt,
3367 4607 3479 4662 Deo
3507 4610 3708 4678 placere
3728 4624 3833 4660 non

2260 4708 2470 4768 possunt
2497 4697 2669 4769 (Rom.
2702 4714 2815 4765 vm,
2847 4698 2924 4770 8).
2954 4698 3194 4755 Carnalis
3216 4713 3295 4755 eSt
3322 4700 3411 4770 qui
3435 4701 3607 4755 ventri
3634 4712 3685 4755 et
3712 4708 3832 4768 gnta

2260 4791 2386 4858 turi,
2418 4798 2471 4844 et
2491 4788 2681 4845 edendi
2710 4799 2762 4845 et
2792 4789 3007 4845 bibendi
3038 4789 3312 4845 nimietate
3338 4790 3592 4857 deservit,
3626 4798 3679 4845 et
3708 4792 3831 4844 vita:

2258 4879 2459 4935 bonum
2515 4881 2569 4934 in
2624 4881 2759 4951 gula:
2811 4880 3042 4950 ingluvie
3086 4889 3138 4935 et
3192 4884 3481 4936 voracitate
3532 4883 3830 4945 constituit,

2257 4971 2465 5040 quando
2493 4971 2844 5027 manducandi
2870 4980 2923 5027 et
2951 4971 3162 5026 bibendi
3189 4973 3462 5028 nimietate
3488 4972 3652 5027 vitam
3674 4988 3826 5028 com-

2256 5073 2428 5135 putat,
2460 5064 2671 5134 quando
2700 5063 2750 5119 ei
2772 5062 3578 5133 ventrisdominaturingluvies.
3608 5067 3673 5118 At
3700 5079 3830 5118 vero

2254 5156 2503 5211 animalis
2527 5155 2774 5232 efficitur,
2820 5155 3032 5225 quando
3058 5154 3231 5209 adhuc
3262 5171 3453 5224 purum
3487 5156 3650 5210 Deum
3680 5157 3793 5224 cegi
3813 5189 3830 5197 -

2256 5259 2398 5315 tans,
2419 5247 2710 5302 secundum
2731 5246 2963 5300 animant
2980 5247 3217 5302 saeculari
3236 5247 3514 5315 prudentia
3533 5247 3600 5301 ad
3624 5248 3830 5316 aliqua-

2255 5354 2373 5393 rum
2415 5350 2593 5391 rcrum
2633 5335 2907 5391 scientiam
2954 5346 3313 5404 permovetur,
3358 5337 3573 5406 quando
3611 5338 3830 5392 investi-

2256 5428 2443 5501 gandis
2486 5442 2661 5481 rerum
2692 5427 2966 5482 latentium
3015 5432 3209 5493 causis,
3242 5439 3330 5484 aut
3358 5430 3711 5498 philosophia:
3739 5432 3831 5485 de-

2332 5573 2358 5599 D
2391 5560 2658 5636 Adversus
2698 5561 2833 5617 hanc
2870 5566 3195 5636 sententiam
3242 5566 3458 5636 scripsit
3507 5566 3836 5623 Claudianus

2261 5632 2551 5714 Mamertus
2598 5629 2910 5690 Viennensis
2967 5637 3265 5707 presbyter,
3322 5629 3415 5692 li'h.
3462 5652 3517 5709 ιμ
3555 5636 3625 5693 de
3668 5637 3840 5695 Statu

2262 5720 2475 5760 amma'.
