4068 6348
277 412 379 469 849

1704 400 2080 462 ΕΡΙΞΤΟῙΑΕ.

3432 426 3533 482 83)

274 498 501 579 lectatur
554 514 779 581 studiis;
832 512 975 570 unde
1016 519 1071 567 et
1093 510 1378 581 Apostolus
1406 510 2220 587 dicitzAnimatisAaliquibus
2266 524 2382 592 ejus
2440 525 2715 596 integritas
2767 537 2820 583 et
2866 527 3095 598 dignitas
3151 544 3257 586 non
3307 533 3529 602 periret.

271 618 422 669 ltomo
443 627 543 667 non
568 609 782 679 percipit
812 622 925 676 qua:
944 614 1061 660 sunt
1086 605 1290 676 spiritus
1314 605 1408 658 Dei
1433 604 1483 675 (1
1508 603 1627 660 Cor.
1654 621 1710 667 ιι,
1736 606 1848 675 14).

271 703 579 778 Spiritualis
605 714 726 757 esse
755 699 941 768 incipit
967 696 1181 765 quando
1213 697 1436 751 honesta
1469 706 1522 752 et
1557 698 1849 765 Spiritualia

270 796 621 868 concupiscit,
653 791 865 864 quando
910 790 977 845 ad
1007 788 1171 844 divini
1203 790 1407 844 timoris
1436 788 1659 854 cultum,
1711 792 1851 860 vigo-

267 908 330 949 re
351 889 530 947 cordis
575 884 837 949 ascendit,
863 881 1076 953 quando
1107 880 1173 935 ad
1200 895 1259 935 se
1289 880 1534 949 spiritum
1568 896 1662 949 per
1693 896 1849 935 mun-

266 983 453 1037 ditiem
483 954 727 1047 corporis
752 984 808 1029 et
833 988 929 1043 per
955 971 1250 1027 custodiam
1273 972 1533 1025 castitatis
1554 971 1766 1037 invitat,
1793 980 1851 1025 ut

266 1076 336 1131 de
384 1088 448 1129 ea
491 1070 622 1126 illud
668 1067 912 1138 Apostoli
942 1065 1047 1120 dici
1080 1064 1266 1134 possit,
1310 1063 1410 1117 Vos
1443 1064 1560 1117 estis
1602 1061 1848 1131 templum

267 1164 369 1219 Dei
390 1174 438 1219 et
481 1162 692 1233 spiritus
715 1158 810 1213 Dei
845 1158 1039 1211 habitat
1064 1159 1117 1210 in
1142 1153 1378 1227 vobis(II
1406 1153 1524 1209 Cor.
1558 1156 1690 1222 xvi).
1720 1154 1848 1219 Qua:

268 1255 475 1312 homini
521 1268 626 1307 non
652 1252 809 1306 insita
838 1264 935 1319 per
964 1258 1229 1312 naturam,
1263 1247 1356 1302 sed
1407 1246 1478 1300 ita
1509 1254 1632 1299 sunt
1661 1244 1848 1313 adjun-

268 1358 356 1405 eta
385 1360 481 1418 per
502 1320 724 1415 gratiam
774 1349 832 1395 ut
884 1338 1117 1409 separari
1162 1337 1365 1407 possint
1394 1334 1595 1391 desidia
1620 1336 1847 1389 interce-

267 1439 431 1496 dente
461 1451 554 1506 per
585 1434 815 1504 culpam,
859 1430 1010 1486 Unde
1068 1428 1206 1483 idem
1237 1429 1523 1497 Apostolus
1552 1427 1676 1481 dicit
1701 1440 1723 1480 :v
1748 1426 1849 1493 Qui

267 1540 440 1585 autem
486 1524 731 1596 templum
783 1522 878 1576 Dei
926 1520 1206 1587 violaverit,
1250 1519 1508 1588 disperdet
1556 1534 1671 1571 eum
1706 1516 1847 1570 Deus

267 1621 322 1692 (1
346 1621 465 1674 Cor.
496 1633 575 1683 ιιι,
600 1614 708 1686 l7).
740 1614 877 1669 Ecce
899 1626 993 1681 per
1014 1611 1175 1665 ﬁdem
1198 1624 1304 1665 non
1333 1609 1506 1663 solum
1530 1607 1844 1676 baptizatus,

266 1714 368 1772 sed
398 1722 451 1768 et
478 1709 575 1766 Dei
598 1709 861 1777 templum
878 1720 997 1761 esse
1026 1704 1257 1768 videtur,
1275 1710 1329 1757 et
1352 1711 1527 1756 tamen
1553 1714 1647 1770 per
1670 1698 1845 1754 diver-

265 1822 328 1862 sa
357 1804 581 1875 ﬂagitia,
613 1801 705 1855 Dei
736 1799 1022 1855 severitate
1049 1793 1408 1865 disperdetur.
1435 1792 1546 1847 [loc
1573 1791 1693 1846 loco
1721 1805 1843 1860 per-

1953 610 2127 665 Grave
2176 614 2382 668 crimen
2414 626 2517 681 est,
2550 619 2689 687 quod
2732 618 3015 675 hvreticus
3043 622 3288 691 accipere
3339 626 3530 693 noluit,

1954 717 2059 755 non
2091 705 2264 759 minus
2305 705 2433 759 illud
2480 723 2656 776 grave,
2708 711 2849 779 quod
2877 712 3213 767 Christianus
3261 716 3452 785 accipit
3477 728 3533 772 et

1952 795 2172 862 perdit:
2228 795 2357 849 Nam
2409 806 2462 851 et
2514 800 2604 854 ille
2650 802 2737 869 qui
2770 801 2956 856 fiducia
2985 804 3258 874 baptismi,
3290 808 3528 876 nuptiale

1953 887 2276 951 convivium,
2310 892 2448 945 sacri
2475 893 2688 947 concilii
2718 902 3007 950 temerator
3036 898 3323 967 irruperat,
3357 900 3531 955 nitore

1952 980 2200 1047 puritatis
2230 982 2458 1046 amisso;
2506 982 2573 1037 de
2603 983 2795 1038 illustri
2823 986 3086 1054 justorum
3131 999 3399 1044 conventu
3433 1006 3529 1045 ex-

1953 1069 2184 1137 pellitur,
2213 1080 2268 1125 et
2307 1072 2360 1126 in
2404 1074 2695 1129 exteriores
2721 1077 2967 1131 tenebras
3010 1080 3368 1147 perturbatur.
3399 1081 3531 1136 Nam

1951 1159 2253 1215 credendus
2277 1173 2357 1215 est
2384 1163 2596 1219 niveum
2628 1174 2826 1220 sancta:
2852 1171 3215 1238 generationis
3244 1170 3524 1240 possidere

1951 1254 2261 1326 candorem,
2295 1257 2383 1326 qui
2417 1258 2555 1311 inter
2582 1259 2841 1324 incestos,
2872 1262 3135 1317 veneﬁcos
3160 1274 3215 1317 et
3249 1276 3524 1331 cruentos,

1951 1346 2031 1399 vel
2056 1348 2348 1416 praecipitio
2378 1359 2467 1403 aut
2488 1352 2776 1420 suspendio
2804 1354 2965 1407 vitam
2996 1356 3311 1423 praecidens,
3340 1358 3392 1411 in
3412 1374 3531 1425 par-

1952 1443 2059 1490 tem
2118 1440 2329 1492 transiit
2395 1440 2699 1509 impiorum.
2760 1443 3006 1513 Legimus
3067 1447 3529 1519 inexstinguibiles

1949 1528 2191 1583 ﬂammas
2223 1528 2375 1585 factis
2407 1533 2720 1601 capitalibus
2746 1526 3090 1605 praeparatas,
3116 1539 3383 1593 hominem
3402 1554 3530 1595 vero

1950 1621 2001 1674 in
2035 1622 2189 1677 malis
2229 1624 2339 1677 suis
2384 1626 2648 1682 viventem
2675 1674 2689 1696 ,
2739 1630 2853 1684 solo
2906 1631 3223 1699 baptismate
3267 1614 3529 1689 salvatum

1949 1726 2068 1766 esse
2127 1728 2231 1767 non
2272 1714 2520 1783 legimus.
2573 1716 2876 1774 Periculosa
2928 1721 3069 1785 sibi,
3122 1723 3264 1791 quod
3321 1724 3528 1778 cmlesti

1950 1803 2225 1872 Scriptura
2280 1822 2385 1860 non
2434 1808 2645 1877 legitur,
2678 1810 2892 1865 inimica
2926 1814 3184 1868 securitas
3216 1814 3525 1883 pollicetur,

264 1897 488 1953 ditionis
515 1892 853 1957 vocabulum,
904 1898 1165 1943 aeternum
1197 1884 1419 1955 perditae
1447 1884 1637 1938 animae
1679 1897 1841 1935 nove-

1953 1895 2123 1950 multo
2154 1898 2500 1964 periculosior
2530 1899 2615 1954 illa
2641 1917 2742 1955 non
2772 1903 2993 1957 credere
3021 1920 3138 1971 qure
3160 1907 3353 1960 veritas
3382 1922 3527 1961 eom-

264 1992 437 2045 rimus
454 2000 573 2043 esse
589 1983 886 2040 interitum.
912 1982 967 2035 ln
988 1980 1378 2050 baptizatorum
1397 1989 1625 2031 numero
1646 1974 1849 2044 absque

264 2080 599 2138 dubitatione
621 2084 931 2139 censentur,
954 2081 1009 2129 et
1031 2072 1269 2127 membra
1292 2070 1489 2124 Christi
1517 2082 1636 2124 esse
1664 2067 1849 2121 dicun-

265 2184 378 2241 tur,
410 2182 465 2227 et
492 2172 611 2226 vide
654 2167 920 2238 quomodo
948 2166 1171 2237 perditis
1198 2174 1590 2232 comparantur,
1624 2176 1850 2232 quomo-

264 2268 339 2323 do
366 2281 395 2320 a
422 2262 779 2335 generositate
811 2260 1063 2322 ﬁliorum,
1105 2258 1303 2327 ﬂagitio
1334 2265 1590 2326 operante
1618 2257 1847 2324 degene-

264 2370 410 2426 rant,
433 2358 643 2412 dicente
671 2352 925 2422 Apostolo
958 2369 969 2404 :
1007 2350 1208 2404 Tollam
1238 2366 1357 2420 ergo
1385 2349 1603 2401 membra
1634 2348 1843 2416 Christi,

262 2462 312 2507 et
362 2450 550 2521 facium
599 2445 823 2499 membra
877 2443 1153 2497 meretricis
1171 2440 1221 2513 (1
1259 2438 1377 2494 Cor.
1413 2438 1601 2508 xvm)?
1658 2439 1721 2493 Et
1769 2436 1845 2491 illi

263 2554 478 2610 quoque
527 2534 958 2592 manifestissime
986 2533 1126 2587 dona
1159 2531 1405 2586 secundae
1436 2532 1725 2585 nativitatis
1751 2545 1842 2583 ac-

264 2638 543 2702 ceperant,
555 2629 642 2698 qui
660 2626 821 2680 etiam
833 2623 1212 2679 charismatum
1229 2622 1533 2677 diversitate
1552 2621 1842 2691 pollebant,

175 2702 185 2711 ’
261 2724 335 2781 dc
359 2723 552 2793 quibus
584 2717 841 2793 Dominus
868 2718 920 2772 in
954 2715 1244 2785 Evangelio
1272 2715 1397 2770 dicit
1433 2733 1445 2766 :
1493 2714 1647 2769 Multi
1678 2715 1844 2766 dicent

260 2816 389 2869 mihi
410 2816 463 2868 in
492 2813 581 2868 illa
609 2812 709 2878 die,
732 2810 965 2875 Domine,
984 2806 1225 2873 Domine,
1250 2824 1417 2862 nonne
1442 2808 1495 2862 in
1526 2812 1726 2862 nomine
1756 2817 1862 2870 tuo,

261 2905 691 2976 prophetat'imus,
720 2911 763 2957 et
792 2903 845 2955 in
872 2901 1074 2955 nomine
1100 2910 1185 2953 tuo
1215 2901 1471 2954 daemonia
1505 2900 1766 2971 ejerimus,
1796 2906 1842 2951 et

258 2999 318 3051 in
343 2997 544 3051 nomine
563 3003 646 3049 tuo
668 2994 875 3048 virtutes
896 2994 1081 3047 multas
1094 2992 1302 3062 fecimus
1317 2991 1340 3043 ?
1354 2990 1418 3044 Et
1440 2999 1556 3043 tunc
1572 2990 1702 3043 dicet
1718 2988 1840 3050 illis,

259 3092 383 3158 quia
433 3105 532 3143 non
577 3087 692 3142 novi
730 3102 836 3154 vos,
870 3084 1109 3139 discedite
1135 3100 1168 3137 a
1195 3100 1292 3148 me,
1325 3085 1412 3151 qui
1441 3081 1722 3150 operamini
1744 3080 1843 3131 ini-

259 3180 506 3250 quitatem
538 3176 754 3247 (Matth.
775 3190 874 3239 vit,
903 3174 1019 3243 22).
1044 3174 1173 3240 Quis
1199 3172 1475 3227 abdicatos
1505 3186 1610 3224 non
1642 3170 1839 3223 intelli-

1954 1986 2204 2042 minatur.
2238 1987 2426 2056 Aliqua
2468 1990 2546 2060 (ut
2570 1990 2771 2060 dicitis)
2804 1993 3140 2049 beatissimus
3166 1995 3246 2049 vir
3296 1996 3528 2052 Marinus

1950 2064 2070 2131 eum
2122 2081 2552 2135 interminatione
2595 2082 2883 2147 disseruit;
2940 2087 3034 2140 sed
3057 2087 3193 2141 sicut
3238 2086 3363 2140 illud
3386 2088 3528 2155 quod

1951 2170 2195 2237 promisit
2238 2171 2492 2224 Dominus
2532 2173 2874 2242 diligentibus
2903 2192 2983 2241 se,
3012 2177 3171 2230 etiam
3224 2179 3527 2233 testimonio

1950 2261 2192 2328 Apostoli
2223 2276 2317 2329 pro
2346 2262 2420 2315 rei
2450 2263 2813 2331 magnitudine
2838 2265 2891 2317 in
2920 2280 3011 2319 cor
3042 2266 3271 2321 hominis
3300 2282 3403 2321 non
3438 2282 3523 2323 as-
3564 2312 3571 2317 .

1948 2349 2145 2416 cendit,
2181 2351 2249 2404 ita
2282 2351 2579 2406 futurorum
2627 2352 2957 2408 immensitas
2998 2356 3324 2414 cruciatuuttt
3356 2373 3521 2427 angu-

1948 2442 2078 2494 stias
2102 2441 2348 2495 humanae
2378 2442 2571 2496 mentis
2589 2442 2963 2511 excedet,quae
2990 2445 3127 2500 mala
3150 2455 3523 2502 tuomentanea

1945 2532 2272 2600 paenitentia:
2329 2533 2512 2586 umbra
2563 2548 2665 2587 non
2720 2544 2981 2602 removet,
3028 2551 3146 2604 quae
3194 2538 3349 2592 ﬁdem
3404 2540 3522 2593 sine

1947 2621 2195 2689 cperibus
2224 2637 2329 2676 non
2357 2623 2599 2690 repellet,
2630 2624 2819 2691 quibus
2863 2626 3146 2682 terminum
3198 2630 3521 2684 sscculorum

1947 2712 2235 2765 labentium
2288 2727 2477 2766 cursus
2520 2713 2571 2767 in
2603 2714 2828 2768 ﬁammis
2863 2716 3380 2787 inexstinguibilibus
3406 2729 3519 2775 sta-

1948 2810 2098 2856 tuere
2156 2818 2262 2856 non
2311 2802 2528 2869 valebit,
2577 2805 2716 2859 inter
2760 2821 2891 2875 quos
2921 2807 3269 2864 inexhaustos
3297 2826 3521 2879 vapores

1948 2894 2097 2948 tarde
2121 2908 2179 2949 se
2201 2895 2377 2949 anima
2404 2909 2660 2964 corporea
2680 2907 2734 2951 et
2753 2899 2945 2953 sentiet
2974 2909 3028 2954 et
3049 2900 3267 2955 videbit.
3293 2901 3359 2955 Et
3376 2902 3517 2967 ideo,

1942 2987 2117 3055 justis,
2153 2988 2316 3042 castis
2342 2997 2393 3044 et
2427 2989 2528 3057 piis
2558 2991 2806 3059 operibus
2838 2992 2977 3046 diem
3009 2993 3251 3047 ultimum
3279 3010 3517 3063 prtecur-

1945 3093 2124 3132 ramus
2149 3096 2162 3132 :
2197 3089 2250 3135 et
2273 3080 2357 3135 hic
2399 3081 2635 3136 timendo
2664 3097 2727 3138 ea
2756 3084 3000 3152 quaeillic
3024 3085 3214 3141 timere
3239 3086 3371 3141 nihil
3394 3102 3517 3156 pro-

1944 3170 2103 3237 derit,
2138 3185 2233 3225 nos
2283 3171 2630 3227 declinemus.
2667 3174 2762 3228 llic
2802 3173 2961 3228 ﬁnem
2988 3175 3205 3229 inﬁnitis
3234 3175 3261 3213 δ
3293 3186 3517 3232 conten-

258 3247 350 3340 gat
381 3284 408 3321 a
442 3269 637 3329 salute,
654 3267 743 3333 qui
767 3280 797 3318 a
818 3272 1109 3332 conspectu
1128 3263 1569 3331 Patrisjubentur
1588 3261 1839 3316 abscede-
1865 3247 1910 3309 C
1945 3261 2176 3316 tionibus
2230 3261 2585 3330 imponamus,
2634 3274 2687 3318 et
2716 3264 3049 3319 intoleranda
3104 3267 3345 3321 incendia
3377 3284 3517 3323 nunc
3558 3330 3561 3331 ν

259 3361 359 3416 re?
390 3360 443 3412 in
492 3366 693 3411 sortem
723 3368 817 3411 eos
861 3368 955 3409 sua
1005 3368 1153 3409 mors
1204 3353 1567 3408 indubitanter
1593 3355 1837 3424 accipiet,

260 3464 396 3520 quos
420 3447 528 3503 vita
559 3461 679 3514 quae
705 3445 949 3500 Christus
974 3454 1057 3499 est
1082 3445 1365 3514 ignorabit.
1396 3445 1700 3513 Baptizatos
1729 3460 1841 3515 per-

262 3538 454 3595 ditioni
482 3536 625 3593 tradi
668 3549 762 3605 pro
789 3535 1153 3605 iniquitatibus
1178 3537 1289 3590 suis
1319 3535 1563 3601 dubitas;
1593 3550 1712 3590 cum
1747 3536 1840 3590 ba-

264 3633 459 3703 ptisma
499 3629 670 3697 ipsum
712 3643 805 3697 per
843 3627 1008 3682 multa
1056 3628 1258 3682 scelera
1288 3628 1466 3697 perire
1510 3630 1841 3699 cognoscas?

266 3722 418 3789 Quod
448 3730 651 3786 autem,
681 3720 822 3774 sicut
861 3719 1050 3787 pagina
1092 3722 1349 3783 continet,
1400 3732 1579 3775 sermo
1623 3731 1745 3775 tuus
1773 3723 1839 3775 de

270 3812 525 3883 prepheta
572 3818 842 3865 mutuatus
870 3809 1044 3877 ignem
1072 3809 1263 3863 animm
1308 3810 1564 3877 simplicis
1601 3814 1837 3864 (estima-

268 3906 362 3971 vit,
393 3903 461 3958 de
480 3903 591 3958 sola
620 3902 720 3956 hoc
740 3900 1032 3955 divinitatis
1048 3899 1343 3954 substantia
1361 3900 1537 3955 dicere
1563 3903 1833 3968 convenit,

267 3996 354 4053 cui
374 3994 505 4051 nihil
526 3995 850 4064 appositum,
880 3991 1008 4046 nihil
1036 4007 1063 4045 a
1095 3993 1375 4060 superiore
1403 3993 1678 4060 collatum,
1706 3994 1839 4047 nihil

267 4096 477 4144 constat
520 4086 847 4155 adjunctum.
880 4084 1063 4139 Justus
1111 4086 1311 4154 pariter
1340 4096 1391 4140 et
1421 4085 1622 4153 iustitia
1652 4088 1837 4139 vivens

267 4188 321 4235 et
349 4179 475 4242 vita,
509 4178 720 4246 sapiens
758 4187 917 4245 atque
964 4175 1222 4245 sapientia
1268 4184 1354 4231 est
1384 4179 1551 4230 virtus
1581 4189 1634 4232 et
1687 4178 1838 4247 origo

268 4271 541 4325 virtutum.
574 4269 628 4324 In
658 4268 1035 4338 principalibus
1075 4269 1217 4322 enim
1247 4269 1405 4329 bonis
1451 4272 1581 4335 suis,
1612 4274 1710 4325 hoc
1755 4281 1837 4326 est

266 4364 382 4432 ipse
401 4361 541 4432 quod
594 4361 847 4431 possidat.
902 4361 1073 4415 llomo
1112 4376 1240 4416 vero
1269 4362 1466 4431 duplex
1492 4363 1709 4434 intelligi
1743 4380 1837 4432 po-

266 4462 392 4525 test,
416 4454 504 4524 qui
533 4454 718 4508 vivens
749 4462 801 4507 et
824 4453 1000 4521 justus
1027 4460 1080 4507 et
1101 4454 1311 4522 sapiens
1340 4453 1442 4508 dici
1476 4463 1651 4523 potest
1679 4473 1693 4507 :
1726 4457 1834 4510 vita

265 4554 443 4602 autem
469 4554 523 4600 et
547 4544 747 4613 iustitia
785 4544 889 4598 dici
922 4558 1026 4598 non
1058 4553 1249 4613 potest,
1283 4546 1403 4614 quia
1449 4547 1519 4599 ita
1552 4546 1634 4600 his
1662 4547 1834 4602 indui-

1942 3353 2229 3408 salubriter
2275 3354 2576 3423 cogitando,
2610 3370 2673 3410 ex
2719 3356 2850 3424 ipsis
2882 3356 3090 3425 ignibus
3137 3366 3331 3413 acterna
3362 3359 3516 3414 nobis

1943 3444 2215 3513 refrigeria
2248 3458 2641 3514 comparemus.
3343 3479 3370 3498 ο

2027 3547 2047 3574 ο
2077 3537 2266 3592 Certus
2296 3546 2470 3593 autem
2497 3554 2616 3593 sum
2660 3539 2728 3595 de
2757 3541 2859 3596 ﬁde
2891 3551 3089 3611 vestra,
3122 3543 3266 3613 quod
3306 3544 3511 3600 lalerati

1940 3629 2239 3696 composito
2262 3630 2433 3684 nitore
2454 3631 2717 3684 sermonis
2746 3632 3043 3700 acceptiora
3069 3633 3217 3688 vobis
3243 3644 3399 3688 erunt
3427 3650 3514 3689 sa-

1942 3720 2148 3774 lutifera
2175 3715 2396 3775 sincerm
2437 3722 2742 3776 testimonia
2776 3723 3037 3776 veritatis.
3089 3724 3279 3777 Filium
3337 3741 3513 3781 meum

1941 3810 2307 3878 Eminentlum,
2340 3812 2495 3866 dulce
2518 3814 2681 3866 decus
2726 3823 2986 3875 nostrum,
3032 3822 3257 3882 paterno
3285 3818 3511 3884 sospita—

1941 3919 2059 3956 mus
2085 3904 2294 3958 aﬁ‘ectu.
2336 3904 2589 3960 Domitius
2618 3914 2802 3960 noster
2830 3907 3197 3960 admirandam
3229 3907 3356 3959 mihi
3400 3924 3512 3961 ma—

1937 3995 2298 4064 gniﬁcentiam
2330 4010 2478 4049 suam
2530 3996 2884 4065 praesentibus
2936 3995 3141 4063 repleat
3170 3994 3324 4049 bonis
3351 4005 3405 4051 et
3431 3998 3511 4052 di-

1936 4094 2099 4150 gnum
2122 4080 2323 4143 {reddat
2354 4083 2585 4135 teternis.

2510 4191 2839 4248 EPISTOLA
2878 4192 2939 4246 γ.

1974 4299 2153 4339 FAUSTI
2176 4299 2473 4338 RHEGlENSIS
2488 4301 2783 4340 CALLIARUM
2806 4300 3034 4341 EPISCOPI
3060 4303 3124 4341 DE
3142 4301 3475 4343 ΜΕΝΙΤΕΝΤΙΛ
3536 4306 3541 4313 ’

2296 4372 2362 4409 ΑΙ)
2384 4371 2606 4410 ι’ῐῖιιιεειι
2638 4372 2716 4409 PP.
2749 4373 2814 4410 ET
2844 4372 3151 4411 PATRITIUI.

2010 4447 2234 4501 Domino
2265 4446 2500 4515 piissimo
2537 4457 2593 4502 et
2616 4448 2935 4516 specialibus
2972 4448 3162 4504 ofltciis
3194 4449 3509 4516 excolendo,

1938 4547 1995 4592 ut
2023 4538 2251 4604 conﬁdo,
2283 4540 2336 4593 in
2376 4548 2630 4594 aeternum
2659 4539 2806 4594 fratri
2830 4547 2885 4595 et
2931 4554 3026 4608 per
3067 4542 3245 4596 omnia
3294 4540 3511 4598 domino

264 4648 374 4705 tur,
403 4607 762 4711 utaliquoﬁes
787 4644 1029 4692 exuatur.
1058 4607 1454 4704 ‘Quod'homini
1502 4638 1681 4693 datum
1729 4650 1831 4707 est,
1859 4607 1915 4669 Ῑ)
1941 4631 2101 4688 Felici
2130 4632 2374 4687 Faustus.

264 4730 380 4787 Deo
425 4726 643 4783 insitum
672 4735 773 4781 est.
798 4726 964 4781 Homo
1002 4727 1175 4799 (verbi
1200 4729 1389 4800 gratia)
1420 4729 1703 4785 deanratus
1732 4740 1834 4795 est,

266 4822 415 4878 Deus
460 4834 649 4874 aurum
702 4826 805 4886 est,
850 4818 903 4873 in
951 4834 1058 4888 quo
1088 4819 1189 4874 hoc
1216 4827 1301 4874 est
1326 4822 1559 4887 potentia
1590 4829 1643 4875 et
1668 4821 1836 4891 gloria

265 4912 403 4982 quod
428 4920 637 4966 natura.
668 4909 799 4964 Nam
828 4910 971 4980 quod
994 4909 1258 4964 subtiliter
1288 4909 1551 4976 indicasti,
1580 4913 1625 4966 si
1655 4914 1833 4968 omnia

265 5000 381 5054 haec
408 5014 527 5070 quae
555 4998 806 5055 dominus
856 4998 1094 5053 Marinus
1122 4997 1517 5068 interminatur,
1564 5002 1838 5071 excipiunt

264 5096 593 5160 peccatores,
616 5089 744 5159 quid
771 5088 941 5159 magis
968 5087 1117 5157 impii
1147 5096 1453 5143 mereantur
1473 5090 1661 5159 ignoro
1685 5093 1697 5144 ε
1730 5093 1837 5147 lla-

263 5182 392 5239 bcnt
420 5182 521 5237 sub
548 5181 874 5252 perennibus
899 5180 1076 5247 malis,
1105 5188 1159 5235 et
1186 5180 1445 5251 supplicia
1466 5182 1661 5251 gradus
1688 5198 1832 5249 suos,

263 5283 317 5331 et
364 5274 613 5345 gravibus
657 5274 921 5329 obn0xius
969 5272 1238 5342 peccatis,
1288 5271 1510 5327 inﬁnitis
1561 5272 1705 5344 (licet
1754 5283 1837 5329 ta-

263 5381 385 5424 men
399 5363 1021 5438 utcnnquetolerandis),
1039 5365 1232 5435 impius
1260 5378 1389 5419 vero
1406 5405 1421 5428 ,
1452 5364 1701 5421 inauditis
1715 5380 1837 5421 cru-

263 5458 489 5515 ciatibus
531 5460 829 5528 torquetur.
858 5455 1009 5510 Tunc
1057 5461 1236 5511 autem
1274 5453 1525 5523 baptismi
1557 5463 1584 5492 α
1611 5456 1837 5525 gratiam

266 5549 497 5616 habetis,
527 5562 630 5605 nec
658 5553 839 5619 posset
868 5554 1042 5601 morte
1070 5546 1299 5615 aliquem
1327 5544 1621 5609 vindicare,
1648 5545 1750 5602 nisi
1781 5550 1834 5603 in

339 5697 365 5722 ⁸
389 5684 499 5748 AL,
532 5681 715 5737 Gratia
741 5682 805 5734 ab
825 5688 1013 5734 teterna
1042 5686 1201 5733 morte
1243 5678 1401 5746 possit
1428 5681 1678 5735 hominem
1717 5698 1830 5734 vm-

262 5756 435 5809 dicare
458 5755 501 5807 si
541 5754 592 5806 in
620 5752 892 5820 aliquibus,
924 5760 1029 5805 etc.

336 5825 363 5864 ι’
398 5824 513 5890 AL,
561 5819 966 5877 contritionibus.
1020 5820 1098 5874 Ex
1140 5819 1332 5888 ignium
1358 5829 1656 5875 azternorttm
1688 5824 1829 5888 cogi-

2011 4726 2255 4794 Magnum
2305 4726 2515 4794 pietatis
2558 4734 2613 4780 et
2652 4726 2773 4780 ﬁdei
2826 4726 3210 4793 testimonium,
3233 4727 3375 4797 quod
3418 4743 3512 4797 per

1941 4824 2208 4871 tantarum
2263 4826 2413 4870 vasta
2459 4816 2736 4870 intervalla
2789 4817 3085 4885 regionum,
3122 4826 3175 4873 et
3201 4831 3299 4887 per
3322 4828 3397 4874 tot
3428 4836 3513 4876 re-

1940 4925 2057 4964 rum
2087 4910 2362 4978 interiecta
2392 4909 2725 4976 discrimina,
2758 4910 2824 4964 ad
2855 4925 2954 4965 nos
2983 4925 3150 4981 usque
3180 4913 3509 4967 latitudinem

1938 5010 2133 5056 vestrae
2144 5000 2419 5054 charitatis
2433 5000 2739 5055 extenditis.
2767 5000 2825 5055 in
2838 5002 2935 5056 hac
2959 5003 3284 5071 relegatione
3305 5012 3508 5068 nostra,

1943 5090 2135 5145 artifex
2166 5090 2258 5145 Dei
2294 5091 2461 5145 nostri
2491 5092 2877 5158 misericordia,
2922 5096 3133 5163 gemina
3156 5102 3369 5149 exercet
3391 5095 3510 5148 olli-

1942 5184 2042 5247 cia,
2079 5192 2319 5236 nostram
2373 5183 2575 5236 excutit
2614 5190 2836 5251 paterna
2886 5184 3509 5256 sedulitaterubiginem,

1940 5285 1995 5331 et
2014 5285 2245 5330 vestram
2273 5275 2418 5329 circa
2448 5288 2547 5330 nos
2568 5273 2823 5331 dilucidat
2842 5276 3022 5341 ﬁdem,
3048 5285 3386 5347 vestramque
3414 5292 3512 5347 ap-

1940 5367 2130 5438 probat
2156 5367 2434 5435 pietatem.
2482 5364 2590 5420 Nos
2633 5366 2814 5421 elimat
2862 5367 3089 5436 benigna
3146 5368 3386 5433 solertia,
3414 5384 3511 5423 vos

1941 5458 2206 5530 producit,
2237 5470 2341 5513 nos
2363 5465 2676 5526 coangustat
2712 5456 3020 5526 salubriter,
3046 5472 3140 5513 vos
3165 5458 3385 5513 dilatat.
3404 5457 3510 5511 Nos
3561 5505 3569 5515 .

1942 5549 2213 5615 arguimur
2264 5561 2359 5602 vos
2392 5547 2668 5615 prolicitis.
2699 5547 3013 5605 detrimenta
3034 5558 3217 5604 nostra
3245 5549 3297 5601 in
3329 5551 3508 5599 vestra

1944 5690 2131 5756 talione
2158 5690 2447 5756 praeparata
2470 5681 2565 5735 sibi
2585 5691 2777 5756 (eterna
2803 5687 3086 5756 refrigeria.

2016 5762 2036 5787 ε
2068 5751 2193 5805 Haec
2223 5752 2273 5804 in
2298 5753 2553 5807 hactenus
2578 5752 2788 5807 excusis
2814 5751 3225 5822 nen'ltabentur,
3248 5751 3340 5809 sed
3366 5766 3508 5808 nunc

1941 5837 2008 5877 ex
2033 5836 2132 5877 ms.
2163 5822 2373 5879 llenrici
2400 5824 2597 5880 Canisii
2619 5834 2975 5880 accesserunt.
