4068 6348
425 430 528 496 ’851

1670 423 1727 481 S.
1770 420 2018 480 FAUSTi
2061 416 2468 479 BHEGIENSIS

3614 408 3733 471 852

431 556 712 607 transeunt
738 545 1039 605 commoda.
1060 544 1193 601 Cum
1227 544 1557 600 feneratores
1584 542 1750 596 nostri
1773 540 1910 605 sitis,
1937 541 2017 593 in-
2045 542 2099 598 Α
2127 520 2569 606 ρτοάυρθῑιιτ,’θι
2611 539 2749 593 sicut
2771 532 2908 591 dixit
2935 526 3243 602 Apostolus,
3278 529 3340 584 de
3372 536 3579 598 percara
3608 531 3726 585 ela-

432 643 607 712 cipitis
638 643 801 695 nostri
846 654 964 695 esse
992 638 1283 703 debitores,
1328 636 1594 707 siquidem
1625 649 1786 689 causa
1817 643 2013 688 vestrae

431 737 731 791 devotionis
779 741 835 789 et
879 733 1145 789 mercedis
1174 740 1370 788 vestrae
1398 732 1621 807 materia
1662 743 1801 784 sum.
1836 729 2013 799 Opera

431 827 629 892 vestra,
663 826 731 881 de
775 826 930 882 nobis
967 827 1185 896 capiunt
1231 825 1439 880 lucrum
1485 824 1676 905 merita
1705 832 1902 888 veStra,
1946 821 2015 876 de

430 918 654 987 flagellis
686 918 885 973 nostris
935 926 1244 974 mutuantur
1273 925 1637 987 augmentum.
1670 914 1877 970 Vestrae
1908 913 2016 968 sol-

430 1012 743 1079 licitudinis,
766 1012 833 1068 ad
858 1026 955 1068 nos
970 1010 1194 1067 affectus
1215 1011 1280 1065 ad
1306 1012 1493 1080 Deum,
1513 1009 1760 1079 pervenit
1778 1008 2011 1063 fructus:

431 1119 495 1160 ac
521 1106 597 1159 sic
620 1103 821 1174 duplici
852 1102 1035 1170 modo,
1067 1113 1121 1158 et
1146 1104 1213 1159 de
1241 1111 1421 1158 nostra
1452 1102 1821 1172 castigatione,
1867 1108 1922 1156 et
1949 1100 2017 1155 de

432 1206 607 1252 vestra
652 1196 1235 1263 retributione,divinis
1261 1194 1539 1251 beneficiis
1568 1194 1888 1265 obligamur.
1912 1191 2014 1249 Pe-

434 1304 501 1343 ne
542 1297 719 1343 autem
750 1288 883 1343 mihi
928 1287 1287 1357 respondendi
1322 1288 1596 1342 silentium
1638 1286 1896 1357 perfectio
1924 1300 2017 1341 ve-

433 1388 558 1435 strae
602 1378 989 1435 consolationis
1030 1378 1317 1433 indixerat.
1365 1378 1517 1433 Nam‘
1547 1379 1660 1448 ipsa
1710 1378 2021 1434 sollibitudo
2056 1392 2061 1397 ·

434 1471 797 1542 interrogandi
820 1470 1032 1526 videtur
1057 1470 1224 1524 forma
1252 1470 1482 1533 vivendi,
1510 1486 1667 1541 quam
1690 1470 1925 1540 quotidie
1946 1469 2017 1524 de

433 1564 635 1619 domini
674 1564 776 1618 mei
814 1563 984 1634 patris
1008 1566 1173 1618 vestri
1207 1562 1266 1619 S.
1297 1564 1535 1633 episcopi
1570 1572 1595 1600 ⁸
1624 1563 1806 1619 Leonii
1837 1564 2019 1619 eflica-
2056 1618 2061 1623 .

433 1656 586 1709 cibus
614 1655 874 1709 doctrinis
897 1664 950 1709 et
977 1654 1334 1725 praesentibus
1369 1654 1709 1711 documentis
1740 1655 2019 1709 suiﬁcien-
2075 1719 2078 1722 ,

435 1758 517 1803 ter
542 1748 837 1811 attrahitis;
873 1763 981 1802 non
1021 1750 1198 1803 autem
1227 1748 1394 1802 miror
1424 1746 1470 1802 si
1517 1756 1573 1802 et
1604 1762 1780 1802 meum
1809 1748 2025 1818 (quam-

433 1840 565 1898 libet
592 1856 655 1895 ex
701 1838 993 1908 superﬂuo)
1037 1838 1310 1909 requiritis
1339 1838 1666 1904 institutum,
1698 1838 1851 1907 cujus
1879 1840 2025 1893 circa

2124 632 2382 685 boremus
2434 630 2679 684 damnare
2727 636 3014 699 peccatum.
3071 627 3311 682 Alterum
3380 626 3724 683 abstinentia

2126 735 2296 792 genus
2323 729 2407 775 est
2436 720 2605 775 multo
2632 720 2917 775 sublimius
2947 719 3220 789 multoque
3254 719 3543 789 pretiosius
3561 760 3577 785 ,
3604 734 3724 775 mo.

2126 821 2214 869 tus
2259 814 2423 867 animi
2468 826 2695 883 regere;
2746 812 3147 867 irrationabiles
3189 809 3625 880 perturbationes
3664 819 3722 867 et

2126 903 2510 974 cogitationum
2536 904 2676 959 inter
2693 918 2750 959 se
2782 904 3183 959 colluctantium
3205 902 3437 959 rebelles
3461 905 3722 961 tumultus

2128 998 2323 1052 mentis
2353 996 2578 1067 imperio
2609 996 2926 1066 subjugare;
2981 996 3198 1051 malitia:
3243 994 3421 1062 virus,
3466 1004 3719 1065 tanquam

2127 1089 2399 1145 funestum
2433 1089 2650 1160 aliquod
2676 1088 3022 1159 maleﬁcium,
3056 1089 3122 1144 de
3146 1089 3512 1156 penetralibus
3541 1090 3719 1146 cordis

2130 1195 2394 1249 exspuere
2412 1222 2425 1246 ,
2456 1189 2513 1236 et
2541 1180 2774 1235 animam
2802 1188 2987 1236 contra
3014 1180 3352 1236 diversarum
3378 1180 3574 1237 tinctus
3607 1193 3719 1238 ten-

2130 1274 2414 1338 tationum,
2442 1272 2759 1327 constantiae
2780 1272 3143 1327 moderamine
3167 1272 3491 1342 gubernare,
3517 1283 3571 1327 et
3595 1286 3723 1328 con-

2131 1371 2212 1418 tra
2246 1364 2526 1434 passiones
2569 1362 2808 1418 occultas
2859 1362 3007 1417 velut
3034 1371 3220 1417 contra
3262 1363 3591 1419 domesticos
3620 1364 3723 1418 ini-

2130 1455 2333 1521 micos,
2364 1457 2545 1509 “rixam
2592 1454 2873 1524 quamdam
2916 1455 3199 1511 irascentis
3239 1454 3360 1510 fidei
3404 1458 3726 1512 auctoritate

2132 1565 2443 1619 conserere,
2474 1552 2657 1605 inanes
2687 1564 2844 1606 curas
2876 1550 3034 1621 longe
3064 1550 3325 1621 repellere
3346 1592 3361 1615 ,
3400 1558 3456 1606 et
3481 1565 3511 1605 a
3552 1550 3727 1605 noxiis

2134 1640 2415 1711 colloquiis
2465 1656 2527 1696 ac
2570 1641 2864 1697 desideriis
2928 1640 3121 1711 quibus
3175 1641 3423 1699 diabolus
3488 1644 3730 1714 pascitur

2134 1732 2437 1798 abstinere;
2467 1742 2523 1788 et
2550 1748 2651 1802 per
2680 1734 3144 1790 mansuetudinem
3166 1780 3180 1803 ,
3217 1736 3554 1808 patientiam,
3584 1745 3730 1791 tran-

2136 1825 2455 1895 quillitatem
2500 1824 2595 1881 Dei
2637 1824 2691 1879 in
2743 1827 2893 1881 vultu
2934 1828 3209 1883 exteriore
3260 1829 3516 1885 excolere
3554 1828 3730 1885 virum

434 1947 530 1987 vos
577 1932 899 2001 singularem
942 1929 1111 1985 nostis
1155 1929 1425 1985 affectum.
1478 1928 1730 1997 Creditis,
1779 1930 1830 1985 in
1871 1930 2027 2000 adju-

2139 1918 2436 1987 spiritualia
2488 1926 2542 1973 et
2590 1918 2768 1973 divina
2824 1919 3191 1989 cogitantem,
3242 1928 3302 1974 ut
3360 1920 3577 1975 tristitia
3621 1936 3731 1977 non

434 2024 629 2079 torium
677 2022 798 2076 fidei
836 2031 1049 2091 vestrae,
1100 2023 1467 2092 magisterium
1498 2037 1677 2078 meum
1714 2032 1818 2077 tam
1844 2024 2024 2094 perfe-

433 2126 577 2191 ctum
622 2129 741 2169 esse
773 2128 931 2183 quam
977 2122 1163 2167 votum
1206 2122 1315 2177 est;
1346 2112 1463 2179 sed,
1499 2112 1623 2169 licet
1652 2128 1833 2169 sermo
1873 2129 2025 2170 meus

436 2207 616 2279 (quem
663 2205 945 2261 lentiorem
1000 2205 1159 2261 etiam
1211 2219 1451 2274 prmsens
1501 2206 1678 2262 reddit
1716 2208 2023 2281 infirmitas)

433 2310 615 2358 vestro
637 2300 885 2356 sufﬁcere
906 2300 991 2354 vix
1024 2299 1195 2371 possit
1224 2300 1431 2365 ardori,
1468 2309 1645 2356 tamen
1674 2302 1860 2370 paucis
1892 2317 2023 2359 con-

435 2394 796 2449 versationem
824 2401 1054 2447 vestram
1089 2407 1197 2446 non
1226 2399 1332 2445 tam
1362 2394 1815 2462 instruam,quam
1846 2396 2026 2451 revolo

436 2502 579 2551 vam.
613 2487 855 2555 Magnam
889 2484 1134 2540 sollicitis
1166 2484 1411 2553 perhibet
1446 2486 1790 2541 evitationem
1822 2488 2026 2557 agnitio

436 2583 676 2653 peccati,
712 2589 884 2635 metus
931 2579 1138 2651 iudicii,
1175 2588 1351 2634 terror
1392 2580 1530 2650 ignis
1582 2582 1788 2635 azterni.
1844 2581 2026 2652 Itaque

435 2678 506 2734 ad
528 2674 850 2734 immolanda
880 2671 1181 2729 orationum
1201 2674 1486 2741 sacrificia,
1507 2675 1677 2729 amica
1700 2685 1825 2747 sunt
1844 2675 2027 2731 fruen-

436 2770 583 2826 tibus
632 2778 896 2824 nocturna
938 2767 1152 2823 silentia
1179 2808 1193 2835 ,
1246 2767 1475 2837 quibus,
1511 2782 1679 2836 usque
1726 2768 1793 2822 ad
1839 2768 2026 2823 horam

435 2863 651 2921 tertiam
684 2861 842 2917 lectio
869 2860 1144 2916 moderata
1172 2859 1444 2925 succedat,
1477 2868 1537 2914 ut
1564 2860 1881 2915 exercitium
1912 2862 2024 2931 spi-

436 2957 594 3013 ritale
621 2970 728 3012 non
758 2955 971 3011 desinat
1000 2953 1335 3024 desiderare,
1361 2960 1416 3008 et
1438 2968 1654 3023 semper
1676 2956 1845 3025 possit
1867 2970 2029 3025 auge-

436 3051 508 3107 ri.
559 3050 770 3106 Utinam
823 3048 1105 3120 provideat
1154 3047 1413 3103 Dominus
1433 3047 1515 3103 vel
1552 3046 1657 3103 duo
1681 3048 1784 3103 tida
1814 3048 2026 3115 solatia,

438 3159 563 3200 cum
590 3144 782 3215 quibus
810 3142 1030 3197 diurnas
1065 3148 1120 3196 et
1150 3149 1443 3196 nocturnas
1472 3141 1662 3211 exigas
1701 3140 2025 3209 functiones,

439 3245 496 3293 et
513 3237 597 3291 vel
620 3235 782 3291 biduo
806 3235 861 3289 in
886 3235 1183 3302 septimana
1212 3233 1560 3289 salutantium
1584 3233 1776 3288 frueris
1815 3232 2027 3289 officiis.

2135 2011 2371 2081 frangat,
2418 2010 2599 2065 lretitia
2630 2026 2736 2065 non
2788 2011 3056 2078 resolvat,
3089 2012 3385 2067 stabilitum
3435 2014 3487 2067 in
3536 2013 3733 2069 timore

2137 2103 2232 2158 Dei
2283 2112 2470 2173 pectus
2509 2102 2759 2157 ostendat
2807 2096 3269 2173 magnanimitatis
3312 2103 3625 2173 aequalitas,
3672 2110 3733 2158 ut

2136 2196 2291 2251 nobis
2319 2195 2558 2266 coaptati
2591 2195 2755 2263 possit
2784 2194 2951 2250 libelli
2975 2195 3116 2249 illius
3142 2194 3352 2263 insigne
3386 2193 3729 2263 principium,

2136 2288 2266 2342 Erat
2290 2290 2367 2341 vir
2407 2304 2537 2341 unus
2578 2287 2833 2341 abstinens
2856 2304 2909 2341 se
2948 2288 3010 2339 ab
3053 2287 3191 2339 omni
3230 2302 3285 2339 re
3315 2286 3451 2339 mata
3496 2285 3636 2356 (Job.
3665 2284 3730 2353 ι).

2143 2378 2256 2445 Vir,
2290 2379 2478 2448 inquit,
2509 2396 2677 2444 unus;
2710 2378 2813 2433 hoc
2858 2386 2938 2433 cst
2965 2393 3178 2448 semper
3215 2376 3355 2433 idem
3393 2396 3405 2431 :
3441 2378 3565 2447 quia
3596 2377 3730 2432 nihil

2133 2478 2251 2523 erat
2278 2470 2332 2523 in
2361 2485 2426 2524 eo
2456 2470 2701 2535 dubium,
2728 2470 2863 2524 nihil
2895 2470 3111 2539 duplex,
3139 2470 3272 2524 nihil
3297 2468 3571 2533 accidens,
3595 2469 3730 2529 nihil

2133 2562 2343 2617 varium
2392 2564 2475 2618 vel
2523 2564 2828 2630 diversum,
2878 2563 2975 2619 sed
3020 2580 3139 2618 eum
3185 2565 3236 2618 in
3285 2574 3425 2619 statu
3472 2566 3730 2623 virtutum

2134 2666 2348 2706 suarum
2369 2695 2383 2719 ,
2432 2653 2623 2725 aequali
2654 2654 2843 2711 ordine
2872 2664 3310 2725 permanentem,
3342 2666 3585 2724 tempora
3623 2673 3730 2718 non

2136 2749 2434 2815 mutabant,
2463 2766 2564 2805 nec
2592 2766 2714 2806 eum
2746 2751 2828 2824 (ut
2854 2750 3099 2806 maximis
3124 2750 3374 2806 fluctibus
3396 2767 3515 2807 mos
3547 2752 3650 2823 est)
3673 2753 3728 2808 in

2133 2839 2369 2895 alternas
2403 2853 2584 2912 partes
2632 2842 2847 2897 diversa
2888 2852 3174 2898 ventorum
3202 2840 3371 2897 flabra
3416 2841 3727 2898 versabant.

2135 2930 2210 2983 ita
2238 2938 2291 2985 et
2335 2931 2595 2987 sollicitus
2637 2931 2734 2987 Dei
2772 2931 3040 2999 famulus,
3070 2932 3390 2988 inconcussa
3424 2931 3549 2987 ﬁdei
3591 2932 3731 2989 mole

2136 3023 2423 3091 fundatus,
2458 3025 2509 3079 in
2546 3024 2649 3081 hoc
2694 3034 2901 3080 tantum
2954 3022 3194 3097 (Christo
3241 3023 3295 3078 in
3340 3038 3398 3080 se
3444 3022 3731 3095 operante)

2137 3124 2393 3185 mutetur,
2422 3127 2478 3171 ut
2508 3117 2661 3172 novis
2705 3132 2918 3189 semper
2947 3117 3235 3174 virtutibus
3274 3117 3539 3173 induatur.
3587 3120 3737 3175 Ante

2132 3211 2334 3277 omnia,
2370 3212 2421 3265 in
2452 3221 2706 3282 quantum
2739 3211 2847 3266 Deo
2874 3211 3158 3282 adiuvante
3189 3218 3496 3283 poSsumus,
3524 3208 3644 3265 illas
3680 3212 3735 3266 in

436 3329 618 3385 Ardua
649 3336 775 3383 sunt
811 3342 931 3396 quae
949 3294 1069 3395 -pro
1094 3326 1477 3394 interrogantis
1512 3326 1726 3382 fervore
1769 3327 2025 3397 colloqui-
2059 3294 2105 3359 (ἶ
2138 3302 2293 3397 ηοῦίίε
2356 3303 2589 3397 quinque
2656 3318 2913 3360 sensuum
2979 3321 3345 3397 ¢ipugnemus
3419 3304 3729 3361 illecebras-

437 3434 590 3485 rnur;
620 3417 723 3472 sed-
740 3417 1208 3472 illelaborantium
1230 3417 1492 3487 benignus
1513 3417 1748 3487 adjutor,
1774 3430 1879 3474 tam
1913 3422 2031 3477 leve

439 3513 538 3569 tibi
587 3512 747 3567 faciat
790 3511 974 3581 iugum
1006 3526 1185 3578 suum,
1224 3527 1383 3581 quam
1410 3511 1703 3580 jucundum
1751 3514 1855 3568 erit
1894 3529 2032 3584 prae-

438 3606 608 3663 mium
639 3620 817 3661 suum.
852 3606 1017 3674 igitur
1061 3605 1106 3659 si
1138 3603 1346 3673 trepida
1378 3619 1565 3675 parum
1616 3604 1842 3675 amplius
1881 3607 2031 3661 rudi-

441 3706 624 3756 menta
666 3699 1021 3769 permittunt,
1067 3697 1290 3753 alternis
1342 3696 1602 3752 hiemales
1651 3698 1764 3754 dies
1809 3698 2032 3769 jejuniis

443 3793 847 3863 transigantur:
880 3807 1001 3863 quae
1022 3792 1159 3847 sicut
1191 3791 1461 3847 moderari
1488 3791 1764 3859 convenit,
1816 3793 1886 3847 ita
1938 3807 2036 3848 ne—

441 3901 595 3944 cesse
642 3896 726 3943 est
774 3887 1082 3958 duplicari:
1133 3885 1412 3956 duplicari,
1447 3885 1694 3956 inquam;
1729 3887 1837 3942 duo
1887 3889 2029 3943 enim

439 3990 568 4039 sunt
586 3982 925 4038 abstinentiae
969 3995 1166 4052 genera
1201 3999 1213 4033 :
1252 3980 1424 4037 Unum
1468 3990 1571 4047 est,
1628 3981 2031 4039 incontinentiae

440 4075 757 4145 appetitum,
816 4090 847 4128 a
875 4073 996 4129 cibo
1025 4083 1081 4128 et
1131 4081 1259 4143 potu
1308 4081 1363 4128 et
1411 4088 1441 4126 a
1479 4073 1707 4130 diversis
1735 4076 2029 4131 carnalium

438 4168 762 4224 suavitatum
800 4165 1069 4221 illecebris
1097 4180 1369 4233 coercere,
1406 4175 1460 4221 et
1487 4182 1707 4224 vomere
1728 4170 1903 4225 crucis
1927 4179 2033 4225 ter-

440 4271 558 4313 ram
596 4257 823 4327 subjecti
867 4256 1153 4311 exterioris
1186 4257 1461 4327 edomare,
1498 4268 1551 4313 et
1582 4263 1886 4317 necessitati
1937 4278 2034 4331 po-

439 4349 549 4403 tius
580 4364 741 4416 quam
770 4346 1035 4415 voluptati
1074 4356 1371 4415 temperata
1406 4349 1774 4406 moderatione
1803 4355 2028 4421 servire,

439 4440 662 4509 paulum
712 4440 757 4493 si
788 4439 1067 4507 permittat
1107 4438 1412 4509 inﬁrmitas,
1464 4442 1549 4496 vel
1598 4444 1818 4498 alternis
1843 4446 2031 4501 diebus

441 4528 617 4583 donec
646 4528 726 4582 vis
770 4528 941 4597 longae
989 4527 1391 4584 consuetudinis
1442 4532 1641 4586 sensim
1696 4532 2031 4590 disuescatur

441 4617 712 4687 accipere.
763 4616 839 4672 De
895 4633 992 4673 usu
1036 4631 1166 4673 vero
1193 4604 1655 4688 indumentorum,
1689 4624 1943 4689 paulatim
1971 4640 2031 4681 se

440 4708 677 4780 gravitas
706 4708 773 4762 ad
796 4707 1052 4764 inferiora
1080 4708 1380 4776 submittat,
1411 4725 1478 4766 ne
1510 4708 1624 4780 ipsa
1655 4715 1865 4769 novitas
1884 4716 2030 4773 subi-

445 4813 516 4857 te
536 4799 918 4856 mediocritatis
944 4799 1201 4857 offendat.
1222 4800 1626 4858 Observandum
1649 4812 1733 4860 est
1753 4806 1937 4878 etiam,
1962 4823 2031 4865 ne

443 4895 611 4953 elatio
648 4894 717 4949 de
744 4893 908 4949 nimia
941 4894 1245 4949 humilitate
1273 4903 1581 4964 generetur,
1628 4905 1683 4953 ct
1719 4899 1907 4955 vitium
1961 4902 2029 4959 de

442 4989 647 5045 virtute
676 4993 972 5051 nascatur;
1022 5000 1143 5055 quae
1197 4993 1378 5041 tamen
1421 4987 1577 5045 facile
1603 4992 1964 5060 superabitur,
1982 4994 2041 5051 si.

441 5079 783 5139 confusibilis
809 5079 899 5133 illa
926 5078 1214 5148 praeteritae
1237 5081 1662 5138 conversationis
1684 5083 1905 5141 historia
1933 5099 2029 5141 an-

447 5183 502 5230 te
519 5174 707 5230 oculos
728 5171 1041 5238 adducatur,
1065 5179 1120 5226 et
1149 5185 1241 5227 rea
1263 5172 1586 5229 conscientia
1609 5176 1831 5244 trepidis
1853 5179 2027 5233 sensi-

444 5267 548 5323 bus
579 5272 952 5334 praesentetur.
998 5263 1074 5318 ita
1096 5260 1208 5330 fiet,
1234 5270 1293 5318 ut
1316 5264 1442 5320 dum
1475 5280 1572 5336 per
1601 5268 2029 5327 recordationem

446 5358 842 5430 pmteritorum
873 5354 1137 5412 malorum
1166 5369 1196 5409 a
1215 5356 1428 5412 diabolo
1452 5358 1658 5429 ingesta
1684 5364 2031 5434 praesumptio

446 5450 760 5520 castigatur,
808 5447 1042 5520 dumque
1075 5448 1327 5519 iactantia
1377 5451 1570 5507 validis
1620 5454 1897 5524 culparum
1939 5468 2031 5510 ar-

447 5540 553 5597 mis
606 5541 743 5596 victa
791 5542 1111 5611 propellitur
1147 5560 1159 5594 :
1192 5542 1416 5598 crimina
1464 5559 1584 5615 quae
1636 5559 2028 5615 generaverant

447 5639 705 5697 mortem,
732 5632 961 5688 militare
986 5633 1239 5702 incipiant
1280 5635 1344 5689 ad
1385 5638 1639 5702 salutem,
1672 5639 1832 5708 inque
1855 5655 2031 5697 reme-

418 5722 603 5807 }lium
642 5726 839 5789 delicta
885 5727 1192 5799 proficiant,
1222 5735 1277 5786 et
1307 5728 1565 5787 medicina
1616 5730 1685 5789 de
1713 5733 2023 5795 vulneribus

456 5934 465 5981 ζ
483 5893 505 5976 ς
528 5896 559 5935 β
578 5888 694 5956 AL,
714 5889 935 5948 Leontii.

2136 3395 2402 3466 Quidquid
2425 3396 2567 3451 enim
2596 3397 2925 3466 pulcltrescit
2951 3394 3090 3465 visu,
3114 3398 3371 3469 quidquid
3395 3398 3736 3453 lenocinatur

2138 3493 2387 3560 odoratu,
2421 3493 2678 3564 quidquid
2711 3494 2978 3555 mollescit
3008 3502 3269 3560 attractu,
3324 3490 3581 3563 quidquid
3611 3492 3736 3548 dul-

2138 3586 2305 3641 cescit
2328 3594 2508 3655 gustu,
2551 3585 2809 3655 quidquid
2844 3586 3115 3641 blanditur
3158 3585 3364 3657 auditu,
3402 3584 3518 3638 haec
3549 3584 3735 3639 ontnia

2137 3677 2183 3732 si
2208 3677 2293 3732 his
2318 3678 2633 3746 abutamur,
2670 3680 3027 3735 intentionem
3066 3676 3134 3734 de
3161 3677 3493 3749 spiritalibus
3521 3676 3588 3731 ad
3622 3685 3737 3731 ter-

2135 3788 2265 3829 rena
2290 3773 2602 3829 devolvunt.
2648 3773 2715 3829 Et
2737 3773 2859 3829 ideo
2903 3774 3044 3829 sicut
3074 3781 3223 3842 pater
3260 3770 3386 3827 fidei
3431 3766 3736 3837 Abraham,

2136 3866 2370 3937 quinque
2411 3868 2531 3921 illos
2580 3881 2768 3938 reges,
2820 3868 2877 3921 in
2925 3866 3180 3922 trecentis
3230 3866 3416 3923 decem
3468 3874 3523 3920 et
3564 3872 3733 3933 octo,

2136 3960 2393 4031 mysterio
2440 3959 2580 4014 intra
2629 3960 2858 4014 litteram
2908 3959 3126 4021 latente,
3159 3957 3398 4014 devicit:
3432 3954 3502 4011 ita
3548 3965 3606 4011 et
3630 3971 3735 4009 nos

2136 4062 2321 4108 contra
2344 4068 2442 4109 nos
2459 4053 2783 4124 principales
2805 4052 3057 4108 vitiorum
3078 4053 3262 4120 duces,
3290 4054 3343 4107 in
3364 4051 3491 4108 Jesu
3509 4051 3735 4108 nomine

2136 4157 2192 4204 et
2217 4149 2393 4205 crucis
2422 4149 2575 4218 signo
2605 4148 2735 4219 (hoc
2760 4149 2903 4203 enim
2954 4156 3179 4219 utraque
3208 4162 3311 4201 ητα
3342 4144 3370 4184 ιι
3396 4142 3735 4216 exprimunt)

2136 4242 2474 4309 dimicemus,
2509 4249 2567 4294 ut
2595 4240 2784 4295 audire
2809 4254 3112 4295 mereamur
3138 4254 3169 4293 a
3196 4239 3422 4292 Domino
3448 4254 3459 4287 :
3486 4234 3730 4289 Vincenti

2136 4336 2265 4389 dabo
2295 4351 2535 4389 coronam
2564 4334 2695 4399 vitaz,
2728 4341 2775 4386 et
2805 4334 2892 4404 qui
2924 4335 3091 4388 vicerit
3113 4333 3459 4426 noandctur
3506 4349 3538 4384 a
3566 4340 3732 4385 morte

2135 4430 2360 4483 secunda
2384 4429 2567 4500 (Apoc.
2593 4444 2650 4496 ll,
2686 4429 2810 4497 il),
2852 4436 2915 4499 et
2947 4431 3069 4500 quia
3099 4445 3309 4499 regnum
3344 4427 3591 4482 calorum
3628 4427 3733 4480 vim

2138 4519 2347 4587 patitur,
2378 4528 2424 4572 et
2446 4518 2652 4571 violenti
2673 4518 2925 4589 diripiunt
2946 4519 3078 4573 illud
3105 4519 3319 4592 (Matth.
3346 4535 3422 4585 ει,
3468 4518 3579 4589 12).
3609 4516 3732 4573 Vim

2136 4616 2276 4670 enim
2323 4615 2425 4670 sibi
2460 4614 2660 4669 faetura
2689 4615 2987 4681 estanima,
3020 4626 3077 4670 ut
3122 4616 3368 4671 carnales
3411 4612 3730 4669 affectiones

2136 4714 2343 4783 spiritui
2394 4712 2614 4777 subdat,
2642 4720 2701 4767 ut
2730 4726 2943 4768 crucem
2970 4712 3175 4767 deliciis
3206 4709 3474 4781 praeferat,
3508 4716 3567 4763 ut
3592 4705 3729 4777 vigi~

2138 4805 2236 4859 lias
2258 4804 2460 4859 somnis
2502 4784 2752 4858 dulcibus
2780 4812 3106 4873 anteponat,
3158 4813 3216 4857 ut
3260 4802 3624 4857 adversarium
3668 4801 3729 4855 in

2140 4896 2394 4951 membris
2425 4895 2538 4950 suis
2567 4896 2768 4962 vincat,
2804 4906 2860 4949 ut
2891 4910 2958 4949 ex
3002 4894 3108 4949 alio
3158 4894 3293 4947 alter
3316 4892 3540 4948 effectus
3564 4890 3728 4944 homo

2138 4992 2203 5046 ad
2236 4990 2380 5046 illam
2404 4990 2615 5046 Domini
2661 4989 3075 5059 praeceptionem
3108 4986 3333 5043 idoneus
3374 4983 3676 5039 inveniatur
3712 5001 3725 5035 :

2139 5088 2350 5157 Siquis,
2394 5087 2585 5157 inquit,
2616 5085 2725 5139 vult
2771 5094 2883 5152 post
2921 5100 2999 5137 me
3030 5082 3232 5145 venire,
3261 5079 3473 5148 abneget
3498 5078 3729 5146 “ipsum

2138 5178 2469 5252 sibi(Matth.
2525 5194 2645 5241 xvr,
2688 5176 2800 5247 24).
2852 5177 2904 5231 Si
2937 5174 3057 5245 quis
3096 5188 3162 5229 ex
3210 5170 3469 5226 iracundo
3519 5169 3728 5237 patiens

2138 5272 2423 5339 efficietur,
2439 5272 2722 5327 continens
2738 5285 2802 5324 ex
2820 5268 3123 5331 luxurioso,
3140 5264 3383 5335 placidus
3398 5277 3464 5318 ex
3476 5269 3727 5323 cruento,

2136 5368 2397 5437 benignus
2422 5381 2487 5420 ex
2528 5364 2732 5429 invido,
2762 5364 2941 5433 largus
2967 5377 3032 5417 ex
3058 5360 3277 5431 cupido,
3308 5358 3471 5429 toties
3497 5370 3597 5412 nos
3624 5369 3725 5408 ne-

2136 5474 2345 5533 gamus,
2374 5459 2583 5531 quoties
2605 5470 2704 5512 nos
2733 5457 2798 5512 ad
2826 5457 3047 5512 meliora
3066 5456 3454 5513 convertimus.
3479 5451 3549 5506 Et
3576 5449 3725 5511 ideo,

2137 5566 2194 5610 ut
2234 5554 2297 5608 ad
2341 5555 2440 5606 hoc
2484 5549 3019 5621 assurgamnsquod
3069 5562 3191 5605 esse
3228 5546 3524 5609 debemus,
3558 5541 3729 5611 prius

2133 5647 2443 5723 studeamus
2473 5644 2822 5723 odissequod
2856 5642 3073 5707 fuimus.
3105 5642 3329 5712 Oportet
3356 5644 3413 5693 ut
3462 5635 3549 5690 hic
3576 5632 3729 5702 prius

2137 5748 2367 5797 mutetur
2395 5739 2461 5794 ad
2493 5738 2677 5804 vitam,
2702 5737 2793 5807 qui
2821 5736 2928 5793 illic
2959 5735 3150 5792 mutari
3181 5739 3331 5803 optat
3358 5730 3424 5786 ad
3468 5724 3725 5799 gloriam.

2217 5895 2246 5936 δ
2274 5897 2441 5967 Alias,
2472 5896 2723 5971 exprimit,
