4068 6348
355 344 462 404 858

912 450 1244 513 EPISTOLA
1280 450 1373 508 Vl.

354 552 598 610 EJUSDEI
620 556 1130 607 IAUS'I'INIEGIINSIS
1146 557 1447 604 GALLIABUI
1468 557 1703 601 ertscori
1725 555 1939 600 CONTRA

777 634 1022 677 NESTOBII
1047 636 1114 674 AD
1141 634 1192 674 (ἓ.
1223 632 1512 673 DIACONUII.

428 734 658 791 Domino
695 739 883 788 sancto
912 739 967 787 et
993 731 1050 785 in
1083 728 1298 784 Christo
1335 726 1737 784 devinctissimo
1785 724 1941 782 fratri

350 806 382 846 ⁸
406 807 571 863 Grato
600 805 828 861 diacono
849 803 1097 858 Faustus.

420 898 734 954 Honoratus
761 896 941 951 officio
968 904 1078 963 tuo,
1109 894 1406 951 honoratus
1429 892 1655 963 judicio,
1687 905 1943 961 provoca-

356 1002 442 1048 tus
469 990 691 1056 affectu;
727 990 915 1058 loquar
966 994 1141 1042 tecum
1186 987 1239 1041 in
1274 986 1576 1040 humilitate
1621 984 1859 1049 sincera,
1887 984 1940 1037 in

355 1086 605 1141 libertate
644 1083 905 1139 benevola
930 1120 947 1148 ,
975 1080 1031 1134 in
1077 1080 1299 1135 caritate
1346 1094 1453 1133 non
1483 1077 1636 1145 ficta,
1679 1080 1731 1131 in
1782 1079 1942 1130 verbo

357 1178 622 1234 veritatis.
656 1177 723 1230 Et
748 1176 873 1230 licet
914 1173 1045 1228 mihi
1076 1172 1287 1228 tacendi
1317 1186 1531 1227 causam
1580 1170 1821 1225 indicere
1849 1186 1942 1239 po-

358 1271 547 1337 tueris,
580 1269 707 1324 dum
736 1268 966 1337 benigno
994 1280 1057 1321 ac
1087 1266 1247 1320 nimis
1275 1264 1497 1320 credulo
1524 1263 1704 1317 animo
1737 1270 1940 1317 tantum

359 1375 533 1432 parum
583 1359 717 1415 mihi
766 1367 1022 1429 quantum
1071 1356 1164 1411 tibi
1196 1357 1403 1426 peritiae
1433 1364 1487 1410 et
1516 1355 1831 1409 eruditionis
1862 1355 1943 1409 in-

360 1453 568 1523 dulges,
606 1460 781 1506 tamen
832 1465 930 1521 per
962 1448 1324 1518 interrogandi
1368 1447 1806 1513 sollicitudinem,
1837 1448 1938 1501 im-

359 1544 583 1617 posuisti
627 1542 758 1599 mibi
802 1542 1162 1614 respondendi
1214 1542 1617 1607 necessitatem,
1668 1556 1771 1610 qua
1818 1555 1943 1595 cum

360 1639 603 1716 absente,
634 1650 740 1691 non
770 1636 887 1691 sine
926 1634 1310 1705 trepidatione,
1342 1634 1473 1688 mihi
1520 1634 1730 1689 aestimo
1778 1632 1944 1687 collo-

360 1729 632 1802 quendum
666 1744 682 1786 ;
713 1729 836 1797 quia
866 1728 932 1782 de
953 1728 1115 1783 rebus
1149 1736 1255 1781 tam
1283 1725 1589 1795 profundis,
1619 1734 1674 1781 et
1704 1739 1849 1779 meas
1878 1738 1942 1779 ac

1810 334 2186 395 EPISTOLE.

1964 454 2020 514 Α
2044 451 2170 505 fano
2198 463 2332 506 ausu
2362 450 2637 520 disputare
2682 462 2789 505 non
2816 449 2994 504 timuit
3020 448 3232 504 beatam
3264 448 3484 503 Malim
3508 456 3622 502 tan-

3518 328 3627 388 85‘

2047 552 2158 598 tum
2178 551 2403 599 matrem
2430 543 2600 599 fuisse
2629 542 2883 608 hominis,
2910 556 3019 597 non
3046 542 3209 596 etiam
3242 540 3370 606 Dei;
3398 545 3454 596 et
3480 538 3621 609 ideo,

2046 650 2143 706 pro
2189 636 2311 701 hoc,
2352 636 2629 693 catholicae
2669 653 2764 707 per
2813 652 3029 693 omnem
3070 635 3329 692 mundum
3372 635 3627 692 Ecclesia

2045 729 2387 786 districtione.
2398 730 2683 787 damnatus
2707 738 2811 786 est.
2842 730 2961 787 Non
2980 730 3141 786 debet
3164 728 3380 800 (inquit)
3403 727 3625 798 suscipi,

2046 832 2104 879 ut
2127 825 2287 879 homo
2313 833 2485 879 mater
2509 824 2603 879 Dei
2634 825 2729 878 sit!
2757 824 2850 878 sed
2878 823 2967 879 ubi
2988 831 3072 879 est
3100 821 3227 877 illud
3254 820 3627 891 propheticum

2045 918 2130 973 vel
2158 919 2527 989 evangelicum
2557 935 2570 969 :
2599 917 2729 971 Ecce
2751 919 2892 988 virgo
2919 915 3165 985 concipiet
3186 924 3234 970 et
3258 915 3417 984 pariat
3440 913 3625 982 ﬁlium,

2046 1020 2093 1064 et
2112 1011 2357 1065 vocabunt
2386 1025 2567 1063 nomen
2593 1012 2701 1079 ejus
2731 1007 3049 1071 Emmanuel,
3074 1007 3209 1075 quod
3235 1006 3627 1074 estinterpreta-

2047 1109 2175 1165 tum,
2208 1099 2471 1153 nobiscum
2525 1097 2665 1152 Deus
2706 1096 2873 1166 (Esai.
2915 1112 3005 1161 vn,
3036 1095 3162 1165 l4)?
3208 1096 3274 1149 Et
3323 1095 3514 1148 iterum
3574 1094 3627 1151 itt

2048 1192 2338 1261 Evangelia
2367 1208 2380 1244 :
2409 1190 2544 1259 quod
2593 1198 2826 1243 nascetur
2856 1203 2918 1242 ex
2964 1197 3010 1241 te
3056 1196 3317 1251 sanctum,
3366 1185 3628 1239 vocabitur

2048 1281 2219 1336 Filius
2258 1279 2352 1335 Dei
2386 1278 2597 1350 (Matth.
2647 1295 2686 1343 ι,
2715 1275 2831 1345 25).
2864 1277 2966 1332 Ubi
3009 1277 3168 1329 etiam
3215 1274 3345 1329 illud
3375 1284 3457 1329 est
3485 1274 3627 1343 quod

2048 1380 2299 1443 suscepta
2340 1386 2437 1441 per
2484 1385 2671 1426 omnes
2708 1368 2913 1423 insulas
2956 1374 3010 1421 et
3049 1366 3321 1420 Ecclesias
3346 1406 3362 1432 ,
3410 1365 3629 1420 Patrum

2046 1466 2222 1535 signat
2262 1464 2553 1525 auctoritas
2602 1469 2789 1516 contra
2820 1456 3130 1514 Nestorium
3162 1455 3387 1524 loquens
3417 1474 3428 1506 :
3470 1455 3630 1509 Male-

2046 1557 2241 1623 dictus,
2272 1557 2465 1626 inquit,
2496 1554 2589 1624 qui
2615 1554 2810 1611 Filium
2835 1553 2930 1607 Dei
2962 1552 3131 1606 Deum
3158 1564 3341 1603 verum
3372 1548 3439 1602 de
3466 1548 3632 1601 Maria

2048 1665 2155 1706 non
2184 1663 2356 1719 nuper
2404 1655 2588 1703 natum
2633 1661 2732 1715 pro
2760 1654 2945 1700 nostra
2974 1644 3145 1697 salute
3174 1656 3281 1695 non
3307 1640 3589 1694 confitetur
3608 1639 3634 1691 ?

2047 1742 2300 1799 Secutum
2334 1750 2419 1796 est
2458 1748 2518 1795 ut
2542 1740 2750 1795 diceres
2790 1738 2887 1794 Dei
2926 1746 2978 1793 et
3027 1733 3261 1789 hominis
3310 1746 3469 1785 unam
3514 1744 3635 1785 esse

362 1831 479 1876 tuas
518 1822 659 1875 vires
684 1819 1091 1883 excedentibus,
1138 1834 1243 1873 non
1271 1818 1447 1875 minus
1493 1818 1715 1887 periculi
1744 1828 1828 1871 est
1856 1832 1941 1872 re-
1972 1838 2018 1897 Β
2045 1845 2316 1901 naturam,
2370 1834 2473 1887 hoc
2521 1831 2713 1895 modo;
2761 1844 2923 1883 “nam
2962 1827 3058 1881 Dei
3095 1840 3215 1879 εεδε
3258 1821 3632 1877 substantiam,

361 1913 628 1983 spondere
667 1924 827 1980 quam
868 1911 1142 1965 incondito
1181 1910 1318 1981 stylo
1350 1910 1584 1979 ingentia
1607 1918 1943 1964 sacramenta

362 2006 697 2061 committere
724 2022 735 2057 :
765 2013 819 2058 et
843 2004 964 2059 ideo
1017 2017 1199 2057 carum
1224 2018 1425 2067 meum,
1453 2002 1508 2057 in
1530 2003 1613 2057 his
1633 2017 1755 2073 qua:
1785 2003 1946 2057 nimis

363 2106 563 2150 temere
596 2095 838 2163 protulit,
872 2094 1098 2148 tacendo
1129 2094 1297 2163 magis
1327 2094 1591 2163 castigare
1615 2093 1942 2148 debuissem.

364 2187 418 2243 In
450 2196 609 2242 tautae
637 2197 814 2243 autem
838 2186 917 2240 rei
946 2186 1355 2251 consultatione,
1387 2186 1440 2238 in
1470 2199 1574 2253 qua
1617 2184 1773 2253 longe
1804 2186 1945 2241 viam

367 2280 569 2350 regiam
613 2279 914 2348 reliquisti,
956 2278 1160 2346 aliquos
1208 2286 1442 2345 expertae
1491 2275 1730 2332 scientiae
1762 2276 1940 2343 viros,

365 2376 667 2432 eruditione
694 2383 854 2443 atque
881 2380 1039 2427 aetate
1066 2375 1329 2437 seniores,
1359 2372 1550 2439 quibus
1580 2372 1801 2426 credere
1821 2370 1947 2425 faci-

368 2467 473 2522 lius
524 2466 723 2536 possis,
755 2466 1087 2533 interrogare
1136 2463 1438 2528 debueras,
1486 2463 1774 2517 secundum
1817 2464 1946 2518 illud

368 2558 740 2630 prOphelicum
784 2575 798 2609 :
846 2555 1117 2626 Interroga
1166 2565 1361 2624 patrem
1392 2566 1564 2623 tuum,
1607 2563 1653 2607 et
1704 2556 1947 2608 indicabit

368 2652 494 2716 tibi;
533 2650 754 2704 seniores
798 2660 935 2717 tuos,
980 2657 1025 2701 et
1071 2650 1236 2701 dicent
1277 2649 1365 2700 tibi
1405 2646 1430 2684 ι)
1457 2646 1636 2719 (Deut.
1670 2663 1836 2713 xxx”,
1866 2648 1941 2716 7).

284 2729 306 2751 ⁵
367 2742 568 2800 Deinde
597 2744 649 2796 in
674 2742 757 2796 his
777 2757 895 2810 qua:
925 2742 1131 2809 agimus
1162 2740 1247 2795 vel
1270 2756 1388 2809 quae
1411 2740 1663 2807 dicimus,
1695 2750 1855 2809 atque
1882 2740 1947 2793 ad

368 2844 666 2890 extremum
715 2833 931 2901 scriptis
980 2831 1235 2886 mandare
1282 2832 1676 2900 praesumimus,
1722 2832 1949 2885 fructum

369 2928 775 2999 profectumque
830 2926 1009 2995 operis
1052 2935 1365 2995 exspectare
1414 2925 1691 2980 debemus.
1748 2924 1804 2979 lu
1851 2926 1951 2980 hac

369 3032 547 3078 autem
575 3021 897 3091 scripturula
926 3035 1085 3091 quam
1114 3020 1181 3073 ad
1210 3033 1297 3074 me
1325 3019 1555 3088 dirigere
1582 3020 1827 3087 dignatus
1870 3032 1948 3086 cs,

369 3129 475 3169 non
516 3114 820 3182 eloquentia
842 3152 857 3179 ,
887 3126 995 3165 non
1038 3111 1283 3176 scientia,
1315 3125 1423 3164 non
1461 3110 1620 3177 ratio,
1651 3123 1757 3163 nou
1783 3109 1950 3164 aedifi-

2052 1926 2218 1983 Recte
2248 1928 2468 1982 dixeras
2495 1925 2539 1979 si
2589 1925 2655 1978 de
2701 1923 2815 1978 sola
2853 1920 3115 1975 Trinitate
3144 1918 3389 1980 dixisses,
3418 1915 3503 1969 ubi
3532 1928 3636 1967 una
3698 1970 3707 1977 ί

2050 2030 2210 2088 atque
2238 2020 2426 2074 eadem
2449 2028 2555 2082 est,
2585 2016 2685 2070 sub
2708 2016 2868 2069 trium
2899 2027 3247 2083 personarum
3270 2008 3636 2075 distinctione,

2051 2120 2260 2168 natura.
2297 2110 2563 2165 Caeterum
2593 2122 2715 2162 cum
2746 2108 2812 2161 ad
2845 2105 3079 2159 hominis
3109 2104 3369 2170 assumpti
3394 2102 3638 2154 incarna-

2055 2204 2253 2258 tionem
2282 2202 2492 2256 venitur
2525 2219 2538 2253 :
2570 2199 2710 2254 sicut
2741 2197 2972 2251 hominis
3008 2204 3061 2249 et
3103 2194 3196 2248 Dei
3225 2207 3385 2246 unam
3415 2192 3637 2245 confite-

2051 2306 2171 2346 mur
2218 2305 2338 2345 esse
2359 2303 2645 2358 personam
2677 2304 2691 2340 :
2722 2287 2794 2339 ita
2824 2284 3087 2352 duplicem
3124 2282 3325 2335 scimus
3350 2296 3471 2335 esse
3513 2281 3638 2333 sub-

2052 2385 2322 2440 stantiam.
2383 2381 2485 2448 Qui
2531 2389 2709 2434 autem
2769 2377 2928 2435 unius
2976 2382 3180 2428 naturae
3228 2373 3421 2426 asserit
3470 2371 3638 2425 Deum

2052 2476 2479 2544 redemptorem;
2511 2480 2603 2525 aut
2628 2470 2900 2524 hominem
2932 2468 2984 2521 in
3012 2465 3317 2528 Divinitate,
3349 2472 3442 2517 aut
3470 2463 3638 2516 Deum

2053 2570 2267 2639 negavit
2307 2569 2361 2622 in
2402 2580 2654 2636 corpore;
2706 2579 2828 2618 cum
2877 2559 3175 2629 redemptio
3222 2565 3405 2612 nostra
3435 2570 3541 2609 non
3571 2569 3641 2610 ex

2052 2663 2332 2724 alterutro,
2369 2657 2463 2713 sed
2496 2672 2562 2711 ex
2606 2665 2834 2724 utroque
2885 2650 3123 2721 perfecta
3170 2648 3259 2703 sit.
3310 2648 3422 2701 Hoc
3463 2655 3642 2700 autem

2054 2752 2169 2807 loco
2211 2765 2373 2804 unum
2432 2748 2551 2803 sine
2594 2748 2699 2801 alio
2748 2746 2946 2799 erroris
2993 2742 3230 2812 periculo
3279 2752 3478 2793 nostrae
3515 2737 3642 2792 fidei

2055 2846 2221 2900 solius
2269 2854 2289 2880 ο
2347 2842 2519 2896 nostri
2564 2855 2683 2895 esse
2730 2847 2992 2893 naturam.
3054 2836 3193 2903 Ergo
3240 2834 3293 2889 in
3343 2832 3641 2887 substantia

2056 2934 2348 3006 majestatis
2376 2949 2511 3001 suae,
2536 2932 2788 2986 divinitas
2820 2926 3075 2983 crucifixa
3106 2934 3189 2979 est
3216 2926 3227 2976 !
3269 2923 3325 2978 Si
3356 2936 3513 2977 unam
3546 2921 3642 2977 Dei

2059 3028 2222 3084 solius
2261 3036 2504 3081 naturam
2553 3024 2715 3086 dicis;
2764 3022 2819 3075 in
2867 3017 3164 3075 substantia
3211 3032 3343 3080 sua,
3389 3014 3641 3082 maiestas

2058 3131 2269 3177 mortua
2298 3121 2380 3175 vel
2413 3119 2618 3189 sepulta
2645 3118 2755 3172 est!
2785 3115 2915 3180 Quae
2946 3113 3124 3167 omnia
3164 3111 3305 3165 Deus
3337 3124 3442 3167 non
3474 3108 3526 3161 in
3561 3122 3639 3171 se,

367 3208 509 3263 catio
531 3207 706 3274 aliqua
729 3204 960 3259 ordinati
977 3211 1068 3256 aut
1087 3202 1394 3271 compuncti
1418 3205 1681 3257 sermonis
1701 3210 1953 3271 apparet;

2067 3216 2161 3273 sed
2190 3218 2241 3269 in
2291 3222 2477 3267 natura
2509 3212 2743 3280 suscepti
2774 3208 3008 3263 hominis
3053 3206 3282 3274 excepit.
3330 3203 3471 3257 Nihil
3498 3202 3643 3257 enim

308 3330 311 3335 ι
368 3296 464 3353 sed
499 3296 802 3351 testimonia
831 3294 1202 3349 confusissime
1252 3309 1348 3363 pro
1390 3295 1661 3348 memoriae
1699 3290 1960 3350 facilitate

370 3397 624 3457 congesta
656 3385 1007 3441 temeritatem
1042 3385 1249 3440 "incauti
1293 3385 1471 3442 cordis
1504 3395 1774 3440 accusant.
1802 3385 1960 3441 Novit

374 3482 630 3537 Dominus
655 3478 779 3548 quia
806 3477 1133 3547 stupefactus
1161 3492 1271 3547 prm
1292 3478 1469 3532 studio
1497 3487 1598 3532 tua:
1626 3479 1815 3533 salutis
1846 3479 1958 3533 haec

374 3573 647 3642 colloquor
678 3588 691 3623 ε
724 3572 803 3625 sic
826 3580 881 3625 et
908 3578 959 3624 te
985 3570 1370 3640 interrogasse,
1402 3579 1456 3625 et
1478 3586 1564 3626 me
1591 3572 1955 3641 respondisse,

375 3666 442 3720 ad
469 3666 666 3720 bonum
693 3678 979 3719 commune
1011 3662 1275 3731 proficiat.
1305 3664 1362 3717 ln
1393 3666 1607 3733 scriptis
1628 3666 1797 3718 sancti
1826 3679 1959 3731 pon-

378 3757 532 3812 tificis
562 3755 869 3827 Augustini,
900 3756 1113 3810 etiamsi
1139 3755 1273 3824 quid
1300 3764 1514 3823 putatur
1545 3758 1682 3825 apud
1710 3757 1955 3811 doctissi-

379 3864 494 3905 mos
539 3850 682 3904 viros
731 3861 853 3902 esse
903 3854 1248 3916 suspectum,
1282 3860 1347 3900 ex
1396 3847 1479 3901 bis
1518 3863 1637 3915 quae
1662 3847 1959 3901 damnanda

380 3941 644 4013 iudicasti,
676 3940 811 3996 nihil
844 3940 1059 3995 noveris
1087 3939 1501 4008 reprehensum;
1548 3939 1643 3993 sed
1687 3938 1809 3993 fidei
1838 3953 1961 3995 sen-

380 4049 527 4100 sum,
558 4033 793 4089 maxime
819 4032 887 4087 de
916 4031 1127 4097 duabus
1161 4032 1471 4086 substantiis
1495 4032 1578 4086 vel
1617 4032 1825 4085 naturis
1868 4032 1961 4086 Dei

380 4136 435 4185 et
458 4127 690 4182 hominis
722 4126 933 4182 Domini
952 4140 1015 4179 ac
1031 4125 1408 4194 Redemptoris
1439 4126 1633 4195 nostri,
1662 4125 1795 4179 scito
1820 4126 1962 4196 apud

382 4220 719 4287 catholicam,
744 4234 850 4274 non
869 4219 1040 4273 solum
1061 4218 1274 4272 Patrum
1301 4216 1615 4272 auctoritate
1632 4225 1959 4285 susceptum,

381 4315 477 4372 sed
505 4316 670 4371 etiam
718 4312 1028 4384 apostolicis
1057 4311 1287 4366 oraculis
1308 4320 1699 4365 consecratum.
1734 4310 1962 4366 Proinde

382 4408 604 4464 verbum
632 4406 733 4461 hoc
774 4406 916 4477 quod
961 4419 1111 4459 more
1136 4404 1451 4475 prophetico
1482 4403 1548 4457 ad
1582 4410 1631 4459 te
1655 4404 1851 4458 factum
1882 4404 1962 4458 di-

383 4500 494 4563 cis;
531 4507 593 4553 ut
610 4506 813 4553 certum
843 4507 947 4564 est,
965 4511 1071 4552 non
1101 4498 1193 4551 Dei
1220 4497 1430 4566 spiritu,
1464 4505 1517 4551 et
1543 4496 1682 4565 apud
1713 4497 1880 4551 Deum
1910 4506 1963 4550 et

2065 3310 2205 3365 Deus
2230 3305 2256 3343 ά
2285 3306 2454 3361 sensit
2496 3320 2616 3359 cum
2647 3302 2896 3374 patientis
2940 3313 3101 3355 sensu
3127 3337 3143 3363 ,
3176 3296 3272 3352 sed
3318 3294 3485 3350 sensit
3521 3308 3643 3347 cum

2063 3401 2311 3472 patientis
2358 3399 2583 3462 effectu;
2636 3396 2767 3451 nihil
2812 3395 2979 3449 sensit
3035 3405 3132 3461 pro
3172 3390 3480 3445 diversitate
3519 3388 3645 3442 sub-

2062 3496 2312 3561 stantiae,
2363 3492 2459 3547 sed
2501 3491 2669 3546 sensit
2718 3503 2815 3558 pro
2856 3488 3062 3541 unitate
3122 3497 3386 3554 personae.
3431 3481 3646 3535 Unitate

2062 3586 2361 3655 conjunxit,
2397 3593 2453 3638 et
2482 3590 2878 3651 consequenter
2899 3579 3129 3649 adjecit;
3160 3591 3257 3630 nos
3303 3588 3465 3629 unum
3497 3587 3646 3628 eum-

2064 3678 2290 3746 demque
2328 3690 2513 3729 verum
2560 3674 2828 3728 hominem
2856 3680 2910 3725 et
2958 3683 3147 3724 verum
3198 3667 3365 3721 Deum
3397 3664 3646 3731 intelligi-

2064 3785 2182 3824 mus
2214 3787 2225 3821 ε
2255 3778 2309 3823 et
2349 3768 2597 3829 iteravit,
2629 3778 2729 3819 nos
2753 3777 2939 3817 verum
2971 3762 3135 3817 Deum
3162 3768 3216 3814 et
3241 3774 3429 3815 verum
3475 3756 3646 3812 homi-

2063 3877 2187 3917 nem
2240 3859 2387 3914 nullo
2435 3857 2595 3912 modo
2648 3854 2968 3924 ambigimus
3024 3850 3407 3906 confitendum.
3451 3849 3648 3915 Accipe

2063 3953 2223 4009 etiam
2252 3952 2304 4005 in
2327 3950 2525 4019 hymno
2548 3950 2603 4002 S.
2633 3946 2885 4001 antistitis
2916 3953 2968 3998 et
3008 3941 3330 3997 confessoris
3356 3938 3646 4001 Ambrosii,

2064 4058 2222 4115 quem
2254 4043 2311 4095 in
2335 4037 2498 4095 natali
2534 4022 2801 4092 do'minico
2831 4034 3093 4115 catholica
3122 4046 3220 4100 per
3264 4042 3453 4084 omnes
3482 4027 3648 4081 Italiae

2066 4143 2121 4189 et
2150 4132 2336 4189 Gallia:
2390 4130 2640 4200 regiones
2681 4126 2941 4197 persultat
2983 4122 3220 4179 Ecclesia
3267 4139 3280 4173 :
3326 4119 3554 4173 Procede
3588 4117 3653 4171 de.

2066 4226 2292 4280 thalamo
2336 4230 2423 4277 tuo
2472 4221 2683 4292 gemina:
2729 4220 2872 4289 gigas
2922 4214 3238 4269 substantiis.
3284 4209 3492 4280 Refuge
3521 4224 3648 4278 ergo

2067 4319 2205 4373 inter
2248 4317 2384 4381 haec,
2416 4322 2602 4370 sancte
2632 4311 2816 4377 frater,
2850 4308 3119 4363 alterutra:
3165 4303 3331 4373 partis
3366 4306 3638 4357 errorem:

2065 4409 2109 4463 si
2142 4414 2346 4461 tantum
2375 4404 2471 4459 Dei
2497 4410 2738 4458 naturam
2778 4398 3010 4465 dixeris,
3053 4392 3351 4464 imposuisti
3383 4393 3492 4446 Deo
3520 4405 3654 4446 cou-

2067 4499 2320 4554 ditionem
2361 4495 2625 4567 passionis
2664 4502 2719 4549 et
2745 4492 2966 4556 mortis;
3013 4489 3059 4544 si
3082 4500 3211 4543 vero
3237 4493 3442 4541 tantum
3473 4485 3644 4539 homi-

386 4589 527 4659 lpud
568 4588 812 4643 homines
857 4589 1012 4643 valde
1049 4588 1350 4643 damnabile
1381 4596 1464 4642 est
1487 4628 1500 4653 ,
1548 4588 1646 4642 niSi
1678 4588 1822 4657 prior
1852 4590 1965 4657 ipse
1992 4589 2045 4650 D
2071 4592 2153 4647 nis
2179 4601 2422 4647 naturam
2452 4589 2671 4654 dixeris,
2694 4583 3006 4655 subtraxisti
3050 4582 3163 4636 Deo
3190 4580 3415 4649 gloriam
3437 4577 3625 4633 redeat
3650 4610 3651 4615 η

387 4679 748 4737 damnaveris.
776 4678 915 4747 Ergo
928 4687 986 4731 ut
1003 4678 1125 4732 aliis
1146 4679 1521 4746 praetermissis
1543 4679 1682 4733 hunc
1699 4680 1965 4748 duplicem

389 4785 631 4831 errorem
666 4770 816 4825 etde
856 4769 1049 4824 haeresi
1096 4777 1273 4822 natum
1318 4770 1445 4824 etin
1468 4770 1702 4839 pericula
1747 4752 1967 4826 hmresis

391 4862 788 4936 pertrahentem
817 4900 830 4925 ,
860 4859 1010 4913 brevi
1043 4857 1317 4927 (quantum
1369 4858 1561 4914 absens
1591 4861 1829 4934 possum)
1856 4876 1968 4917 ser-

394 4971 553 5014 mone
606 4954 1009 5024 constringam,
1053 4965 1173 5007 cum
1222 4959 1423 5006 sanctae
1478 4952 1769 5008 sinceritati
1820 4963 1962 5021 tuae,

394 5051 681 5106 multorum
726 5048 856 5119 (non
914 5045 1087 5118 qualis
1146 5057 1247 5113 ego
1294 5044 1434 5113 sum)
1480 5045 1782 5100 necessaria
1824 5056 1969 5103 esset

396 5140 680 5213 praesentia
723 5138 1098 5209 magistrorum
1139 5153 1151 5188 :
1202 5135 1375 5206 primo
1417 5136 1533 5191 loco
1582 5136 1889 5206 ignoranter
1919 5146 1974 5193 et

398 5237 527 5289 satis
556 5233 872 5304 periculose,
896 5245 1001 5285 non
1023 5229 1218 5297 dicam,
1245 5228 1525 5296 scribitur;
1551 5230 1666 5297 sed,
1690 5231 1970 5303 c0gitatur,

399 5329 596 5399 suscipi
626 5342 733 5383 non
764 5326 962 5381 debere
986 5332 1042 5378 ut
1081 5324 1240 5379 homo
1267 5331 1435 5378 mater
1462 5322 1559 5379 Dei
1589 5325 1660 5379 sit
1688 5342 1701 5377 :
1735 5325 1877 5395 quod
1909 5326 1975 5380 de

399 5420 734 5478 Nestorianae
773 5418 993 5471 haeresis
1043 5416 1312 5485 impietate
1358 5418 1664 5486 descendit;
1712 5422 1805 5490 qui
1851 5435 1976 5491 pro-

476 5592 503 5621 α
534 5579 701 5643 Alias,
731 5572 974 5644 Gregorio
1003 5578 1056 5625 ct
1083 5570 1277 5644 Gi‘tBCO.

474 5651 502 5716 lt
532 5637 697 5706 Alias.
722 5637 962 5716 additur,
1004 5643 1090 5695 sed
1119 5643 1303 5716 absque
1330 5645 1482 5701 dubio
1512 5648 1595 5715 qui
1626 5648 1701 5701 vel
1750 5637 1979 5716 qualem-

407 5714 599 5859 ῧιῄᾳιᾶε
653 5714 861 5847 νῗιέαἱνὲι
916 5712 1133 5781 ducem,
1183 5714 1439 5773 declinare
1478 5712 1670 5786 oportet
1729 5712 1975 5773 errorem.

462 5810 540 5853 em
578 5809 625 5859 e,
656 5803 685 5845 e
743 5823 757 5842 .

462 5803 625 5860 cinae,
656 5803 757 5847 etc.

2077 4683 2293 4754 ptionis,
2348 4679 2659 4737 subtraxisti
2704 4676 2908 4732 auctori
2937 4672 3232 4745 potentiam
3278 4669 3649 4739 Reparatoris.

2075 4782 2216 4838 Audi
2259 4779 2526 4852 quomodo
2568 4790 2718 4831 sacra
2759 4774 2966 4843 eloquia
3016 4785 3114 4841 per
3153 4782 3315 4824 unam
3367 4779 3652 4837 personant

2078 4874 2345 4944 explicant
2384 4880 2665 4940 utramque
2704 4866 3083 4923 substantiam.
3111 4862 3271 4917 Juxta
3292 4860 3530 4915 divinam
3560 4872 3651 4912 na-

2078 4974 2249 5020 turam
2293 4963 2528 5033 loquitur
2556 4978 2571 5015 :
2600 4959 2712 5031 Ego
2739 4968 2785 5012 et
2817 4956 2976 5012 Pater
2996 4969 3156 5010 unum
3180 4967 3353 5008 sumus
3382 4950 3557 5021 (Joan.
3593 4962 3649 5013 ι,

2074 5060 2199 5130 30);
2228 5057 2542 5129 lsecundum
2590 5053 2881 5109 humanam
2923 5057 3166 5104 naturam
3218 5043 3499 5099 conﬁtetur
3528 5039 3653 5109 quia

2075 5151 2234 5206 Pater
2277 5151 2446 5221 major
2485 5163 2562 5200 me
2589 5153 2693 5210 est;
2730 5144 2881 5214 juxta
2910 5139 3205 5201 caelestem
3254 5142 3494 5188 naturam
3528 5142 3649 5199 pro-

2077 5243 2327 5298 nuntiat:
2358 5239 2541 5293 Omnia
2563 5252 2673 5308 qua:
2699 5234 2853 5289 Pater
2879 5232 3025 5286 habet
3062 5242 3171 5281 mea
3198 5233 3346 5288 sunt;
3364 5222 3515 5291 juxta
3545 5226 3658 5274 tarn

2079 5348 2221 5389 renae
2252 5339 2451 5387 naturae
2478 5328 2839 5383 infirmitatem
2860 5323 3017 5379 dicit:
3050 5318 3217 5373 Filius
3241 5324 3408 5371 autem
3436 5309 3654 5365 hominis

2082 5443 2185 5481 non
2213 5425 2359 5479 habet
2409 5423 2492 5476 ubi
2533 5430 2683 5492 caput
2708 5420 2933 5474 reclinet.
2980 5412 3141 5482 Quasi
3176 5408 3337 5466 homo
3366 5404 3653 5467 indicabat,

2157 5588 2179 5615 ο
2212 5576 2378 5641 Alias,
2418 5576 2575 5629 solius
2607 5570 2702 5625 Dei
2730 5566 2908 5626 nostri.
3078 5634 3087 5641 _
3238 5628 3273 5641 ,Α
3344 5639 3353 5641 Α
3382 5638 3407 5641 η
3457 5619 3520 5641 _‘_.

2154 5646 2178 5682 ἀ
2997 5634 3087 5693 sed
3116 5628 3275 5690 sensit
3301 5616 3651 5696 compatientis

2082 5717 2284 5791 affectu.
