4068 6348
412 352 518 409 855

1635 343 1692 399 S.
1734 340 1977 399 FAUSTI
2014 341 2419 403 RHEGIENSIS

3558 358 3664 416 856

410 466 595 520 Tristis
637 474 711 518 est
756 476 926 517 anima
970 476 1081 516 mea
1118 474 1275 530 usque
1298 459 1367 512 ad
1396 466 1642 524 mortem;
1666 460 1817 530 quasi
1846 460 1984 515 Deus
2012 462 2066 522 Α
2091 459 2254 517 Datus
2280 475 2408 531 ergo
2432 476 2497 517 ex
2524 460 2830 533 Divinitate,
2856 469 3012 520 natus
3038 476 3106 520 ex
3132 464 3367 536 Virgine,
3399 476 3555 524 natus
3572 473 3663 541 qui

408 557 819 621 contestabatur,
856 554 1163 608 Potestatem
1205 554 1364 606 habeo
1389 552 1612 622 ponendi
1640 569 1772 619 eam,
1811 562 1858 607 et
1887 569 1984 623 po-

408 662 636 707 testatem
674 650 832 703 habeo
869 648 1056 700 iterum
1097 647 1330 700 sumendi
1375 662 1486 700 eam
1514 646 1695 718 (Joan.
1748 662 1813 711 ι,
1865 644 1978 718 18).

404 740 705 798 Secundum
734 738 911 793 carnis
934 746 1176 793 naturam
1205 738 1261 793 in
1284 750 1443 794 cruce
1467 737 1755 807 pendebat,
1787 751 1979 793 secun-

402 838 528 890 dum
572 831 861 887 divinitatis
908 831 1259 887 substantiam
1308 830 1611 900 paradisum
1656 840 1711 884 et
1749 844 1973 900 regnum

400 926 624 980 caeleste
658 923 907 979 donabat.
948 923 1059 977 Hoc
1088 922 1271 977 Ariani
1301 922 1588 977 obscurato
1614 920 1799 985 corde,
1830 921 1982 989 peni-

401 1022 484 1069 tus
510 1027 617 1069 non
647 1012 909 1077 videntes,
935 1012 1059 1081 quia
1081 1011 1427 1081 praesumptio
1446 1018 1501 1065 et
1530 1010 1691 1065 elatio
1717 1009 1973 1064 suffundit

397 1107 592 1161 mentis
618 1104 890 1169 intuitum,
923 1104 989 1157 ad
1018 1103 1207 1168 Deum,
1240 1117 1360 1171 quae
1388 1110 1542 1156 erant
1576 1101 1809 1156 hominis
1830 1108 1976 1157 retu-

398 1199 596 1265 lerunt,
643 1197 924 1252 credentes
954 1195 1091 1265 quod
1139 1194 1314 1248 minor
1360 1193 1665 1262 loqueretur
1694 1192 1970 1262 divinitas,

398 1290 485 1345 ubi
512 1289 627 1343 sola
654 1287 884 1343 hominis
928 1284 1392 1341 demonstrabatur
1428 1283 1731 1337 infirmitas.
1766 1282 1971 1338 Nullam

394 1390 658 1451 ponentes
708 1356 848 1433 inter
887 1377 1129 1432 coelestia
1178 1382 1232 1429 et
1282 1384 1494 1428 terrena
1530 1373 1814 1438 rationem,
1846 1373 1971 1427 dum

394 1481 613 1528 naturas
642 1472 696 1525 in
728 1470 839 1525 Deo
868 1458 923 1524 et
948 1467 1165 1522 homine
1191 1466 1323 1521 duas
1351 1465 1592 1534 recipere
1636 1465 1845 1531 nolunt,
1878 1464 1971 1519 Dei

393 1561 746 1618 substantiam
812 1558 1153 1621 diviserunt;
1204 1565 1258 1612 et
1304 1554 1431 1611 dum
1471 1555 1537 1609 ad
1586 1556 1699 1610 sola
1741 1555 1970 1611 hominis

393 1656 558 1711 verba
605 1654 915 1722 respiciunt,
960 1652 1128 1707 Deum
1173 1650 1263 1720 qui
1310 1650 1497 1720 gloriae
1545 1649 1820 1719 plenitudo
1864 1658 1966 1718 est,

391 1746 698 1801 intellectus
743 1744 941 1797 lumine
972 1741 1339 1811 perdiderunt.
1387 1743 1465 1796 Ac
1511 1741 1590 1796 sic
1615 1782 1629 1807 ,
1672 1743 1761 1812 qui
1803 1741 1967 1797 Deum

2084 553 2305 608 sentiret
2330 567 2602 620 occasum,
2631 554 2785 610 datus
2806 558 2896 625 qni
2918 556 3146 612 nesciret
3166 559 3466 617 exerdium.
3492 562 3662 618 Natus

2082 645 2168 713 qui
2217 651 2270 699 et
2315 654 2485 701 matre
2528 656 2671 702 esset
2708 647 2923 714 junior;
2971 648 3128 704 datus
3172 659 3228 705 et
3256 665 3361 721 quo
3384 667 3483 710 nec
3512 666 3662 725 pater

2082 744 2225 791 esset
2268 735 2530 806 antiquior
2581 754 2594 790 :
2640 746 2796 793 natus
2842 740 2930 809 qui
2956 751 3330 810 moreretur;
3367 745 3523 801 datus
3566 764 3660 816 per

2080 843 2236 899 quem
2266 830 2371 884 vita
2401 841 2791 886 renasceretur.
2820 833 2933 889 Illic
2954 833 3278 904 dominatur,
3302 837 3391 892 hic
3410 838 3659 893 humilia-

2081 928 2205 988 tur;
2233 922 2332 977 sibi
2377 932 2585 993 regnat,
2618 933 2672 979 et
2699 924 2829 980 mihi
2858 926 3069 982 militat.
3121 927 3381 984 Parvulas
3407 941 3556 984 natus
3584 941 3658 987 est

2079 1015 2243 1081 nobis,
2282 1016 2418 1083 ﬁlius
2459 1016 2608 1069 datus
2636 1028 2711 1071 est
2743 1020 2885 1072 nobis
2919 1034 2939 1073 :
2961 1030 3007 1073 et
3045 1021 3209 1090 factus
3230 1032 3304 1075 est
3345 1023 3657 1093 principatus

2077 1124 2225 1177 super
2246 1110 2512 1164 humerum
2534 1112 2665 1180 ejus.
2682 1112 3017 1167 Manifestum
3034 1112 3303 1170 hominem
3325 1116 3657 1171 demonstrat

2078 1198 2363 1267 humerus;
2388 1202 2637 1258 latentem
2661 1204 2827 1260 Deum
2849 1204 3080 1275 loquitur
3101 1208 3448 1278 principatus.
3474 1212 3657 1279 Agno-

2075 1306 2165 1348 scc
2208 1294 2469 1361 duplicem
2500 1295 2597 1349 sub
2647 1309 2889 1363 personae
2919 1298 3123 1353 unitate
3166 1299 3542 1355 substantiam.
3578 1300 3657 1357 De

2076 1394 2259 1441 nostro
2280 1395 2362 1440 est
2387 1388 2526 1457 quod
2550 1388 2927 1458 apprehendit,
2942 1390 3008 1446 de
3019 1404 3118 1446 suo
3139 1400 3221 1447 est
3250 1394 3393 1463 quod
3414 1392 3655 1462 donavit,

2074 1478 2145 1534 de
2173 1489 2355 1533 nostro
2386 1479 2568 1533 habuit
2594 1480 2735 1535 unde
2762 1481 3010 1547 caderet,
3041 1482 3109 1538 de
3137 1496 3235 1538 suo
3263 1484 3407 1540 unde
3431 1499 3632 1541 consur

2072 1576 2240 1638 geret.
2275 1569 2349 1623 De
2378 1577 2564 1624 nostro
2586 1570 2771 1625 habuit
2799 1572 2939 1628 unde
2979 1588 3076 1642 pro
3106 1572 3261 1628 nobis
3290 1575 3552 1642 solveret;
3583 1577 3654 1633 de

2072 1675 2170 1714 suo
2200 1660 2342 1716 unde
2379 1663 2591 1730 penitus
2620 1663 2675 1716 in
2705 1663 2850 1718 nullo
2880 1664 3089 1720 debitor
3116 1675 3418 1736 appareret.
3451 1668 3529 1724 De
3555 1683 3656 1725 uo-

2072 1758 2183 1805 stro
2207 1752 2348 1806 unde
2378 1753 2800 1823 crucifigeretur,
2832 1754 2898 1809 de
2939 1769 3038 1809 suo
3069 1756 3209 1812 unde
3234 1757 3653 1827 glorificaretur.

394 1839 587 1893 Filium
620 1837 851 1892 hominis
879 1835 1204 1891 credendum
1233 1834 1479 1903 denegat,
1507 1833 1736 1889 Nestorii
1779 1835 1968 1902 impie—
1994 1826 2045 1888 Β
2071 1841 2147 1898 De
2173 1854 2357 1898 nostro
2382 1843 2529 1899 dedit
2560 1846 2762 1914 peccati
2795 1846 3041 1912 hostiam,
3063 1847 3131 1902 de
3158 1826 3277 1913 suo,
3308 1849 3655 1919 indulgentia;

392 1937 504 1983 tate
532 1928 824 1982 maculatur
852 1944 865 1979 :
897 1928 989 1996 qui
1016 1926 1147 1981 duas
1170 1926 1494 1981 substantias
1525 1925 1577 1979 in
1608 1925 1968 1996 Redemptore

394 2036 500 2075 non
551 2019 750 2083 credit,
802 2018 912 2073 Arii
962 2018 1151 2087 laqueo
1192 2018 1447 2086 deceptus
1496 2017 1804 2074 involvitur.
1858 2019 1967 2075 Nos

393 2123 547 2175 vero,
575 2108 649 2162 mi
692 2107 857 2161 frater
907 2106 1201 2171 carissime,
1247 2105 1300 2158 in
1343 2103 1611 2160 Christum
1660 2106 1852 2173 Deum,
1894 2108 1965 2163 ita

390 2200 626 2269 perfecta
678 2207 731 2252 et
765 2196 1110 2267 inseparabili
1153 2197 1497 2253 distinctione
1543 2198 1859 2268 credamus,
1909 2209 1968 2255 ut

388 2288 486 2346 Dei
530 2298 585 2344 et
632 2290 870 2344 hominis
922 2289 1217 2360 simplicem
1272 2304 1552 2358 personam
1602 2301 1657 2346 et
1697 2292 1965 2363 duplicem

389 2383 699 2436 noverimus
740 2394 863 2435 esse
888 2380 1261 2435 substantiam.
1306 2380 1456 2436 Sicut
1481 2382 1661 2436 anima
1691 2392 1745 2437 et
1771 2398 1963 2453 corpus

388 2473 661 2526 hominem
704 2471 849 2536 facit,
883 2470 955 2525 ita
996 2471 1245 2525 divinitas
1288 2480 1343 2525 et
1371 2472 1673 2526 humanitas
1722 2489 1855 2528 unus
1882 2484 1965 2530 est

390 2565 649 2619 Christus.
703 2564 782 2617 Tu
810 2573 986 2618 autem
1029 2565 1170 2633 quod
1197 2566 1408 2633 gemino
1437 2580 1621 2621 errore
1662 2578 1963 2635 praeventus

389 2653 728 2709 scribendum
760 2656 975 2723 putasti,
1002 2655 1102 2709 sub
1123 2655 1345 2709 duarum
1369 2668 1676 2712 naturarum
1699 2670 1963 2715 conventu

386 2745 584 2812 suscipi
617 2759 723 2799 non
770 2745 1002 2813 debere,
1049 2754 1106 2800 ut
1135 2746 1295 2813 Dens,
1327 2757 1480 2817 pater
1524 2748 1754 2803 hominis
1782 2751 1872 2818 sit,
1905 2760 1963 2806 ut

386 2837 581 2905 homo,
630 2846 800 2893 mater
850 2839 944 2892 Dei
985 2838 1095 2892 sit:
1125 2854 1255 2904 nos,
1308 2854 1465 2894 unam
1490 2840 1583 2895 Dei
1626 2842 1962 2913 hominisque

386 2942 670 2997 personam
716 2928 1035 2983 ﬁducialiter
1061 2938 1117 2984 et
1164 2929 1451 2986 salubriter
1479 2942 1780 2988 asserentes
1810 2934 1862 2988 in
1895 2949 1959 2988 eo

386 3020 476 3088 qui
502 3028 617 3073 erat
644 3019 697 3072 in
729 3021 1009 3090 principio,
1035 3029 1090 3076 et
1116 3021 1207 3090 qui
1236 3023 1337 3078 sub
1355 3024 1733 3095 redemptionis
1761 3037 1957 3082 nostra:

387 3118 625 3178 tempore
673 3111 843 3165 factus
873 3112 1045 3166 estid
1088 3113 1485 3169 similitudinem
1534 3119 1706 3171 carnis
1728 3122 1949 3188 peccati,

2072 1934 2255 1989 tribuit
2281 1938 2550 2005 'gratiam.
2584 1937 2660 1991 De
2684 1946 2866 1992 nostro
2899 1938 3076 2007 itaque
3120 1938 3439 2008 humiliatio,
3462 1942 3530 1998 de
3550 1958 3653 1999 suo

2068 2041 2188 2084 esse
2217 2030 2473 2098 probatur
2499 2031 2764 2087 ascensio.
2790 2032 2864 2087 De
2882 2043 3064 2088 nostro
3090 2033 3285 2091 obtulit
3304 2035 3650 2105 sacriﬁcium,

2072 2122 2140 2176 de
2168 2135 2268 2177 suo
2298 2124 2521 2178 contulit
2566 2124 2860 2192 praemium.
2898 2124 3129 2179 Duarum
3178 2140 3306 2197 ergo
3335 2136 3649 2187 naturarum

2067 2228 2254 2284 capax,
2288 2214 2447 2269 homo
2478 2215 2871 2270 infirmitatibus
2909 2218 3233 2286 agnoscitur,
3266 2219 3403 2274 Deus
3434 2220 3649 2276 virtuti-

2068 2305 2170 2359 bus
2198 2309 2541 2375 approbatur.
2588 2307 2736 2376 Piget
2773 2323 3076 2363 sermonem
3102 2316 3210 2363 tam
3233 2310 3534 2366 manifestte
3565 2313 3643 2368 rei

2066 2402 2364 2455 assertione
2408 2401 2722 2469 producere.
2776 2401 2900 2456 Scio
2939 2404 3087 2471 quod
3114 2402 3228 2457 haec
3267 2403 3383 2472 ipsa
3412 2405 3643 2460 breviter

2066 2492 2398 2563 strictimque
2418 2504 2854 2559 commemorata,
2878 2503 3081 2549 temere
3102 2496 3377 2549 committo
3403 2496 3485 2550 vel
3508 2499 3640 2552 meis

2065 2581 2305 2647 epistolis
2330 2582 2411 2636 vel
2442 2582 2684 2637 sensibus
2713 2584 2835 2636 tuis.
2862 2584 2971 2639 Sed
3001 2583 3124 2637 dum
3157 2593 3206 2638 te
3248 2586 3315 2638 ad
3339 2585 3631 2656 interroga-

2066 2676 2223 2729 tionis
2274 2677 2640 2739 salubritatem
2692 2679 2917 2733 sollicita
2971 2679 3267 2734 humilitate
3324 2679 3634 2743 submittis,

2063 2767 2285 2820 multum
2334 2768 2465 2821 mihi
2504 2768 2570 2822 tle
2614 2772 2814 2824 erroris
2861 2770 3016 2840 hujus
3063 2770 3302 2826 remedio
3343 2771 3630 2840 polliceris.

2065 2855 2295 2926 Revoca,
2316 2873 2517 2926 quaiso,
2535 2859 2603 2912 ab
2622 2858 2721 2914 hoc
2738 2861 3045 2915 discrimine
3062 2861 3248 2930 pedem
3266 2870 3435 2925 tuum,
3467 2861 3634 2929 prius-

2062 2962 2219 3016 quam
2266 2949 2315 3001 in
2363 2950 2682 3017 profundum
2730 2952 3085 3007 irrevocabile
3125 2953 3372 3008 elationis
3400 2961 3634 3007 torrente

2061 3040 2283 3108 rapiaris
2310 3058 2321 3093 :
2351 3050 2405 3095 et
2424 3051 2625 3095 rectum
2648 3042 2807 3096 animi
2834 3058 3048 3099 sensum
3067 3047 3155 3116 qui
3185 3046 3364 3101 multm
3384 3046 3632 3100 elationis

2064 3132 2269 3200 pondus
2306 3148 2411 3187 non
2457 3134 2704 3199 sustinet,
2739 3150 2837 3190 nec
2864 3138 3012 3191 novit
3056 3137 3357 3193 thesaurum
3390 3136 3627 3191 scientiae

1730 3180 1743 3188 .
1936 3180 1946 3186 .
2066 3180 2266 3200 ,νὼ-η-
2306 3180 2411 3187 -----
2457 3180 2704 3199 ---πηνη
2740 3180 2837 3190 ..-ν
3057 3180 3357 3193 ...υυημηη
3390 3180 3627 3191 -...e....w

386 3199 440 3258 id
463 3210 563 3265 est,
584 3202 636 3254 in
659 3201 883 3255 veritate
910 3202 1162 3270 hominis,
1187 3213 1240 3258 et
1261 3206 1605 3262 similitudine
1627 3212 1954 3277 peccatoris:
1985 3180 2030 3243 Ο
2065 3221 2401 3291 dispensare,
2434 3227 2601 3295 magis
2630 3228 2821 3281 laboris
2844 3231 3195 3297 occupatione
3227 3233 3443 3301 castiga.
3470 3231 3630 3284 Tom.

389 3306 483 3345 nos
512 3294 771 3362 (inquam)
804 3296 874 3347 ita
907 3296 1075 3349 Deum
1107 3304 1309 3364 patrem
1338 3298 1567 3355 hominis
1593 3303 1691 3356 sub
1720 3319 1959 3371 persona:

388 3381 589 3464 unitate
610 3389 886 3449 testamur,
911 3384 1047 3437 sicut
1066 3386 1164 3439 sub
1180 3387 1418 3454 ejusdem
1442 3391 1660 3446 unitatis
1685 3397 1958 3464 amplexu,

388 3450 611 3531 Matrem
659 3472 753 3525 Dei
814 3473 1083 3530 hominem
1139 3476 1491 3545 conﬁtemur,
1537 3482 1685 3549 juxta
1733 3450 1959 3554 svmboli

387 3563 760 3618 auctoritatem
809 3567 889 3636 (ut
918 3566 1020 3620 alia
1059 3570 1504 3639 praetermittam),
1535 3575 1655 3641 quia
1683 3576 1907 3631 dicimus
1941 3598 1954 3635 :

386 3652 561 3709 Credo
590 3665 643 3709 et
686 3657 737 3709 in
770 3656 960 3712 Filium
1009 3658 1099 3713 Dei
1150 3660 1329 3715 Jesum
1383 3661 1686 3735 Christum,
1714 3669 1801 3738 qui
1832 3686 1958 3725 con-

386 3757 573 3815 ceptus
597 3748 771 3803 cst'de
800 3749 1001 3818 Spiritu
1029 3760 1235 3819 sancto,
1268 3762 1422 3809 natus
1442 3770 1507 3809 ex
1535 3757 1698 3812 Maria
1722 3760 1952 3831 Virgine.

384 3835 483 3901 Qui
514 3838 557 3890 si
590 3837 708 3892 talis
751 3853 901 3893 error
931 3848 1035 3905 est,
1068 3841 1121 3894 in
1153 3842 1376 3900 Domino
1404 3844 1682 3903 Salvatore
1713 3866 1872 3906 unam
1904 3863 1956 3908 et

382 3928 680 3999 simplicem
728 3932 1016 3987 credidisse
1054 3933 1426 4005 substantiam,
1474 3940 1645 4007 qualis
1674 3957 1825 3996 error
1850 3954 1950 4011 est,

382 4022 646 4090 duplicem
684 4027 980 4081 asscruisse
1018 4029 1337 4096 personam?
1367 4028 1499 4083 Nam
1530 4032 1574 4085 si
1618 4032 1668 4086 in
1699 4036 1953 4089 societate

379 4113 555 4167 carnis
593 4125 879 4185 assumpta:
905 4160 919 4180 ,
954 4102 1175 4171 formam
1223 4118 1403 4174 famuli
1435 4121 1577 4176 Deus
1616 4122 1803 4188 induit,
1833 4125 1951 4180 dure

379 4204 689 4258 substantia:
738 4221 843 4259 non
896 4206 1133 4261 fuerunt.
1182 4210 1320 4277 Ergo
1354 4213 1403 4265 in
1435 4213 1649 4269 homine
1676 4219 1813 4271 Deus
1845 4235 1949 4273 nun

376 4293 497 4360 fuit,
524 4303 579 4347 et
603 4304 903 4362 separataa
938 4296 1045 4351 Deo
1088 4313 1317 4365 persona
1360 4302 1588 4356 hominis
1629 4305 1759 4370 fuit;
1808 4323 1868 4361 ac
1904 4311 1947 4363 si

376 4383 476 4436 sub
519 4384 609 4436 tali
638 4398 796 4437 sensu
845 4385 1049 4441 videbis
1077 4389 1254 4443 subito
1298 4402 1541 4459 quartam
1586 4398 1768 4451 nescio
1811 4401 1949 4455 unde

374 4468 675 4526 aiiérevisse
704 4488 1020 4542 personam;
1056 4486 1107 4532 et
1137 4479 1190 4531 in
1230 4480 1370 4535 hunc
1407 4484 1736 4540 intellectum
1773 4491 1947 4556 pravi-

373 4561 499 4616 tatis
522 4567 898 4634 consequentia
941 4568 1385 4649 praecipitaberis,
1428 4582 1485 4626 ut
1509 4574 1616 4643 jam
1642 4592 1744 4632 non
1774 4548 1946 4637 il‘rini-
1973 4548 2027 4609 Ι)

374 4658 536 4707 tatem
582 4668 801 4711 necesse
829 4657 898 4711 sit
925 4660 1186 4719 conﬁteri.
1235 4661 1371 4717 Audi
1401 4665 1578 4731 potius
1599 4671 1942 4737 quemadmo-

369 4744 495 4798 dum
525 4745 583 4799 S.
612 4746 813 4813 Esaias,
845 4748 1094 4806 distincto
1125 4753 1312 4809 ordine
1337 4755 1728 4829 conjunctoque
1756 4761 1941 4817 discri-

294 4851 318 4916 3
366 4835 549 4902 mine,
600 4836 811 4891 Domini
869 4842 1036 4896 nostri
1087 4858 1150 4898 ac
1193 4844 1563 4916 Redemptoris
1608 4851 1936 4909 nativitatem

365 4924 612 4994 disponat
658 4943 671 4979 :
712 4925 970 4983 Parvulas
1018 4933 1249 5005 (inquit)
1289 4946 1437 4992 natus
1479 4949 1552 4994 est
1592 4943 1755 5010 nobis,
1797 4946 1935 5012 ﬁlius

363 5016 517 5070 datus
556 5027 631 5071 est
660 5018 800 5071 nobis
824 5018 976 5089 (lsai.
1021 5037 1092 5089 ιι,
1133 5002 1448 5097 6)(Αοείρθ
1487 5029 1677 5086 Filium
1882 5037 1935 5092 in

361 5115 601 5162 extrema
633 5117 783 5177 parte
808 5112 1120 5167 smculorum
1140 5158 1156 5181 ,
1186 5131 1252 5170 ex
1281 5118 1500 5189 innupta
1529 5133 1719 5194 matre,
1750 5138 1935 5184 natura

360 5197 639 5265 ignorante
684 5210 738 5254 et
792 5201 893 5255 tide
936 5204 1219 5262 maritante
1256 5184 1585 5280 progenitum
1612 5257 1628 5284 ,
1679 5184 1934 5289 superve-

359 5287 542 5345 niente
587 5291 641 5343 in
686 5292 945 5363 virginem
994 5307 1175 5353 sancto
1225 5299 1459 5372 Spiritu,
1506 5287 1774 5367 hominem
1824 5314 1931 5371 Deo

304 5386 311 5463 έ
356 5380 671 5437 mirabiliter
716 5382 1015 5454 impletum,
1067 5399 1119 5443 et
1149 5390 1315 5447 Deum
1343 5395 1393 5448 in
1426 5396 1695 5456 hominem
1724 5404 1930 5461 miseri-

357 5472 591 5528 corditer
615 5486 1025 5547 commutatum;
1057 5497 1155 5537 nec
1182 5486 1483 5544 exinanisse
1508 5490 1691 5559 glorim
1726 5499 1930 5567 magni-

356 5565 615 5635 tudinem,
646 5568 742 5623 scd
773 5584 866 5639 per
892 5582 1191 5642 susceptam
1227 5580 1381 5633 servi'
1409 5582 1787 5653 conditionem,
1819 5565 1928 5644 Do-

354 5660 483 5711 mini
531 5662 829 5718 ostendisse
882 5667 1149 5733 pietatem.
1182 5670 1439 5729 Parvulas
1470 5685 1618 5730 natus
1649 5689 1719 5733 est
1752 5682 1918 5747 nobis,

352 5750 492 5815 ﬁlius
524 5753 669 5808 datus
698 5765 769 5809 est
814 5759 987 5814 nobis!
1016 5762 1178 5822 Natus
1226 5772 1308 5823 est
1337 5768 1490 5824 nobis
1520 5771 1607 5835 qui
1652 5773 1752 5829 sibi
1781 5784 1914 5835 erat.

2065 3329 2190 3381 pera
2230 3316 2634 3372 immoderatum
2679 3321 3019 3376 abstinentiae
3050 3323 3303 3391 rigorem,
3353 3326 3443 3394 qui
3474 3324 3630 3379 ctiam

2063 3406 2223 3458 menti
2272 3417 2491 3474 generat
2528 3408 2916 3478 infirmitatem;
2963 3428 3119 3481 quem
3158 3424 3285 3482 puto
3309 3414 3433 3469 inde
3466 3415 3629 3480 nasci,

2064 3493 2201 3547 unde
2236 3496 2500 3549 scribendi
2544 3501 3032 3568 praesumptionem.
3074 3502 3377 3573 Regredere
3404 3506 3470 3559 ad
3498 3506 3631 3562 viam

2062 3585 2280 3652 regiam,
2328 3587 2584 3641 nutricem
2611 3590 2859 3646 elationis
2891 3594 3074 3662 refugo
3105 3595 3549 3661 sollicitudinem;
3582 3608 3632 3654 et

2061 3678 2182 3744 quia
2214 3678 2461 3747 legimus:
2491 3681 2810 3738 Manducare
2830 3688 2930 3739 met
2959 3688 3195 3753 multum,
3213 3706 3316 3743 non
3344 3700 3419 3745 est
3449 3692 3633 3746 bonum

2061 3765 2240 3835 (Prov.
2267 3771 2395 3839 ωδ)
2423 3772 2615 3840 (magis
2644 3775 2784 3827 enim
2814 3775 2963 3830 inﬂat
2987 3792 3170 3845 parum
3201 3779 3482 3835 fundatum
3512 3796 3634 3838 sen-

2058 3872 2174 3912 sum
2201 3858 2443 3927 scientia,
2465 3877 2621 3931 quam
2648 3864 2922 3935 aedificat),
2942 3867 3015 3921 ita
3045 3883 3173 3923 cave
3194 3870 3415 3926 nimiam
3447 3873 3633 3929 lectio-

2058 3965 2201 4018 nem,
2220 3962 2275 4005 ut
2296 3953 2443 4008 cordi
2461 3968 2649 4024 parum
2663 3960 2867 4025 capaci,
2889 3966 3140 4029 tanquam
3163 3964 3357 4031 sumpti
3374 3964 3633 4019 immode-

2057 4041 2219 4095 ratius
2240 4043 2350 4096 vini
2377 4044 2959 4111 periculosamuoveris
2982 4050 3321 4107 ebrietatem.
3345 4051 3632 4122 Nunquam

2055 4132 2465 4201 cogitationibus
2496 4140 2598 4190 tuis
2624 4138 2833 4205 credas,
2871 4140 2964 4194 sed
2994 4143 3161 4210 magis
3191 4143 3447 4198 imitanda
3484 4147 3631 4215 legas

2054 4240 2208 4292 quam
2228 4227 2451 4294 legenda
2465 4229 2805 4295 conscribas;
2830 4239 2884 4285 et
2912 4232 2963 4284 in
2985 4241 3168 4287 mente
3192 4242 3278 4287 tua
3298 4235 3534 4305 loquaris
3560 4239 3632 4293 ad

2054 4314 2355 4380 Dominum,
2374 4316 2438 4371 In
2451 4319 2604 4373 corde
2614 4336 2723 4374 meo
2734 4322 2976 4377 abscondi
2987 4325 3187 4393 eloquia
3204 4334 3312 4396 tua,
3330 4336 3387 4381 ut
3401 4345 3500 4383 non
3510 4347 3629 4399 pec-

2051 4420 2155 4457 cem
2185 4406 2273 4459 tibi
2301 4404 2470 4476 (Psal.
2499 4410 2674 4478 xvttt).
2727 4412 2790 4465 Et
2820 4412 2863 4466 si
2887 4414 3116 4470 evadere
3159 4417 3394 4484 pericula
3426 4434 3531 4473 non
3557 4420 3627 4477 de

2052 4493 2180 4548 foris
2210 4497 2527 4566 ingruentia,
2559 4501 2652 4555 sed
2687 4502 2829 4557 intus
2853 4516 3108 4575 concepta
3137 4508 3411 4565 desideras
3430 4552 3445 4576 ,
3489 4513 3625 4570 nihil

2053 4585 2145 4638 tibi
2177 4587 2357 4642 utilius
2401 4589 2538 4643 scias
2568 4605 2725 4671 quam
2762 4603 2819 4650 ut
2839 4597 2939 4653 sub
2963 4599 3067 4653 alio
3093 4614 3411 4673 quocunque
3433 4605 3625 4673 proba-

2051 4675 2261 4761 tissimo
2303 4677 2495 4735 abbate
2541 4682 2702 4737 vitam
2742 4693 2884 4743 tuam
2932 4690 3168 4761 munias,
3210 4708 3274 4748 ac
3318 4695 3623 4755 voluntates

2048 4774 2164 4821 tuas
2188 4770 2415 4825 senioris
2439 4771 2643 4843 legibus
2667 4779 2868 4834 tradas.
2898 4781 2965 4836 Et
2994 4790 3053 4838 ut
3078 4784 3369 4842 adversarii
3394 4789 3621 4848 insidias

2046 4861 2217 4925 possis
2246 4876 2518 4933 superare,
2547 4876 2603 4923 te
2630 4871 3000 4941 scripturulam
3041 4876 3212 4945 ipsam
3241 4880 3575 4938 retinendam
3596 4926 3612 4952 ,

2041 4949 2149 5006 imo
2173 4955 2605 5022 supprimendam
2636 4963 2813 5029 putavi
2840 4982 2851 5016 :
2877 4978 2945 5020 ne
2968 4966 3108 5021 ultra
3128 4968 3181 5023 in
3204 4969 3423 5027 alterius
3450 4949 3616 5028 alien;

2035 5040 2121 5109 jus
2145 5044 2429 5113 catholici,
2459 5050 2548 5118 qui
2585 5058 2637 5107 te
2667 5053 2841 5110 minus
2869 5056 3134 5128 diligeret,
3165 5075 3382 5117 manum
3410 5072 3463 5120 et
3483 5079 3614 5120 con-

2037 5133 2313 5190 scientiam
2356 5140 2578 5196 veniret.
2621 5143 2698 5198 Ex
2746 5147 2848 5201 hoc
2874 5157 3052 5205 autem
3094 5154 3293 5220 poteris
3318 5170 3613 5226 agnoscere

2036 5236 2161 5277 sana
2189 5240 2306 5281 esse
2339 5228 2523 5285 intima
2552 5233 2730 5289 cordis
2758 5237 2854 5305 tui,
2884 5239 2929 5292 si
2958 5241 3133 5298 adhuc
3186 5246 3337 5315 quasi
3364 5246 3498 5303 liber
3524 5265 3612 5306 me

2035 5315 2296 5373 cultorem
2321 5329 2466 5376 tuum
2491 5323 2761 5381 humiliter
2782 5337 2837 5382 et
2857 5332 3156 5390 amabiliter
3179 5350 3606 5396 eommonentem

2034 5408 2259 5466 sollicite
2300 5423 2355 5467 et
2394 5414 2623 5471 libenter
2660 5418 2912 5475 audieris.
2955 5425 3093 5482 Ante
3134 5428 3606 5501 interrogationem

2032 5500 2245 5557 incauta
2268 5504 2528 5561 videbitur
2548 5508 2711 5565 fuisse
2736 5516 3032 5583 persuasio,
3060 5529 3179 5588 post
3201 5500 3605 5592 responsionem

2030 5595 2401 5652 inexcusabilis
2437 5601 2717 5671 apparebit
2767 5606 3010 5664 intentio;
3061 5610 3211 5678 Quod
3242 5614 3287 5668 si
3318 5616 3458 5671 inter
3490 5618 3604 5673 haec

1989 5763 1993 5767 ν
2026 5689 2222 5758 aliquid
2253 5690 2384 5745 mihi
2406 5732 2419 5758 ,
2465 5693 2554 5762 qui
2585 5698 2811 5753 austeris
2840 5702 3007 5770 magis
3049 5718 3207 5772 quam
3236 5705 3482 5763 dulcibus
3507 5724 3600 5763 sa-

2023 5784 2139 5842 nari
2184 5783 2414 5843 animam
2466 5794 2609 5847 tuam
2640 5790 2824 5854 cupio.
2861 5795 3152 5855 credideris
3195 5798 3595 5859 inmutandum.
