  <div class='ocr_page' id='page_1' title='image "/cluster/home/n/w/nwhite01/storage/ocr_20150623/58/hvd.32044073505240/490.png"; bbox 0 0 4068 6348; ppageno 0'>
   <div class='ocr_carea' id='block_1_1' title="bbox 304 360 403 420">
    <p class='ocr_par' dir='ltr' id='par_1_1' title="bbox 304 360 403 420">
     <span class='ocr_line' id='line_1_1' title="bbox 304 360 403 420; baseline -0.04 0"><span class='ocrx_word' id='word_1_1' title='bbox 304 360 403 420; x_wconf 77' lang='lat'><strong>857</strong></span> 
     </span>
    </p>
   </div>
   <div class='ocr_carea' id='block_1_2' title="bbox 1742 356 2116 417">
    <p class='ocr_par' dir='ltr' id='par_1_2' title="bbox 1742 356 2116 417">
     <span class='ocr_line' id='line_1_2' title="bbox 1742 356 2116 417; baseline 0.005 -2"><span class='ocrx_word' id='word_1_2' title='bbox 1742 356 2116 417; x_wconf 69' lang='lat' dir='ltr'><strong>EPISTOLE.</strong></span> 
     </span>
    </p>
   </div>
   <div class='ocr_carea' id='block_1_3' title="bbox 3462 364 3570 433">
    <p class='ocr_par' dir='ltr' id='par_1_3' title="bbox 3462 364 3570 433">
     <span class='ocr_line' id='line_1_3' title="bbox 3462 364 3570 433; baseline 0.028 -3"><span class='ocrx_word' id='word_1_3' title='bbox 3462 364 3570 433; x_wconf 77' lang='lat'><strong>858</strong></span> 
     </span>
    </p>
   </div>
   <div class='ocr_carea' id='block_1_4' title="bbox 306 452 3571 552">
    <p class='ocr_par' dir='ltr' id='par_1_4' title="bbox 306 452 3571 552">
     <span class='ocr_line' id='line_1_4' title="bbox 306 452 3571 552; baseline 0.004 -22"><span class='ocrx_word' id='word_1_4' title='bbox 306 477 573 532; x_wconf 89' lang='lat' dir='ltr'><strong>memento</strong></span> <span class='ocrx_word' id='word_1_5' title='bbox 599 470 799 529; x_wconf 83' lang='lat' dir='ltr'><strong>osculis</strong></span> <span class='ocrx_word' id='word_1_6' title='bbox 828 472 967 531; x_wconf 88' lang='lat' dir='ltr'><strong>male</strong></span> <span class='ocrx_word' id='word_1_7' title='bbox 1014 472 1339 530; x_wconf 77' lang='lat' dir='ltr'><strong>blandientis</strong></span> <span class='ocrx_word' id='word_1_8' title='bbox 1373 474 1615 547; x_wconf 79' lang='lat' dir='ltr'><strong>praeponi</strong></span> <span class='ocrx_word' id='word_1_9' title='bbox 1656 473 1878 532; x_wconf 89' lang='lat' dir='ltr'><strong>vulnera</strong></span> <span class='ocrx_word' id='word_1_10' title='bbox 1903 478 1959 539; x_wconf 79' lang='grc' dir='ltr'>Α</span> <span class='ocrx_word' id='word_1_11' title='bbox 1987 491 2087 532; x_wconf 91' lang='lat' dir='ltr'><strong>nec</strong></span> <span class='ocrx_word' id='word_1_12' title='bbox 2112 485 2287 534; x_wconf 90' lang='lat' dir='ltr'><strong>tamen</strong></span> <span class='ocrx_word' id='word_1_13' title='bbox 2317 479 2492 549; x_wconf 93' lang='lat' dir='ltr'><strong>capite</strong></span> <span class='ocrx_word' id='word_1_14' title='bbox 2532 452 2629 539; x_wconf 87' lang='lat' dir='ltr'><strong>suo</strong></span> <span class='ocrx_word' id='word_1_15' title='bbox 2662 479 2849 552; x_wconf 90' lang='lat' dir='ltr'><strong>junior</strong></span> <span class='ocrx_word' id='word_1_16' title='bbox 2888 482 3185 551; x_wconf 76' lang='lat' dir='ltr'><strong>invenitur;</strong></span> <span class='ocrx_word' id='word_1_17' title='bbox 3226 495 3290 540; x_wconf 86' lang='lat' dir='ltr'><strong>ac</strong></span> <span class='ocrx_word' id='word_1_18' title='bbox 3333 482 3379 540; x_wconf 94' lang='lat' dir='ltr'><strong>si</strong></span> <span class='ocrx_word' id='word_1_19' title='bbox 3427 486 3571 547; x_wconf 83' lang='lat' dir='ltr'><strong>Deus</strong></span> 
     </span>
    </p>
   </div>
   <div class='ocr_carea' id='block_1_5' title="bbox 307 564 563 622">
    <p class='ocr_par' dir='ltr' id='par_1_5' title="bbox 307 564 563 622">
     <span class='ocr_line' id='line_1_5' title="bbox 307 564 563 622; baseline -0.012 0"><span class='ocrx_word' id='word_1_20' title='bbox 307 564 563 622; x_wconf 78' lang='lat' dir='ltr'><strong>caritatis.</strong></span> 
     </span>
    </p>
   </div>
   <div class='ocr_carea' id='block_1_6' title="bbox 828 635 1367 693">
    <p class='ocr_par' dir='ltr' id='par_1_6' title="bbox 828 635 1367 693">
     <span class='ocr_line' id='line_1_6' title="bbox 828 635 1367 693; baseline 0.002 -2"><span class='ocrx_word' id='word_1_21' title='bbox 828 635 1162 693; x_wconf 81' lang='lat' dir='ltr'><strong>EPISTOLA</strong></span> <span class='ocrx_word' id='word_1_22' title='bbox 1200 636 1293 692; x_wconf 71' lang='lat' dir='ltr'><strong>VII</strong></span> <span class='ocrx_word' id='word_1_23' title='bbox 1318 647 1367 692; x_wconf 72' lang='grc' dir='ltr'><strong>ιι.</strong></span> 
     </span>
    </p>
   </div>
   <div class='ocr_carea' id='block_1_7' title="bbox 377 749 1889 837">
    <p class='ocr_par' dir='ltr' id='par_1_7' title="bbox 377 749 1889 837">
     <span class='ocr_line' id='line_1_7' title="bbox 377 749 1889 837; baseline 0.003 -31"><span class='ocrx_word' id='word_1_24' title='bbox 377 751 607 837; x_wconf 80' lang='lat' dir='ltr'><strong>Domino</strong></span> <span class='ocrx_word' id='word_1_25' title='bbox 647 749 887 821; x_wconf 84' lang='lat' dir='ltr'><strong>piissimo</strong></span> <span class='ocrx_word' id='word_1_26' title='bbox 924 759 981 807; x_wconf 90' lang='lat' dir='ltr'><strong>et</strong></span> <span class='ocrx_word' id='word_1_27' title='bbox 1016 752 1069 807; x_wconf 92' lang='lat' dir='ltr'><strong>in</strong></span> <span class='ocrx_word' id='word_1_28' title='bbox 1120 751 1336 810; x_wconf 89' lang='lat' dir='ltr'><strong>Christo</strong></span> <span class='ocrx_word' id='word_1_29' title='bbox 1380 768 1592 811; x_wconf 88' lang='lat' dir='ltr'><strong>summo</strong></span> <span class='ocrx_word' id='word_1_30' title='bbox 1630 754 1760 810; x_wconf 90' lang='lat' dir='ltr'><strong>mihi</strong></span> <span class='ocrx_word' id='word_1_31' title='bbox 1792 755 1889 811; x_wconf 58' lang='lat' dir='ltr'><strong>hoc</strong></span> 
     </span>
    </p>
   </div>
   <div class='ocr_carea' id='block_1_8' title="bbox 307 841 1801 914">
    <p class='ocr_par' dir='ltr' id='par_1_8' title="bbox 307 841 1801 914">
     <span class='ocr_line' id='line_1_8' title="bbox 307 841 1801 914; baseline 0.001 -13"><span class='ocrx_word' id='word_1_32' title='bbox 307 859 439 901; x_wconf 90' lang='lat' dir='ltr'><strong>nore</strong></span> <span class='ocrx_word' id='word_1_33' title='bbox 466 841 809 914; x_wconf 77' lang='lat' dir='ltr'><strong>singulariter</strong></span> <span class='ocrx_word' id='word_1_34' title='bbox 830 844 1128 901; x_wconf 87' lang='lat' dir='ltr'><strong>excolendo</strong></span> <span class='ocrx_word' id='word_1_35' title='bbox 1165 846 1385 902; x_wconf 84' lang='lat' dir='ltr'><strong>Ruricio</strong></span> <span class='ocrx_word' id='word_1_36' title='bbox 1412 847 1524 902; x_wconf 93' lang='lat' dir='ltr'><strong>ﬁlio</strong></span> <span class='ocrx_word' id='word_1_37' title='bbox 1554 847 1801 903; x_wconf 85' lang='lat' dir='ltr'><strong>Faustus.</strong></span> 
     </span>
    </p>
   </div>
   <div class='ocr_carea' id='block_1_9' title="bbox 376 937 1888 1009">
    <p class='ocr_par' dir='ltr' id='par_1_9' title="bbox 376 937 1888 1009">
     <span class='ocr_line' id='line_1_9' title="bbox 376 937 1888 1009; baseline 0.003 -18"><span class='ocrx_word' id='word_1_38' title='bbox 376 937 526 992; x_wconf 88' lang='lat' dir='ltr'><strong>Licet</strong></span> <span class='ocrx_word' id='word_1_39' title='bbox 552 950 646 1006; x_wconf 91' lang='lat' dir='ltr'><strong>per</strong></span> <span class='ocrx_word' id='word_1_40' title='bbox 687 948 1061 1007; x_wconf 82' lang='lat' dir='ltr'><strong>quamcunque</strong></span> <span class='ocrx_word' id='word_1_41' title='bbox 1092 952 1380 1008; x_wconf 84' lang='lat' dir='ltr'><strong>personam</strong></span> <span class='ocrx_word' id='word_1_42' title='bbox 1424 940 1717 1009; x_wconf 91' lang='lat' dir='ltr'><strong>jucundum</strong></span> <span class='ocrx_word' id='word_1_43' title='bbox 1756 939 1888 995; x_wconf 89' lang='lat' dir='ltr'><strong>mihi</strong></span> 
     </span>
    </p>
   </div>
   <div class='ocr_carea' id='block_1_10' title="bbox 306 1027 1907 1099">
    <p class='ocr_par' dir='ltr' id='par_1_10' title="bbox 306 1027 1907 1099">
     <span class='ocr_line' id='line_1_10' title="bbox 306 1027 1907 1099; baseline 0.004 -16"><span class='ocrx_word' id='word_1_44' title='bbox 306 1030 375 1085; x_wconf 90' lang='lat' dir='ltr'><strong>sit</strong></span> <span class='ocrx_word' id='word_1_45' title='bbox 416 1043 537 1083; x_wconf 91' lang='lat' dir='ltr'><strong>cum</strong></span> <span class='ocrx_word' id='word_1_46' title='bbox 579 1027 854 1085; x_wconf 90' lang='lat' dir='ltr'><strong>individuo</strong></span> <span class='ocrx_word' id='word_1_47' title='bbox 903 1037 1122 1099; x_wconf 87' lang='lat' dir='ltr'><strong>pectore</strong></span> <span class='ocrx_word' id='word_1_48' title='bbox 1168 1031 1337 1099; x_wconf 88' lang='lat' dir='ltr'><strong>ipsius</strong></span> <span class='ocrx_word' id='word_1_49' title='bbox 1378 1031 1617 1086; x_wconf 87' lang='lat' dir='ltr'><strong>caritatis</strong></span> <span class='ocrx_word' id='word_1_50' title='bbox 1666 1031 1907 1089; x_wconf 84' lang='lat' dir='ltr'><strong>vocibus&#39;</strong></span> 
     </span>
    </p>
   </div>
   <div class='ocr_carea' id='block_1_11' title="bbox 303 1121 1891 1192">
    <p class='ocr_par' dir='ltr' id='par_1_11' title="bbox 303 1121 1891 1192">
     <span class='ocr_line' id='line_1_11' title="bbox 303 1121 1891 1192; baseline 0.002 -16"><span class='ocrx_word' id='word_1_51' title='bbox 303 1121 571 1192; x_wconf 90' lang='lat' dir='ltr'><strong>colloqui,</strong></span> <span class='ocrx_word' id='word_1_52' title='bbox 607 1129 663 1176; x_wconf 91' lang='lat' dir='ltr'><strong>et</strong></span> <span class='ocrx_word' id='word_1_53' title='bbox 690 1121 875 1176; x_wconf 88' lang='lat' dir='ltr'><strong>sedula</strong></span> <span class='ocrx_word' id='word_1_54' title='bbox 923 1136 1019 1177; x_wconf 88' lang='lat' dir='ltr'><strong>vos</strong></span> <span class='ocrx_word' id='word_1_55' title='bbox 1061 1122 1363 1177; x_wconf 89' lang='lat' dir='ltr'><strong>ofﬁciorum</strong></span> <span class='ocrx_word' id='word_1_56' title='bbox 1407 1123 1697 1178; x_wconf 83' lang='lat' dir='ltr'><strong>ambitione</strong></span> <span class='ocrx_word' id='word_1_57' title='bbox 1744 1137 1891 1179; x_wconf 86' lang='lat' dir='ltr'><strong>com-</strong></span> 
     </span>
    </p>
   </div>
   <div class='ocr_carea' id='block_1_12' title="bbox 308 1212 1890 1284">
    <p class='ocr_par' dir='ltr' id='par_1_12' title="bbox 308 1212 1890 1284">
     <span class='ocr_line' id='line_1_12' title="bbox 308 1212 1890 1284; baseline 0.003 -16"><span class='ocrx_word' id='word_1_58' title='bbox 308 1212 499 1284; x_wconf 86' lang='lat' dir='ltr'><strong>plecti;</strong></span> <span class='ocrx_word' id='word_1_59' title='bbox 524 1212 618 1267; x_wconf 91' lang='lat' dir='ltr'><strong>sed</strong></span> <span class='ocrx_word' id='word_1_60' title='bbox 663 1228 804 1268; x_wconf 89' lang='lat' dir='ltr'><strong>nunc</strong></span> <span class='ocrx_word' id='word_1_61' title='bbox 848 1222 1049 1283; x_wconf 89' lang='lat' dir='ltr'><strong>quanto</strong></span> <span class='ocrx_word' id='word_1_62' title='bbox 1090 1215 1468 1283; x_wconf 89' lang='lat' dir='ltr'><strong>opportunius,</strong></span> <span class='ocrx_word' id='word_1_63' title='bbox 1500 1224 1650 1270; x_wconf 91' lang='lat' dir='ltr'><strong>tanto</strong></span> <span class='ocrx_word' id='word_1_64' title='bbox 1680 1215 1890 1272; x_wconf 82' lang='lat' dir='ltr'><strong>avidius</strong></span> 
     </span>
    </p>
   </div>
   <div class='ocr_carea' id='block_1_13' title="bbox 307 1305 1889 1378">
    <p class='ocr_par' dir='ltr' id='par_1_13' title="bbox 307 1305 1889 1378">
     <span class='ocr_line' id='line_1_13' title="bbox 307 1305 1889 1378; baseline 0 -16"><span class='ocrx_word' id='word_1_65' title='bbox 307 1308 495 1378; x_wconf 88' lang='lat' dir='ltr'><strong>pignus</strong></span> <span class='ocrx_word' id='word_1_66' title='bbox 523 1307 688 1361; x_wconf 91' lang='lat' dir='ltr'><strong>animi</strong></span> <span class='ocrx_word' id='word_1_67' title='bbox 734 1306 921 1373; x_wconf 84' lang='lat' dir='ltr'><strong>vestri,</strong></span> <span class='ocrx_word' id='word_1_68' title='bbox 955 1305 1256 1362; x_wconf 90' lang='lat' dir='ltr'><strong>ministerio</strong></span> <span class='ocrx_word' id='word_1_69' title='bbox 1303 1307 1583 1362; x_wconf 89' lang='lat' dir='ltr'><strong>domestici</strong></span> <span class='ocrx_word' id='word_1_70' title='bbox 1613 1308 1889 1377; x_wconf 87' lang='lat' dir='ltr'><strong>portitoris</strong></span> 
     </span>
    </p>
   </div>
   <div class='ocr_carea' id='block_1_14' title="bbox 305 1397 1892 1468">
    <p class='ocr_par' dir='ltr' id='par_1_14' title="bbox 305 1397 1892 1468">
     <span class='ocr_line' id='line_1_14' title="bbox 305 1397 1892 1468; baseline -0.001 -15"><span class='ocrx_word' id='word_1_71' title='bbox 305 1398 603 1468; x_wconf 84' lang='lat' dir='ltr'><strong>assumpsi;</strong></span> <span class='ocrx_word' id='word_1_72' title='bbox 650 1397 704 1453; x_wconf 92' lang='lat' dir='ltr'><strong>in</strong></span> <span class='ocrx_word' id='word_1_73' title='bbox 738 1397 891 1466; x_wconf 88' lang='lat' dir='ltr'><strong>cujus</strong></span> <span class='ocrx_word' id='word_1_74' title='bbox 920 1399 1113 1451; x_wconf 91' lang='lat' dir='ltr'><strong>merito</strong></span> <span class='ocrx_word' id='word_1_75' title='bbox 1160 1399 1337 1452; x_wconf 88' lang='lat' dir='ltr'><strong>minus</strong></span> <span class='ocrx_word' id='word_1_76' title='bbox 1384 1398 1670 1468; x_wconf 81' lang='lat' dir='ltr'><strong>assignavit</strong></span> <span class='ocrx_word' id='word_1_77' title='bbox 1703 1398 1892 1453; x_wconf 82' lang='lat' dir='ltr'><strong>relatio</strong></span> 
     </span>
    </p>
   </div>
   <div class='ocr_carea' id='block_1_15' title="bbox 306 1488 1892 1562">
    <p class='ocr_par' dir='ltr' id='par_1_15' title="bbox 306 1488 1892 1562">
     <span class='ocr_line' id='line_1_15' title="bbox 306 1488 1892 1562; baseline 0 -17"><span class='ocrx_word' id='word_1_78' title='bbox 306 1505 466 1562; x_wconf 88' lang='lat' dir='ltr'><strong>quam</strong></span> <span class='ocrx_word' id='word_1_79' title='bbox 510 1488 753 1559; x_wconf 86' lang='lat' dir='ltr'><strong>probavit</strong></span> <span class='ocrx_word' id='word_1_80' title='bbox 777 1488 994 1559; x_wconf 76' lang='lat' dir='ltr'><strong>agnitio.</strong></span> <span class='ocrx_word' id='word_1_81' title='bbox 1028 1488 1095 1542; x_wconf 87' lang='lat' dir='ltr'><strong>Et</strong></span> <span class='ocrx_word' id='word_1_82' title='bbox 1132 1499 1413 1559; x_wconf 87' lang='lat' dir='ltr'><strong>propterea</strong></span> <span class='ocrx_word' id='word_1_83' title='bbox 1444 1490 1511 1545; x_wconf 92' lang='lat' dir='ltr'><strong>ad</strong></span> <span class='ocrx_word' id='word_1_84' title='bbox 1540 1490 1768 1544; x_wconf 90' lang='lat' dir='ltr'><strong>fructum</strong></span> <span class='ocrx_word' id='word_1_85' title='bbox 1801 1504 1892 1545; x_wconf 87' lang='lat' dir='ltr'><strong>vc-</strong></span> 
     </span>
    </p>
   </div>
   <div class='ocr_carea' id='block_1_16' title="bbox 306 1580 1892 1651">
    <p class='ocr_par' dir='ltr' id='par_1_16' title="bbox 306 1580 1892 1651">
     <span class='ocr_line' id='line_1_16' title="bbox 306 1580 1892 1651; baseline -0.003 -13"><span class='ocrx_word' id='word_1_86' title='bbox 306 1591 476 1638; x_wconf 86' lang='lat' dir='ltr'><strong>strum</strong></span> <span class='ocrx_word' id='word_1_87' title='bbox 498 1580 734 1636; x_wconf 88' lang='lat' dir='ltr'><strong>crevisse</strong></span> <span class='ocrx_word' id='word_1_88' title='bbox 754 1580 1051 1651; x_wconf 81' lang='lat' dir='ltr'><strong>gratulatus</strong></span> <span class='ocrx_word' id='word_1_89' title='bbox 1070 1596 1210 1648; x_wconf 90' lang='lat' dir='ltr'><strong>sum,</strong></span> <span class='ocrx_word' id='word_1_90' title='bbox 1236 1580 1377 1651; x_wconf 93' lang='lat' dir='ltr'><strong>quod</strong></span> <span class='ocrx_word' id='word_1_91' title='bbox 1405 1582 1456 1635; x_wconf 95' lang='lat' dir='ltr'><strong>in</strong></span> <span class='ocrx_word' id='word_1_92' title='bbox 1479 1595 1545 1636; x_wconf 92' lang='lat' dir='ltr'><strong>eo</strong></span> <span class='ocrx_word' id='word_1_93' title='bbox 1566 1581 1670 1635; x_wconf 90' lang='lat' dir='ltr'><strong>vita</strong></span> <span class='ocrx_word' id='word_1_94' title='bbox 1702 1580 1892 1636; x_wconf 90' lang='lat' dir='ltr'><strong>melior</strong></span> 
     </span>
    </p>
   </div>
   <div class='ocr_carea' id='block_1_17' title="bbox 306 1671 1893 1743">
    <p class='ocr_par' dir='ltr' id='par_1_17' title="bbox 306 1671 1893 1743">
     <span class='ocr_line' id='line_1_17' title="bbox 306 1671 1893 1743; baseline -0.003 -14"><span class='ocrx_word' id='word_1_95' title='bbox 306 1673 668 1730; x_wconf 89' lang='lat' dir='ltr'><strong>conditionem</strong></span> <span class='ocrx_word' id='word_1_96' title='bbox 722 1673 909 1743; x_wconf 83' lang='lat' dir='ltr'><strong>primae</strong></span> <span class='ocrx_word' id='word_1_97' title='bbox 944 1671 1237 1726; x_wconf 89' lang='lat' dir='ltr'><strong>nativitatis</strong></span> <span class='ocrx_word' id='word_1_98' title='bbox 1266 1672 1520 1736; x_wconf 87' lang='lat' dir='ltr'><strong>abolevit,</strong></span> <span class='ocrx_word' id='word_1_99' title='bbox 1559 1680 1717 1741; x_wconf 88' lang='lat' dir='ltr'><strong>atque</strong></span> <span class='ocrx_word' id='word_1_100' title='bbox 1747 1672 1799 1726; x_wconf 92' lang='lat' dir='ltr'><strong>in</strong></span> <span class='ocrx_word' id='word_1_101' title='bbox 1826 1686 1893 1725; x_wconf 92' lang='lat' dir='ltr'><strong>eo</strong></span> 
     </span>
    </p>
   </div>
   <div class='ocr_carea' id='block_1_18' title="bbox 308 1762 1888 1834">
    <p class='ocr_par' dir='ltr' id='par_1_18' title="bbox 308 1762 1888 1834">
     <span class='ocr_line' id='line_1_18' title="bbox 308 1762 1888 1834; baseline -0.001 -15"><span class='ocrx_word' id='word_1_102' title='bbox 308 1779 517 1819; x_wconf 70' lang='lat' dir='ltr'><strong>naevum</strong></span> <span class='ocrx_word' id='word_1_103' title='bbox 542 1764 751 1834; x_wconf 77' lang='lat' dir='ltr'><strong>generis</strong></span> <span class='ocrx_word' id='word_1_104' title='bbox 776 1762 1125 1818; x_wconf 88' lang='lat' dir='ltr'><strong>ntanumissio</strong></span> <span class='ocrx_word' id='word_1_105' title='bbox 1149 1763 1423 1832; x_wconf 81' lang='lat' dir='ltr'><strong>religionis</strong></span> <span class='ocrx_word' id='word_1_106' title='bbox 1450 1763 1727 1828; x_wconf 78' lang='lat' dir='ltr'><strong>abstersit,</strong></span> <span class='ocrx_word' id='word_1_107' title='bbox 1752 1772 1806 1817; x_wconf 86' lang='lat' dir='ltr'><strong>et</strong></span> <span class='ocrx_word' id='word_1_108' title='bbox 1836 1763 1888 1817; x_wconf 93' lang='lat' dir='ltr'><strong>in</strong></span> 
     </span>
    </p>
   </div>
   <div class='ocr_carea' id='block_1_19' title="bbox 1992 578 3569 649">
    <p class='ocr_par' dir='ltr' id='par_1_19' title="bbox 1992 578 3569 649">
     <span class='ocr_line' id='line_1_19' title="bbox 1992 578 3569 649; baseline 0.006 -20"><span class='ocrx_word' id='word_1_109' title='bbox 1992 585 2174 630; x_wconf 93' lang='lat' dir='ltr'><strong>noster</strong></span> <span class='ocrx_word' id='word_1_110' title='bbox 2198 591 2295 630; x_wconf 88' lang='lat' dir='ltr'><strong>nec</strong></span> <span class='ocrx_word' id='word_1_111' title='bbox 2330 578 2622 645; x_wconf 83' lang='lat' dir='ltr'><strong>permixtus</strong></span> <span class='ocrx_word' id='word_1_112' title='bbox 2650 579 2701 632; x_wconf 91' lang='lat' dir='ltr'><strong>in</strong></span> <span class='ocrx_word' id='word_1_113' title='bbox 2735 578 2981 649; x_wconf 90' lang='lat' dir='ltr'><strong>personis</strong></span> <span class='ocrx_word' id='word_1_114' title='bbox 3008 579 3262 649; x_wconf 88' lang='lat' dir='ltr'><strong>propriis,</strong></span> <span class='ocrx_word' id='word_1_115' title='bbox 3310 595 3407 635; x_wconf 91' lang='lat' dir='ltr'><strong>nec</strong></span> <span class='ocrx_word' id='word_1_116' title='bbox 3436 580 3569 638; x_wconf 84' lang='lat' dir='ltr'><strong>divi-</strong></span> 
     </span>
    </p>
   </div>
   <div class='ocr_carea' id='block_1_20' title="bbox 1991 668 3565 744">
    <p class='ocr_par' dir='ltr' id='par_1_20' title="bbox 1991 668 3565 744">
     <span class='ocr_line' id='line_1_20' title="bbox 1991 668 3565 744; baseline 0.008 -24"><span class='ocrx_word' id='word_1_117' title='bbox 1991 680 2100 732; x_wconf 90' lang='lat' dir='ltr'><strong>sus,</strong></span> <span class='ocrx_word' id='word_1_118' title='bbox 2129 682 2234 721; x_wconf 90' lang='lat' dir='ltr'><strong>una</strong></span> <span class='ocrx_word' id='word_1_119' title='bbox 2264 668 2452 736; x_wconf 90' lang='lat' dir='ltr'><strong>virtus,</strong></span> <span class='ocrx_word' id='word_1_120' title='bbox 2498 685 2595 725; x_wconf 91' lang='lat' dir='ltr'><strong>nec</strong></span> <span class='ocrx_word' id='word_1_121' title='bbox 2634 679 2898 739; x_wconf 85' lang='lat' dir='ltr'><strong>potestate</strong></span> <span class='ocrx_word' id='word_1_122' title='bbox 2936 671 3129 739; x_wconf 89' lang='lat' dir='ltr'><strong>divisa,</strong></span> <span class='ocrx_word' id='word_1_123' title='bbox 3172 686 3271 728; x_wconf 90' lang='lat' dir='ltr'><strong>nec</strong></span> <span class='ocrx_word' id='word_1_124' title='bbox 3304 682 3565 744; x_wconf 88' lang='lat' dir='ltr'><strong>tempore.</strong></span> 
     </span>
    </p>
   </div>
   <div class='ocr_carea' id='block_1_21' title="bbox 1991 760 3573 837">
    <p class='ocr_par' dir='ltr' id='par_1_21' title="bbox 1991 760 3573 837">
     <span class='ocr_line' id='line_1_21' title="bbox 1991 760 3573 837; baseline 0.004 -20"><span class='ocrx_word' id='word_1_125' title='bbox 1991 760 2143 817; x_wconf 90' lang='lat' dir='ltr'><strong>Sicut</strong></span> <span class='ocrx_word' id='word_1_126' title='bbox 2181 763 2233 816; x_wconf 91' lang='lat' dir='ltr'><strong>in</strong></span> <span class='ocrx_word' id='word_1_127' title='bbox 2288 762 2631 818; x_wconf 87' lang='lat' dir='ltr'><strong>subsistentia</strong></span> <span class='ocrx_word' id='word_1_128' title='bbox 2667 765 2855 835; x_wconf 83' lang='lat' dir='ltr'><strong>triplex</strong></span> <span class='ocrx_word' id='word_1_129' title='bbox 2886 772 2988 833; x_wconf 87' lang='lat' dir='ltr'><strong>est,</strong></span> <span class='ocrx_word' id='word_1_130' title='bbox 3044 765 3164 836; x_wconf 89' lang='lat' dir='ltr'><strong>quia</strong></span> <span class='ocrx_word' id='word_1_131' title='bbox 3209 765 3307 820; x_wconf 91' lang='lat' dir='ltr'><strong>sibi</strong></span> <span class='ocrx_word' id='word_1_132' title='bbox 3346 767 3573 837; x_wconf 84' lang='lat' dir='ltr'><strong>quisque</strong></span> 
     </span>
    </p>
   </div>
   <div class='ocr_carea' id='block_1_22' title="bbox 1990 853 3571 929">
    <p class='ocr_par' dir='ltr' id='par_1_22' title="bbox 1990 853 3571 929">
     <span class='ocr_line' id='line_1_22' title="bbox 1990 853 3571 929; baseline 0.006 -22"><span class='ocrx_word' id='word_1_133' title='bbox 1990 853 2251 921; x_wconf 82' lang='lat' dir='ltr'><strong>subsiStit,</strong></span> <span class='ocrx_word' id='word_1_134' title='bbox 2272 856 2342 909; x_wconf 86' lang='lat' dir='ltr'><strong>ita</strong></span> <span class='ocrx_word' id='word_1_135' title='bbox 2362 855 2411 907; x_wconf 90' lang='lat' dir='ltr'><strong>iu</strong></span> <span class='ocrx_word' id='word_1_136' title='bbox 2435 856 2731 910; x_wconf 89' lang='lat' dir='ltr'><strong>substantia</strong></span> <span class='ocrx_word' id='word_1_137' title='bbox 2756 857 3003 925; x_wconf 81' lang='lat' dir='ltr'><strong>simplex,</strong></span> <span class='ocrx_word' id='word_1_138' title='bbox 3029 858 3150 921; x_wconf 87' lang='lat' dir='ltr'><strong>quia</strong></span> <span class='ocrx_word' id='word_1_139' title='bbox 3170 873 3307 913; x_wconf 88' lang='lat' dir='ltr'><strong>unus</strong></span> <span class='ocrx_word' id='word_1_140' title='bbox 3332 859 3571 929; x_wconf 88' lang='lat' dir='ltr'><strong>seipsum</strong></span> 
     </span>
    </p>
   </div>
   <div class='ocr_carea' id='block_1_23' title="bbox 1991 946 3574 1021">
    <p class='ocr_par' dir='ltr' id='par_1_23' title="bbox 1991 946 3574 1021">
     <span class='ocr_line' id='line_1_23' title="bbox 1991 946 3574 1021; baseline 0.004 -20"><span class='ocrx_word' id='word_1_141' title='bbox 1991 946 2297 1016; x_wconf 69' lang='lat' dir='ltr'><strong>prrecedere</strong></span> <span class='ocrx_word' id='word_1_142' title='bbox 2342 948 2625 1014; x_wconf 89' lang='lat' dir='ltr'><strong>nesciens,</strong></span> <span class='ocrx_word' id='word_1_143' title='bbox 2672 963 2771 1003; x_wconf 91' lang='lat' dir='ltr'><strong>nec</strong></span> <span class='ocrx_word' id='word_1_144' title='bbox 2816 950 3167 1017; x_wconf 87' lang='lat' dir='ltr'><strong>posteriorem</strong></span> <span class='ocrx_word' id='word_1_145' title='bbox 3211 950 3433 1021; x_wconf 70' lang='lat' dir='ltr'><strong>recipit,</strong></span> <span class='ocrx_word' id='word_1_146' title='bbox 3474 965 3574 1007; x_wconf 90' lang='lat' dir='ltr'><strong>nec</strong></span> 
     </span>
    </p>
   </div>
   <div class='ocr_carea' id='block_1_24' title="bbox 1992 1037 3570 1113">
    <p class='ocr_par' dir='ltr' id='par_1_24' title="bbox 1992 1037 3570 1113">
     <span class='ocr_line' id='line_1_24' title="bbox 1992 1037 3570 1113; baseline 0.005 -20"><span class='ocrx_word' id='word_1_147' title='bbox 1992 1040 2245 1109; x_wconf 88' lang='lat' dir='ltr'><strong>priorem.</strong></span> <span class='ocrx_word' id='word_1_148' title='bbox 2272 1040 2397 1095; x_wconf 92' lang='lat' dir='ltr'><strong>lnde</strong></span> <span class='ocrx_word' id='word_1_149' title='bbox 2427 1051 2481 1095; x_wconf 90' lang='lat' dir='ltr'><strong>et</strong></span> <span class='ocrx_word' id='word_1_150' title='bbox 2510 1056 2607 1095; x_wconf 90' lang='lat' dir='ltr'><strong>nos</strong></span> <span class='ocrx_word' id='word_1_151' title='bbox 2639 1041 2704 1095; x_wconf 88' lang='lat' dir='ltr'><strong>de</strong></span> <span class='ocrx_word' id='word_1_152' title='bbox 2739 1040 2838 1095; x_wconf 92' lang='lat' dir='ltr'><strong>hac</strong></span> <span class='ocrx_word' id='word_1_153' title='bbox 2865 1037 3173 1111; x_wconf 83' lang='lat' dir='ltr'><strong>accepimus</strong></span> <span class='ocrx_word' id='word_1_154' title='bbox 3209 1043 3570 1113; x_wconf 86' lang='lat' dir='ltr'><strong>simplicitate,</strong></span> 
     </span>
    </p>
   </div>
   <div class='ocr_carea' id='block_1_25' title="bbox 1991 1134 3574 1207">
    <p class='ocr_par' dir='ltr' id='par_1_25' title="bbox 1991 1134 3574 1207">
     <span class='ocr_line' id='line_1_25' title="bbox 1991 1134 3574 1207; baseline 0.004 -18"><span class='ocrx_word' id='word_1_155' title='bbox 1991 1134 2036 1189; x_wconf 91' lang='lat' dir='ltr'><strong>si</strong></span> <span class='ocrx_word' id='word_1_156' title='bbox 2073 1135 2125 1188; x_wconf 92' lang='lat' dir='ltr'><strong>in</strong></span> <span class='ocrx_word' id='word_1_157' title='bbox 2158 1135 2309 1190; x_wconf 91' lang='lat' dir='ltr'><strong>nobis</strong></span> <span class='ocrx_word' id='word_1_158' title='bbox 2349 1136 2479 1189; x_wconf 84' lang='lat' dir='ltr'><strong>nihil</strong></span> <span class='ocrx_word' id='word_1_159' title='bbox 2516 1137 2585 1189; x_wconf 89' lang='lat' dir='ltr'><strong>sit</strong></span> <span class='ocrx_word' id='word_1_160' title='bbox 2631 1136 2931 1203; x_wconf 87' lang='lat' dir='ltr'><strong>dissonum,</strong></span> <span class='ocrx_word' id='word_1_161' title='bbox 2982 1138 3114 1192; x_wconf 84' lang='lat' dir='ltr'><strong>nihil</strong></span> <span class='ocrx_word' id='word_1_162' title='bbox 3168 1140 3397 1207; x_wconf 88' lang='lat' dir='ltr'><strong>varium,</strong></span> <span class='ocrx_word' id='word_1_163' title='bbox 3440 1140 3574 1198; x_wconf 86' lang='lat' dir='ltr'><strong>nihil</strong></span> 
     </span>
    </p>
   </div>
   <div class='ocr_carea' id='block_1_26' title="bbox 1991 1225 3575 1299">
    <p class='ocr_par' dir='ltr' id='par_1_26' title="bbox 1991 1225 3575 1299">
     <span class='ocr_line' id='line_1_26' title="bbox 1991 1225 3575 1299; baseline 0.005 -20"><span class='ocrx_word' id='word_1_164' title='bbox 1991 1225 2281 1287; x_wconf 86' lang='lat' dir='ltr'><strong>diversum,</strong></span> <span class='ocrx_word' id='word_1_165' title='bbox 2323 1228 2366 1279; x_wconf 88' lang='lat' dir='ltr'><strong>si</strong></span> <span class='ocrx_word' id='word_1_166' title='bbox 2400 1242 2615 1295; x_wconf 86' lang='lat' dir='ltr'><strong>semper</strong></span> <span class='ocrx_word' id='word_1_167' title='bbox 2647 1228 2785 1282; x_wconf 93' lang='lat' dir='ltr'><strong>idem</strong></span> <span class='ocrx_word' id='word_1_168' title='bbox 2821 1242 2940 1283; x_wconf 90' lang='lat' dir='ltr'><strong>esse</strong></span> <span class='ocrx_word' id='word_1_169' title='bbox 2978 1229 3343 1299; x_wconf 86' lang='lat' dir='ltr'><strong>probabilibus</strong></span> <span class='ocrx_word' id='word_1_170' title='bbox 3384 1232 3575 1287; x_wconf 87' lang='lat' dir='ltr'><strong>studiis</strong></span> 
     </span>
    </p>
   </div>
   <div class='ocr_carea' id='block_1_27' title="bbox 1993 1318 3575 1389">
    <p class='ocr_par' dir='ltr' id='par_1_27' title="bbox 1993 1318 3575 1389">
     <span class='ocr_line' id='line_1_27' title="bbox 1993 1318 3575 1389; baseline 0.004 -15"><span class='ocrx_word' id='word_1_171' title='bbox 1993 1328 2045 1374; x_wconf 91' lang='lat' dir='ltr'><strong>ct</strong></span> <span class='ocrx_word' id='word_1_172' title='bbox 2077 1318 2305 1374; x_wconf 82' lang='lat' dir='ltr'><strong>fundatis</strong></span> <span class='ocrx_word' id='word_1_173' title='bbox 2337 1320 2389 1373; x_wconf 91' lang='lat' dir='ltr'><strong>in</strong></span> <span class='ocrx_word' id='word_1_174' title='bbox 2416 1320 2628 1375; x_wconf 89' lang='lat' dir='ltr'><strong>Christo</strong></span> <span class='ocrx_word' id='word_1_175' title='bbox 2650 1322 2901 1377; x_wconf 81' lang='lat' dir='ltr'><strong>sensibus</strong></span> <span class='ocrx_word' id='word_1_176' title='bbox 2930 1324 3219 1389; x_wconf 89' lang='lat' dir='ltr'><strong>enitamur,</strong></span> <span class='ocrx_word' id='word_1_177' title='bbox 3245 1335 3301 1378; x_wconf 94' lang='lat' dir='ltr'><strong>ut</strong></span> <span class='ocrx_word' id='word_1_178' title='bbox 3324 1325 3575 1381; x_wconf 83' lang='lat' dir='ltr'><strong>immuta-</strong></span> 
     </span>
    </p>
   </div>
   <div class='ocr_carea' id='block_1_28' title="bbox 1995 1411 3576 1485">
    <p class='ocr_par' dir='ltr' id='par_1_28' title="bbox 1995 1411 3576 1485">
     <span class='ocr_line' id='line_1_28' title="bbox 1995 1411 3576 1485; baseline 0.004 -20"><span class='ocrx_word' id='word_1_179' title='bbox 1995 1411 2128 1465; x_wconf 87' lang='lat' dir='ltr'><strong>biles</strong></span> <span class='ocrx_word' id='word_1_180' title='bbox 2176 1411 2230 1464; x_wconf 90' lang='lat' dir='ltr'><strong>in</strong></span> <span class='ocrx_word' id='word_1_181' title='bbox 2285 1411 2463 1477; x_wconf 92' lang='lat' dir='ltr'><strong>bono,</strong></span> <span class='ocrx_word' id='word_1_182' title='bbox 2516 1411 2669 1466; x_wconf 93' lang='lat' dir='ltr'><strong>novis</strong></span> <span class='ocrx_word' id='word_1_183' title='bbox 2728 1419 2931 1466; x_wconf 86' lang='lat' dir='ltr'><strong>tantum</strong></span> <span class='ocrx_word' id='word_1_184' title='bbox 2982 1413 3033 1467; x_wconf 92' lang='lat' dir='ltr'><strong>in</strong></span> <span class='ocrx_word' id='word_1_185' title='bbox 3072 1414 3212 1469; x_wconf 90' lang='lat' dir='ltr'><strong>diem</strong></span> <span class='ocrx_word' id='word_1_186' title='bbox 3254 1415 3576 1485; x_wconf 86' lang='lat' dir='ltr'><strong>profectibus</strong></span> 
     </span>
    </p>
   </div>
   <div class='ocr_carea' id='block_1_29' title="bbox 1995 1503 2354 1558">
    <p class='ocr_par' dir='ltr' id='par_1_29' title="bbox 1995 1503 2354 1558">
     <span class='ocr_line' id='line_1_29' title="bbox 1995 1503 2354 1558; baseline 0.006 -3"><span class='ocrx_word' id='word_1_187' title='bbox 1995 1503 2354 1558; x_wconf 89' lang='lat' dir='ltr'><strong>immutemur.</strong></span> 
     </span>
    </p>
   </div>
   <div class='ocr_carea' id='block_1_30' title="bbox 2066 1596 3578 1669">
    <p class='ocr_par' dir='ltr' id='par_1_30' title="bbox 2066 1596 3578 1669">
     <span class='ocr_line' id='line_1_30' title="bbox 2066 1596 3578 1669; baseline 0.008 -21"><span class='ocrx_word' id='word_1_188' title='bbox 2066 1596 2141 1649; x_wconf 89' lang='lat' dir='ltr'><strong>De</strong></span> <span class='ocrx_word' id='word_1_189' title='bbox 2179 1612 2242 1650; x_wconf 90' lang='lat' dir='ltr'><strong>eo</strong></span> <span class='ocrx_word' id='word_1_190' title='bbox 2269 1604 2480 1658; x_wconf 83' lang='lat' dir='ltr'><strong>autem,</strong></span> <span class='ocrx_word' id='word_1_191' title='bbox 2522 1600 2661 1667; x_wconf 88' lang='lat' dir='ltr'><strong>quod</strong></span> <span class='ocrx_word' id='word_1_192' title='bbox 2697 1598 2913 1668; x_wconf 90' lang='lat' dir='ltr'><strong>quidam</strong></span> <span class='ocrx_word' id='word_1_193' title='bbox 2948 1600 3345 1669; x_wconf 89' lang='lat' dir='ltr'><strong>provocationis</strong></span> <span class='ocrx_word' id='word_1_194' title='bbox 3392 1617 3578 1660; x_wconf 88' lang='lat' dir='ltr'><strong>amore</strong></span> 
     </span>
    </p>
   </div>
   <div class='ocr_carea' id='block_1_31' title="bbox 1992 1674 3580 1756">
    <p class='ocr_par' dir='ltr' id='par_1_31' title="bbox 1992 1674 3580 1756">
     <span class='ocr_line' id='line_1_31' title="bbox 1992 1674 3580 1756; baseline 0.006 -16"><span class='ocrx_word' id='word_1_195' title='bbox 1992 1688 2280 1753; x_wconf 84' lang='lat' dir='ltr'><strong>consuluit,</strong></span> <span class='ocrx_word' id='word_1_196' title='bbox 2311 1674 2584 1743; x_wconf 86' lang='lat' dir='ltr'><strong>salutifera</strong></span> <span class='ocrx_word' id='word_1_197' title='bbox 2618 1700 2669 1743; x_wconf 90' lang='lat' dir='ltr'><strong>et</strong></span> <span class='ocrx_word' id='word_1_198' title='bbox 2712 1690 2945 1756; x_wconf 86' lang='lat' dir='ltr'><strong>perfecta</strong></span> <span class='ocrx_word' id='word_1_199' title='bbox 2990 1691 3267 1746; x_wconf 89' lang='lat' dir='ltr'><strong>meditatio</strong></span> <span class='ocrx_word' id='word_1_200' title='bbox 3309 1700 3392 1748; x_wconf 90' lang='lat' dir='ltr'><strong>est</strong></span> <span class='ocrx_word' id='word_1_201' title='bbox 3422 1707 3580 1749; x_wconf 89' lang='lat' dir='ltr'><strong>curas</strong></span> 
     </span>
    </p>
   </div>
   <div class='ocr_carea' id='block_1_32' title="bbox 1993 1778 3564 1851">
    <p class='ocr_par' dir='ltr' id='par_1_32' title="bbox 1993 1778 3564 1851">
     <span class='ocr_line' id='line_1_32' title="bbox 1993 1778 3564 1851; baseline 0.005 -20"><span class='ocrx_word' id='word_1_202' title='bbox 1993 1778 2177 1844; x_wconf 90' lang='lat' dir='ltr'><strong>animi,</strong></span> <span class='ocrx_word' id='word_1_203' title='bbox 2209 1780 2400 1849; x_wconf 90' lang='lat' dir='ltr'><strong>partito</strong></span> <span class='ocrx_word' id='word_1_204' title='bbox 2421 1796 2514 1849; x_wconf 90' lang='lat' dir='ltr'><strong>per</strong></span> <span class='ocrx_word' id='word_1_205' title='bbox 2535 1783 2717 1849; x_wconf 87' lang='lat' dir='ltr'><strong>plures</strong></span> <span class='ocrx_word' id='word_1_206' title='bbox 2743 1791 2970 1837; x_wconf 70' lang='lat' dir='ltr'><strong>terrente</strong></span> <span class='ocrx_word' id='word_1_207' title='bbox 2989 1781 3247 1851; x_wconf 87' lang='lat' dir='ltr'><strong>regimine</strong></span> <span class='ocrx_word' id='word_1_208' title='bbox 3272 1783 3372 1849; x_wconf 89' lang='lat' dir='ltr'><strong>rei,</strong></span> <span class='ocrx_word' id='word_1_209' title='bbox 3402 1784 3564 1839; x_wconf 82' lang='lat' dir='ltr'><strong>suble</strong></span> 
     </span>
    </p>
   </div>
   <div class='ocr_carea' id='block_1_33' title="bbox 304 1850 3581 1948">
    <p class='ocr_par' dir='ltr' id='par_1_33' title="bbox 304 1850 3581 1948">
     <span class='ocr_line' id='line_1_33' title="bbox 304 1850 3581 1948; baseline 0.001 -18"><span class='ocrx_word' id='word_1_210' title='bbox 304 1860 653 1930; x_wconf 51' lang='lat' dir='ltr'><strong>adoptionem</strong></span> <span class='ocrx_word' id='word_1_211' title='bbox 702 1855 899 1911; x_wconf 55' lang='lat' dir='ltr'><strong>Christi</strong></span> <span class='ocrx_word' id='word_1_212' title='bbox 938 1870 1223 1948; x_wconf 65' lang='lat' dir='ltr'><strong>Per§onam</strong></span> <span class='ocrx_word' id='word_1_213' title='bbox 1272 1855 1521 1926; x_wconf 68' lang='lat' dir='ltr'><strong>&quot;lam&#39;ipii</strong></span> <span class='ocrx_word' id='word_1_214' title='bbox 1572 1855 1674 1911; x_wconf 69' lang='lat' dir='ltr'><strong>“de</strong></span> <span class='ocrx_word' id='word_1_215' title='bbox 1701 1870 1887 1948; x_wconf 56' lang='grc' dir='ltr'>βωθην</span> <span class='ocrx_word' id='word_1_216' title='bbox 1920 1850 1968 1911; x_wconf 80' lang='grc' dir='ltr'><strong>Β</strong></span> <span class='ocrx_word' id='word_1_217' title='bbox 1995 1887 2121 1927; x_wconf 88' lang='lat' dir='ltr'><strong>vare</strong></span> <span class='ocrx_word' id='word_1_218' title='bbox 2143 1881 2191 1928; x_wconf 88' lang='lat' dir='ltr'><strong>et</strong></span> <span class='ocrx_word' id='word_1_219' title='bbox 2235 1883 2353 1941; x_wconf 84' lang='lat' dir='ltr'><strong>post</strong></span> <span class='ocrx_word' id='word_1_220' title='bbox 2386 1875 2498 1928; x_wconf 77' lang='lat' dir='ltr'><strong>hrcc</strong></span> <span class='ocrx_word' id='word_1_221' title='bbox 2538 1875 2731 1944; x_wconf 88' lang='lat' dir='ltr'><strong>triplici</strong></span> <span class='ocrx_word' id='word_1_222' title='bbox 2764 1850 3153 1932; x_wconf 80' lang='lat' dir='ltr'><strong>deliberatione</strong></span> <span class='ocrx_word' id='word_1_223' title='bbox 3193 1887 3420 1934; x_wconf 87' lang='lat' dir='ltr'><strong>tractare</strong></span> <span class='ocrx_word' id='word_1_224' title='bbox 3453 1878 3581 1948; x_wconf 90' lang='lat' dir='ltr'><strong>quid</strong></span> 
     </span>
    </p>
   </div>
   <div class='ocr_carea' id='block_1_34' title="bbox 307 1947 1891 2021">
    <p class='ocr_par' dir='ltr' id='par_1_34' title="bbox 307 1947 1891 2021">
     <span class='ocr_line' id='line_1_34' title="bbox 307 1947 1891 2021; baseline -0.004 -13"><span class='ocrx_word' id='word_1_225' title='bbox 307 1952 511 2021; x_wconf 89' lang='lat' dir='ltr'><strong>cipavit</strong></span> <span class='ocrx_word' id='word_1_226' title='bbox 543 1959 598 2006; x_wconf 91' lang='lat' dir='ltr'><strong>et</strong></span> <span class='ocrx_word' id='word_1_227' title='bbox 640 1948 994 2017; x_wconf 85' lang='lat' dir='ltr'><strong>transcripsit.</strong></span> <span class='ocrx_word' id='word_1_228' title='bbox 1039 1947 1318 2014; x_wconf 86' lang='lat' dir='ltr'><strong>Quomodo</strong></span> <span class='ocrx_word' id='word_1_229' title='bbox 1366 1959 1543 2001; x_wconf 88' lang='lat' dir='ltr'><strong>autem</strong></span> <span class='ocrx_word' id='word_1_230' title='bbox 1590 1947 1732 2014; x_wconf 90' lang='lat' dir='ltr'><strong>apud</strong></span> <span class='ocrx_word' id='word_1_231' title='bbox 1776 1947 1891 2016; x_wconf 85' lang='lat' dir='ltr'><strong>ejus</strong></span> 
     </span>
    </p>
   </div>
   <div class='ocr_carea' id='block_1_35' title="bbox 296 2039 1891 2113">
    <p class='ocr_par' dir='ltr' id='par_1_35' title="bbox 296 2039 1891 2113">
     <span class='ocr_line' id='line_1_35' title="bbox 296 2039 1891 2113; baseline -0.007 -11"><span class='ocrx_word' id='word_1_232' title='bbox 296 2047 382 2103; x_wconf 85' lang='lat' dir='ltr'><strong>vel</strong></span> <span class='ocrx_word' id='word_1_233' title='bbox 438 2042 578 2113; x_wconf 89' lang='lat' dir='ltr'><strong>apud</strong></span> <span class='ocrx_word' id='word_1_234' title='bbox 622 2040 949 2111; x_wconf 74' lang='lat' dir='ltr'><strong>reliquorum</strong></span> <span class='ocrx_word' id='word_1_235' title='bbox 998 2040 1221 2094; x_wconf 75' lang='lat' dir='ltr'><strong>fratrum</strong></span> <span class='ocrx_word' id='word_1_236' title='bbox 1268 2039 1491 2094; x_wconf 86' lang='lat' dir='ltr'><strong>lacteam</strong></span> <span class='ocrx_word' id='word_1_237' title='bbox 1534 2039 1891 2093; x_wconf 88' lang='lat' dir='ltr'><strong>sinceritatem</strong></span> 
     </span>
    </p>
   </div>
   <div class='ocr_carea' id='block_1_36' title="bbox 313 2128 1893 2205">
    <p class='ocr_par' dir='ltr' id='par_1_36' title="bbox 313 2128 1893 2205">
     <span class='ocr_line' id='line_1_36' title="bbox 313 2128 1893 2205; baseline -0.003 -15"><span class='ocrx_word' id='word_1_238' title='bbox 313 2142 476 2205; x_wconf 73' lang='lat' dir='ltr'><strong>ﬁgere</strong></span> <span class='ocrx_word' id='word_1_239' title='bbox 523 2134 867 2200; x_wconf 90' lang='lat' dir='ltr'><strong>deberemus,</strong></span> <span class='ocrx_word' id='word_1_240' title='bbox 910 2132 1220 2187; x_wconf 91' lang='lat' dir='ltr'><strong>latissimam</strong></span> <span class='ocrx_word' id='word_1_241' title='bbox 1271 2131 1511 2201; x_wconf 85' lang='lat' dir='ltr'><strong>Apostoli</strong></span> <span class='ocrx_word' id='word_1_242' title='bbox 1559 2130 1810 2199; x_wconf 81' lang='lat' dir='ltr'><strong>(Philem.</strong></span> <span class='ocrx_word' id='word_1_243' title='bbox 1851 2128 1893 2200; x_wconf 87' lang='grc' dir='ltr'><strong>ι)</strong></span> 
     </span>
    </p>
   </div>
   <div class='ocr_carea' id='block_1_37' title="bbox 310 2222 1894 2298">
    <p class='ocr_par' dir='ltr' id='par_1_37' title="bbox 310 2222 1894 2298">
     <span class='ocr_line' id='line_1_37' title="bbox 310 2222 1894 2298; baseline -0.005 -14"><span class='ocrx_word' id='word_1_244' title='bbox 310 2227 789 2298; x_wconf 87' lang='lat' dir='ltr'><strong>dispensationem,</strong></span> <span class='ocrx_word' id='word_1_245' title='bbox 820 2224 1067 2293; x_wconf 81' lang='lat' dir='ltr'><strong>expedito</strong></span> <span class='ocrx_word' id='word_1_246' title='bbox 1097 2224 1397 2293; x_wconf 86' lang='lat' dir='ltr'><strong>digessistis</strong></span> <span class='ocrx_word' id='word_1_247' title='bbox 1424 2222 1679 2291; x_wconf 83' lang='lat' dir='ltr'><strong>alloquio,</strong></span> <span class='ocrx_word' id='word_1_248' title='bbox 1703 2232 1894 2277; x_wconf 92' lang='lat' dir='ltr'><strong>etcum</strong></span> 
     </span>
    </p>
   </div>
   <div class='ocr_carea' id='block_1_38' title="bbox 311 2312 1896 2384">
    <p class='ocr_par' dir='ltr' id='par_1_38' title="bbox 311 2312 1896 2384">
     <span class='ocr_line' id='line_1_38' title="bbox 311 2312 1896 2384; baseline -0.006 -10"><span class='ocrx_word' id='word_1_249' title='bbox 311 2333 507 2375; x_wconf 89' lang='lat' dir='ltr'><strong>eorum</strong></span> <span class='ocrx_word' id='word_1_250' title='bbox 536 2316 843 2373; x_wconf 90' lang='lat' dir='ltr'><strong>doctissima</strong></span> <span class='ocrx_word' id='word_1_251' title='bbox 895 2315 1082 2384; x_wconf 84' lang='lat' dir='ltr'><strong>pagina</strong></span> <span class='ocrx_word' id='word_1_252' title='bbox 1128 2314 1303 2368; x_wconf 92' lang='lat' dir='ltr'><strong>minus</strong></span> <span class='ocrx_word' id='word_1_253' title='bbox 1333 2314 1523 2368; x_wconf 90' lang='lat' dir='ltr'><strong>doctus</strong></span> <span class='ocrx_word' id='word_1_254' title='bbox 1550 2312 1758 2367; x_wconf 90' lang='lat' dir='ltr'><strong>asserit.</strong></span> <span class='ocrx_word' id='word_1_255' title='bbox 1790 2312 1896 2366; x_wconf 84' lang='lat' dir='ltr'><strong>Nos</strong></span> 
     </span>
    </p>
   </div>
   <div class='ocr_carea' id='block_1_39' title="bbox 314 2405 1899 2468">
    <p class='ocr_par' dir='ltr' id='par_1_39' title="bbox 314 2405 1899 2468">
     <span class='ocr_line' id='line_1_39' title="bbox 314 2405 1899 2468; baseline -0.006 0"><span class='ocrx_word' id='word_1_256' title='bbox 314 2427 500 2468; x_wconf 69' lang='lat' dir='ltr'><strong>tamen</strong></span> <span class='ocrx_word' id='word_1_257' title='bbox 553 2411 606 2465; x_wconf 92' lang='lat' dir='ltr'><strong>in</strong></span> <span class='ocrx_word' id='word_1_258' title='bbox 632 2424 816 2466; x_wconf 90' lang='lat' dir='ltr'><strong>eorum</strong></span> <span class='ocrx_word' id='word_1_259' title='bbox 857 2406 1112 2464; x_wconf 87' lang='lat' dir='ltr'><strong>defecatis</strong></span> <span class='ocrx_word' id='word_1_260' title='bbox 1141 2408 1381 2462; x_wconf 90' lang='lat' dir='ltr'><strong>moribus</strong></span> <span class='ocrx_word' id='word_1_261' title='bbox 1428 2405 1671 2459; x_wconf 88' lang='lat' dir='ltr'><strong>admirati</strong></span> <span class='ocrx_word' id='word_1_262' title='bbox 1715 2418 1899 2459; x_wconf 91' lang='lat' dir='ltr'><strong>sumus</strong></span> 
     </span>
    </p>
   </div>
   <div class='ocr_carea' id='block_1_40' title="bbox 313 2496 1899 2575">
    <p class='ocr_par' dir='ltr' id='par_1_40' title="bbox 313 2496 1899 2575">
     <span class='ocr_line' id='line_1_40' title="bbox 313 2496 1899 2575; baseline -0.008 -15"><span class='ocrx_word' id='word_1_263' title='bbox 313 2520 414 2575; x_wconf 89' lang='lat' dir='ltr'><strong>per</strong></span> <span class='ocrx_word' id='word_1_264' title='bbox 441 2504 638 2559; x_wconf 88' lang='lat' dir='ltr'><strong>donum</strong></span> <span class='ocrx_word' id='word_1_265' title='bbox 685 2499 1110 2555; x_wconf 88' lang='lat' dir='ltr'><strong>mansuetudinis</strong></span> <span class='ocrx_word' id='word_1_266' title='bbox 1140 2507 1196 2554; x_wconf 90' lang='lat' dir='ltr'><strong>et</strong></span> <span class='ocrx_word' id='word_1_267' title='bbox 1240 2497 1581 2562; x_wconf 91' lang='lat' dir='ltr'><strong>humilitatis,</strong></span> <span class='ocrx_word' id='word_1_268' title='bbox 1616 2496 1899 2565; x_wconf 90' lang='lat' dir='ltr'><strong>plenitudi—</strong></span> 
     </span>
    </p>
   </div>
   <div class='ocr_carea' id='block_1_41' title="bbox 313 2585 1898 2659">
    <p class='ocr_par' dir='ltr' id='par_1_41' title="bbox 313 2585 1898 2659">
     <span class='ocr_line' id='line_1_41' title="bbox 313 2585 1898 2659; baseline -0.008 -8"><span class='ocrx_word' id='word_1_269' title='bbox 313 2610 442 2651; x_wconf 86' lang='lat' dir='ltr'><strong>nem</strong></span> <span class='ocrx_word' id='word_1_270' title='bbox 493 2593 754 2648; x_wconf 90' lang='lat' dir='ltr'><strong>lectionis.</strong></span> <span class='ocrx_word' id='word_1_271' title='bbox 796 2590 974 2645; x_wconf 79' lang='lat' dir='ltr'><strong>Vincit</strong></span> <span class='ocrx_word' id='word_1_272' title='bbox 1016 2590 1158 2645; x_wconf 92' lang='lat' dir='ltr'><strong>enim</strong></span> <span class='ocrx_word' id='word_1_273' title='bbox 1202 2589 1417 2659; x_wconf 90' lang='lat' dir='ltr'><strong>largitas</strong></span> <span class='ocrx_word' id='word_1_274' title='bbox 1445 2587 1629 2657; x_wconf 79' lang='lat' dir='ltr'><strong>gratiae</strong></span> <span class='ocrx_word' id='word_1_275' title='bbox 1661 2585 1898 2640; x_wconf 90' lang='lat' dir='ltr'><strong>instituta</strong></span> 
     </span>
    </p>
   </div>
   <div class='ocr_carea' id='block_1_42' title="bbox 309 2678 1897 2751">
    <p class='ocr_par' dir='ltr' id='par_1_42' title="bbox 309 2678 1897 2751">
     <span class='ocr_line' id='line_1_42' title="bbox 309 2678 1897 2751; baseline -0.008 -9"><span class='ocrx_word' id='word_1_276' title='bbox 309 2686 598 2742; x_wconf 70' lang='lat' dir='ltr'><strong>doctrinae.</strong></span> <span class='ocrx_word' id='word_1_277' title='bbox 628 2683 759 2739; x_wconf 84' lang='lat' dir='ltr'><strong>Nam</strong></span> <span class='ocrx_word' id='word_1_278' title='bbox 782 2683 883 2738; x_wconf 89' lang='lat' dir='ltr'><strong>etsi</strong></span> <span class='ocrx_word' id='word_1_279' title='bbox 911 2681 1010 2737; x_wconf 91' lang='lat' dir='ltr'><strong>sub</strong></span> <span class='ocrx_word' id='word_1_280' title='bbox 1040 2681 1233 2751; x_wconf 81' lang='lat' dir='ltr'><strong>exiguo</strong></span> <span class='ocrx_word' id='word_1_281' title='bbox 1275 2691 1515 2748; x_wconf 90' lang='lat' dir='ltr'><strong>tempore</strong></span> <span class='ocrx_word' id='word_1_282' title='bbox 1544 2678 1683 2732; x_wconf 85' lang='lat' dir='ltr'><strong>intra</strong></span> <span class='ocrx_word' id='word_1_283' title='bbox 1710 2690 1897 2731; x_wconf 92' lang='lat' dir='ltr'><strong>eorum</strong></span> 
     </span>
    </p>
   </div>
   <div class='ocr_carea' id='block_1_43' title="bbox 313 2771 1900 2849">
    <p class='ocr_par' dir='ltr' id='par_1_43' title="bbox 313 2771 1900 2849">
     <span class='ocr_line' id='line_1_43' title="bbox 313 2771 1900 2849; baseline -0.008 -11"><span class='ocrx_word' id='word_1_284' title='bbox 313 2780 494 2838; x_wconf 89' lang='lat' dir='ltr'><strong>lucida</strong></span> <span class='ocrx_word' id='word_1_285' title='bbox 527 2789 743 2849; x_wconf 85' lang='lat' dir='ltr'><strong>pectora</strong></span> <span class='ocrx_word' id='word_1_286' title='bbox 772 2787 823 2833; x_wconf 93' lang='lat' dir='ltr'><strong>et</strong></span> <span class='ocrx_word' id='word_1_287' title='bbox 862 2777 1140 2847; x_wconf 91' lang='lat' dir='ltr'><strong>perspicua</strong></span> <span class='ocrx_word' id='word_1_288' title='bbox 1173 2774 1462 2845; x_wconf 88' lang='lat' dir='ltr'><strong>penetralia</strong></span> <span class='ocrx_word' id='word_1_289' title='bbox 1507 2771 1805 2827; x_wconf 81' lang='lat' dir='ltr'><strong>introduxit</strong></span> <span class='ocrx_word' id='word_1_290' title='bbox 1840 2784 1900 2826; x_wconf 92' lang='lat' dir='ltr'><strong>se</strong></span> 
     </span>
    </p>
   </div>
   <div class='ocr_carea' id='block_1_44' title="bbox 314 2863 1897 2939">
    <p class='ocr_par' dir='ltr' id='par_1_44' title="bbox 314 2863 1897 2939">
     <span class='ocr_line' id='line_1_44' title="bbox 314 2863 1897 2939; baseline -0.008 -12"><span class='ocrx_word' id='word_1_291' title='bbox 314 2888 530 2927; x_wconf 82' lang='lat' dir='ltr'><strong>nierum</strong></span> <span class='ocrx_word' id='word_1_292' title='bbox 560 2869 788 2925; x_wconf 89' lang='lat' dir='ltr'><strong>candida</strong></span> <span class='ocrx_word' id='word_1_293' title='bbox 819 2870 1045 2939; x_wconf 88' lang='lat' dir='ltr'><strong>puritas,</strong></span> <span class='ocrx_word' id='word_1_294' title='bbox 1076 2876 1132 2923; x_wconf 89' lang='lat' dir='ltr'><strong>et</strong></span> <span class='ocrx_word' id='word_1_295' title='bbox 1159 2866 1413 2937; x_wconf 70' lang='lat' dir='ltr'><strong>praeclara</strong></span> <span class='ocrx_word' id='word_1_296' title='bbox 1456 2863 1772 2933; x_wconf 87' lang='lat' dir='ltr'><strong>simplicitas</strong></span> <span class='ocrx_word' id='word_1_297' title='bbox 1802 2875 1897 2932; x_wconf 87' lang='lat' dir='ltr'><strong>per</strong></span> 
     </span>
    </p>
   </div>
   <div class='ocr_carea' id='block_1_45' title="bbox 312 2954 1894 3033">
    <p class='ocr_par' dir='ltr' id='par_1_45' title="bbox 312 2954 1894 3033">
     <span class='ocr_line' id='line_1_45' title="bbox 312 2954 1894 3033; baseline -0.006 -15"><span class='ocrx_word' id='word_1_298' title='bbox 312 2978 478 3033; x_wconf 88' lang='lat' dir='ltr'><strong>quam</strong></span> <span class='ocrx_word' id='word_1_299' title='bbox 510 2962 707 3017; x_wconf 71' lang='lat' dir='ltr'><strong>divina:</strong></span> <span class='ocrx_word' id='word_1_300' title='bbox 738 2959 984 3031; x_wconf 89' lang='lat' dir='ltr'><strong>imaginis</strong></span> <span class='ocrx_word' id='word_1_301' title='bbox 999 2960 1271 3029; x_wconf 85' lang='lat' dir='ltr'><strong>speculum</strong></span> <span class='ocrx_word' id='word_1_302' title='bbox 1296 2958 1348 3013; x_wconf 92' lang='lat' dir='ltr'><strong>in</strong></span> <span class='ocrx_word' id='word_1_303' title='bbox 1371 2956 1640 3011; x_wconf 89' lang='lat' dir='ltr'><strong>interioris</strong></span> <span class='ocrx_word' id='word_1_304' title='bbox 1662 2954 1894 3009; x_wconf 89' lang='lat' dir='ltr'><strong>hominis</strong></span> 
     </span>
    </p>
   </div>
   <div class='ocr_carea' id='block_1_46' title="bbox 313 3045 1901 3124">
    <p class='ocr_par' dir='ltr' id='par_1_46' title="bbox 313 3045 1901 3124">
     <span class='ocr_line' id='line_1_46' title="bbox 313 3045 1901 3124; baseline -0.008 -14"><span class='ocrx_word' id='word_1_305' title='bbox 313 3056 498 3111; x_wconf 89' lang='lat' dir='ltr'><strong>nitore</strong></span> <span class='ocrx_word' id='word_1_306' title='bbox 530 3054 821 3124; x_wconf 89' lang='lat' dir='ltr'><strong>perfulget;</strong></span> <span class='ocrx_word' id='word_1_307' title='bbox 847 3052 1061 3117; x_wconf 73' lang='lat' dir='ltr'><strong>divinae,</strong></span> <span class='ocrx_word' id='word_1_308' title='bbox 1095 3051 1330 3120; x_wconf 89' lang='lat' dir='ltr'><strong>inquam,</strong></span> <span class='ocrx_word' id='word_1_309' title='bbox 1366 3047 1632 3118; x_wconf 87' lang='lat' dir='ltr'><strong>imaginis.</strong></span> <span class='ocrx_word' id='word_1_310' title='bbox 1662 3046 1739 3100; x_wconf 88' lang='lat' dir='ltr'><strong>Ita</strong></span> <span class='ocrx_word' id='word_1_311' title='bbox 1758 3045 1901 3099; x_wconf 90' lang='lat' dir='ltr'><strong>enim</strong></span> 
     </span>
    </p>
   </div>
   <div class='ocr_carea' id='block_1_47' title="bbox 314 3134 1900 3213">
    <p class='ocr_par' dir='ltr' id='par_1_47' title="bbox 314 3134 1900 3213">
     <span class='ocr_line' id='line_1_47' title="bbox 314 3134 1900 3213; baseline -0.006 -14"><span class='ocrx_word' id='word_1_312' title='bbox 314 3146 392 3200; x_wconf 87' lang='lat' dir='ltr'><strong>de</strong></span> <span class='ocrx_word' id='word_1_313' title='bbox 424 3146 647 3199; x_wconf 88' lang='lat' dir='ltr'><strong>Domino</strong></span> <span class='ocrx_word' id='word_1_314' title='bbox 682 3144 906 3213; x_wconf 85' lang='lat' dir='ltr'><strong>legimus</strong></span> <span class='ocrx_word' id='word_1_315' title='bbox 936 3160 949 3196; x_wconf 90' lang='lat'><strong>:</strong></span> <span class='ocrx_word' id='word_1_316' title='bbox 980 3143 1170 3207; x_wconf 81' lang='lat' dir='ltr'><strong>Purus,</strong></span> <span class='ocrx_word' id='word_1_317' title='bbox 1215 3140 1474 3208; x_wconf 85' lang='lat' dir='ltr'><strong>simplex,</strong></span> <span class='ocrx_word' id='word_1_318' title='bbox 1522 3137 1748 3192; x_wconf 88' lang='lat' dir='ltr'><strong>subtilis.</strong></span> <span class='ocrx_word' id='word_1_319' title='bbox 1796 3134 1900 3190; x_wconf 85' lang='lat' dir='ltr'><strong>Sed</strong></span> 
     </span>
    </p>
   </div>
   <div class='ocr_carea' id='block_1_48' title="bbox 312 3222 1975 3300">
    <p class='ocr_par' dir='ltr' id='par_1_48' title="bbox 312 3222 1975 3300">
     <span class='ocr_line' id='line_1_48' title="bbox 312 3222 1975 3300; baseline -0.006 -10"><span class='ocrx_word' id='word_1_320' title='bbox 312 3236 489 3291; x_wconf 88' lang='lat' dir='ltr'><strong>multo</strong></span> <span class='ocrx_word' id='word_1_321' title='bbox 519 3235 660 3289; x_wconf 89' lang='lat' dir='ltr'><strong>aliud</strong></span> <span class='ocrx_word' id='word_1_322' title='bbox 686 3234 881 3288; x_wconf 89' lang='lat' dir='ltr'><strong>indicat</strong></span> <span class='ocrx_word' id='word_1_323' title='bbox 909 3233 1084 3287; x_wconf 87' lang='lat' dir='ltr'><strong>divina</strong></span> <span class='ocrx_word' id='word_1_324' title='bbox 1126 3232 1216 3285; x_wconf 87' lang='lat' dir='ltr'><strong>illa</strong></span> <span class='ocrx_word' id='word_1_325' title='bbox 1259 3230 1593 3300; x_wconf 85' lang='lat' dir='ltr'><strong>simplicitas.</strong></span> <span class='ocrx_word' id='word_1_326' title='bbox 1627 3227 1901 3297; x_wconf 86' lang='lat' dir='ltr'><strong>Siquidem</strong></span> <span class='ocrx_word' id='word_1_327' title='bbox 1928 3222 1975 3286; x_wconf 88' lang='lat' dir='ltr'><strong>C</strong></span> 
     </span>
    </p>
   </div>
   <div class='ocr_carea' id='block_1_49' title="bbox 311 3319 1901 3393">
    <p class='ocr_par' dir='ltr' id='par_1_49' title="bbox 311 3319 1901 3393">
     <span class='ocr_line' id='line_1_49' title="bbox 311 3319 1901 3393; baseline -0.004 -12"><span class='ocrx_word' id='word_1_328' title='bbox 311 3328 377 3382; x_wconf 90' lang='lat' dir='ltr'><strong>in</strong></span> <span class='ocrx_word' id='word_1_329' title='bbox 410 3326 563 3380; x_wconf 90' lang='lat' dir='ltr'><strong>nobis</strong></span> <span class='ocrx_word' id='word_1_330' title='bbox 590 3325 782 3393; x_wconf 77' lang='lat' dir='ltr'><strong>duplex</strong></span> <span class='ocrx_word' id='word_1_331' title='bbox 816 3324 974 3390; x_wconf 90' lang='lat' dir='ltr'><strong>inest,</strong></span> <span class='ocrx_word' id='word_1_332' title='bbox 1008 3324 1059 3377; x_wconf 89' lang='lat' dir='ltr'><strong>in</strong></span> <span class='ocrx_word' id='word_1_333' title='bbox 1090 3322 1280 3392; x_wconf 88' lang='lat' dir='ltr'><strong>spiritu</strong></span> <span class='ocrx_word' id='word_1_334' title='bbox 1318 3329 1374 3376; x_wconf 92' lang='lat' dir='ltr'><strong>et</strong></span> <span class='ocrx_word' id='word_1_335' title='bbox 1406 3335 1566 3375; x_wconf 89' lang='lat' dir='ltr'><strong>carne</strong></span> <span class='ocrx_word' id='word_1_336' title='bbox 1587 3319 1901 3375; x_wconf 88' lang='lat' dir='ltr'><strong>substantia.</strong></span> 
     </span>
    </p>
   </div>
   <div class='ocr_carea' id='block_1_50' title="bbox 314 3410 1907 3485">
    <p class='ocr_par' dir='ltr' id='par_1_50' title="bbox 314 3410 1907 3485">
     <span class='ocr_line' id='line_1_50' title="bbox 314 3410 1907 3485; baseline -0.007 -10"><span class='ocrx_word' id='word_1_337' title='bbox 314 3418 433 3475; x_wconf 76' lang='lat' dir='ltr'><strong>Nos</strong></span> <span class='ocrx_word' id='word_1_338' title='bbox 458 3417 601 3485; x_wconf 89' lang='lat' dir='ltr'><strong>quod</strong></span> <span class='ocrx_word' id='word_1_339' title='bbox 633 3415 910 3481; x_wconf 73' lang='lat' dir='ltr'><strong>trahemus,</strong></span> <span class='ocrx_word' id='word_1_340' title='bbox 951 3414 1285 3482; x_wconf 90' lang='lat' dir='ltr'><strong>accepimus;</strong></span> <span class='ocrx_word' id='word_1_341' title='bbox 1320 3411 1474 3467; x_wconf 90' lang='lat' dir='ltr'><strong>nobis</strong></span> <span class='ocrx_word' id='word_1_342' title='bbox 1502 3410 1713 3468; x_wconf 88' lang='lat' dir='ltr'><strong>diversa</strong></span> <span class='ocrx_word' id='word_1_343' title='bbox 1745 3410 1907 3464; x_wconf 85' lang='lat' dir='ltr'><strong>virtu-</strong></span> 
     </span>
    </p>
   </div>
   <div class='ocr_carea' id='block_1_51' title="bbox 317 3501 1905 3576">
    <p class='ocr_par' dir='ltr' id='par_1_51' title="bbox 317 3501 1905 3576">
     <span class='ocr_line' id='line_1_51' title="bbox 317 3501 1905 3576; baseline -0.006 -11"><span class='ocrx_word' id='word_1_344' title='bbox 317 3520 436 3565; x_wconf 92' lang='lat' dir='ltr'><strong>tum</strong></span> <span class='ocrx_word' id='word_1_345' title='bbox 450 3507 771 3562; x_wconf 85' lang='lat' dir='ltr'><strong>charismata</strong></span> <span class='ocrx_word' id='word_1_346' title='bbox 793 3506 1041 3576; x_wconf 82' lang='lat' dir='ltr'><strong>adjuncta</strong></span> <span class='ocrx_word' id='word_1_347' title='bbox 1062 3513 1203 3570; x_wconf 89' lang='lat' dir='ltr'><strong>sunt;</strong></span> <span class='ocrx_word' id='word_1_348' title='bbox 1223 3518 1328 3559; x_wconf 92' lang='lat' dir='ltr'><strong>non</strong></span> <span class='ocrx_word' id='word_1_349' title='bbox 1356 3502 1559 3559; x_wconf 86' lang='lat' dir='ltr'><strong>innata.</strong></span> <span class='ocrx_word' id='word_1_350' title='bbox 1592 3502 1721 3558; x_wconf 90' lang='lat' dir='ltr'><strong>Sine</strong></span> <span class='ocrx_word' id='word_1_351' title='bbox 1742 3501 1905 3557; x_wconf 88' lang='lat' dir='ltr'><strong>dubio</strong></span> 
     </span>
    </p>
   </div>
   <div class='ocr_carea' id='block_1_52' title="bbox 318 3593 1906 3671">
    <p class='ocr_par' dir='ltr' id='par_1_52' title="bbox 318 3593 1906 3671">
     <span class='ocr_line' id='line_1_52' title="bbox 318 3593 1906 3671; baseline -0.004 -15"><span class='ocrx_word' id='word_1_352' title='bbox 318 3600 628 3671; x_wconf 84' lang='lat' dir='ltr'><strong>apponitur,</strong></span> <span class='ocrx_word' id='word_1_353' title='bbox 659 3598 797 3667; x_wconf 86' lang='lat' dir='ltr'><strong>quod</strong></span> <span class='ocrx_word' id='word_1_354' title='bbox 842 3596 1037 3653; x_wconf 90' lang='lat' dir='ltr'><strong>auferri</strong></span> <span class='ocrx_word' id='word_1_355' title='bbox 1090 3605 1266 3666; x_wconf 89' lang='lat' dir='ltr'><strong>potest</strong></span> <span class='ocrx_word' id='word_1_356' title='bbox 1299 3605 1397 3650; x_wconf 88' lang='lat' dir='ltr'><strong>:ut</strong></span> <span class='ocrx_word' id='word_1_357' title='bbox 1438 3595 1562 3650; x_wconf 90' lang='lat' dir='ltr'><strong>boui</strong></span> <span class='ocrx_word' id='word_1_358' title='bbox 1593 3594 1790 3658; x_wconf 85' lang='lat' dir='ltr'><strong>simus,</strong></span> <span class='ocrx_word' id='word_1_359' title='bbox 1838 3593 1906 3650; x_wconf 90' lang='lat' dir='ltr'><strong>de</strong></span> 
     </span>
    </p>
   </div>
   <div class='ocr_carea' id='block_1_53' title="bbox 322 3687 1905 3756">
    <p class='ocr_par' dir='ltr' id='par_1_53' title="bbox 322 3687 1905 3756">
     <span class='ocr_line' id='line_1_53' title="bbox 322 3687 1905 3756; baseline -0.005 -7"><span class='ocrx_word' id='word_1_360' title='bbox 322 3692 559 3749; x_wconf 83' lang='lat' dir='ltr'><strong>auctoris</strong></span> <span class='ocrx_word' id='word_1_361' title='bbox 606 3704 792 3745; x_wconf 90' lang='lat' dir='ltr'><strong>sumus</strong></span> <span class='ocrx_word' id='word_1_362' title='bbox 845 3689 1083 3744; x_wconf 89' lang='lat' dir='ltr'><strong>bonitate</strong></span> <span class='ocrx_word' id='word_1_363' title='bbox 1126 3690 1370 3744; x_wconf 91' lang='lat' dir='ltr'><strong>mutuati.</strong></span> <span class='ocrx_word' id='word_1_364' title='bbox 1430 3687 1515 3742; x_wconf 80' lang='lat' dir='ltr'><strong>Ea:</strong></span> <span class='ocrx_word' id='word_1_365' title='bbox 1550 3688 1640 3742; x_wconf 83' lang='lat' dir='ltr'><strong>illo</strong></span> <span class='ocrx_word' id='word_1_366' title='bbox 1690 3688 1905 3756; x_wconf 86' lang='lat' dir='ltr'><strong>quidem</strong></span> 
     </span>
    </p>
   </div>
   <div class='ocr_carea' id='block_1_54' title="bbox 322 3779 1908 3849">
    <p class='ocr_par' dir='ltr' id='par_1_54' title="bbox 322 3779 1908 3849">
     <span class='ocr_line' id='line_1_54' title="bbox 322 3779 1908 3849; baseline -0.004 -10"><span class='ocrx_word' id='word_1_367' title='bbox 322 3786 569 3849; x_wconf 80' lang='lat' dir='ltr'><strong>vivimus;</strong></span> <span class='ocrx_word' id='word_1_368' title='bbox 600 3781 692 3836; x_wconf 87' lang='lat' dir='ltr'><strong>sed</strong></span> <span class='ocrx_word' id='word_1_369' title='bbox 716 3781 846 3849; x_wconf 88' lang='lat' dir='ltr'><strong>vita,</strong></span> <span class='ocrx_word' id='word_1_370' title='bbox 878 3780 1019 3836; x_wconf 88' lang='lat' dir='ltr'><strong>sicut</strong></span> <span class='ocrx_word' id='word_1_371' title='bbox 1038 3782 1126 3835; x_wconf 90' lang='lat' dir='ltr'><strong>ille</strong></span> <span class='ocrx_word' id='word_1_372' title='bbox 1148 3790 1250 3845; x_wconf 88' lang='lat' dir='ltr'><strong>est,</strong></span> <span class='ocrx_word' id='word_1_373' title='bbox 1276 3795 1380 3834; x_wconf 92' lang='lat' dir='ltr'><strong>non</strong></span> <span class='ocrx_word' id='word_1_374' title='bbox 1402 3794 1605 3835; x_wconf 91' lang='lat' dir='ltr'><strong>sumus.</strong></span> <span class='ocrx_word' id='word_1_375' title='bbox 1628 3779 1762 3835; x_wconf 83' lang='lat' dir='ltr'><strong>Justi</strong></span> <span class='ocrx_word' id='word_1_376' title='bbox 1787 3794 1908 3833; x_wconf 81' lang='lat' dir='ltr'><strong>esse</strong></span> 
     </span>
    </p>
   </div>
   <div class='ocr_carea' id='block_1_55' title="bbox 325 3871 1910 3949">
    <p class='ocr_par' dir='ltr' id='par_1_55' title="bbox 325 3871 1910 3949">
     <span class='ocr_line' id='line_1_55' title="bbox 325 3871 1910 3949; baseline -0.006 -15"><span class='ocrx_word' id='word_1_377' title='bbox 325 3890 629 3949; x_wconf 88' lang='lat' dir='ltr'><strong>possumus,</strong></span> <span class='ocrx_word' id='word_1_378' title='bbox 658 3875 861 3945; x_wconf 90' lang='lat' dir='ltr'><strong>justitia</strong></span> <span class='ocrx_word' id='word_1_379' title='bbox 889 3888 1010 3930; x_wconf 91' lang='lat' dir='ltr'><strong>esse</strong></span> <span class='ocrx_word' id='word_1_380' title='bbox 1040 3888 1143 3929; x_wconf 92' lang='lat' dir='ltr'><strong>non</strong></span> <span class='ocrx_word' id='word_1_381' title='bbox 1190 3886 1492 3942; x_wconf 88' lang='lat' dir='ltr'><strong>possumus.</strong></span> <span class='ocrx_word' id='word_1_382' title='bbox 1525 3872 1615 3925; x_wconf 86' lang='lat' dir='ltr'><strong>Ille</strong></span> <span class='ocrx_word' id='word_1_383' title='bbox 1638 3871 1758 3926; x_wconf 90' lang='lat' dir='ltr'><strong>ideo</strong></span> <span class='ocrx_word' id='word_1_384' title='bbox 1779 3871 1910 3925; x_wconf 83' lang='lat' dir='ltr'><strong>sim-</strong></span> 
     </span>
    </p>
   </div>
   <div class='ocr_carea' id='block_1_56' title="bbox 324 3968 1906 4044">
    <p class='ocr_par' dir='ltr' id='par_1_56' title="bbox 324 3968 1906 4044">
     <span class='ocr_line' id='line_1_56' title="bbox 324 3968 1906 4044; baseline -0.004 -16"><span class='ocrx_word' id='word_1_385' title='bbox 324 3975 472 4044; x_wconf 78' lang='lat' dir='ltr'><strong>plex,</strong></span> <span class='ocrx_word' id='word_1_386' title='bbox 500 3972 623 4043; x_wconf 91' lang='lat' dir='ltr'><strong>quia</strong></span> <span class='ocrx_word' id='word_1_387' title='bbox 668 3972 797 4026; x_wconf 91' lang='lat' dir='ltr'><strong>nihil</strong></span> <span class='ocrx_word' id='word_1_388' title='bbox 841 3972 890 4026; x_wconf 91' lang='lat' dir='ltr'><strong>ei</strong></span> <span class='ocrx_word' id='word_1_389' title='bbox 948 3986 1015 4026; x_wconf 84' lang='lat' dir='ltr'><strong>ex</strong></span> <span class='ocrx_word' id='word_1_390' title='bbox 1060 3970 1334 4026; x_wconf 86' lang='lat' dir='ltr'><strong>accedenti</strong></span> <span class='ocrx_word' id='word_1_391' title='bbox 1379 3968 1625 4039; x_wconf 87' lang='lat' dir='ltr'><strong>largitate</strong></span> <span class='ocrx_word' id='word_1_392' title='bbox 1655 3968 1906 4022; x_wconf 89' lang='lat' dir='ltr'><strong>collatum</strong></span> 
     </span>
    </p>
   </div>
   <div class='ocr_carea' id='block_1_57' title="bbox 324 4060 1910 4133">
    <p class='ocr_par' dir='ltr' id='par_1_57' title="bbox 324 4060 1910 4133">
     <span class='ocr_line' id='line_1_57' title="bbox 324 4060 1910 4133; baseline -0.004 -13"><span class='ocrx_word' id='word_1_393' title='bbox 324 4073 428 4121; x_wconf 86' lang='lat' dir='ltr'><strong>est.</strong></span> <span class='ocrx_word' id='word_1_394' title='bbox 460 4065 557 4133; x_wconf 86' lang='lat' dir='ltr'><strong>Qui</strong></span> <span class='ocrx_word' id='word_1_395' title='bbox 588 4081 652 4121; x_wconf 79' lang='lat' dir='ltr'><strong>ex</strong></span> <span class='ocrx_word' id='word_1_396' title='bbox 686 4079 743 4119; x_wconf 91' lang='lat' dir='ltr'><strong>se</strong></span> <span class='ocrx_word' id='word_1_397' title='bbox 781 4063 1056 4130; x_wconf 89' lang='lat' dir='ltr'><strong>subsistit,</strong></span> <span class='ocrx_word' id='word_1_398' title='bbox 1087 4063 1299 4117; x_wconf 90' lang='lat' dir='ltr'><strong>aliunde</strong></span> <span class='ocrx_word' id='word_1_399' title='bbox 1330 4064 1460 4117; x_wconf 92' lang='lat' dir='ltr'><strong>nihil</strong></span> <span class='ocrx_word' id='word_1_400' title='bbox 1489 4060 1736 4128; x_wconf 90' lang='lat' dir='ltr'><strong>sumpsit.</strong></span> <span class='ocrx_word' id='word_1_401' title='bbox 1770 4060 1910 4114; x_wconf 89' lang='lat' dir='ltr'><strong>Deus</strong></span> 
     </span>
    </p>
   </div>
   <div class='ocr_carea' id='block_1_58' title="bbox 330 4155 1910 4228">
    <p class='ocr_par' dir='ltr' id='par_1_58' title="bbox 330 4155 1910 4228">
     <span class='ocr_line' id='line_1_58' title="bbox 330 4155 1910 4228; baseline -0.003 -15"><span class='ocrx_word' id='word_1_402' title='bbox 330 4166 387 4213; x_wconf 88' lang='lat' dir='ltr'><strong>et</strong></span> <span class='ocrx_word' id='word_1_403' title='bbox 430 4159 616 4213; x_wconf 88' lang='lat' dir='ltr'><strong>vivens</strong></span> <span class='ocrx_word' id='word_1_404' title='bbox 646 4156 843 4228; x_wconf 88' lang='lat' dir='ltr'><strong>pariter</strong></span> <span class='ocrx_word' id='word_1_405' title='bbox 886 4165 941 4212; x_wconf 91' lang='lat' dir='ltr'><strong>et</strong></span> <span class='ocrx_word' id='word_1_406' title='bbox 966 4156 1107 4219; x_wconf 89' lang='lat' dir='ltr'><strong>vita;</strong></span> <span class='ocrx_word' id='word_1_407' title='bbox 1141 4156 1313 4211; x_wconf 90' lang='lat' dir='ltr'><strong>bonus</strong></span> <span class='ocrx_word' id='word_1_408' title='bbox 1342 4166 1396 4211; x_wconf 89' lang='lat' dir='ltr'><strong>et</strong></span> <span class='ocrx_word' id='word_1_409' title='bbox 1430 4156 1672 4220; x_wconf 90' lang='lat' dir='ltr'><strong>bonitas;</strong></span> <span class='ocrx_word' id='word_1_410' title='bbox 1703 4155 1910 4210; x_wconf 79' lang='lat' dir='ltr'><strong>miseri-</strong></span> 
     </span>
    </p>
   </div>
   <div class='ocr_carea' id='block_1_59' title="bbox 332 4236 1931 4320">
    <p class='ocr_par' dir='ltr' id='par_1_59' title="bbox 332 4236 1931 4320">
     <span class='ocr_line' id='line_1_59' title="bbox 332 4236 1931 4320; baseline -0.001 -15"><span class='ocrx_word' id='word_1_411' title='bbox 332 4264 453 4305; x_wconf 88' lang='lat' dir='ltr'><strong>cors</strong></span> <span class='ocrx_word' id='word_1_412' title='bbox 478 4260 533 4305; x_wconf 90' lang='lat' dir='ltr'><strong>et</strong></span> <span class='ocrx_word' id='word_1_413' title='bbox 559 4249 959 4315; x_wconf 87' lang='lat' dir='ltr'><strong>misericordia;</strong></span> <span class='ocrx_word' id='word_1_414' title='bbox 992 4248 1045 4304; x_wconf 93' lang='lat' dir='ltr'><strong>in</strong></span> <span class='ocrx_word' id='word_1_415' title='bbox 1070 4249 1326 4304; x_wconf 90' lang='lat' dir='ltr'><strong>virtutum</strong></span> <span class='ocrx_word' id='word_1_416' title='bbox 1349 4264 1563 4304; x_wconf 89' lang='lat' dir='ltr'><strong>suarum</strong></span> <span class='ocrx_word' id='word_1_417' title='bbox 1585 4250 1774 4320; x_wconf 87' lang='lat' dir='ltr'><strong>gloria,</strong></span> <span class='ocrx_word' id='word_1_418' title='bbox 1809 4236 1931 4304; x_wconf 9' lang='lat' dir='ltr'><strong>hoc,</strong></span> 
     </span>
    </p>
   </div>
   <div class='ocr_carea' id='block_1_60' title="bbox 331 4342 1911 4414">
    <p class='ocr_par' dir='ltr' id='par_1_60' title="bbox 331 4342 1911 4414">
     <span class='ocr_line' id='line_1_60' title="bbox 331 4342 1911 4414; baseline -0.001 -15"><span class='ocrx_word' id='word_1_419' title='bbox 331 4352 415 4399; x_wconf 84' lang='lat' dir='ltr'><strong>est</strong></span> <span class='ocrx_word' id='word_1_420' title='bbox 438 4345 573 4414; x_wconf 89' lang='lat' dir='ltr'><strong>ipse,</strong></span> <span class='ocrx_word' id='word_1_421' title='bbox 611 4343 754 4413; x_wconf 92' lang='lat' dir='ltr'><strong>quod</strong></span> <span class='ocrx_word' id='word_1_422' title='bbox 783 4342 1020 4413; x_wconf 90' lang='lat' dir='ltr'><strong>possidet</strong></span> <span class='ocrx_word' id='word_1_423' title='bbox 1046 4343 1213 4398; x_wconf 90' lang='lat' dir='ltr'><strong>verbo</strong></span> <span class='ocrx_word' id='word_1_424' title='bbox 1253 4351 1408 4398; x_wconf 91' lang='lat' dir='ltr'><strong>tenus</strong></span> <span class='ocrx_word' id='word_1_425' title='bbox 1437 4342 1597 4396; x_wconf 91' lang='lat' dir='ltr'><strong>homo</strong></span> <span class='ocrx_word' id='word_1_426' title='bbox 1623 4342 1911 4397; x_wconf 81' lang='lat' dir='ltr'><strong>deauratus</strong></span> 
     </span>
    </p>
   </div>
   <div class='ocr_carea' id='block_1_61' title="bbox 330 4432 1908 4504">
    <p class='ocr_par' dir='ltr' id='par_1_61' title="bbox 330 4432 1908 4504">
     <span class='ocr_line' id='line_1_61' title="bbox 330 4432 1908 4504; baseline -0.002 -15"><span class='ocrx_word' id='word_1_427' title='bbox 330 4442 432 4489; x_wconf 90' lang='lat' dir='ltr'><strong>est.</strong></span> <span class='ocrx_word' id='word_1_428' title='bbox 474 4434 615 4489; x_wconf 89' lang='lat' dir='ltr'><strong>Deus</strong></span> <span class='ocrx_word' id='word_1_429' title='bbox 637 4450 826 4489; x_wconf 89' lang='lat' dir='ltr'><strong>aurum</strong></span> <span class='ocrx_word' id='word_1_430' title='bbox 866 4444 949 4489; x_wconf 92' lang='lat' dir='ltr'><strong>est</strong></span> <span class='ocrx_word' id='word_1_431' title='bbox 981 4451 993 4486; x_wconf 88' lang='lat'><strong>:</strong></span> <span class='ocrx_word' id='word_1_432' title='bbox 1022 4433 1164 4504; x_wconf 91' lang='lat' dir='ltr'><strong>quod</strong></span> <span class='ocrx_word' id='word_1_433' title='bbox 1189 4433 1243 4487; x_wconf 92' lang='lat' dir='ltr'><strong>in</strong></span> <span class='ocrx_word' id='word_1_434' title='bbox 1276 4434 1492 4489; x_wconf 91' lang='lat' dir='ltr'><strong>homine</strong></span> <span class='ocrx_word' id='word_1_435' title='bbox 1535 4432 1701 4502; x_wconf 91' lang='lat' dir='ltr'><strong>gratia</strong></span> <span class='ocrx_word' id='word_1_436' title='bbox 1728 4440 1828 4496; x_wconf 90' lang='lat' dir='ltr'><strong>est,</strong></span> <span class='ocrx_word' id='word_1_437' title='bbox 1856 4432 1908 4486; x_wconf 91' lang='lat' dir='ltr'><strong>in</strong></span> 
     </span>
    </p>
   </div>
   <div class='ocr_carea' id='block_1_62' title="bbox 331 4524 1911 4597">
    <p class='ocr_par' dir='ltr' id='par_1_62' title="bbox 331 4524 1911 4597">
     <span class='ocr_line' id='line_1_62' title="bbox 331 4524 1911 4597; baseline 0 -17"><span class='ocrx_word' id='word_1_438' title='bbox 331 4524 443 4580; x_wconf 89' lang='lat' dir='ltr'><strong>Deo</strong></span> <span class='ocrx_word' id='word_1_439' title='bbox 473 4534 658 4579; x_wconf 91' lang='lat' dir='ltr'><strong>natura</strong></span> <span class='ocrx_word' id='word_1_440' title='bbox 684 4534 785 4581; x_wconf 90' lang='lat' dir='ltr'><strong>est.</strong></span> <span class='ocrx_word' id='word_1_441' title='bbox 810 4526 875 4581; x_wconf 83' lang='lat' dir='ltr'><strong>Et</strong></span> <span class='ocrx_word' id='word_1_442' title='bbox 896 4536 1205 4597; x_wconf 87' lang='lat' dir='ltr'><strong>propterea,</strong></span> <span class='ocrx_word' id='word_1_443' title='bbox 1235 4527 1359 4597; x_wconf 89' lang='lat' dir='ltr'><strong>quia</strong></span> <span class='ocrx_word' id='word_1_444' title='bbox 1385 4524 1529 4581; x_wconf 87' lang='lat' dir='ltr'><strong>nihil</strong></span> <span class='ocrx_word' id='word_1_445' title='bbox 1560 4527 1607 4580; x_wconf 92' lang='lat' dir='ltr'><strong>ei</strong></span> <span class='ocrx_word' id='word_1_446' title='bbox 1648 4526 1911 4581; x_wconf 82' lang='lat' dir='ltr'><strong>extrinse-</strong></span> 
     </span>
    </p>
   </div>
   <div class='ocr_carea' id='block_1_63' title="bbox 1997 1965 3584 2034">
    <p class='ocr_par' dir='ltr' id='par_1_63' title="bbox 1997 1965 3584 2034">
     <span class='ocr_line' id='line_1_63' title="bbox 1997 1965 3584 2034; baseline 0.005 -15"><span class='ocrx_word' id='word_1_447' title='bbox 1997 1965 2186 2019; x_wconf 82' lang='lat' dir='ltr'><strong>melius</strong></span> <span class='ocrx_word' id='word_1_448' title='bbox 2230 1965 2297 2019; x_wconf 88' lang='lat' dir='ltr'><strong>sit</strong></span> <span class='ocrx_word' id='word_1_449' title='bbox 2336 1965 2536 2034; x_wconf 90' lang='lat' dir='ltr'><strong>locare,</strong></span> <span class='ocrx_word' id='word_1_450' title='bbox 2585 1967 2667 2021; x_wconf 90' lang='lat' dir='ltr'><strong>vel</strong></span> <span class='ocrx_word' id='word_1_451' title='bbox 2706 1968 3101 2025; x_wconf 86' lang='lat' dir='ltr'><strong>administrare.</strong></span> <span class='ocrx_word' id='word_1_452' title='bbox 3159 1969 3247 2023; x_wconf 90' lang='lat' dir='ltr'><strong>vel</strong></span> <span class='ocrx_word' id='word_1_453' title='bbox 3282 1969 3584 2027; x_wconf 85' lang='lat' dir='ltr'><strong>distrahere</strong></span> 
     </span>
    </p>
   </div>
   <div class='ocr_carea' id='block_1_64' title="bbox 1999 2056 2595 2125">
    <p class='ocr_par' dir='ltr' id='par_1_64' title="bbox 1999 2056 2595 2125">
     <span class='ocr_line' id='line_1_64' title="bbox 1999 2056 2595 2125; baseline 0.007 -18"><span class='ocrx_word' id='word_1_454' title='bbox 1999 2056 2267 2123; x_wconf 87' lang='lat' dir='ltr'><strong>propriam</strong></span> <span class='ocrx_word' id='word_1_455' title='bbox 2298 2057 2595 2125; x_wconf 88' lang='lat' dir='ltr'><strong>portionem</strong></span> 
     </span>
    </p>
   </div>
   <div class='ocr_carea' id='block_1_65' title="bbox 2072 2146 3585 2215">
    <p class='ocr_par' dir='ltr' id='par_1_65' title="bbox 2072 2146 3585 2215">
     <span class='ocr_line' id='line_1_65' title="bbox 2072 2146 3585 2215; baseline 0.008 -17"><span class='ocrx_word' id='word_1_456' title='bbox 2072 2146 2305 2200; x_wconf 82' lang='lat' dir='ltr'><strong>Primum</strong></span> <span class='ocrx_word' id='word_1_457' title='bbox 2339 2162 2524 2202; x_wconf 87' lang='lat' dir='ltr'><strong>revera</strong></span> <span class='ocrx_word' id='word_1_458' title='bbox 2564 2150 2760 2203; x_wconf 90' lang='lat' dir='ltr'><strong>bonum</strong></span> <span class='ocrx_word' id='word_1_459' title='bbox 2801 2160 2976 2215; x_wconf 88' lang='lat' dir='ltr'><strong>esset,</strong></span> <span class='ocrx_word' id='word_1_460' title='bbox 3020 2161 3076 2206; x_wconf 95' lang='lat' dir='ltr'><strong>ut</strong></span> <span class='ocrx_word' id='word_1_461' title='bbox 3114 2152 3312 2207; x_wconf 86' lang='lat' dir='ltr'><strong>Christi</strong></span> <span class='ocrx_word' id='word_1_462' title='bbox 3357 2154 3585 2210; x_wconf 87' lang='lat' dir='ltr'><strong>famulus</strong></span> 
     </span>
    </p>
   </div>
   <div class='ocr_carea' id='block_1_66' title="bbox 2002 2237 3586 2312">
    <p class='ocr_par' dir='ltr' id='par_1_66' title="bbox 2002 2237 3586 2312">
     <span class='ocr_line' id='line_1_66' title="bbox 2002 2237 3586 2312; baseline 0.007 -22"><span class='ocrx_word' id='word_1_463' title='bbox 2002 2237 2202 2291; x_wconf 85' lang='lat' dir='ltr'><strong>Christi</strong></span> <span class='ocrx_word' id='word_1_464' title='bbox 2238 2240 2488 2307; x_wconf 85' lang='lat' dir='ltr'><strong>pauperis</strong></span> <span class='ocrx_word' id='word_1_465' title='bbox 2536 2241 2651 2294; x_wconf 82' lang='lat' dir='ltr'><strong>vias</strong></span> <span class='ocrx_word' id='word_1_466' title='bbox 2689 2256 2756 2295; x_wconf 86' lang='lat' dir='ltr'><strong>ex</strong></span> <span class='ocrx_word' id='word_1_467' title='bbox 2786 2251 2898 2295; x_wconf 91' lang='lat' dir='ltr'><strong>toto</strong></span> <span class='ocrx_word' id='word_1_468' title='bbox 2928 2258 3130 2312; x_wconf 88' lang='lat' dir='ltr'><strong>pauper</strong></span> <span class='ocrx_word' id='word_1_469' title='bbox 3162 2245 3403 2300; x_wconf 87' lang='lat' dir='ltr'><strong>studeret</strong></span> <span class='ocrx_word' id='word_1_470' title='bbox 3442 2247 3586 2302; x_wconf 91' lang='lat' dir='ltr'><strong>ince-</strong></span> 
     </span>
    </p>
   </div>
   <div class='ocr_carea' id='block_1_67' title="bbox 2000 2330 3590 2403">
    <p class='ocr_par' dir='ltr' id='par_1_67' title="bbox 2000 2330 3590 2403">
     <span class='ocr_line' id='line_1_67' title="bbox 2000 2330 3590 2403; baseline 0.006 -21"><span class='ocrx_word' id='word_1_471' title='bbox 2000 2331 2147 2395; x_wconf 89' lang='lat' dir='ltr'><strong>dere,</strong></span> <span class='ocrx_word' id='word_1_472' title='bbox 2193 2330 2237 2383; x_wconf 91' lang='lat' dir='ltr'><strong>si</strong></span> <span class='ocrx_word' id='word_1_473' title='bbox 2287 2331 2577 2399; x_wconf 89' lang='lat' dir='ltr'><strong>perfectam</strong></span> <span class='ocrx_word' id='word_1_474' title='bbox 2610 2334 2786 2401; x_wconf 88' lang='lat' dir='ltr'><strong>magni</strong></span> <span class='ocrx_word' id='word_1_475' title='bbox 2826 2334 3052 2403; x_wconf 89' lang='lat' dir='ltr'><strong>alicujus</strong></span> <span class='ocrx_word' id='word_1_476' title='bbox 3093 2336 3404 2391; x_wconf 88' lang='lat' dir='ltr'><strong>monasterii</strong></span> <span class='ocrx_word' id='word_1_477' title='bbox 3430 2336 3590 2392; x_wconf 77' lang='lat' dir='ltr'><strong>scho~</strong></span> 
     </span>
    </p>
   </div>
   <div class='ocr_carea' id='block_1_68' title="bbox 2001 2422 3589 2497">
    <p class='ocr_par' dir='ltr' id='par_1_68' title="bbox 2001 2422 3589 2497">
     <span class='ocr_line' id='line_1_68' title="bbox 2001 2422 3589 2497; baseline 0.006 -22"><span class='ocrx_word' id='word_1_478' title='bbox 2001 2422 2129 2489; x_wconf 89' lang='lat' dir='ltr'><strong>lam,</strong></span> <span class='ocrx_word' id='word_1_479' title='bbox 2155 2422 2235 2476; x_wconf 88' lang='lat' dir='ltr'><strong>vel</strong></span> <span class='ocrx_word' id='word_1_480' title='bbox 2261 2430 2407 2477; x_wconf 91' lang='lat' dir='ltr'><strong>certe</strong></span> <span class='ocrx_word' id='word_1_481' title='bbox 2438 2423 2667 2477; x_wconf 89' lang='lat' dir='ltr'><strong>insulam</strong></span> <span class='ocrx_word' id='word_1_482' title='bbox 2696 2426 2957 2495; x_wconf 82' lang='lat' dir='ltr'><strong>angelicae</strong></span> <span class='ocrx_word' id='word_1_483' title='bbox 2982 2429 3415 2497; x_wconf 80' lang='lat' dir='ltr'><strong>congregationis</strong></span> <span class='ocrx_word' id='word_1_484' title='bbox 3441 2430 3589 2484; x_wconf 87' lang='lat' dir='ltr'><strong>mili-</strong></span> 
     </span>
    </p>
   </div>
   <div class='ocr_carea' id='block_1_69' title="bbox 2004 2514 3588 2584">
    <p class='ocr_par' dir='ltr' id='par_1_69' title="bbox 2004 2514 3588 2584">
     <span class='ocr_line' id='line_1_69' title="bbox 2004 2514 3588 2584; baseline 0.006 -17"><span class='ocrx_word' id='word_1_485' title='bbox 2004 2514 2130 2567; x_wconf 92' lang='lat' dir='ltr'><strong>tiam</strong></span> <span class='ocrx_word' id='word_1_486' title='bbox 2168 2514 2353 2569; x_wconf 90' lang='lat' dir='ltr'><strong>liceret</strong></span> <span class='ocrx_word' id='word_1_487' title='bbox 2374 2523 2645 2584; x_wconf 80' lang='lat' dir='ltr'><strong>expetere.</strong></span> <span class='ocrx_word' id='word_1_488' title='bbox 2691 2515 2822 2569; x_wconf 89' lang='lat' dir='ltr'><strong>Nam</strong></span> <span class='ocrx_word' id='word_1_489' title='bbox 2856 2517 2910 2571; x_wconf 91' lang='lat' dir='ltr'><strong>in</strong></span> <span class='ocrx_word' id='word_1_490' title='bbox 2940 2517 3117 2573; x_wconf 88' lang='lat' dir='ltr'><strong>medio</strong></span> <span class='ocrx_word' id='word_1_491' title='bbox 3160 2520 3341 2574; x_wconf 69' lang='lat' dir='ltr'><strong>smculi</strong></span> <span class='ocrx_word' id='word_1_492' title='bbox 3379 2521 3588 2576; x_wconf 76' lang='lat' dir='ltr'><strong>institu-</strong></span> 
     </span>
    </p>
   </div>
   <div class='ocr_carea' id='block_1_70' title="bbox 2005 2604 3591 2682">
    <p class='ocr_par' dir='ltr' id='par_1_70' title="bbox 2005 2604 3591 2682">
     <span class='ocr_line' id='line_1_70' title="bbox 2005 2604 3591 2682; baseline 0.006 -23"><span class='ocrx_word' id='word_1_493' title='bbox 2005 2604 2207 2660; x_wconf 91' lang='lat' dir='ltr'><strong>tionem</strong></span> <span class='ocrx_word' id='word_1_494' title='bbox 2255 2607 2583 2661; x_wconf 87' lang='lat' dir='ltr'><strong>cremiticam</strong></span> <span class='ocrx_word' id='word_1_495' title='bbox 2627 2607 2886 2677; x_wconf 88' lang='lat' dir='ltr'><strong>proﬁteri,</strong></span> <span class='ocrx_word' id='word_1_496' title='bbox 2933 2618 3129 2678; x_wconf 90' lang='lat' dir='ltr'><strong>quanta</strong></span> <span class='ocrx_word' id='word_1_497' title='bbox 3161 2610 3591 2682; x_wconf 83' lang='lat' dir='ltr'><strong>magnanimitas,</strong></span> 
     </span>
    </p>
   </div>
   <div class='ocr_carea' id='block_1_71' title="bbox 2003 2695 2600 2751">
    <p class='ocr_par' dir='ltr' id='par_1_71' title="bbox 2003 2695 2600 2751">
     <span class='ocr_line' id='line_1_71' title="bbox 2003 2695 2600 2751; baseline 0.002 -1"><span class='ocrx_word' id='word_1_498' title='bbox 2003 2704 2150 2750; x_wconf 89' lang='lat' dir='ltr'><strong>tanta</strong></span> <span class='ocrx_word' id='word_1_499' title='bbox 2180 2704 2262 2749; x_wconf 89' lang='lat' dir='ltr'><strong>est</strong></span> <span class='ocrx_word' id='word_1_500' title='bbox 2295 2695 2600 2751; x_wconf 87' lang='lat' dir='ltr'><strong>difﬁcultas.</strong></span> 
     </span>
    </p>
   </div>
   <div class='ocr_carea' id='block_1_72' title="bbox 2075 2785 3591 2864">
    <p class='ocr_par' dir='ltr' id='par_1_72' title="bbox 2075 2785 3591 2864">
     <span class='ocr_line' id='line_1_72' title="bbox 2075 2785 3591 2864; baseline 0.007 -24"><span class='ocrx_word' id='word_1_501' title='bbox 2075 2786 2197 2840; x_wconf 90' lang='lat' dir='ltr'><strong>Suis</strong></span> <span class='ocrx_word' id='word_1_502' title='bbox 2225 2785 2357 2857; x_wconf 88' lang='lat' dir='ltr'><strong>[Al.,</strong></span> <span class='ocrx_word' id='word_1_503' title='bbox 2390 2786 2545 2857; x_wconf 78' lang='lat' dir='ltr'><strong>senis]</strong></span> <span class='ocrx_word' id='word_1_504' title='bbox 2574 2803 2705 2845; x_wconf 90' lang='lat' dir='ltr'><strong>vero</strong></span> <span class='ocrx_word' id='word_1_505' title='bbox 2732 2790 2873 2845; x_wconf 90' lang='lat' dir='ltr'><strong>vitiis</strong></span> <span class='ocrx_word' id='word_1_506' title='bbox 2919 2805 3029 2845; x_wconf 84' lang='lat' dir='ltr'><strong>suae</strong></span> <span class='ocrx_word' id='word_1_507' title='bbox 3060 2792 3268 2861; x_wconf 91' lang='lat' dir='ltr'><strong>pondus</strong></span> <span class='ocrx_word' id='word_1_508' title='bbox 3291 2792 3591 2864; x_wconf 90' lang='lat' dir='ltr'><strong>imponere,</strong></span> 
     </span>
    </p>
   </div>
   <div class='ocr_carea' id='block_1_73' title="bbox 2005 2879 3592 2953">
    <p class='ocr_par' dir='ltr' id='par_1_73' title="bbox 2005 2879 3592 2953">
     <span class='ocr_line' id='line_1_73' title="bbox 2005 2879 3592 2953; baseline 0.006 -21"><span class='ocrx_word' id='word_1_509' title='bbox 2005 2879 2296 2933; x_wconf 90' lang='lat' dir='ltr'><strong>secundum</strong></span> <span class='ocrx_word' id='word_1_510' title='bbox 2338 2894 2437 2950; x_wconf 90' lang='lat' dir='ltr'><strong>pro</strong></span> <span class='ocrx_word' id='word_1_511' title='bbox 2468 2881 2658 2935; x_wconf 89' lang='lat' dir='ltr'><strong>animae</strong></span> <span class='ocrx_word' id='word_1_512' title='bbox 2689 2883 3021 2938; x_wconf 89' lang='lat' dir='ltr'><strong>revelatione</strong></span> <span class='ocrx_word' id='word_1_513' title='bbox 3053 2884 3449 2953; x_wconf 90' lang='lat' dir='ltr'><strong>compendium.</strong></span> <span class='ocrx_word' id='word_1_514' title='bbox 3483 2885 3592 2941; x_wconf 89' lang='lat' dir='ltr'><strong>Sed</strong></span> 
     </span>
    </p>
   </div>
   <div class='ocr_carea' id='block_1_74' title="bbox 2008 2973 3593 3043">
    <p class='ocr_par' dir='ltr' id='par_1_74' title="bbox 2008 2973 3593 3043">
     <span class='ocr_line' id='line_1_74' title="bbox 2008 2973 3593 3043; baseline 0.004 -16"><span class='ocrx_word' id='word_1_515' title='bbox 2008 2973 2409 3040; x_wconf 90' lang='lat' dir='ltr'><strong>pervidendum,</strong></span> <span class='ocrx_word' id='word_1_516' title='bbox 2444 2974 2489 3028; x_wconf 90' lang='lat' dir='ltr'><strong>si</strong></span> <span class='ocrx_word' id='word_1_517' title='bbox 2516 2975 2707 3043; x_wconf 88' lang='lat' dir='ltr'><strong>aliquis</strong></span> <span class='ocrx_word' id='word_1_518' title='bbox 2739 2975 2966 3031; x_wconf 89' lang='lat' dir='ltr'><strong>ﬁliorum</strong></span> <span class='ocrx_word' id='word_1_519' title='bbox 2995 2986 3102 3031; x_wconf 89' lang='lat' dir='ltr'><strong>tam</strong></span> <span class='ocrx_word' id='word_1_520' title='bbox 3124 2977 3291 3031; x_wconf 90' lang='lat' dir='ltr'><strong>arduo</strong></span> <span class='ocrx_word' id='word_1_521' title='bbox 3318 2976 3593 3041; x_wconf 86' lang='lat' dir='ltr'><strong>sufﬁciens</strong></span> 
     </span>
    </p>
   </div>
   <div class='ocr_carea' id='block_1_75' title="bbox 2005 3063 3643 3135">
    <p class='ocr_par' dir='ltr' id='par_1_75' title="bbox 2005 3063 3643 3135">
     <span class='ocr_line' id='line_1_75' title="bbox 2005 3063 3643 3135; baseline 0 -18"><span class='ocrx_word' id='word_1_522' title='bbox 2005 3075 2125 3117; x_wconf 90' lang='lat' dir='ltr'><strong>esse</strong></span> <span class='ocrx_word' id='word_1_523' title='bbox 2156 3063 2324 3133; x_wconf 90' lang='lat' dir='ltr'><strong>possit</strong></span> <span class='ocrx_word' id='word_1_524' title='bbox 2355 3063 2639 3133; x_wconf 86' lang='lat' dir='ltr'><strong>obsequio.</strong></span> <span class='ocrx_word' id='word_1_525' title='bbox 2671 3063 2699 3102; x_wconf 71' lang='grc'><strong>1³</strong></span> <span class='ocrx_word' id='word_1_526' title='bbox 2736 3064 2811 3119; x_wconf 83' lang='lat' dir='ltr'><strong>Nc</strong></span> <span class='ocrx_word' id='word_1_527' title='bbox 2852 3064 2990 3119; x_wconf 89' lang='lat' dir='ltr'><strong>forte</strong></span> <span class='ocrx_word' id='word_1_528' title='bbox 3030 3073 3247 3133; x_wconf 86' lang='lat' dir='ltr'><strong>paterna</strong></span> <span class='ocrx_word' id='word_1_529' title='bbox 3287 3066 3404 3135; x_wconf 91' lang='lat' dir='ltr'><strong>ejus</strong></span> <span class='ocrx_word' id='word_1_530' title='bbox 3447 3065 3593 3123; x_wconf 85' lang='lat' dir='ltr'><strong>sonis</strong></span> <span class='ocrx_word' id='word_1_531' title='bbox 3640 3114 3643 3117; x_wconf 89' lang='lat'><strong>.</strong></span> 
     </span>
    </p>
   </div>
   <div class='ocr_carea' id='block_1_76' title="bbox 2008 3154 3594 3228">
    <p class='ocr_par' dir='ltr' id='par_1_76' title="bbox 2008 3154 3594 3228">
     <span class='ocr_line' id='line_1_76' title="bbox 2008 3154 3594 3228; baseline 0.004 -21"><span class='ocrx_word' id='word_1_532' title='bbox 2008 3154 2113 3227; x_wconf 83' lang='lat' dir='ltr'><strong>[Al,</strong></span> <span class='ocrx_word' id='word_1_533' title='bbox 2146 3154 2299 3226; x_wconf 77' lang='lat' dir='ltr'><strong>senis]</strong></span> <span class='ocrx_word' id='word_1_534' title='bbox 2329 3156 2617 3210; x_wconf 86' lang='lat' dir='ltr'><strong>auctoritas</strong></span> <span class='ocrx_word' id='word_1_535' title='bbox 2650 3158 2700 3209; x_wconf 92' lang='lat' dir='ltr'><strong>in</strong></span> <span class='ocrx_word' id='word_1_536' title='bbox 2730 3166 3054 3224; x_wconf 89' lang='lat' dir='ltr'><strong>patrem.....</strong></span> <span class='ocrx_word' id='word_1_537' title='bbox 3105 3156 3379 3228; x_wconf 90' lang='lat' dir='ltr'><strong>Optimum</strong></span> <span class='ocrx_word' id='word_1_538' title='bbox 3418 3167 3502 3213; x_wconf 90' lang='lat' dir='ltr'><strong>est</strong></span> <span class='ocrx_word' id='word_1_539' title='bbox 3538 3158 3594 3214; x_wconf 89' lang='lat' dir='ltr'><strong>in</strong></span> 
     </span>
    </p>
   </div>
   <div class='ocr_carea' id='block_1_77' title="bbox 2008 3245 3593 3316">
    <p class='ocr_par' dir='ltr' id='par_1_77' title="bbox 2008 3245 3593 3316">
     <span class='ocr_line' id='line_1_77' title="bbox 2008 3245 3593 3316; baseline 0.004 -18"><span class='ocrx_word' id='word_1_540' title='bbox 2008 3245 2243 3300; x_wconf 90' lang='lat' dir='ltr'><strong>secundo</strong></span> <span class='ocrx_word' id='word_1_541' title='bbox 2283 3245 2449 3316; x_wconf 86' lang='lat' dir='ltr'><strong>gradu</strong></span> <span class='ocrx_word' id='word_1_542' title='bbox 2482 3246 2581 3301; x_wconf 91' lang='lat' dir='ltr'><strong>sub</strong></span> <span class='ocrx_word' id='word_1_543' title='bbox 2624 3247 2785 3301; x_wconf 68' lang='lat' dir='ltr'><strong>noiio</strong></span> <span class='ocrx_word' id='word_1_544' title='bbox 2833 3249 3107 3303; x_wconf 88' lang='lat' dir='ltr'><strong>beneﬁciis</strong></span> <span class='ocrx_word' id='word_1_545' title='bbox 3156 3248 3593 3305; x_wconf 86' lang='lat' dir='ltr'><strong>administratore</strong></span> 
     </span>
    </p>
   </div>
   <div class='ocr_carea' id='block_1_78' title="bbox 2009 3336 3595 3409">
    <p class='ocr_par' dir='ltr' id='par_1_78' title="bbox 2009 3336 3595 3409">
     <span class='ocr_line' id='line_1_78' title="bbox 2009 3336 3595 3409; baseline 0.006 -20"><span class='ocrx_word' id='word_1_546' title='bbox 2009 3336 2326 3401; x_wconf 90' lang='lat' dir='ltr'><strong>consistere,</strong></span> <span class='ocrx_word' id='word_1_547' title='bbox 2362 3338 2405 3391; x_wconf 90' lang='lat' dir='ltr'><strong>si</strong></span> <span class='ocrx_word' id='word_1_548' title='bbox 2431 3337 2513 3391; x_wconf 91' lang='lat' dir='ltr'><strong>vel</strong></span> <span class='ocrx_word' id='word_1_549' title='bbox 2545 3340 2791 3393; x_wconf 88' lang='lat' dir='ltr'><strong>voluntas</strong></span> <span class='ocrx_word' id='word_1_550' title='bbox 2822 3348 3091 3409; x_wconf 88' lang='lat' dir='ltr'><strong>suppetat,</strong></span> <span class='ocrx_word' id='word_1_551' title='bbox 3130 3341 3217 3395; x_wconf 91' lang='lat' dir='ltr'><strong>vel</strong></span> <span class='ocrx_word' id='word_1_552' title='bbox 3249 3340 3472 3397; x_wconf 87' lang='lat' dir='ltr'><strong>facultas</strong></span> <span class='ocrx_word' id='word_1_553' title='bbox 3498 3354 3595 3397; x_wconf 85' lang='lat' dir='ltr'><strong>ne-</strong></span> 
     </span>
    </p>
   </div>
   <div class='ocr_carea' id='block_1_79' title="bbox 2010 3427 3193 3500">
    <p class='ocr_par' dir='ltr' id='par_1_79' title="bbox 2010 3427 3193 3500">
     <span class='ocr_line' id='line_1_79' title="bbox 2010 3427 3193 3500; baseline 0.001 -17"><span class='ocrx_word' id='word_1_554' title='bbox 2010 3427 2315 3483; x_wconf 80' lang='lat' dir='ltr'><strong>cessitatem</strong></span> <span class='ocrx_word' id='word_1_555' title='bbox 2347 3443 2536 3483; x_wconf 71' lang='lat' dir='ltr'><strong>annua:</strong></span> <span class='ocrx_word' id='word_1_556' title='bbox 2566 3430 2841 3500; x_wconf 88' lang='lat' dir='ltr'><strong>pensionis</strong></span> <span class='ocrx_word' id='word_1_557' title='bbox 2868 3430 3193 3498; x_wconf 86' lang='lat' dir='ltr'><strong>impleverit.</strong></span> 
     </span>
    </p>
   </div>
   <div class='ocr_carea' id='block_1_80' title="bbox 2078 3518 3594 3591">
    <p class='ocr_par' dir='ltr' id='par_1_80' title="bbox 2078 3518 3594 3591">
     <span class='ocr_line' id='line_1_80' title="bbox 2078 3518 3594 3591; baseline 0.003 -18"><span class='ocrx_word' id='word_1_558' title='bbox 2078 3518 2320 3573; x_wconf 87' lang='lat' dir='ltr'><strong>Tertium</strong></span> <span class='ocrx_word' id='word_1_559' title='bbox 2353 3531 2434 3574; x_wconf 75' lang='grc' dir='ltr'><strong>εει</strong></span> <span class='ocrx_word' id='word_1_560' title='bbox 2458 3535 2553 3590; x_wconf 92' lang='lat' dir='ltr'><strong>per</strong></span> <span class='ocrx_word' id='word_1_561' title='bbox 2576 3520 2808 3575; x_wconf 90' lang='lat' dir='ltr'><strong>ﬁdelium</strong></span> <span class='ocrx_word' id='word_1_562' title='bbox 2842 3521 3161 3575; x_wconf 92' lang='lat' dir='ltr'><strong>famulorum</strong></span> <span class='ocrx_word' id='word_1_563' title='bbox 3189 3522 3357 3578; x_wconf 83' lang='lat' dir='ltr'><strong>electa</strong></span> <span class='ocrx_word' id='word_1_564' title='bbox 3381 3523 3594 3591; x_wconf 89' lang='lat' dir='ltr'><strong>solatia,</strong></span> 
     </span>
    </p>
   </div>
   <div class='ocr_carea' id='block_1_81' title="bbox 2010 3610 3595 3682">
    <p class='ocr_par' dir='ltr' id='par_1_81' title="bbox 2010 3610 3595 3682">
     <span class='ocr_line' id='line_1_81' title="bbox 2010 3610 3595 3682; baseline 0.003 -18"><span class='ocrx_word' id='word_1_565' title='bbox 2010 3610 2274 3680; x_wconf 84' lang='lat' dir='ltr'><strong>impositae</strong></span> <span class='ocrx_word' id='word_1_566' title='bbox 2309 3613 2700 3679; x_wconf 90' lang='lat' dir='ltr'><strong>procurationis</strong></span> <span class='ocrx_word' id='word_1_567' title='bbox 2734 3612 2948 3676; x_wconf 91' lang='lat' dir='ltr'><strong>ofﬁciis,</strong></span> <span class='ocrx_word' id='word_1_568' title='bbox 2989 3613 3089 3666; x_wconf 91' lang='lat' dir='ltr'><strong>sub</strong></span> <span class='ocrx_word' id='word_1_569' title='bbox 3131 3614 3343 3682; x_wconf 88' lang='lat' dir='ltr'><strong>propria</strong></span> <span class='ocrx_word' id='word_1_570' title='bbox 3385 3629 3447 3668; x_wconf 91' lang='lat' dir='ltr'><strong>ac</strong></span> <span class='ocrx_word' id='word_1_571' title='bbox 3490 3612 3595 3668; x_wconf 63' lang='lat' dir='ltr'><strong>mio</strong></span> 
     </span>
    </p>
   </div>
   <div class='ocr_carea' id='block_1_82' title="bbox 2011 3700 3595 3773">
    <p class='ocr_par' dir='ltr' id='par_1_82' title="bbox 2011 3700 3595 3773">
     <span class='ocr_line' id='line_1_82' title="bbox 2011 3700 3595 3773; baseline 0.003 -20"><span class='ocrx_word' id='word_1_572' title='bbox 2011 3714 2142 3755; x_wconf 86' lang='lat' dir='ltr'><strong>nere</strong></span> <span class='ocrx_word' id='word_1_573' title='bbox 2173 3700 2537 3755; x_wconf 89' lang='lat' dir='ltr'><strong>sollicitudine</strong></span> <span class='ocrx_word' id='word_1_574' title='bbox 2581 3701 2935 3769; x_wconf 88' lang='lat' dir='ltr'><strong>quantitatem</strong></span> <span class='ocrx_word' id='word_1_575' title='bbox 2979 3712 3265 3757; x_wconf 79' lang='lat' dir='ltr'><strong>reservata:</strong></span> <span class='ocrx_word' id='word_1_576' title='bbox 3299 3703 3595 3773; x_wconf 73' lang='lat' dir='ltr'><strong>gubernem</strong></span> 
     </span>
    </p>
   </div>
   <div class='ocr_carea' id='block_1_83' title="bbox 2010 3785 3596 3864">
    <p class='ocr_par' dir='ltr' id='par_1_83' title="bbox 2010 3785 3596 3864">
     <span class='ocr_line' id='line_1_83' title="bbox 2010 3785 3596 3864; baseline 0.004 -18"><span class='ocrx_word' id='word_1_577' title='bbox 2010 3795 2348 3857; x_wconf 63' lang='lat' dir='ltr'><strong>substantiae,</strong></span> <span class='ocrx_word' id='word_1_578' title='bbox 2380 3806 2434 3849; x_wconf 93' lang='lat' dir='ltr'><strong>et</strong></span> <span class='ocrx_word' id='word_1_579' title='bbox 2462 3785 2581 3850; x_wconf 79' lang='lat' dir='ltr'><strong>cum</strong></span> <span class='ocrx_word' id='word_1_580' title='bbox 2627 3812 2722 3864; x_wconf 89' lang='lat' dir='ltr'><strong>per</strong></span> <span class='ocrx_word' id='word_1_581' title='bbox 2747 3796 2887 3849; x_wconf 87' lang='lat' dir='ltr'><strong>viam</strong></span> <span class='ocrx_word' id='word_1_582' title='bbox 2919 3796 3115 3864; x_wconf 85' lang='lat' dir='ltr'><strong>regiam</strong></span> <span class='ocrx_word' id='word_1_583' title='bbox 3161 3805 3268 3851; x_wconf 88' lang='lat' dir='ltr'><strong>tota</strong></span> <span class='ocrx_word' id='word_1_584' title='bbox 3309 3798 3596 3853; x_wconf 87' lang='lat' dir='ltr'><strong>mediocri-</strong></span> 
     </span>
    </p>
   </div>
   <div class='ocr_carea' id='block_1_84' title="bbox 2012 3887 3593 3956">
    <p class='ocr_par' dir='ltr' id='par_1_84' title="bbox 2012 3887 3593 3956">
     <span class='ocr_line' id='line_1_84' title="bbox 2012 3887 3593 3956; baseline 0.004 -17"><span class='ocrx_word' id='word_1_585' title='bbox 2012 3893 2119 3941; x_wconf 86' lang='lat' dir='ltr'><strong>tate</strong></span> <span class='ocrx_word' id='word_1_586' title='bbox 2148 3887 2400 3956; x_wconf 86' lang='lat' dir='ltr'><strong>dirigere.</strong></span> <span class='ocrx_word' id='word_1_587' title='bbox 2431 3888 2579 3954; x_wconf 86' lang='lat' dir='ltr'><strong>Quod</strong></span> <span class='ocrx_word' id='word_1_588' title='bbox 2610 3903 2731 3943; x_wconf 92' lang='lat' dir='ltr'><strong>cum</strong></span> <span class='ocrx_word' id='word_1_589' title='bbox 2761 3889 2983 3954; x_wconf 89' lang='lat' dir='ltr'><strong>suadeo,</strong></span> <span class='ocrx_word' id='word_1_590' title='bbox 3011 3888 3200 3944; x_wconf 89' lang='lat' dir='ltr'><strong>videor</strong></span> <span class='ocrx_word' id='word_1_591' title='bbox 3233 3892 3319 3945; x_wconf 86' lang='lat' dir='ltr'><strong>vel</strong></span> <span class='ocrx_word' id='word_1_592' title='bbox 3358 3902 3593 3947; x_wconf 89' lang='lat' dir='ltr'><strong>nostram</strong></span> 
     </span>
    </p>
   </div>
   <div class='ocr_carea' id='block_1_85' title="bbox 2012 3978 3595 4050">
    <p class='ocr_par' dir='ltr' id='par_1_85' title="bbox 2012 3978 3595 4050">
     <span class='ocr_line' id='line_1_85' title="bbox 2012 3978 3595 4050; baseline 0.004 -20"><span class='ocrx_word' id='word_1_593' title='bbox 2012 3978 2331 4044; x_wconf 89' lang='lat' dir='ltr'><strong>utilitatem,</strong></span> <span class='ocrx_word' id='word_1_594' title='bbox 2384 3980 2469 4033; x_wconf 88' lang='lat' dir='ltr'><strong>vel</strong></span> <span class='ocrx_word' id='word_1_595' title='bbox 2513 3994 2807 4049; x_wconf 85' lang='lat' dir='ltr'><strong>pauperum</strong></span> <span class='ocrx_word' id='word_1_596' title='bbox 2861 3981 3115 4045; x_wconf 80' lang='lat' dir='ltr'><strong>rogitare.</strong></span> <span class='ocrx_word' id='word_1_597' title='bbox 3170 3981 3224 4034; x_wconf 89' lang='lat' dir='ltr'><strong>ln</strong></span> <span class='ocrx_word' id='word_1_598' title='bbox 3265 3996 3369 4050; x_wconf 89' lang='lat' dir='ltr'><strong>quo</strong></span> <span class='ocrx_word' id='word_1_599' title='bbox 3406 3982 3595 4038; x_wconf 90' lang='lat' dir='ltr'><strong>ordine</strong></span> 
     </span>
    </p>
   </div>
   <div class='ocr_carea' id='block_1_86' title="bbox 2013 4070 3595 4139">
    <p class='ocr_par' dir='ltr' id='par_1_86' title="bbox 2013 4070 3595 4139">
     <span class='ocr_line' id='line_1_86' title="bbox 2013 4070 3595 4139; baseline 0.004 -17"><span class='ocrx_word' id='word_1_600' title='bbox 2013 4083 2118 4123; x_wconf 90' lang='lat' dir='ltr'><strong>non</strong></span> <span class='ocrx_word' id='word_1_601' title='bbox 2166 4083 2351 4139; x_wconf 79' lang='lat' dir='ltr'><strong>parum</strong></span> <span class='ocrx_word' id='word_1_602' title='bbox 2396 4077 2480 4124; x_wconf 89' lang='lat' dir='ltr'><strong>est</strong></span> <span class='ocrx_word' id='word_1_603' title='bbox 2525 4070 2678 4136; x_wconf 90' lang='lat' dir='ltr'><strong>lucri,</strong></span> <span class='ocrx_word' id='word_1_604' title='bbox 2718 4071 2762 4122; x_wconf 89' lang='lat' dir='ltr'><strong>si</strong></span> <span class='ocrx_word' id='word_1_605' title='bbox 2808 4078 3080 4123; x_wconf 87' lang='lat' dir='ltr'><strong>reservato</strong></span> <span class='ocrx_word' id='word_1_606' title='bbox 3122 4085 3249 4135; x_wconf 92' lang='lat' dir='ltr'><strong>usu,</strong></span> <span class='ocrx_word' id='word_1_607' title='bbox 3298 4072 3595 4139; x_wconf 84' lang='lat' dir='ltr'><strong>proprietas</strong></span> 
     </span>
    </p>
   </div>
   <div class='ocr_carea' id='block_1_87' title="bbox 2014 4158 3590 4233">
    <p class='ocr_par' dir='ltr' id='par_1_87' title="bbox 2014 4158 3590 4233">
     <span class='ocr_line' id='line_1_87' title="bbox 2014 4158 3590 4233; baseline 0.003 -20"><span class='ocrx_word' id='word_1_608' title='bbox 2014 4158 2363 4213; x_wconf 86' lang='lat' dir='ltr'><strong>distrahatur.</strong></span> <span class='ocrx_word' id='word_1_609' title='bbox 2400 4160 2580 4229; x_wconf 86' lang='lat' dir='ltr'><strong>itaque</strong></span> <span class='ocrx_word' id='word_1_610' title='bbox 2607 4159 2841 4214; x_wconf 87' lang='lat' dir='ltr'><strong>breviter</strong></span> <span class='ocrx_word' id='word_1_611' title='bbox 2863 4159 3157 4215; x_wconf 90' lang='lat' dir='ltr'><strong>indicantes</strong></span> <span class='ocrx_word' id='word_1_612' title='bbox 3192 4161 3315 4230; x_wconf 84' lang='lat' dir='ltr'><strong>quid</strong></span> <span class='ocrx_word' id='word_1_613' title='bbox 3338 4164 3590 4233; x_wconf 87' lang='lat' dir='ltr'><strong>primunt,</strong></span> 
     </span>
    </p>
   </div>
   <div class='ocr_carea' id='block_1_88' title="bbox 2013 4249 3595 4323">
    <p class='ocr_par' dir='ltr' id='par_1_88' title="bbox 2013 4249 3595 4323">
     <span class='ocr_line' id='line_1_88' title="bbox 2013 4249 3595 4323; baseline 0.003 -20"><span class='ocrx_word' id='word_1_614' title='bbox 2013 4250 2137 4319; x_wconf 89' lang='lat' dir='ltr'><strong>quid</strong></span> <span class='ocrx_word' id='word_1_615' title='bbox 2167 4249 2483 4315; x_wconf 89' lang='lat' dir='ltr'><strong>secundum,</strong></span> <span class='ocrx_word' id='word_1_616' title='bbox 2518 4249 2712 4318; x_wconf 88' lang='lat' dir='ltr'><strong>quidve</strong></span> <span class='ocrx_word' id='word_1_617' title='bbox 2741 4251 2811 4304; x_wconf 91' lang='lat' dir='ltr'><strong>sit</strong></span> <span class='ocrx_word' id='word_1_618' title='bbox 2840 4251 3073 4316; x_wconf 87' lang='lat' dir='ltr'><strong>tertium,</strong></span> <span class='ocrx_word' id='word_1_619' title='bbox 3106 4252 3424 4309; x_wconf 89' lang='lat' dir='ltr'><strong>electionem</strong></span> <span class='ocrx_word' id='word_1_620' title='bbox 3448 4253 3595 4323; x_wconf 91' lang='lat' dir='ltr'><strong>judi-</strong></span> 
     </span>
    </p>
   </div>
   <div class='ocr_carea' id='block_1_89' title="bbox 2014 4342 3596 4411">
    <p class='ocr_par' dir='ltr' id='par_1_89' title="bbox 2014 4342 3596 4411">
     <span class='ocr_line' id='line_1_89' title="bbox 2014 4342 3596 4411; baseline 0.001 -14"><span class='ocrx_word' id='word_1_621' title='bbox 2014 4342 2098 4397; x_wconf 92' lang='lat' dir='ltr'><strong>cio</strong></span> <span class='ocrx_word' id='word_1_622' title='bbox 2134 4343 2219 4397; x_wconf 91' lang='lat' dir='ltr'><strong>vel</strong></span> <span class='ocrx_word' id='word_1_623' title='bbox 2263 4342 2596 4411; x_wconf 88' lang='lat' dir='ltr'><strong>possibilitati</strong></span> <span class='ocrx_word' id='word_1_624' title='bbox 2630 4342 3023 4398; x_wconf 89' lang='lat' dir='ltr'><strong>reservavimus</strong></span> <span class='ocrx_word' id='word_1_625' title='bbox 3062 4344 3413 4399; x_wconf 89' lang='lat' dir='ltr'><strong>consulentis.</strong></span> <span class='ocrx_word' id='word_1_626' title='bbox 3455 4344 3596 4411; x_wconf 85' lang='lat' dir='ltr'><strong>Quid</strong></span> 
     </span>
    </p>
   </div>
   <div class='ocr_carea' id='block_1_90' title="bbox 2014 4435 3598 4507">
    <p class='ocr_par' dir='ltr' id='par_1_90' title="bbox 2014 4435 3598 4507">
     <span class='ocr_line' id='line_1_90' title="bbox 2014 4435 3598 4507; baseline 0 -15"><span class='ocrx_word' id='word_1_627' title='bbox 2014 4436 2181 4506; x_wconf 87' lang='lat' dir='ltr'><strong>magis</strong></span> <span class='ocrx_word' id='word_1_628' title='bbox 2209 4445 2481 4504; x_wconf 89' lang='lat' dir='ltr'><strong>competat</strong></span> <span class='ocrx_word' id='word_1_629' title='bbox 2510 4435 2655 4505; x_wconf 88' lang='lat' dir='ltr'><strong>quod</strong></span> <span class='ocrx_word' id='word_1_630' title='bbox 2694 4437 2994 4506; x_wconf 89' lang='lat' dir='ltr'><strong>promptius</strong></span> <span class='ocrx_word' id='word_1_631' title='bbox 3039 4437 3207 4505; x_wconf 88' lang='lat' dir='ltr'><strong>possit</strong></span> <span class='ocrx_word' id='word_1_632' title='bbox 3240 4436 3474 4507; x_wconf 89' lang='lat' dir='ltr'><strong>impleri,</strong></span> <span class='ocrx_word' id='word_1_633' title='bbox 3508 4437 3598 4493; x_wconf 89' lang='lat' dir='ltr'><strong>ille</strong></span> 
     </span>
    </p>
   </div>
   <div class='ocr_carea' id='block_1_91' title="bbox 2015 4527 3598 4598">
    <p class='ocr_par' dir='ltr' id='par_1_91' title="bbox 2015 4527 3598 4598">
     <span class='ocr_line' id='line_1_91' title="bbox 2015 4527 3598 4598; baseline 0.001 -15"><span class='ocrx_word' id='word_1_634' title='bbox 2015 4529 2289 4584; x_wconf 83' lang='lat' dir='ltr'><strong>insinuare</strong></span> <span class='ocrx_word' id='word_1_635' title='bbox 2318 4527 2590 4598; x_wconf 86' lang='lat' dir='ltr'><strong>dignetur,</strong></span> <span class='ocrx_word' id='word_1_636' title='bbox 2614 4542 2711 4597; x_wconf 91' lang='lat' dir='ltr'><strong>pro</strong></span> <span class='ocrx_word' id='word_1_637' title='bbox 2732 4530 2882 4598; x_wconf 90' lang='lat' dir='ltr'><strong>cujus</strong></span> <span class='ocrx_word' id='word_1_638' title='bbox 2908 4529 3101 4584; x_wconf 92' lang='lat' dir='ltr'><strong>timore</strong></span> <span class='ocrx_word' id='word_1_639' title='bbox 3122 4536 3176 4583; x_wconf 88' lang='lat' dir='ltr'><strong>et</strong></span> <span class='ocrx_word' id='word_1_640' title='bbox 3196 4543 3377 4585; x_wconf 82' lang='lat' dir='ltr'><strong>amore</strong></span> <span class='ocrx_word' id='word_1_641' title='bbox 3406 4544 3598 4585; x_wconf 89' lang='lat' dir='ltr'><strong>conso-</strong></span> 
     </span>
    </p>
   </div>
   <div class='ocr_carea' id='block_1_92' title="bbox 329 4596 3598 4690">
    <p class='ocr_par' dir='ltr' id='par_1_92' title="bbox 329 4596 3598 4690">
     <span class='ocr_line' id='line_1_92' title="bbox 329 4596 3598 4690; baseline 0.002 -19"><span class='ocrx_word' id='word_1_642' title='bbox 329 4632 427 4671; x_wconf 91' lang='lat' dir='ltr'><strong>eus</strong></span> <span class='ocrx_word' id='word_1_643' title='bbox 452 4617 707 4683; x_wconf 87' lang='lat' dir='ltr'><strong>accessit,</strong></span> <span class='ocrx_word' id='word_1_644' title='bbox 758 4619 887 4672; x_wconf 90' lang='lat' dir='ltr'><strong>nihil</strong></span> <span class='ocrx_word' id='word_1_645' title='bbox 923 4620 972 4674; x_wconf 92' lang='lat' dir='ltr'><strong>ei</strong></span> <span class='ocrx_word' id='word_1_646' title='bbox 1000 4596 1223 4675; x_wconf 85' lang='lat' dir='ltr'><strong>detrahi</strong></span> <span class='ocrx_word' id='word_1_647' title='bbox 1258 4596 1468 4688; x_wconf 86' lang='lat' dir='ltr'><strong>potest.</strong></span> <span class='ocrx_word' id='word_1_648' title='bbox 1520 4619 1907 4675; x_wconf 90' lang='lat' dir='ltr'><strong>Detrimentum</strong></span> <span class='ocrx_word' id='word_1_649' title='bbox 1934 4596 1987 4657; x_wconf 82' lang='grc' dir='ltr'><strong>Ῑ)</strong></span> <span class='ocrx_word' id='word_1_650' title='bbox 2013 4620 2145 4676; x_wconf 89' lang='lat' dir='ltr'><strong>latio</strong></span> <span class='ocrx_word' id='word_1_651' title='bbox 2172 4622 2284 4690; x_wconf 88' lang='lat' dir='ltr'><strong>ipsa</strong></span> <span class='ocrx_word' id='word_1_652' title='bbox 2336 4596 2627 4675; x_wconf 44' lang='lat' dir='ltr'><strong>tractatur.</strong></span> <span class='ocrx_word' id='word_1_653' title='bbox 2648 4596 2906 4676; x_wconf 79' lang='lat' dir='ltr'><strong>Dominus</strong></span> <span class='ocrx_word' id='word_1_654' title='bbox 2948 4620 3087 4675; x_wconf 91' lang='lat' dir='ltr'><strong>Deus</strong></span> <span class='ocrx_word' id='word_1_655' title='bbox 3123 4630 3305 4677; x_wconf 90' lang='lat' dir='ltr'><strong>noster</strong></span> <span class='ocrx_word' id='word_1_656' title='bbox 3338 4622 3598 4679; x_wconf 87' lang='lat' dir='ltr'><strong>beneﬁcia</strong></span> 
     </span>
    </p>
   </div>
   <div class='ocr_carea' id='block_1_93' title="bbox 333 4706 1908 4781">
    <p class='ocr_par' dir='ltr' id='par_1_93' title="bbox 333 4706 1908 4781">
     <span class='ocr_line' id='line_1_93' title="bbox 333 4706 1908 4781; baseline 0.003 -19"><span class='ocrx_word' id='word_1_657' title='bbox 333 4721 441 4762; x_wconf 89' lang='lat' dir='ltr'><strong>non</strong></span> <span class='ocrx_word' id='word_1_658' title='bbox 470 4707 678 4776; x_wconf 89' lang='lat' dir='ltr'><strong>recipit,</strong></span> <span class='ocrx_word' id='word_1_659' title='bbox 707 4706 829 4776; x_wconf 88' lang='lat' dir='ltr'><strong>quia</strong></span> <span class='ocrx_word' id='word_1_660' title='bbox 854 4709 1025 4762; x_wconf 90' lang='lat' dir='ltr'><strong>nescit</strong></span> <span class='ocrx_word' id='word_1_661' title='bbox 1054 4719 1417 4779; x_wconf 89' lang='lat' dir='ltr'><strong>augmentum.</strong></span> <span class='ocrx_word' id='word_1_662' title='bbox 1457 4712 1574 4781; x_wconf 90' lang='lat' dir='ltr'><strong>Ipse</strong></span> <span class='ocrx_word' id='word_1_663' title='bbox 1598 4720 1651 4767; x_wconf 90' lang='lat' dir='ltr'><strong>et</strong></span> <span class='ocrx_word' id='word_1_664' title='bbox 1679 4712 1777 4767; x_wconf 90' lang='lat' dir='ltr'><strong>sibi</strong></span> <span class='ocrx_word' id='word_1_665' title='bbox 1809 4727 1908 4767; x_wconf 89' lang='lat' dir='ltr'><strong>au-</strong></span> 
     </span>
    </p>
   </div>
   <div class='ocr_carea' id='block_1_94' title="bbox 332 4796 1904 4873">
    <p class='ocr_par' dir='ltr' id='par_1_94' title="bbox 332 4796 1904 4873">
     <span class='ocr_line' id='line_1_94' title="bbox 332 4796 1904 4873; baseline 0.001 -18"><span class='ocrx_word' id='word_1_666' title='bbox 332 4806 449 4855; x_wconf 89' lang='lat' dir='ltr'><strong>ctor</strong></span> <span class='ocrx_word' id='word_1_667' title='bbox 468 4806 522 4852; x_wconf 91' lang='lat' dir='ltr'><strong>et</strong></span> <span class='ocrx_word' id='word_1_668' title='bbox 543 4796 700 4873; x_wconf 86' lang='lat' dir='ltr'><strong>Filio,</strong></span> <span class='ocrx_word' id='word_1_669' title='bbox 733 4797 854 4867; x_wconf 88' lang='lat' dir='ltr'><strong>quia</strong></span> <span class='ocrx_word' id='word_1_670' title='bbox 874 4812 979 4852; x_wconf 90' lang='lat' dir='ltr'><strong>una</strong></span> <span class='ocrx_word' id='word_1_671' title='bbox 1005 4798 1153 4867; x_wconf 90' lang='lat' dir='ltr'><strong>origo</strong></span> <span class='ocrx_word' id='word_1_672' title='bbox 1175 4809 1258 4854; x_wconf 92' lang='lat' dir='ltr'><strong>est</strong></span> <span class='ocrx_word' id='word_1_673' title='bbox 1281 4808 1337 4854; x_wconf 91' lang='lat' dir='ltr'><strong>et</strong></span> <span class='ocrx_word' id='word_1_674' title='bbox 1364 4801 1545 4868; x_wconf 88' lang='lat' dir='ltr'><strong>fontis,</strong></span> <span class='ocrx_word' id='word_1_675' title='bbox 1570 4811 1626 4857; x_wconf 92' lang='lat' dir='ltr'><strong>et</strong></span> <span class='ocrx_word' id='word_1_676' title='bbox 1653 4802 1904 4859; x_wconf 83' lang='lat' dir='ltr'><strong>fluminis.</strong></span> 
     </span>
    </p>
   </div>
   <div class='ocr_carea' id='block_1_95' title="bbox 335 4887 1904 4963">
    <p class='ocr_par' dir='ltr' id='par_1_95' title="bbox 335 4887 1904 4963">
     <span class='ocr_line' id='line_1_95' title="bbox 335 4887 1904 4963; baseline 0.002 -19"><span class='ocrx_word' id='word_1_677' title='bbox 335 4890 413 4944; x_wconf 82' lang='lat' dir='ltr'><strong>Ex</strong></span> <span class='ocrx_word' id='word_1_678' title='bbox 439 4889 541 4953; x_wconf 90' lang='lat' dir='ltr'><strong>his,</strong></span> <span class='ocrx_word' id='word_1_679' title='bbox 575 4902 693 4958; x_wconf 73' lang='lat' dir='ltr'><strong>qua:</strong></span> <span class='ocrx_word' id='word_1_680' title='bbox 733 4889 939 4958; x_wconf 86' lang='lat' dir='ltr'><strong>absque</strong></span> <span class='ocrx_word' id='word_1_681' title='bbox 984 4887 1138 4944; x_wconf 92' lang='lat' dir='ltr'><strong>initio</strong></span> <span class='ocrx_word' id='word_1_682' title='bbox 1188 4889 1407 4959; x_wconf 86' lang='lat' dir='ltr'><strong>habent,</strong></span> <span class='ocrx_word' id='word_1_683' title='bbox 1454 4894 1759 4948; x_wconf 92' lang='lat' dir='ltr'><strong>communio</strong></span> <span class='ocrx_word' id='word_1_684' title='bbox 1800 4902 1904 4963; x_wconf 89' lang='lat' dir='ltr'><strong>est,</strong></span> 
     </span>
    </p>
   </div>
   <div class='ocr_carea' id='block_1_96' title="bbox 337 4980 893 5037">
    <p class='ocr_par' dir='ltr' id='par_1_96' title="bbox 337 4980 893 5037">
     <span class='ocr_line' id='line_1_96' title="bbox 337 4980 893 5037; baseline -0.007 0"><span class='ocrx_word' id='word_1_685' title='bbox 337 4980 623 5037; x_wconf 82' lang='lat' dir='ltr'><strong>transfusio</strong></span> <span class='ocrx_word' id='word_1_686' title='bbox 654 4995 759 5035; x_wconf 92' lang='lat' dir='ltr'><strong>non</strong></span> <span class='ocrx_word' id='word_1_687' title='bbox 789 4987 893 5036; x_wconf 89' lang='lat' dir='ltr'><strong>est.</strong></span> 
     </span>
    </p>
   </div>
   <div class='ocr_carea' id='block_1_97' title="bbox 406 5072 1907 5144">
    <p class='ocr_par' dir='ltr' id='par_1_97' title="bbox 406 5072 1907 5144">
     <span class='ocr_line' id='line_1_97' title="bbox 406 5072 1907 5144; baseline 0.002 -17"><span class='ocrx_word' id='word_1_688' title='bbox 406 5074 474 5129; x_wconf 87' lang='lat' dir='ltr'><strong>Et</strong></span> <span class='ocrx_word' id='word_1_689' title='bbox 497 5072 619 5143; x_wconf 91' lang='lat' dir='ltr'><strong>quia</strong></span> <span class='ocrx_word' id='word_1_690' title='bbox 657 5072 725 5127; x_wconf 93' lang='lat' dir='ltr'><strong>de</strong></span> <span class='ocrx_word' id='word_1_691' title='bbox 766 5072 906 5127; x_wconf 87' lang='lat' dir='ltr'><strong>Filio</strong></span> <span class='ocrx_word' id='word_1_692' title='bbox 949 5072 1209 5143; x_wconf 89' lang='lat' dir='ltr'><strong>legimus:</strong></span> <span class='ocrx_word' id='word_1_693' title='bbox 1255 5072 1495 5144; x_wconf 76' lang='lat' dir='ltr'><strong>splendor</strong></span> <span class='ocrx_word' id='word_1_694' title='bbox 1539 5082 1613 5128; x_wconf 77' lang='lat' dir='ltr'><strong>est</strong></span> <span class='ocrx_word' id='word_1_695' title='bbox 1659 5075 1907 5130; x_wconf 82' lang='lat' dir='ltr'><strong>claritatis</strong></span> 
     </span>
    </p>
   </div>
   <div class='ocr_carea' id='block_1_98' title="bbox 339 5164 1910 5235">
    <p class='ocr_par' dir='ltr' id='par_1_98' title="bbox 339 5164 1910 5235">
     <span class='ocr_line' id='line_1_98' title="bbox 339 5164 1910 5235; baseline 0.003 -16"><span class='ocrx_word' id='word_1_696' title='bbox 339 5164 466 5233; x_wconf 85' lang='lat' dir='ltr'><strong>Dei;</strong></span> <span class='ocrx_word' id='word_1_697' title='bbox 492 5165 629 5221; x_wconf 90' lang='lat' dir='ltr'><strong>sicut</strong></span> <span class='ocrx_word' id='word_1_698' title='bbox 657 5179 927 5235; x_wconf 90' lang='lat' dir='ltr'><strong>nunquam</strong></span> <span class='ocrx_word' id='word_1_699' title='bbox 954 5165 1097 5220; x_wconf 89' lang='lat' dir='ltr'><strong>Deus</strong></span> <span class='ocrx_word' id='word_1_700' title='bbox 1135 5166 1250 5220; x_wconf 89' lang='lat' dir='ltr'><strong>sine</strong></span> <span class='ocrx_word' id='word_1_701' title='bbox 1291 5166 1596 5235; x_wconf 90' lang='lat' dir='ltr'><strong>splendore,</strong></span> <span class='ocrx_word' id='word_1_702' title='bbox 1634 5166 1707 5222; x_wconf 91' lang='lat' dir='ltr'><strong>ita</strong></span> <span class='ocrx_word' id='word_1_703' title='bbox 1750 5168 1910 5225; x_wconf 84' lang='lat' dir='ltr'><strong>Pater</strong></span> 
     </span>
    </p>
   </div>
   <div class='ocr_carea' id='block_1_99' title="bbox 339 5254 1908 5329">
    <p class='ocr_par' dir='ltr' id='par_1_99' title="bbox 339 5254 1908 5329">
     <span class='ocr_line' id='line_1_99' title="bbox 339 5254 1908 5329; baseline 0.004 -21"><span class='ocrx_word' id='word_1_704' title='bbox 339 5269 603 5325; x_wconf 88' lang='lat' dir='ltr'><strong>nunquam</strong></span> <span class='ocrx_word' id='word_1_705' title='bbox 637 5254 734 5309; x_wconf 89' lang='lat' dir='ltr'><strong>fuit</strong></span> <span class='ocrx_word' id='word_1_706' title='bbox 763 5256 880 5310; x_wconf 89' lang='lat' dir='ltr'><strong>sine</strong></span> <span class='ocrx_word' id='word_1_707' title='bbox 908 5254 1029 5311; x_wconf 85' lang='lat' dir='ltr'><strong>Filii</strong></span> <span class='ocrx_word' id='word_1_708' title='bbox 1056 5255 1353 5327; x_wconf 86' lang='lat' dir='ltr'><strong>majestate.</strong></span> <span class='ocrx_word' id='word_1_709' title='bbox 1384 5255 1452 5311; x_wconf 84' lang='lat' dir='ltr'><strong>Et</strong></span> <span class='ocrx_word' id='word_1_710' title='bbox 1472 5256 1608 5312; x_wconf 90' lang='lat' dir='ltr'><strong>sicut</strong></span> <span class='ocrx_word' id='word_1_711' title='bbox 1634 5258 1908 5329; x_wconf 87' lang='lat' dir='ltr'><strong>utriusque</strong></span> 
     </span>
    </p>
   </div>
   <div class='ocr_carea' id='block_1_100' title="bbox 341 5337 1953 5420">
    <p class='ocr_par' dir='ltr' id='par_1_100' title="bbox 341 5337 1953 5420">
     <span class='ocr_line' id='line_1_100' title="bbox 341 5337 1953 5420; baseline 0.003 -19"><span class='ocrx_word' id='word_1_712' title='bbox 341 5361 567 5415; x_wconf 70' lang='lat' dir='ltr'><strong>rquaeva</strong></span> <span class='ocrx_word' id='word_1_713' title='bbox 616 5355 741 5400; x_wconf 90' lang='lat' dir='ltr'><strong>sunt</strong></span> <span class='ocrx_word' id='word_1_714' title='bbox 789 5347 1006 5401; x_wconf 89' lang='lat' dir='ltr'><strong>nomina</strong></span> <span class='ocrx_word' id='word_1_715' title='bbox 1056 5348 1185 5418; x_wconf 91' lang='lat' dir='ltr'><strong>(nisi</strong></span> <span class='ocrx_word' id='word_1_716' title='bbox 1244 5349 1387 5403; x_wconf 88' lang='lat' dir='ltr'><strong>enim</strong></span> <span class='ocrx_word' id='word_1_717' title='bbox 1429 5349 1529 5403; x_wconf 89' lang='lat' dir='ltr'><strong>istc</strong></span> <span class='ocrx_word' id='word_1_718' title='bbox 1575 5360 1904 5420; x_wconf 89' lang='lat' dir='ltr'><strong>nasceretur,</strong></span> <span class='ocrx_word' id='word_1_719' title='bbox 1933 5337 1953 5365; x_wconf 78' lang='grc'><strong><em>⁸</em></strong></span> 
     </span>
    </p>
   </div>
   <div class='ocr_carea' id='block_1_101' title="bbox 337 5437 1908 5519">
    <p class='ocr_par' dir='ltr' id='par_1_101' title="bbox 337 5437 1908 5519">
     <span class='ocr_line' id='line_1_101' title="bbox 337 5437 1908 5519; baseline 0.005 -28"><span class='ocrx_word' id='word_1_720' title='bbox 337 5438 493 5494; x_wconf 84' lang='lat' dir='ltr'><strong>Pater</strong></span> <span class='ocrx_word' id='word_1_721' title='bbox 515 5437 603 5493; x_wconf 86' lang='lat' dir='ltr'><strong>ille</strong></span> <span class='ocrx_word' id='word_1_722' title='bbox 645 5452 752 5492; x_wconf 92' lang='lat' dir='ltr'><strong>non</strong></span> <span class='ocrx_word' id='word_1_723' title='bbox 799 5437 1112 5509; x_wconf 89' lang='lat' dir='ltr'><strong>diceretur),</strong></span> <span class='ocrx_word' id='word_1_724' title='bbox 1158 5439 1231 5519; x_wconf 78' lang='lat' dir='ltr'><strong>ita</strong></span> <span class='ocrx_word' id='word_1_725' title='bbox 1279 5455 1374 5496; x_wconf 92' lang='lat' dir='ltr'><strong>eos</strong></span> <span class='ocrx_word' id='word_1_726' title='bbox 1420 5442 1536 5496; x_wconf 88' lang='lat' dir='ltr'><strong>sine</strong></span> <span class='ocrx_word' id='word_1_727' title='bbox 1570 5444 1908 5512; x_wconf 89' lang='lat' dir='ltr'><strong>separatione</strong></span> 
     </span>
    </p>
   </div>
   <div class='ocr_carea' id='block_1_102' title="bbox 298 5528 1904 5602">
    <p class='ocr_par' dir='ltr' id='par_1_102' title="bbox 298 5528 1904 5602">
     <span class='ocr_line' id='line_1_102' title="bbox 298 5528 1904 5602; baseline 0.009 -22"><span class='ocrx_word' id='word_1_728' title='bbox 298 5538 301 5541; x_wconf 84' lang='lat'>&#39;</span> <span class='ocrx_word' id='word_1_729' title='bbox 337 5529 564 5583; x_wconf 86' lang='lat' dir='ltr'><strong>concitat</strong></span> <span class='ocrx_word' id='word_1_730' title='bbox 585 5528 740 5583; x_wconf 91' lang='lat' dir='ltr'><strong>unius</strong></span> <span class='ocrx_word' id='word_1_731' title='bbox 763 5528 1097 5598; x_wconf 88' lang='lat' dir='ltr'><strong>paternitatis</strong></span> <span class='ocrx_word' id='word_1_732' title='bbox 1122 5531 1443 5601; x_wconf 89' lang='lat' dir='ltr'><strong>antiquitas;</strong></span> <span class='ocrx_word' id='word_1_733' title='bbox 1476 5548 1542 5588; x_wconf 87' lang='lat' dir='ltr'><strong>ex</strong></span> <span class='ocrx_word' id='word_1_734' title='bbox 1564 5533 1654 5590; x_wconf 91' lang='lat' dir='ltr'><strong>illo</strong></span> <span class='ocrx_word' id='word_1_735' title='bbox 1682 5544 1786 5602; x_wconf 89' lang='lat' dir='ltr'><strong>est,</strong></span> <span class='ocrx_word' id='word_1_736' title='bbox 1811 5537 1904 5593; x_wconf 91' lang='lat' dir='ltr'><strong>sed</strong></span> 
     </span>
    </p>
   </div>
   <div class='ocr_carea' id='block_1_103' title="bbox 337 5622 1900 5703">
    <p class='ocr_par' dir='ltr' id='par_1_103' title="bbox 337 5622 1900 5703">
     <span class='ocr_line' id='line_1_103' title="bbox 337 5622 1900 5703; baseline 0.006 -25"><span class='ocrx_word' id='word_1_737' title='bbox 337 5624 599 5693; x_wconf 79' lang='lat' dir='ltr'><strong>posterior</strong></span> <span class='ocrx_word' id='word_1_738' title='bbox 622 5622 716 5677; x_wconf 91' lang='lat' dir='ltr'><strong>illo</strong></span> <span class='ocrx_word' id='word_1_739' title='bbox 740 5637 844 5677; x_wconf 92' lang='lat' dir='ltr'><strong>non</strong></span> <span class='ocrx_word' id='word_1_740' title='bbox 872 5629 955 5678; x_wconf 90' lang='lat' dir='ltr'><strong>est</strong></span> <span class='ocrx_word' id='word_1_741' title='bbox 979 5640 988 5673; x_wconf 93' lang='lat'>:</span> <span class='ocrx_word' id='word_1_742' title='bbox 1010 5623 1149 5678; x_wconf 85' lang='lat' dir='ltr'><strong>sicut</strong></span> <span class='ocrx_word' id='word_1_743' title='bbox 1170 5624 1333 5680; x_wconf 87' lang='lat' dir='ltr'><strong>facies</strong></span> <span class='ocrx_word' id='word_1_744' title='bbox 1357 5626 1423 5682; x_wconf 89' lang='lat' dir='ltr'><strong>de</strong></span> <span class='ocrx_word' id='word_1_745' title='bbox 1445 5628 1620 5697; x_wconf 89' lang='lat' dir='ltr'><strong>capite</strong></span> <span class='ocrx_word' id='word_1_746' title='bbox 1646 5631 1900 5703; x_wconf 91' lang='lat' dir='ltr'><strong>nascitur,</strong></span> 
     </span>
    </p>
   </div>
   <div class='ocr_carea' id='block_1_104' title="bbox 403 5734 1629 5804">
    <p class='ocr_par' dir='ltr' id='par_1_104' title="bbox 403 5734 1629 5804">
     <span class='ocr_line' id='line_1_104' title="bbox 403 5734 1629 5804; baseline 0.005 -15"><span class='ocrx_word' id='word_1_747' title='bbox 403 5748 429 5774; x_wconf 78' lang='grc' dir='ltr'><em>υ</em></span> <span class='ocrx_word' id='word_1_748' title='bbox 462 5735 587 5791; x_wconf 65' lang='lat' dir='ltr'><strong>Haec</strong></span> <span class='ocrx_word' id='word_1_749' title='bbox 615 5735 833 5804; x_wconf 89' lang='lat' dir='ltr'><strong>epistola</strong></span> <span class='ocrx_word' id='word_1_750' title='bbox 866 5734 1003 5804; x_wconf 89' lang='lat' dir='ltr'><strong>apttd</strong></span> <span class='ocrx_word' id='word_1_751' title='bbox 1033 5734 1299 5794; x_wconf 85' lang='lat' dir='ltr'><strong>Canisium</strong></span> <span class='ocrx_word' id='word_1_752' title='bbox 1329 5749 1541 5795; x_wconf 87' lang='lat' dir='ltr'><strong>notatur</strong></span> <span class='ocrx_word' id='word_1_753' title='bbox 1570 5741 1629 5795; x_wconf 89' lang='lat' dir='ltr'><strong>V.</strong></span> 
     </span>
    </p>
   </div>
   <div class='ocr_carea' id='block_1_105' title="bbox 402 5805 911 5863">
    <p class='ocr_par' dir='ltr' id='par_1_105' title="bbox 402 5805 911 5863">
     <span class='ocr_line' id='line_1_105' title="bbox 402 5805 911 5863; baseline -0.008 0"><span class='ocrx_word' id='word_1_754' title='bbox 402 5807 427 5844; x_wconf 76' lang='grc' dir='ltr'><strong>ι’</strong></span> <span class='ocrx_word' id='word_1_755' title='bbox 472 5807 645 5863; x_wconf 84' lang='lat' dir='ltr'><strong>Lucus</strong></span> <span class='ocrx_word' id='word_1_756' title='bbox 673 5805 911 5861; x_wconf 90' lang='lat' dir='ltr'><strong>vitiosus.</strong></span> 
     </span>
    </p>
   </div>
   <div class='ocr_carea' id='block_1_106' title="bbox 2012 4708 3593 4783">
    <p class='ocr_par' dir='ltr' id='par_1_106' title="bbox 2012 4708 3593 4783">
     <span class='ocr_line' id='line_1_106' title="bbox 2012 4708 3593 4783; baseline -0.001 -16"><span class='ocrx_word' id='word_1_757' title='bbox 2012 4713 2064 4767; x_wconf 93' lang='lat' dir='ltr'><strong>in</strong></span> <span class='ocrx_word' id='word_1_758' title='bbox 2095 4712 2248 4767; x_wconf 90' lang='lat' dir='ltr'><strong>nobis</strong></span> <span class='ocrx_word' id='word_1_759' title='bbox 2275 4726 2369 4766; x_wconf 88' lang='lat' dir='ltr'><strong>sua</strong></span> <span class='ocrx_word' id='word_1_760' title='bbox 2404 4712 2543 4766; x_wconf 89' lang='lat' dir='ltr'><strong>felici</strong></span> <span class='ocrx_word' id='word_1_761' title='bbox 2569 4726 2630 4766; x_wconf 87' lang='lat' dir='ltr'><strong>ac</strong></span> <span class='ocrx_word' id='word_1_762' title='bbox 2658 4712 2851 4780; x_wconf 80' lang='lat' dir='ltr'><strong>placita</strong></span> <span class='ocrx_word' id='word_1_763' title='bbox 2886 4710 3222 4781; x_wconf 85' lang='lat' dir='ltr'><strong>longaevitate</strong></span> <span class='ocrx_word' id='word_1_764' title='bbox 3251 4708 3593 4783; x_wconf 88' lang='lat' dir='ltr'><strong>multiplicet,</strong></span> 
     </span>
    </p>
   </div>
   <div class='ocr_carea' id='block_1_107' title="bbox 2011 4806 3596 4877">
    <p class='ocr_par' dir='ltr' id='par_1_107' title="bbox 2011 4806 3596 4877">
     <span class='ocr_line' id='line_1_107' title="bbox 2011 4806 3596 4877; baseline 0.004 -16"><span class='ocrx_word' id='word_1_765' title='bbox 2011 4807 2224 4863; x_wconf 90' lang='lat' dir='ltr'><strong>domine</strong></span> <span class='ocrx_word' id='word_1_766' title='bbox 2256 4807 2493 4877; x_wconf 87' lang='lat' dir='ltr'><strong>piissime</strong></span> <span class='ocrx_word' id='word_1_767' title='bbox 2536 4816 2589 4862; x_wconf 93' lang='lat' dir='ltr'><strong>et</strong></span> <span class='ocrx_word' id='word_1_768' title='bbox 2634 4808 2687 4861; x_wconf 93' lang='lat' dir='ltr'><strong>in</strong></span> <span class='ocrx_word' id='word_1_769' title='bbox 2733 4806 2951 4863; x_wconf 90' lang='lat' dir='ltr'><strong>Christo</strong></span> <span class='ocrx_word' id='word_1_770' title='bbox 2980 4823 3193 4865; x_wconf 91' lang='lat' dir='ltr'><strong>summo</strong></span> <span class='ocrx_word' id='word_1_771' title='bbox 3220 4809 3349 4873; x_wconf 83' lang='lat' dir='ltr'><strong>mihi</strong></span> <span class='ocrx_word' id='word_1_772' title='bbox 3389 4810 3596 4868; x_wconf 87' lang='lat' dir='ltr'><strong>honore</strong></span> 
     </span>
    </p>
   </div>
   <div class='ocr_carea' id='block_1_108' title="bbox 2012 4900 2809 4970">
    <p class='ocr_par' dir='ltr' id='par_1_108' title="bbox 2012 4900 2809 4970">
     <span class='ocr_line' id='line_1_108' title="bbox 2012 4900 2809 4970; baseline 0.001 -15"><span class='ocrx_word' id='word_1_773' title='bbox 2012 4900 2360 4970; x_wconf 83' lang='lat' dir='ltr'><strong>singulariter</strong></span> <span class='ocrx_word' id='word_1_774' title='bbox 2386 4901 2682 4957; x_wconf 86' lang='lat' dir='ltr'><strong>excolende</strong></span> <span class='ocrx_word' id='word_1_775' title='bbox 2712 4902 2809 4956; x_wconf 91' lang='lat' dir='ltr'><strong>ﬁli.</strong></span> 
     </span>
    </p>
   </div>
   <div class='ocr_carea' id='block_1_109' title="bbox 2530 4992 3108 5053">
    <p class='ocr_par' dir='ltr' id='par_1_109' title="bbox 2530 4992 3108 5053">
     <span class='ocr_line' id='line_1_109' title="bbox 2530 4992 3108 5053; baseline 0.009 -5"><span class='ocrx_word' id='word_1_776' title='bbox 2530 4992 2864 5049; x_wconf 82' lang='lat' dir='ltr'><strong>EPISTULA</strong></span> <span class='ocrx_word' id='word_1_777' title='bbox 2902 4996 3011 5051; x_wconf 84' lang='lat' dir='ltr'><strong>Vlll</strong></span> <span class='ocrx_word' id='word_1_778' title='bbox 3048 4998 3108 5053; x_wconf 77' lang='grc' dir='ltr'><strong>ε.’</strong></span> 
     </span>
    </p>
   </div>
   <div class='ocr_carea' id='block_1_110' title="bbox 2086 5084 3596 5161">
    <p class='ocr_par' dir='ltr' id='par_1_110' title="bbox 2086 5084 3596 5161">
     <span class='ocr_line' id='line_1_110' title="bbox 2086 5084 3596 5161; baseline 0.007 -23"><span class='ocrx_word' id='word_1_779' title='bbox 2086 5084 2313 5139; x_wconf 84' lang='grc' dir='ltr'><strong>1)οωίηο</strong></span> <span class='ocrx_word' id='word_1_780' title='bbox 2359 5086 2763 5144; x_wconf 88' lang='lat' dir='ltr'><strong>devinctissimo</strong></span> <span class='ocrx_word' id='word_1_781' title='bbox 2803 5097 2857 5144; x_wconf 90' lang='lat' dir='ltr'><strong>et</strong></span> <span class='ocrx_word' id='word_1_782' title='bbox 2887 5097 2995 5145; x_wconf 86' lang='lat' dir='ltr'><strong>tota</strong></span> <span class='ocrx_word' id='word_1_783' title='bbox 3030 5091 3240 5161; x_wconf 91' lang='lat' dir='ltr'><strong>pietatis</strong></span> <span class='ocrx_word' id='word_1_784' title='bbox 3268 5092 3463 5148; x_wconf 90' lang='lat' dir='ltr'><strong>virtute</strong></span> <span class='ocrx_word' id='word_1_785' title='bbox 3493 5093 3596 5150; x_wconf 84' lang='lat' dir='ltr'><strong>sin-</strong></span> 
     </span>
    </p>
   </div>
   <div class='ocr_carea' id='block_1_111' title="bbox 2014 5174 3315 5251">
    <p class='ocr_par' dir='ltr' id='par_1_111' title="bbox 2014 5174 3315 5251">
     <span class='ocr_line' id='line_1_111' title="bbox 2014 5174 3315 5251; baseline 0.005 -22"><span class='ocrx_word' id='word_1_786' title='bbox 2014 5174 2268 5244; x_wconf 86' lang='lat' dir='ltr'><strong>gulariter</strong></span> <span class='ocrx_word' id='word_1_787' title='bbox 2294 5177 2589 5232; x_wconf 80' lang='lat' dir='ltr'><strong>excolendo</strong></span> <span class='ocrx_word' id='word_1_788' title='bbox 2621 5178 2765 5233; x_wconf 91' lang='lat' dir='ltr'><strong>fratri</strong></span> <span class='ocrx_word' id='word_1_789' title='bbox 2796 5179 3016 5235; x_wconf 83' lang='lat' dir='ltr'><strong>Ruricio</strong></span> <span class='ocrx_word' id='word_1_790' title='bbox 3045 5181 3315 5251; x_wconf 54' lang='lat' dir='ltr'><strong>Faustus,</strong></span> 
     </span>
    </p>
   </div>
   <div class='ocr_carea' id='block_1_112' title="bbox 2087 5268 3598 5348">
    <p class='ocr_par' dir='ltr' id='par_1_112' title="bbox 2087 5268 3598 5348">
     <span class='ocr_line' id='line_1_112' title="bbox 2087 5268 3598 5348; baseline 0.005 -25"><span class='ocrx_word' id='word_1_791' title='bbox 2087 5268 2323 5339; x_wconf 83' lang='lat' dir='ltr'><strong>PrOpitia</strong></span> <span class='ocrx_word' id='word_1_792' title='bbox 2368 5269 2649 5327; x_wconf 85' lang='lat' dir='ltr'><strong>divinitate</strong></span> <span class='ocrx_word' id='word_1_793' title='bbox 2684 5273 2738 5327; x_wconf 90' lang='lat' dir='ltr'><strong>in</strong></span> <span class='ocrx_word' id='word_1_794' title='bbox 2781 5282 2990 5329; x_wconf 91' lang='lat' dir='ltr'><strong>secreto</strong></span> <span class='ocrx_word' id='word_1_795' title='bbox 3040 5274 3315 5344; x_wconf 87' lang='lat' dir='ltr'><strong>religionis</strong></span> <span class='ocrx_word' id='word_1_796' title='bbox 3364 5291 3598 5348; x_wconf 89' lang='lat' dir='ltr'><strong>congruo</strong></span> 
     </span>
    </p>
   </div>
   <div class='ocr_carea' id='block_1_113' title="bbox 2016 5363 3592 5437">
    <p class='ocr_par' dir='ltr' id='par_1_113' title="bbox 2016 5363 3592 5437">
     <span class='ocr_line' id='line_1_113' title="bbox 2016 5363 3592 5437; baseline 0.002 -19"><span class='ocrx_word' id='word_1_797' title='bbox 2016 5372 2070 5418; x_wconf 90' lang='lat' dir='ltr'><strong>et</strong></span> <span class='ocrx_word' id='word_1_798' title='bbox 2100 5363 2539 5433; x_wconf 86' lang='lat' dir='ltr'><strong>tranquillissime</strong></span> <span class='ocrx_word' id='word_1_799' title='bbox 2580 5365 2635 5419; x_wconf 87' lang='lat' dir='ltr'><strong>in</strong></span> <span class='ocrx_word' id='word_1_800' title='bbox 2680 5365 2893 5421; x_wconf 90' lang='lat' dir='ltr'><strong>silentio</strong></span> <span class='ocrx_word' id='word_1_801' title='bbox 2931 5367 3230 5435; x_wconf 90' lang='lat' dir='ltr'><strong>constituti,</strong></span> <span class='ocrx_word' id='word_1_802' title='bbox 3270 5368 3323 5423; x_wconf 88' lang='lat' dir='ltr'><strong>itt</strong></span> <span class='ocrx_word' id='word_1_803' title='bbox 3355 5384 3461 5437; x_wconf 89' lang='lat' dir='ltr'><strong>quo</strong></span> <span class='ocrx_word' id='word_1_804' title='bbox 3492 5370 3592 5422; x_wconf 88' lang='lat' dir='ltr'><strong>Do-</strong></span> 
     </span>
    </p>
   </div>
   <div class='ocr_carea' id='block_1_114' title="bbox 2016 5453 3589 5528">
    <p class='ocr_par' dir='ltr' id='par_1_114' title="bbox 2016 5453 3589 5528">
     <span class='ocr_line' id='line_1_114' title="bbox 2016 5453 3589 5528; baseline 0.003 -21"><span class='ocrx_word' id='word_1_805' title='bbox 2016 5453 2195 5508; x_wconf 91' lang='lat' dir='ltr'><strong>minus</strong></span> <span class='ocrx_word' id='word_1_806' title='bbox 2246 5454 2313 5508; x_wconf 90' lang='lat' dir='ltr'><strong>ad</strong></span> <span class='ocrx_word' id='word_1_807' title='bbox 2362 5454 2657 5525; x_wconf 86' lang='lat' dir='ltr'><strong>rubiginem</strong></span> <span class='ocrx_word' id='word_1_808' title='bbox 2706 5458 2864 5528; x_wconf 87' lang='lat' dir='ltr'><strong>longa</strong></span> <span class='ocrx_word' id='word_1_809' title='bbox 2920 5458 3206 5514; x_wconf 86' lang='lat' dir='ltr'><strong>securitate</strong></span> <span class='ocrx_word' id='word_1_810' title='bbox 3260 5464 3589 5515; x_wconf 90' lang='lat' dir='ltr'><strong>contractam</strong></span> 
     </span>
    </p>
   </div>
   <div class='ocr_carea' id='block_1_115' title="bbox 2014 5546 3590 5621">
    <p class='ocr_par' dir='ltr' id='par_1_115' title="bbox 2014 5546 3590 5621">
     <span class='ocr_line' id='line_1_115' title="bbox 2014 5546 3590 5621; baseline 0.001 -19"><span class='ocrx_word' id='word_1_811' title='bbox 2014 5546 2307 5602; x_wconf 84' lang='lat' dir='ltr'><strong>salutiferae</strong></span> <span class='ocrx_word' id='word_1_812' title='bbox 2337 5548 2462 5602; x_wconf 90' lang='lat' dir='ltr'><strong>lima</strong></span> <span class='ocrx_word' id='word_1_813' title='bbox 2494 5549 2857 5621; x_wconf 87' lang='lat' dir='ltr'><strong>castigationis</strong></span> <span class='ocrx_word' id='word_1_814' title='bbox 2887 5549 3183 5605; x_wconf 90' lang='lat' dir='ltr'><strong>admonuit.</strong></span> <span class='ocrx_word' id='word_1_815' title='bbox 3235 5550 3292 5605; x_wconf 86' lang='lat' dir='ltr'><strong>In</strong></span> <span class='ocrx_word' id='word_1_816' title='bbox 3340 5551 3459 5613; x_wconf 87' lang='lat' dir='ltr'><strong>hac,</strong></span> <span class='ocrx_word' id='word_1_817' title='bbox 3507 5550 3590 5603; x_wconf 92' lang='lat' dir='ltr'><strong>in-</strong></span> 
     </span>
    </p>
   </div>
   <div class='ocr_carea' id='block_1_116' title="bbox 1956 5641 3587 5715">
    <p class='ocr_par' dir='ltr' id='par_1_116' title="bbox 1956 5641 3587 5715">
     <span class='ocr_line' id='line_1_116' title="bbox 1956 5641 3587 5715; baseline 0.003 -21"><span class='ocrx_word' id='word_1_818' title='bbox 1956 5712 1959 5715; x_wconf 92' lang='lat'><em>_</em></span> <span class='ocrx_word' id='word_1_819' title='bbox 2014 5655 2197 5709; x_wconf 85' lang='lat' dir='ltr'><strong>quam,</strong></span> <span class='ocrx_word' id='word_1_820' title='bbox 2227 5643 2317 5711; x_wconf 91' lang='lat' dir='ltr'><strong>qui</strong></span> <span class='ocrx_word' id='word_1_821' title='bbox 2347 5652 2397 5697; x_wconf 92' lang='lat' dir='ltr'><strong>et</strong></span> <span class='ocrx_word' id='word_1_822' title='bbox 2430 5658 2642 5714; x_wconf 87' lang='lat' dir='ltr'><strong>magna,</strong></span> <span class='ocrx_word' id='word_1_823' title='bbox 2686 5644 2729 5699; x_wconf 93' lang='lat' dir='ltr'><strong>si</strong></span> <span class='ocrx_word' id='word_1_824' title='bbox 2762 5656 3135 5715; x_wconf 87' lang='lat' dir='ltr'><strong>agnoscamus,</strong></span> <span class='ocrx_word' id='word_1_825' title='bbox 3178 5643 3458 5699; x_wconf 86' lang='lat' dir='ltr'><strong>vacatione</strong></span> <span class='ocrx_word' id='word_1_826' title='bbox 3489 5641 3587 5698; x_wconf 86' lang='lat' dir='ltr'><strong>do-</strong></span> 
     </span>
    </p>
   </div>
   <div class='ocr_carea' id='block_1_117' title="bbox 2093 5751 3332 5825">
    <p class='ocr_par' dir='ltr' id='par_1_117' title="bbox 2093 5751 3332 5825">
     <span class='ocr_line' id='line_1_117' title="bbox 2093 5751 3332 5825; baseline 0.005 -20"><span class='ocrx_word' id='word_1_827' title='bbox 2093 5760 2113 5783; x_wconf 63' lang='grc' dir='ltr'><em>ο</em></span> <span class='ocrx_word' id='word_1_828' title='bbox 2154 5752 2277 5809; x_wconf 67' lang='grc' dir='ltr'><strong>Ηωο</strong></span> <span class='ocrx_word' id='word_1_829' title='bbox 2306 5754 2530 5824; x_wconf 83' lang='lat' dir='ltr'><strong>epistola</strong></span> <span class='ocrx_word' id='word_1_830' title='bbox 2559 5753 2698 5825; x_wconf 89' lang='lat' dir='ltr'><strong>apud</strong></span> <span class='ocrx_word' id='word_1_831' title='bbox 2727 5753 2997 5813; x_wconf 89' lang='lat' dir='ltr'><strong>Canisium</strong></span> <span class='ocrx_word' id='word_1_832' title='bbox 3021 5758 3235 5813; x_wconf 83' lang='lat' dir='ltr'><strong>notatur</strong></span> <span class='ocrx_word' id='word_1_833' title='bbox 3264 5751 3332 5811; x_wconf 82' lang='lat' dir='ltr'><strong>VI</strong></span> 
     </span>
    </p>
   </div>
  </div>
