4068 6348
446 406 551 469 859

1683 403 1738 459 S.
1781 402 2026 460 FAUSTI
2066 402 2474 461 RHEGIENSIS

3595 414 3697 477 860

444 533 577 600 nati,
604 532 728 588 dum
760 540 929 586 novos
954 525 1098 581 cives
1123 523 1447 578 commercio
1496 521 1736 577 caritatis
1784 521 2015 590 aequiri-
2039 523 2095 580 Α
2120 520 2207 583 ubi
2234 522 2319 576 ille
2349 521 2659 590 magniﬁcus
2678 523 2932 593 Helcana,
2966 526 3056 597 qui
3102 528 3373 596 possessio
3402 528 3497 585 Dei
3525 530 3691 588 inter-

446 642 586 693 mus,
619 626 743 679 dum
787 624 853 678 de
890 620 1270 689 acquisitorum
1316 618 1485 673 salute
1511 616 1844 686 gaudemus,
1879 615 2018 669 inter

446 718 559 771 hinc
601 714 754 785 positi
797 713 966 778 bona,
1018 710 1269 780 praesenti
1316 709 1636 763 insultamus
1682 707 1903 773 exsilio,
1964 714 2018 761 et

442 815 647 878 patrem
695 820 793 860 nos
835 819 940 858 non
968 801 1246 869 amisisse,
1281 801 1376 856 sed
1414 808 1775 855 commutasse
1819 811 2015 867 cogno-

443 901 659 955 scimus.
692 898 822 953 Nam
852 895 978 952 dum
1002 895 1185 951 ﬁdeles
1208 893 1392 948 famuli
1415 894 1508 948 Dei
1532 895 1584 946 in
1607 891 2016 947 necessitatibus

442 994 639 1047 nostris
664 990 955 1046 bonitatem
983 1002 1095 1044 sua:
1125 986 1429 1043 devotionis
1452 994 1727 1054 exercent,
1753 985 1870 1041 sine
1890 985 2016 1041 sede

443 1076 656 1153 propria
690 1095 1055 1151 possessores,
1079 1080 1193 1134 sine
1222 1078 1561 1148 possessione
1589 1077 1783 1133 divites
1807 1090 2012 1131 sumus.

443 1162 552 1229 lmo
575 1187 668 1229 eos
689 1173 779 1245 qui
803 1172 868 1227 de
889 1181 1069 1226 nostra
1094 1169 1323 1225 fructum
1345 1170 2009 1239 accipiuntconsolatione,

441 1267 706 1333 ditamus;
752 1265 889 1320 miro
920 1265 1080 1320 modo
1108 1264 1475 1319 consolatores
1501 1264 1666 1321 nostri
1700 1262 1767 1317 de
1792 1277 2017 1332 pauper-

441 1361 576 1416 culis
600 1360 960 1431 negotiantur,
990 1367 1044 1413 et
1075 1358 1139 1413 de
1167 1358 1347 1427 egenis
1378 1354 1520 1412 lucra
1545 1366 1797 1426 perpetua
1824 1370 2015 1411 conse-

441 1467 693 1529 quuntur.
742 1457 851 1526 Ego
897 1464 1071 1510 autem
1114 1454 1252 1509 hanc
1298 1455 1524 1523 primam
1572 1454 2011 1520 muniﬁcentiam,

442 1549 670 1604 Domino
716 1547 1005 1617 largiente,
1053 1545 1309 1615 percepi,
1358 1544 1498 1614 quod
1543 1544 1814 1613 piissimus
1862 1558 2015 1599 meus

443 1642 693 1698 Ruricius
717 1650 835 1711 post
862 1640 986 1694 vita:
1018 1637 1175 1708 hujus
1200 1637 1519 1708 jactationes
1547 1636 1615 1690 ad
1645 1646 1856 1708 portum
1888 1636 2016 1690 reli-

441 1733 633 1806 gionis,
692 1746 906 1803 proram
944 1730 1155 1795 salutis,
1199 1728 1411 1785 Excelsi
1457 1743 1619 1783 manu
1661 1728 2009 1796 gubernante,

442 1830 727 1895 convertit,
758 1826 898 1898 quod
928 1834 1048 1896 post
1073 1825 1288 1879 umbras
1319 1822 1687 1878 seducentium
1719 1821 2009 1875 vanitatum

2120 621 2376 681 pretatur,
2407 616 2489 667 vir
2520 630 2653 669 unus
2679 617 2903 687 mystico
2926 627 3263 688 nuncupatur
3284 621 3517 690 eloquio.
3543 620 3691 693 Erat,

2119 705 2308 774 inquit,
2340 706 2414 759 vir
2443 722 2595 771 unus,
2624 707 2725 762 hoc
2750 717 2851 773 est,
2883 724 3098 779 semper
3119 711 3285 767 idem.
3317 712 3451 779 Quia
3481 713 3612 769 nihil
3638 716 3692 770 in

2117 809 2183 851 eo
2203 796 2496 866 apparebat
2536 798 2781 865 dubium,
2831 801 2966 856 nihil
3018 802 3237 871 duplex,
3288 804 3416 859 nihil
3465 807 3692 877 va'rium,

2118 887 2247 942 nihil
2274 889 2564 960 diversum,
2605 893 2700 946 sed
2743 909 2863 947 eum
2907 894 2958 948 in
3009 904 3154 950 statu
3200 897 3456 952 virtutum
3500 902 3692 956 incon-

2117 995 2276 1036 cusso
2299 983 2485 1038 ordine
2514 995 2941 1054 permanentem,
2964 989 3272 1044 accedentia
3295 991 3347 1045 in
3365 994 3693 1051 contrarium

2117 1087 2225 1127 non
2262 1076 2714 1143 commovebant;
2773 1079 3042 1134 mutabilia
3084 1090 3323 1149 tempora
3367 1099 3473 1138 non
3512 1096 3692 1143 muta-

2116 1164 2276 1231 bant;
2321 1181 2420 1221 nec
2460 1182 2606 1233 eum,
2644 1176 2702 1223 ut
2730 1171 2935 1239 magnis
2962 1171 3249 1229 virtutibus
3286 1175 3451 1231 moris
3497 1186 3599 1243 est,
3637 1180 3696 1235 in

2116 1257 2348 1312 alternas
2369 1270 2548 1329 partes
2586 1262 2723 1317 levia
2754 1274 3035 1318 ventorum
3068 1259 3233 1322 ﬂabra
3266 1270 3573 1324 versabant.
3614 1273 3694 1328 Ita

2115 1358 2171 1404 et
2190 1350 2451 1406 sollicitus
2483 1353 2572 1407 Dei
2602 1354 2829 1409 famulus
2866 1366 3012 1411 vasta
3054 1358 3198 1412 mole
3243 1359 3365 1415 ﬁdei
3412 1361 3687 1431 fundatus,

2118 1441 2168 1494 in
2194 1441 2295 1496 hoc
2325 1451 2549 1510 tantum,
2580 1445 2792 1514 Christo
2823 1447 2876 1501 in
2924 1462 2984 1502 se
3022 1458 3301 1518 operante,
3343 1462 3599 1521 mutatur,
3631 1465 3695 1511 ut

2116 1533 2268 1587 novis
2296 1548 2509 1603 semper
2527 1536 2711 1604 gratiis
2734 1537 3007 1600 induatur.
3044 1540 3097 1593 ln
3127 1555 3255 1607 agro
3285 1546 3520 1611 pectoris
3541 1547 3695 1615 plan-

2116 1630 2297 1679 tcntur
2324 1625 2505 1692 utilia;
2538 1628 2692 1682 noxia
2732 1630 3095 1687 succidantur.
3149 1633 3216 1687 Et
3258 1635 3381 1703 quia
3428 1636 3691 1696 militibus

2114 1718 2226 1774 suis
2251 1721 2505 1788 praecepit
2529 1736 2706 1776 sermo
2736 1723 2967 1780 divinus.
2998 1724 3147 1790 Cum,
3181 1726 3373 1795 inquit,
3407 1730 3477 1782 ad
3502 1730 3693 1785 bellum

2114 1812 2449 1880 processeris,
2479 1822 2526 1864 et
2548 1814 2679 1866 inter
2708 1815 2932 1885 reliquas
2959 1818 3157 1885 praedas
3185 1820 3387 1889 petieris
3422 1822 3689 1893 virginem,

442 1931 495 1978 et
519 1921 799 1976 illusiones
828 1916 1266 1972 transvolantium
1296 1915 1648 1980 somniorum,
1680 1926 1925 1966 mansura
1952 1920 2006 1966 et
2035 1899 2083 1959 B
2108 1902 2367 1958 abscinde:
2387 1921 2578 1975 ungues
2608 1915 2655 1959 et
2695 1909 2855 1962 crines
2878 1912 3008 1979 ejus,
3040 1920 3087 1965 et
3108 1911 3179 1964 ita
3203 1928 3316 1965 eam
3337 1913 3427 1965 tibi
3448 1918 3693 1986 conjugio

441 2011 611 2069 solida
635 2008 960 2078 concupivit,
983 2017 1034 2063 et
1056 2007 1310 2075 despecto
1333 2003 1545 2058 tandem
1567 2003 1767 2057 sacculo
1793 2002 2006 2067 infelici,

440 2112 608 2159 artem
637 2100 753 2171 ejus
780 2113 1024 2168 magnam
1048 2097 1243 2166 rapuit,
1276 2096 1584 2149 felicitatem
1610 2102 1662 2147 et
1694 2094 1902 2146 lucrum
1930 2093 2009 2146 sui

441 2195 506 2250 de
526 2191 726 2248 mundo
753 2196 1011 2260 pereunte
1037 2186 1337 2256 acquisivit,
1368 2194 1483 2240 arte
1514 2183 1676 2248 ﬁdeli,
1714 2193 1871 2252 atque
1898 2183 2011 2237 col—

439 2286 729 2344 labentium
756 2296 936 2339 rerum
967 2280 1085 2351 fuga
1117 2279 1451 2350 praeteriens,
1481 2292 1583 2346 qua
1614 2291 1743 2346 opes
1772 2283 2014 2332 contem—

442 2387 538 2450 ptu
566 2393 664 2433 suo
702 2376 966 2443 contulit,
998 2387 1117 2444 quae
1155 2372 1267 2441 jam
1313 2383 1412 2424 usu
1457 2383 1555 2423 suo
1596 2368 1843 2423 conferre
1882 2368 2014 2422 nihil

440 2476 705 2541 poterant.
736 2466 883 2522 Unde
913 2472 1112 2536 quanta
1143 2462 1344 2517 dudum
1368 2459 1645 2515 alacritate
1670 2458 2012 2513 smeularihus

441 2559 629 2617 studiis
659 2558 1027 2623 militavimus,
1081 2562 1228 2608 tanta
1278 2568 1420 2607 nunc
1469 2550 1754 2605 devotione
1787 2549 2015 2603 Domino

440 2653 755 2710 serviamus.
788 2650 853 2704 Et
898 2649 1020 2719 quia
1069 2661 1156 2702 me
1202 2645 1466 2700 austerius
1513 2644 1657 2714 loqui
1706 2657 1885 2698 secum
1919 2657 2013 2711 pro

441 2752 784 2816 peccatorum
823 2740 1123 2804 curatione,
1163 2738 1333 2808 pietas
1375 2744 1553 2792 vestra
1580 2734 1927 2803 constringit,
1961 2742 2016 2788 et

440 2836 582 2893 illius
618 2833 901 2891 sententia:
934 2847 1038 2887 non
1079 2830 1335 2886 observat
1372 2828 1651 2893 invidiam,
1681 2842 1798 2896 qua:
1842 2826 2009 2880 dicit:

440 2928 618 2983 Justus
644 2927 696 2980 in
726 2924 982 2997 principio
1007 2922 1089 2977 sui
1118 2932 1190 2976 est
1210 2928 1479 2975 accusator
1508 2919 1689 2991 (Prov.
1722 2933 1867 2985 xvm,
1900 2916 2011 2986 17).

441 3010 705 3093 [Inprimis
734 3034 862 3090 ergo
908 3019 1087 3087 lapsus
1131 3018 1241 3070 oris
1284 3014 1571 3083 cordisque
1614 3013 1859 3067 vitemus.
1909 3010 2013 3065 Sed

442 3115 580 3186 quod
610 3113 713 3169 oris
744 3110 977 3167 diximus
998 3154 1011 3177 ,
1051 3108 1097 3163 si
1123 3107 1275 3163 cordi
1304 3105 1572 3161 studueris
1619 3104 1876 3159 adhibere
1915 3118 2013 3157 cu-

440 3207 691 3275 stodiam,
740 3205 822 3259 ori
861 3216 971 3256 non
1014 3199 1283 3255 laborabis
1336 3198 1614 3267 imponere
1656 3197 2007 3265 disciplinam.

2115 1996 2376 2060 copulabis
2402 1993 2578 2067 (Deut.
2616 2013 2732 2067 χχι,
2756 1998 2847 2069 12)
2872 2015 2886 2065 ;
2912 2000 2983 2054 ita
3015 2015 3113 2055 nos
3141 2001 3208 2055 ad
3239 2013 3501 2073 sanctam,
3528 2004 3683 2059 Chri-

2116 2088 2184 2140 sti
2218 2088 2407 2142 timore
2434 2090 2732 2158 praecincti,
2765 2091 3101 2159 prudentiam
3147 2094 3355 2165 saeculi,
3400 2110 3520 2164 qua:
3561 2098 3694 2150 sim-

2117 2179 2264 2247 plex,
2298 2179 2623 2249 incorrupta,
2653 2182 2884 2247 sincera,
2918 2196 2949 2236 a
2982 2184 3092 2239 Deo
3123 2184 3263 2251 facta
3291 2194 3396 2252 est,
3423 2186 3690 2257 captivam

2118 2270 2346 2340 spiritali
2384 2272 2659 2338 sapientia:
2706 2272 3113 2342 subjungamus,
3148 2291 3209 2330 ac
3250 2277 3516 2346 superﬂua
3551 2279 3689 2348 ejus,

2114 2364 2404 2433 amputatis
2432 2364 2595 2428 vitiis,
2620 2365 3019 2436 abscindamus,
3063 2375 3118 2424 et
3144 2378 3363 2439 pectore
3388 2378 3534 2426 casta
3556 2386 3687 2425 con-

2112 2454 2388 2523 junctione
2408 2457 2693 2513 sociemus.

2186 2550 2324 2605 Ante
2359 2550 2538 2604 omnia
2576 2551 2632 2605 in
2668 2560 2946 2621 quantum,
2991 2553 3278 2623 adjuvante
3318 2555 3461 2621 Deo,
3502 2570 3694 2625 possu-

2115 2653 2254 2705 mus,
2302 2639 2424 2695 illas
2462 2641 2514 2694 in
2550 2643 2706 2697 nobis
2730 2643 3008 2701 debellare
3031 2660 3281 2701 curemus
3304 2647 3539 2716 quinque
3568 2662 3693 2702 sen-

2116 2746 2270 2786 suum
2316 2733 2612 2801 passiones.
2655 2734 2921 2805 Quidquid
2961 2736 3104 2790 enim
3164 2737 3484 2805 pulclirescit
3529 2740 3645 2793 visu
3672 2780 3690 2807 ,

2116 2823 2370 2892 quidquid
2420 2823 2693 2880 blanditur
2737 2826 2994 2893 odoratu,
3048 2828 3303 2899 quidquid
3356 2831 3693 2885 lenocinatur

2117 2925 2340 2984 attactu,
2359 2918 2615 2989 quidquid
2639 2919 3092 2991 dulcescitgustu,
3113 2921 3367 2991 quidquid
3388 2925 3689 2992 corrumpit

2115 3008 2318 3074 auditu,
2365 3009 2479 3066 haec
2507 3012 2709 3077 omnia,
2756 3013 2799 3066 si
2849 3012 2935 3068 his
2982 3013 3284 3079 abutamur,
3339 3014 3695 3071 intentionem

2116 3102 2310 3157 mentis
2342 3102 2410 3158 de
2441 3103 2771 3172 spiritalibus
2791 3104 2868 3161 ,ad
2902 3113 3110 3161 terrena
3137 3106 3442 3162 devolvent.
3476 3108 3541 3162 Et
3571 3108 3694 3164 ideo

2116 3194 2255 3247 sicut
2276 3204 2429 3262 pater
2456 3195 2579 3250 ﬁdei
2615 3195 2767 3265 (Gen.
2801 3212 2906 3265 XIV,
2936 3198 3025 3266 14)
3053 3200 3283 3268 quinque
3310 3200 3431 3255 illos
3457 3200 3694 3269 regesin

441 3297 567 3352 Sine
592 3274 903 3349 difﬁcultate
934 3290 1120 3343 ostium
1165 3288 1559 3341 circumstantia:
1608 3301 1879 3357 opponere
1913 3303 2010 3357 po-
2042 3274 2087 3339 C
2124 3287 2375 3341 trecentis
2414 3286 2601 3343 decem
2650 3297 2705 3344 et
2751 3299 2873 3345 octo
2896 3330 2910 3356 ,
2957 3293 3212 3361 mysterio
3243 3293 3440 3347 in......
3491 3293 3696 3349 latente

442 3386 563 3441 terit
591 3383 735 3437 labiis
765 3382 871 3435 suis
900 3380 1021 3449 (Ps.
1054 3394 1175 3443 CXL,
1206 3380 1283 3445 5).
1317 3378 1447 3433 lllud
1473 3379 1733 3447 siquidem
1766 3394 1896 3434 voce
1921 3378 2014 3434 de-

442 3478 721 3551 promitur,
753 3474 895 3544 quod
928 3473 1074 3543 prius
1115 3473 1167 3526 in
1200 3471 1413 3526 olﬁcina
1446 3472 1793 3527 conscientia:
1837 3471 2016 3526 defor-

442 3578 636 3625 matur.
688 3566 802 3621 Iloe
846 3565 1082 3621 exterior
1126 3562 1320 3629 reddit,
1375 3562 1515 3632 quod
1562 3562 1727 3616 dictat
1774 3562 2012 3619 interior.

441 3662 590 3719 Mens
617 3666 833 3716 exercet
874 3656 1196 3726 imperium;
1231 3655 1413 3724 lingua
1440 3653 1775 3715 famulatum.
1802 3654 1869 3709 Et
1896 3670 2015 3724 pro-

344 3822 357 3833 ,
443 3763 625 3826 pterea
654 3751 963 3809 ccelestibus
984 3750 1274 3805 edocemur
1293 3748 1575 3817 colloquiis
1601 3765 1612 3801 :
1649 3748 1729 3802 Ea:
1750 3748 2016 3803 abundan-

442 3849 515 3901 tia
541 3847 707 3901 cordis
731 3861 786 3899 os
818 3845 1041 3913 loquitur
1081 3842 1295 3913 (Matth.
1334 3856 1404 3896 ιιι
1426 3880 1441 3907 ,
1473 3840 1585 3911 5i).
1619 3840 1770 3909 Quod
1803 3840 1870 3896 de
1899 3856 2015 3897 ser-

441 3953 600 4006 mone
626 3935 774 3993 nasci
796 3935 1030 4000 videtur,
1060 3934 1207 4004 prius
1230 3931 1553 4003 cogitatione
1580 3931 1899 4002 concipitur.
1950 3932 2017 3988 Ut

440 4030 548 4086 oris
578 4041 740 4084 sonus
775 4026 986 4098 indigna
1018 4039 1121 4079 non
1158 4024 1426 4095 proferat,
1472 4023 1682 4076 animus
1705 4020 1846 4090 justa
1881 4038 2015 4091 pra:-

440 4120 617 4189 cipiat.

512 4210 581 4263 Et
600 4208 724 4280 quia
750 4208 857 4262 duo
885 4214 1011 4261 sunt
1033 4205 1358 4274 jcjuniorum
1387 4219 1607 4273 genera,
1643 4219 1803 4259 unum
1832 4204 2017 4260 incon.

440 4300 681 4358 tiuentia:
706 4298 1000 4366 appetitum
1029 4309 1058 4347 a
1083 4294 1219 4349 male
1258 4292 1467 4347 blandis
1502 4294 1811 4349 deliciarum
1840 4294 2018 4349 suavi-

441 4379 639 4447 tatibus
658 4401 929 4453 coercere,
952 4385 1253 4439 utexterior
1274 4396 1328 4439 et
1351 4392 1599 4439 terrenus
1622 4383 1782 4440 homo
1800 4400 2015 4441 vomere

441 4480 618 4539 crucis
662 4474 928 4532 edomitus
984 4474 1261 4527 commoda
1313 4474 1620 4528 inﬁrmitate
1671 4484 2011 4540 macrescat;

440 4570 665 4625 alterum
684 4564 1020 4623 abstinentiae
1042 4578 1211 4634 genus
1233 4571 1315 4618 est
1340 4563 1508 4617 multo
1529 4562 1829 4627 sublimius,
1847 4565 2014 4619 multo

2117 3377 2347 3443 devicit;
2396 3381 2465 3434 ita
2499 3397 2593 3449 per
2620 3383 2943 3451 adjutorium
2970 3384 3215 3455 Domini,
3248 3396 3301 3441 et
3352 3403 3448 3456 per
3476 3403 3693 3444 crucem

2116 3482 2267 3523 suam
2301 3469 2398 3524 has
2423 3471 2655 3539 quinque
2682 3473 3054 3543 principalium
3100 3476 3351 3532 vitiorum
3390 3494 3697 3550 expugnare

2116 3560 2431 3616 studeamus
2452 3562 2751 3619 illecebras.
2785 3566 2885 3620 Per
2913 3567 3084 3621 crucis
3106 3567 3503 3639 enimsignum,
3522 3580 3575 3625 et
3595 3586 3697 3641 per

2117 3668 2327 3709 sacrum
2351 3655 2479 3711 Jesu
2510 3672 2728 3724 nomen,
2768 3658 2907 3726 apud
2939 3659 3153 3715 Grarcos
3186 3661 3333 3715 Hera
3362 3664 3535 3719 utrius
3563 3679 3698 3734 sup-

2117 3748 2405 3817 putationis
2440 3749 2780 3817 imprimitur.
2832 3751 3036 3818 Quibus
3069 3753 3233 3807 armis
3272 3756 3507 3811 carnalia
3548 3756 3699 3812 dele-

2117 3846 2386 3895 ctamenta
2436 3851 2755 3910 superantes
2793 3844 3138 3898 merebuntur
3178 3845 3364 3900 audire
3399 3865 3411 3899 :
3461 3848 3699 3905 Vincenti

2116 3932 2250 3986 dabo
2297 3949 2539 3987 coronam
2584 3935 2714 3988 vitm.
2772 3935 2879 3990 Et:
2927 3937 3026 4003 Qui
3070 3938 3241 3991 vicerit
3286 3956 3387 3993 non
3427 3941 3634 3995 [ceditur
3666 3961 3700 3997 α

2119 4033 2278 4077 morte
2314 4024 2535 4079 secunda
2579 4026 2767 4096 (Apoc.
2800 4026 2889 4096 tt).
2938 4027 3090 4084 Unde
3128 4030 3241 4098 ipsa
3281 4030 3435 4086 facile
3482 4042 3700 4090 terrena

2118 4112 2367 4183 despicis,
2414 4116 2497 4169 vel
2548 4116 2835 4171 {onerantis
2876 4132 3025 4173 more
3051 4118 3357 4189 dispensas,
3402 4123 3526 4176 dum
3559 4125 3700 4179 illud

2116 4205 2316 4274 cogitas
2346 4215 2558 4274 tempus
2588 4222 2696 4277 quo
2738 4218 3030 4265 exurentur
3073 4220 3386 4279 peccatores
3432 4214 3581 4269 sicut.
3618 4216 3700 4271 fe-

2117 4311 2264 4361 num,
2288 4312 2392 4367 quo
2418 4308 2707 4355 aestuantes
2737 4300 2997 4370 gehennae
3016 4301 3197 4358 furore
3225 4313 3505 4373 perpetuo,
3534 4308 3698 4376 cujus

2117 4388 2287 4454 fumus
2329 4391 2552 4443 ascendit
2596 4392 2648 4443 in
2686 4394 2875 4447 siccata
2912 4394 3213 4449 sazculorum
3260 4396 3443 4466 (Apoc.
3470 4414 3583 4465 vm,
3614 4402 3694 4469 7).

2120 4478 2181 4532 lli
2211 4479 2295 4547 qui
2338 4481 2688 4547 neglexerunt
2717 4483 2912 4549 oblata,
2969 4484 3061 4538 tali
3089 4495 3263 4541 morte
3290 4489 3606 4556 punientur;
3639 4503 3692 4545 ut

2118 4571 2194 4623 eis
2244 4570 2378 4624 mori
2425 4571 2477 4625 in
2522 4571 2711 4626 dolore
2760 4588 2868 4628 non
2914 4575 3112 4632 liceat:
3159 4579 3401 4633 morituri
3447 4582 3589 4648 vitae,
3641 4594 3693 4638 et

378 4660 384 4666 ’
439 4659 751 4735 pretiosius,
790 4655 875 4712 cui
901 4656 1045 4711 nulla
1074 4654 1448 4711 contradicere
1483 4654 1651 4723 possit
1691 4655 1998 4722 inﬁrmitas,
2040 4656 2086 4713 D
2111 4664 2271 4717 morti
2301 4665 2416 4718 sine
2439 4665 2544 4719 ﬁne
2572 4667 2785 4721 victuri.
2838 4670 2967 4723 Dum
2998 4671 3147 4739 illud,
3195 4673 3429 4743 inquam,
3483 4684 3694 4747 tempus

440 4759 617 4807 motus
641 4748 806 4804 animi
834 4764 1044 4819 regere,
1078 4758 1132 4804 et
1158 4747 1551 4803 irrationabiles
1579 4748 2012 4819 perturbationes

440 4843 525 4901 vel
544 4842 943 4898 colluctantium
967 4841 1105 4895 inter
1135 4856 1193 4895 se
1215 4842 1597 4911 cogitationum
1632 4840 1906 4907 tumultus,
1933 4842 2013 4896 in-

439 4936 652 4994 terioris
677 4934 881 5005 judicio
918 4933 1215 4999 refrenare,
1262 4945 1315 4989 et
1354 4943 1542 4989 contra
1588 4936 2013 5005 impugnationes

438 5028 706 5093 occultas,
773 5026 856 5081 vel
924 5016 1106 5081 eontra
1162 5024 1486 5080 domesticos
1543 5027 1787 5082 inimicos
1841 5029 2009 5081 rixam

439 5103 722 5191 quamdam
756 5119 1070 5185 irascentes,
1116 5116 1238 5170 fidei
1268 5118 1583 5171 auctoritate
1611 5127 1912 5182 conterere,
1955 5128 2009 5173 et

438 5225 534 5285 per
582 5211 1039 5271 benevolentiam,
1102 5209 1603 5275 mansuetudinem,
1657 5209 2002 5279 patientiam,

437 5302 895 5374 tranquillitatem,
965 5300 1059 5355 Dei
1110 5301 1394 5371 imaginem
1444 5303 1495 5355 in
1551 5302 1683 5356 facie
1741 5302 2007 5356 interioris

436 5398 727 5459 excolere:
779 5396 929 5464 cujus
976 5394 1139 5449 decus
1180 5409 1282 5448 non
1318 5396 1369 5449 in
1410 5394 1651 5462 corporis
1694 5412 2005 5467 personam,

437 5489 535 5549 sed
563 5488 619 5544 in
645 5486 803 5541 animi
836 5485 1059 5539 formam
1083 5486 1297 5541 solertia
1330 5486 1548 5540 factoris
1575 5488 1864 5557 impressit.

511 5562 692 5635 Virum
714 5578 1009 5648 spiritualia
1030 5588 1083 5632 et
1111 5579 1285 5633 divina
1309 5578 1629 5648 cogitantem
1660 5582 1870 5637 tristitia
1898 5599 2014 5649 non~

437 5668 668 5738 frangat,
719 5668 900 5724 laetitia
944 5684 1049 5723 non
1090 5670 1341 5735 resolvat,
1379 5671 1671 5727 stabilitum
1719 5675 1770 5728 in
1816 5676 2005 5765 timqre

441 5756 539 5814 Dei
561 5769 743 5827 pectus
778 5762 1183 5828 magnanimitas
1211 5762 1526 5831 mqualitatis
1552 5766 1818 5834 ostendit,
1866 5756 2008 5824 ut'et

440 5846 598 5907 nobis
624 5852 858 5921 coaptari
886 5853 1049 5922 possit
1070 5853 1232 5910 libelli
1267 5852 1409 5911 illius
1427 5854 1633 5927 insigne
1666 5858 2007 5931 principium,

2115 4762 2239 4809 ante
2262 4754 2447 4809 oculos
2472 4764 2593 4811 tuos
2622 4758 2846 4825 provida
2876 4760 2926 4814 in
2952 4761 3184 4816 futurum
3215 4775 3398 4821 mente
3426 4766 3692 4837 disponis,

2116 4845 2183 4899 de
2203 4860 2309 4914 quo
2333 4846 2558 4915 legimus
2588 4865 2601 4900 :
2632 4847 2862 4903 lntroibo
2894 4852 2943 4905 in
2970 4853 3175 4906 domum
3218 4864 3360 4908 tuam
3395 4873 3507 4910 cum
3548 4859 3693 4914 holo-

2116 4938 2304 4991 caustis
2328 4937 2443 5008 (Ps.
2480 4956 2600 5005 va,
2635 4942 2722 5009 15)
2760 4960 2770 4994 :
2807 4942 2856 4996 id
2889 4952 2993 5009 est,
3036 4946 3246 5013 quando
3276 4949 3535 5005 bonorum
3565 4968 3694 5021 epe-

2116 5047 2233 5085 rum
2262 5033 2437 5088 l'ructu
2476 5035 2899 5103 subsarcinatus,
2937 5045 2992 5091 et
3025 5036 3250 5107 justitia:
3284 5041 3579 5111 insignibus
3612 5060 3692 5096 rt»-

2116 5121 2574 5193 dimitusjanuam
2623 5127 2749 5180 vitae
2788 5141 2906 5180 cum
2961 5128 3228 5198 triumpho
3275 5132 3463 5187 evictte
3515 5136 3693 5187 carnis

2118 5215 2358 5269 intrabis.
2392 5216 2466 5269 De
2495 5231 2599 5284 quo
2628 5217 2851 5284 legimus
2887 5235 2899 5268 :
2947 5218 3247 5274 Adorabunt
3275 5238 3393 5276 eum
3425 5223 3550 5290 ﬁlia:
3573 5224 3691 5291 Tyri

2114 5308 2166 5359 in
2206 5308 2496 5361 muneribus
2539 5306 2654 5377 (Ps.
2686 5324 2826 5375 xmv,
2864 5308 2971 5379 15),
3025 5309 3077 5365 id
3106 5321 3207 5381 est,
3255 5314 3448 5368 animae
3478 5314 3690 5369 Christo

2115 5396 2182 5455 de
2206 5398 2452 5467 gentibus
2483 5399 2777 5468 acquisitae,
2818 5414 3041 5456 munera
3075 5417 3180 5457 non
3212 5402 3280 5459 de
3309 5419 3407 5461 suo
3438 5405 3687 5467 offerent,

2115 5506 2233 5546 cum
2278 5494 2563 5561 gratiarum
2608 5493 2821 5551 actione
2858 5494 3079 5552 dicturze
3110 5516 3123 5552 :
3160 5500 3300 5556 Ecce
3346 5501 3689 5569 multiplicavi

2116 5584 2371 5638 talentum
2401 5585 2541 5653 quod
2566 5584 2781 5660 dedisti.
2831 5586 3029 5659 Recipe
3070 5605 3189 5645 cum
3221 5608 3383 5651 usura
3407 5637 3421 5663 ,
3453 5593 3689 5657 domine,

2118 5674 2268 5731 fenus
2292 5684 2457 5731 tuum.
2488 5676 2601 5731 Erit
2628 5679 2766 5732 enim
2798 5687 2907 5735 tum
2946 5683 3216 5751 quoddam
3253 5685 3414 5741 dandi
3447 5696 3500 5743 et
3545 5689 3691 5742 acci-

2119 5768 2293 5836 piendi
2325 5770 2704 5823 commercium
2734 5769 2873 5826 inter
2897 5773 3169 5830 hominem
3200 5785 3254 5832 et
3286 5778 3473 5834 Deum.
3522 5779 3708 5833 llomo-

2119 5857 2306 5917 afferet
2333 5860 2469 5930 quod
2496 5860 2795 5928 laboravit;
2836 5874 2885 5919 et
2917 5866 3055 5925 Deus
3105 5868 3354 5929 restituet
3388 5869 3529 5939 quod
3557 5886 3685 5939 pro.-
