4068 6348
315 361 511 457 ’861

1872 392 2244 453 EPISTOLE.

3543 405 3650 464 86!

400 500 573 572 misit.
600 513 716 582 Quo
741 520 981 587 tempore
1012 528 1133 571 cum
1158 520 1372 571 sanctus
1396 513 1531 569 alter
1558 528 1653 584 pro
1680 514 1849 570 altero
1884 528 1972 569 re-
2000 512 2054 573 Α
2083 514 2372 571 visceribus
2401 516 2723 582 evellantur,
2756 524 2812 573 ut
2839 516 2925 574 hic
2966 517 3186 575 vulnera
3214 517 3344 587 ipsis
3385 517 3492 573 alte
3530 534 3651 578 me-

403 612 795 678 munerandus,
823 626 1021 666 corona
1048 610 1243 680 duplici
1268 624 1365 678 pro
1399 618 1578 663 mutua
1618 610 1789 663 salute
1818 607 1979 663 deco-

401 702 630 769 randus,
662 702 843 757 audire
865 701 1151 757 mereberis
1180 718 1194 754 :
1221 700 1386 770 Euge,
1410 716 1548 754 serve
1574 700 1697 755 bone
1716 711 1762 755 et
1789 700 1976 770 ﬁdelis,

397 797 527 866 quia
544 785 699 865 super
728 810 895 865 pauca
928 794 1073 865 fuisti
1102 794 1289 862 ﬁdelis,
1321 810 1475 862 super
1504 793 1667 848 multa
1703 804 1749 848 te
1787 794 1978 849 consti-

399 898 548 943 tuam
570 904 591 953 ;
620 887 750 941 intra
776 886 829 940 in
856 884 1103 956 gaudium
1128 885 1333 939 Domini
1361 887 1454 941 tui.

476 978 628 1033 Tunc
658 993 810 1034 usum
840 972 1185 1048 praesentium
1232 976 1285 1031 in
1336 986 1655 1033 aeternorum
1687 978 1979 1048 proprieta-

406 1060 521 1125 tem
554 1070 808 1126 transisse
850 1068 1158 1137 miraberis,
1200 1079 1252 1125 et
1286 1085 1384 1141 pro
1424 1070 1701 1126 datoribus
1732 1071 1834 1126 tuis
1862 1071 1978 1141 glo-

397 1152 731 1228 r’iflcandus,
785 1161 1080 1217 debitorem
1135 1171 1184 1217 te
1242 1165 1291 1218 ei
1351 1163 1466 1218 ﬁeri
1514 1162 1745 1232 jucunda
1793 1178 1973 1219 rerum

397 1254 699 1308 mutatione
728 1252 1002 1322 gaudebis.

422 1334 423 1337 “
469 1342 805 1399 lndividuum
836 1340 1000 1398 ﬁlium
1037 1351 1275 1399 nostrum
1313 1342 1621 1413 Leontium,
1654 1360 1977 1416 omnemque

395 1436 618 1492 domum
671 1436 772 1506 piis
826 1437 945 1494 illos
998 1453 1118 1492 cum
1176 1437 1465 1509 majoribus
1520 1439 1607 1510 pio
1654 1443 1975 1509 sospitamus

395 1527 602 1608 ofﬁcio.
637 1527 892 1584 Dominus
916 1529 1056 1584 Deus
1087 1538 1269 1586 noster
1294 1529 1549 1585 beneﬁcia
1591 1531 1645 1585 in
1673 1532 1826 1587 vobis
1856 1546 1973 1597 sua,

396 1622 543 1679 felici
573 1631 625 1678 et
651 1622 841 1692 placita
869 1623 970 1679 sibi
1003 1624 1340 1693 longzevitate
1370 1623 1681 1693 multiplicet
1703 1666 1717 1691 ,
1761 1623 1975 1679 domine

396 1711 802 1771 devinctissime
852 1725 906 1771 et
952 1714 1064 1770 sola
1116 1715 1328 1784 pietatis
1373 1715 1567 1769 virtute
1631 1714 1970 1785 singulariter

395 1807 695 1865 excolende
725 1808 906 1864 frater.

938 1900 1265 1960 EPISTOLA
1308 1900 1377 1956 IX
1407 1910 1453 1956 ³³.

476 1994 711 2049 Domino
731 1993 1149 2061 devinetissimo,
1169 1994 1369 2049 honore
1386 1994 1651 2064 prtecipuo
1673 1992 1973 2063 specialiter

396 2085 717 2152 excolendo,
752 2085 967 2140 Ruricio
997 2086 1105 2139 ﬁlio
1128 2084 1373 2141 Faustus.

470 2175 685 2230 Gratias
736 2174 990 2240 Domino,
1048 2173 1137 2243 qui
1186 2174 1239 2228 id
1294 2174 1528 2245 generali
1582 2173 1976 2242 dispensatione

397 2268 624 2338 largitus
652 2277 754 2334 est,
780 2276 839 2321 ut
867 2268 1009 2321 inter
1033 2280 1127 2322 eos
1151 2280 1283 2336 quos
1319 2267 1554 2321 locorum
1577 2265 1856 2320 intervalla
1897 2265 1977 2319 di-

396 2359 736 2424 scriminant,
761 2358 894 2414 liber
918 2372 982 2413 ac
1004 2358 1171 2413 nullis
1193 2357 1474 2413 conclusus
1493 2356 1751 2411 absentia:
1773 2355 1976 2424 legibus

396 2453 614 2507 animus
636 2433 979 2516 commea'ret,
996 2448 1236 2519 nihilque
1262 2458 1400 2505 esset
1428 2457 1531 2503 tam
1556 2446 1975 2516 impenetrabile,

400 2544 549 2616 quod
582 2544 775 2599 mentis
800 2542 1106 2613 aspectibus
1136 2558 1240 2595 non
1273 2549 1516 2611 pateret;
1554 2538 1646 2595 sed
1678 2553 1771 2608 per
1801 2536 1978 2593 cordis

398 2637 655 2703 intuitum
700 2635 824 2691 inde
852 2649 912 2691 se
941 2636 1167 2689 invicem
1196 2633 1329 2699 cari,
1366 2634 1535 2703 gratia
1563 2632 1973 2694 intercurrente,

398 2727 798 2795 conspicerent,
837 2725 925 2781 ubi
953 2726 1149 2779 caritas
1178 2724 1288 2793 ipsa
1322 2723 1566 2779 consistit

475 2821 654 2875 liabet
704 2817 963 2889 siquidem
1020 2824 1072 2872 et
1122 2816 1343 2870 interior
1383 2823 1565 2869 noster
1603 2813 1786 2868 oculos
1825 2823 1974 2877 suos,

399 2915 601 2985 quibus
625 2927 685 2967 se
714 2911 1054 2969 conscientiae
1079 2910 1231 2966 testis
1266 2909 1595 2978 introspicit;
1624 2906 1816 2976 quibus
1841 2905 1895 2959 in
1921 2916 1979 2957 se

399 3019 703 3064 conversus
732 3012 823 3059 aut
851 3002 1245 3067 erubescenda,
1285 3010 1377 3055 aut
1420 2999 1696 3069 gaudenda
1736 2995 1980 3051 conside-

400 3106 522 3163 ret;
548 3097 739 3167 quibus
771 3095 914 3150 diem
947 3094 1190 3149 ultimum
1216 3091 1492 3162 pervidet;
1523 3089 1714 3161 quibus
1735 3089 1818 3143 vel
1849 3102 1977 3141 con-

399 3190 678 3247 fusihilem
705 3188 818 3252 vel,
851 3187 959 3241 Deo
986 3186 1286 3250 tribuente,
1316 3183 1633 3237 laudabilem
1664 3181 1826 3235 totius
1855 3180 1977 3233 vitre

2003 1892 2051 1953 B

2080 607 2238 664 dullis
2272 608 2528 677 impressa
2571 617 2850 679 curentur,
2894 620 2949 665 ut
2987 611 3073 667 hic
3104 611 3323 667 maculae
3363 612 3650 669 invisibiles

2080 702 2383 771 diluantur,
2429 710 2486 757 ut
2516 703 2604 759 hic
2637 713 2835 759 aeterna
2864 704 3053 774 gaudia
3091 704 3322 760 ﬁdelium
3354 705 3649 761 studiorum

2082 793 2264 848 labore
2316 801 2717 864 comparentur.
2777 794 2889 850 Illic
2940 795 3152 865 quidem
3210 797 3315 849 vita
3372 798 3649 866 praemium

2080 884 2233 941 istius
2259 885 2389 951 erit;
2418 886 2513 941 sed
2548 895 2757 955 oportet
2788 895 2843 942 ut
2872 888 3013 942 illius
3040 888 3140 942 ista
3167 888 3237 943 sit
3266 889 3516 957 pretium.

2150 976 2391 1032 Praelatis
2420 977 2598 1048 itaque
2623 977 2916 1047 obsequiis,
2949 994 3130 1047 quaeso
3159 988 3218 1033 ut
3247 994 3369 1035 cum
3398 995 3456 1035 se
3485 979 3649 1036 facul-

2082 1078 2159 1124 tas
2190 1078 2489 1138 opportune
2515 1070 2820 1138 prmbucrit,
2854 1070 3083 1139 gaudere
3126 1086 3221 1125 nos
3252 1071 3319 1126 de
3360 1082 3533 1126 vestra
3566 1087 3649 1126 so—

2078 1162 2269 1231 spitate
2297 1176 2358 1216 ac
2388 1163 2712 1233 proprietate
2734 1162 2960 1218 faciatis.
2991 1164 3091 1217 Pro
3116 1163 3236 1217 ﬁliis
3254 1171 3307 1217 et
3338 1164 3648 1218 diaconihtts

2079 1252 2214 1307 meis
2237 1252 2431 1308 uberes
2462 1253 2637 1309 refero
2681 1254 2897 1324 gratias.
2953 1255 3232 1309 Dominam
3268 1254 3428 1310 ﬁliam
3476 1272 3646 1311 meam

2078 1342 2351 1413 religionis
2392 1344 2693 1413 speculum,
2733 1354 2786 1399 ct
2828 1344 3039 1412 pictatis
3084 1345 3425 1414 exemplum,
3470 1346 3647 1400 debito

2078 1438 2223 1492 cultu
2253 1448 2535 1493 veneratus
2559 1439 2749 1493 saluto.
2788 1438 3042 1492 Dominus
3066 1439 3203 1493 Deus
3235 1448 3416 1493 noster
3445 1438 3646 1507 magni-

2079 1530 2338 1585 ﬁcandam
2383 1530 2512 1585 mihi
2552 1530 2844 1585 bonitatem
2892 1539 3143 1598 vestram,
3194 1538 3249 1585 et
3298 1532 3646 1599 praesentibus

2079 1623 2284 1692 repleat
2321 1623 2493 1689 bonis,
2549 1632 2602 1678 et
2645 1623 2855 1693 dignam
2904 1623 3091 1677 reddat
3139 1624 3384 1692 aeternis,
3431 1624 3647 1678 domine

2076 1715 2475 1772 devinctissime
2507 1725 2559 1770 et
2604 1720 2805 1770 honore
2849 1699 3116 1785 praecipuo
3156 1714 3459 1785 specialiter
3486 1729 3647 1769 exco-

2078 1808 2232 1865 lende
2257 1809 2347 1863 ﬁli.

2616 1898 2943 1955 EPISTOLA
2983 1898 3029 1955 Χ
3058 1911 3101 1955 ο.

2148 1995 2371 2050 1)οωίηο
2416 1994 2726 2050 beatissimo
2774 2004 2826 2049 et
2866 2010 3076 2049 summo
3118 1996 3249 2050 mihi
3283 1994 3485 2050 honore
3522 2002 3645 2051 ante

2078 2103 2262 2145 omnes
2291 2089 2630 2157 singulariter
2647 2087 2957 2152 excolendo,
2984 2088 3132 2143 fratri
3164 2088 3378 2143 Ruricio
3395 2088 3644 2160 episcopo

2078 2178 2325 2234 Faustus.

2128 2270 2315 2324 'Tanta
2345 2267 2473 2323 mihi
2502 2267 2569 2324 de
2598 2267 2759 2323 animi
2788 2269 2951 2325 vestri
2980 2269 3305 2338 benignitate
3327 2270 3516 2325 ﬁducia
3542 2279 3644 2335 est,

2079 2369 2138 2414 ut
2178 2374 2243 2415 ex
2284 2359 2399 2429 ejus
2442 2358 2589 2414 fonte
2624 2359 2908 2429 purissimo
2943 2375 3048 2415 non
3084 2360 3194 2430 jam
3239 2359 3384 2416 solus
3433 2361 3645 2415 haurire

2078 2461 2360 2508 contentus
2390 2453 2514 2513 sim,
2561 2451 2654 2506 sed
2686 2451 2823 2507 alios
2857 2467 3095 2523 quoque,
3140 2454 3226 2523 qui
3260 2454 3374 2522 ejus
3405 2469 3500 2510 usu
3534 2458 3664 2508 me-'

2080 2559 2201 2600 cum
2237 2532 2579 2610 reﬁciantur,
2602 2544 2842 2599 invitem.
2884 2543 3185 2600 Praesertim
3216 2561 3334 2600 cum
3364 2556 3646 2616 prorogata

2082 2636 2237 2704 hujus
2268 2635 2485 2703 largitas
2514 2636 2566 2689 in
2598 2634 2802 2690 lucrum
2836 2643 3068 2691 transeat
3092 2635 3398 2706 largientis;
3426 2637 3646 2707 ejusque

2080 2725 2222 2781 bono
2244 2728 2313 2780 ita
2342 2735 2651 2781 muneretur
2677 2727 2968 2796 accipiens,
2998 2735 3057 2781 ut
3082 2742 3186 2782 non
3211 2729 3507 2783 minoretur
3550 2730 3645 2784 im-

2081 2816 2348 2884 pertiens;
2378 2824 2429 2869 et
2456 2814 2506 2869 in
2535 2830 2739 2870 morem
2772 2816 2970 2871 fenoris
2996 2817 3078 2871 sui
3120 2826 3326 2872 crescat
3376 2820 3644 2886 expensis,

2081 2908 2296 2963 domine
2353 2908 2659 2963 beatissime
2723 2917 2776 2963 et
2833 2923 3042 2964 summo
3086 2910 3215 2964 mihi
3272 2909 3476 2965 honore
3525 2920 3646 2966 ante

2080 3015 2265 3054 omnes
2293 3000 2633 3069 singulariter
2656 3000 2967 3056 excolende.

2154 3093 2244 3147 llis
2274 3093 2451 3160 itaque
2481 3092 2719 3147 caritatis
2750 3091 3154 3147 inexsolubilem
3186 3092 3515 3163 pensionem,
3544 3108 3647 3163 quo

2081 3183 2334 3239 solventis
2366 3183 2531 3251 magis
2562 3197 2754 3238 census
2784 3182 2996 3248 dilatus,
3023 3182 3273 3251 exhibeo,
3296 3191 3348 3239 et
3370 3184 3649 3239 materiam

402 3282 711 3345 historiam,
737 3287 859 3333 ante
874 3277 1063 3332 animre
1085 3291 1194 3332 sure
1218 3276 1406 3330 faciem
1432 3275 1647 3344 provida
1671 3274 1723 3327 in
1748 3272 1977 3327 futurum
2007 3254 2053 3318 C
2084 3272 2208 3327 boni
2234 3271 2413 3341 operis
2438 3273 2679 3340 ingerere
2708 3288 2802 3341 pro
2827 3271 3158 3327 laborantum
3187 3273 3648 3345 commendatione

403 3370 736 3442 cogitatione
764 3368 1023 3438 disponit,
1050 3376 1106 3422 et
1133 3366 1187 3421 in
1220 3366 1555 3435 przesentiam
1588 3364 1805 3433 trepidis
1834 3362 1980 3417 solli-

402 3460 658 3518 citudinis
691 3469 899 3529 tempus
934 3455 1221 3513 reddendae
1260 3457 1481 3511 rationis
1526 3454 1782 3519 adducit;
1830 3464 1885 3508 et
1918 3467 1978 3507 ea

403 3570 524 3625 quae
553 3553 747 3623 paravit
777 3550 917 3606 De’us
955 3549 1281 3621 diligentibus
1330 3566 1381 3602 se
1425 3546 1475 3617 (Ι
1509 3549 1627 3601 Cor.
1677 3563 1749 3611 11,
1780 3547 1880 3616 9),
1926 3548 1979 3599 in

404 3655 615 3704 secreta
632 3643 861 3715 pectoris
886 3644 967 3697 sui
985 3643 1196 3712 pagina,
1227 3657 1323 3710 spe
1344 3641 1688 3710 imaginante,
1717 3639 1974 3709 depingit.

404 3739 578 3806 Quos,
625 3746 682 3790 ut
717 3744 864 3804 puto,
906 3734 1089 3788 oculos
1128 3745 1181 3788 et
1214 3734 1328 3801 ipse
1370 3732 1436 3786 ad
1475 3730 1737 3786 tremendi
1781 3730 1980 3784 Judicis

406 3834 665 3887 thronum
692 3842 905 3897 semper
933 3826 1159 3890 attollis,
1188 3834 1245 3879 ut
1278 3825 1345 3879 de
1378 3833 1427 3878 te
1457 3824 1584 3878 illud
1615 3822 1981 3893 propheticum

406 3925 605 3979 merito
665 3921 768 3976 dici
815 3918 1030 3989 possit:
1082 3917 1344 3985 Sapientis
1385 3918 1517 3971 oculi
1560 3918 1613 3969 in
1660 3916 1825 3984 capite
1871 3917 1981 3984 ejus

314 4060 321 4067 .
408 4016 582 4088 (Eccl.
615 4030 671 4079 Il,
702 4012 812 4083 14).
839 4010 865 4049 ι)
897 4010 1023 4065 inde
1046 4020 1147 4075 est,
1180 4012 1243 4064 ab
1276 4026 1336 4065 eo
1371 4010 1508 4065 enim
1554 4009 1659 4063 illic
1695 4008 1835 4061 ﬁlius
1865 4022 1980 4060 ma-

408 4117 608 4163 ter.....
640 4105 844 4161 ditores
883 4112 1019 4157 tuos.
1069 4101 1196 4157 Inde
1237 4113 1339 4169 est,
1380 4102 1615 4171 inquam,
1662 4100 1803 4170 quod
1846 4115 1983 4169 prte-

408 4199 638 4255 sentium
693 4210 872 4251 rerum
919 4194 1265 4265 relinquenda
1298 4193 1566 4258 subsidia,
1622 4193 1771 4263 quasi
1798 4191 1983 4246 avidus

409 4292 718 4355 fenerator;
750 4303 847 4358 per
876 4286 1042 4357 pretia
1073 4286 1433 4355 captivorum,
1472 4286 1523 4338 in
1564 4285 1687 4338 sinu
1736 4297 1985 4338 remune-

409 4381 625 4447 ratoris,
657 4377 967 4435 seminantis
994 4391 1163 4440 more,
1196 4376 1570 4439 commendas;
1612 4375 1678 4428 de
1710 4390 1809 4429 usu
1854 4389 1979 4445 pro-

408 4473 694 4544 prietatem
727 4470 875 4531 facis,
924 4476 979 4523 et
1016 4468 1069 4521 in
1110 4480 1376 4537 perennes
1425 4468 1703 4521 thesauros
1750 4465 1983 4534 peritura

412 4563 702 4616 convertis.
753 4560 879 4613 Inde
922 4568 1005 4613 est
1038 4558 1177 4627 quod
1210 4574 1330 4613 cum
1376 4558 1681 4613 ﬁdelissima
1722 4560 1848 4613 Sara
1895 4567 1982 4612 tua

2083 3379 2366 3434 praesumo.
2398 3364 2530 3431 Quia
2559 3366 2654 3419 etsi
2680 3365 3091 3420 insinuationem
3117 3380 3291 3421 meam
3328 3366 3390 3420 ad
3422 3366 3651 3422 fructum
3730 3368 3733 3373 '

2082 3467 2316 3513 vestrum
2360 3460 2625 3527 pertinere
2669 3456 2917 3523 conﬁdo,
2959 3464 3013 3512 ct
3052 3457 3170 3512 ideo
3208 3458 3649 3531 misericordiam,

2081 3566 2237 3621 quam
2267 3551 2476 3607 miseris
2502 3551 2865 3606 ecclesiastica
2890 3550 3131 3621 praebere
3159 3552 3433 3608 consuevit
3460 3552 3653 3607 huma-

2082 3632 2244 3708 nitas,
2280 3643 2466 3697 harunt
2500 3643 2767 3712 portitori,
2814 3645 2901 3712 qui
2946 3644 2998 3697 in
3042 3643 3384 3713 Lugdunensi
3436 3646 3653 3715 pertulit

2084 3734 2463 3802 captivitatem,
2506 3748 2705 3804 negare
2742 3749 2847 3789 non
2890 3737 3055 3803 potui.
3106 3736 3321 3792 Utinam
3356 3747 3457 3791 tam
3488 3741 3653 3807 possit

2084 3832 2326 3894 prompta
2370 3837 2489 3879 esse
2527 3824 2768 3878 fidelium
2809 3825 3053 3893 largitas,
3101 3838 3256 3895 quam
3300 3828 3454 3895 hujus
3496 3831 3654 3884 nimis

2086 3915 2359 3971 manifesta
2383 3914 2676 3970 necessitas
2705 3916 2821 3969 est!
2868 3916 2936 3968 Et
2964 3916 3086 3983 quia
3127 3916 3178 3970 in
3224 3930 3282 3971 se
3324 3916 3654 3987 aliquatenus

2083 4009 2398 4075 absolutus,
2445 4008 2499 4062 in
2549 4021 2715 4062 uxore
2757 4007 2838 4062 vel
2880 4007 3107 4062 ﬁliorum
3150 4015 3359 4063 tenetur
3398 4009 3655 4064 servitute

2085 4103 2346 4171 captivus,
2373 4100 2606 4171 praelatis
2633 4098 2846 4163 ofﬁciis,
2873 4113 3053 4168 quaeso
3084 4109 3140 4153 ut
3176 4114 3379 4153 morem
3415 4100 3655 4169 benigni—

2087 4195 2211 4249 tatis
2241 4203 2454 4259 vestrae,
2487 4193 2646 4247 etiam
2688 4193 2739 4245 in
2785 4191 2943 4261 hujus
2975 4188 3344 4247 consolatione
3387 4193 3652 4256 tcncatis;

2084 4295 2139 4340 et
2164 4283 2301 4353 apud
2330 4291 2455 4338 ante
2486 4282 2714 4352 poSitos,
2757 4294 2862 4351 quo
2890 4282 3264 4350 poposcerint,
3305 4280 3500 4336 litteris
3528 4295 3652 4352 pro-

2085 4376 2350 4446 sequaris.

2156 4465 2481 4535 Conservus,
2516 4470 2570 4518 et
2608 4463 2881 4533 praecipue
2915 4462 3207 4516 admirator
3251 4469 3451 4529 vester,
3497 4462 3657 4518 frater

2088 4572 2263 4623 meus,
2319 4556 2599 4626 presbyter
2630 4554 2917 4610 Memorius
2970 4568 3178 4608 mecum
3224 4553 3659 4610 reverentissime

412 4650 513 4706 sub
543 4666 648 4704 uno
688 4648 885 4703 Christi
922 4649 1047 4719 jugo
1084 4651 1151 4702 ad
1193 4665 1529 4705 communem
1567 4652 1790 4706 tendens
1832 4666 1984 4706 coro~
2014 4627 2064 4687 D
2088 4651 2371 4718 sospitant.
2400 4648 2651 4701 Dominus
2674 4645 2813 4699 Deus
2839 4652 3023 4698 noster
3054 4658 3345 4699 memorem
3381 4645 3482 4699 mei
3516 4645 3658 4713 piam

413 4758 558 4813 nam,
592 4749 925 4795 terrenorum
959 4739 1260 4808 despector,
1300 4752 1351 4794 et
1391 4741 1689 4797 C(elestium
1720 4743 1982 4811 competi-

414 4831 718 4899 tor,.sacculi
744 4832 1072 4900 peregrinus,
1098 4841 1145 4883 ct
1165 4829 1401 4885 Paradisi
1427 4833 1769 4899 candidatus;
1787 4835 1985 4889 mundo

416 4927 558 4991 huic,
594 4924 809 4994 quijam
835 4937 944 4976 non
985 4921 1145 4975 habet
1175 4922 1315 4977 unde
1351 4923 1577 4994 decipiat
1622 4927 1706 4981 vel
1744 4927 1983 4993 seducat,

416 5018 567 5073 miles
597 5013 796 5071 Christi
826 5021 1071 5069 secretus
1096 5010 1309 5079 illudis;
1343 5030 1462 5070 cum
1495 5017 1640 5085 regni
1678 5018 1987 5071 intermina-

414 5108 533 5163 bilis
562 5105 702 5161 socia
726 5104 972 5175 jejuniis,
1021 5112 1076 5158 et
1118 5103 1466 5171 orationibus,
1508 5115 1563 5160 et
1591 5106 1820 5175 quadam
1863 5108 1983 5163 ﬁdei

416 5213 577 5255 manu
615 5196 829 5266 ianuam
880 5197 1021 5263 vitae,
1070 5195 1153 5266 pia
1198 5195 1586 5265 conjuratione,
1637 5197 1878 5265 pulsatis,
1927 5207 1985 5253 ut

415 5290 681 5361 duplicem
713 5289 943 5358 palmam
972 5289 1038 5343 de
1068 5298 1250 5344 mutua
1275 5289 1445 5343 salute
1472 5290 1716 5356 capiatis.

488 5382 593 5440 Sed
636 5384 775 5438 inter
824 5380 939 5435 haec
985 5396 1170 5451 parum
1218 5390 1329 5446 est,
1373 5381 1628 5453 quidquid
1675 5383 1876 5453 agitur,
1925 5390 1988 5437 ut

416 5492 592 5534 caussa
621 5473 939 5531 insanabiles
986 5473 1072 5529 hic
1115 5484 1393 5539 sanentur,
1434 5484 1492 5529 ut
1538 5475 1984 5546 inexstinguibilis

418 5566 555 5638 ignis
578 5566 663 5619 hic
692 5564 1082 5633 exstinguat‘ur,
1110 5566 1178 5633 :ut
1218 5556 1605 5620 ineluctabiles‘
1636 5566 1985 5621 necessitates

419 5657 506 5713 hic
526 5664 863 5723 superentur,
898 5664 952 5709 ut
979 5654 1066 5709 hic
1093 5666 1431 5724 peccatorum
1461 5658 1664 5727 sagittae
1693 5658 1762 5714 de
1790 5660 1981 5715 animae

491 5780 517 5809 ει
547 5770 673 5826 Haec
701 5767 920 5840 epistola
950 5776 1164 5839 notatur
1190 5767 1278 5822 VII
1309 5768 1447 5839 apud
1479 5768 1771 5823 Canisium.

488 5840 517 5881 δ
554 5841 729 5899 Locus
751 5840 990 5898 vitiosus.

2088 4741 2468 4796 beatitudinem
2496 4745 2729 4791 vestram
2764 4736 3019 4791 Ecclesiae
3040 4750 3150 4791 sua:
3175 4734 3500 4806 profectibus
3518 4735 3657 4791 felici

2088 4832 2425 4900 longaevitatc
2448 4835 2754 4894 conservet,
2788 4827 3005 4882 domine
3035 4827 3345 4883 beatissime
3371 4835 3428 4882 et
3449 4840 3658 4881 summo

2090 4924 2216 4977 mihi
2275 4922 2479 4977 honore
2530 4926 2656 4975 ante
2710 4933 2898 4975 omnes
2959 4920 3305 4990 singulariter
3361 4918 3658 4973 excolendo

2090 5016 2272 5069 frater.

2622 5100 2953 5159 EPISTOLA
2989 5101 3060 5157 XI
3083 5099 3132 5156 ἀ.

2164 5198 2390 5254 Domino
2441 5196 2785 5261 beatissimo,
2834 5195 3009 5250 debita
3059 5195 3257 5265 pietate
3294 5192 3657 5263 suspiciendo,

2093 5301 2253 5361 atque
2312 5288 2602 5359 apostolica
2667 5287 2797 5343 sede
2845 5287 3188 5357 dignissimo,
3245 5286 3393 5342 fratri
3450 5286 3657 5341 Ruricio

2094 5385 2367 5453 episcopo,
2398 5380 2644 5437 Faustus.

2166 5474 2374 5530 Gratias
2416 5473 2481 5528 ad
2528 5488 2647 5539 vos,
2692 5472 2817 5529 dum
2859 5472 3013 5528 vobis
3052 5472 3121 5527 de
3160 5472 3330 5542 patria
3359 5469 3656 5536 scribimus,

2095 5567 2182 5636 qui
2213 5567 2366 5621 nobis
2397 5564 2620 5635 patriam
2655 5564 2705 5619 in
2740 5565 3164 5635 peregrinatione
3193 5562 3411 5625 fecistis,
3452 5561 3541 5630 qui
3583 5562 3655 5615 itt-

2096 5658 2304 5714 defessa
2354 5659 2673 5713 liberalitate
2733 5660 2918 5727 patria;
2972 5656 3236 5715 desideria
3291 5656 3681 5727 temperastis;.

2174 5780 2193 5838 ς
2237 5768 2360 5821 Haec
2381 5768 2611 5838 epistola
2637 5767 2776 5837 apud
2798 5766 3063 5838 Canisium
3088 5773 3299 5824 notatur
3332 5766 3460 5827 Vill.

2169 5835 2195 5877 δ
2236 5839 2389 5915 Apud
2416 5835 2686 5895 Canisiuui
2718 5846 2932 5893 notatur
2958 5836 3045 5891 IX.
