4068 6348
516 274 522 279 ~
558 277 613 287 ..ο-
634 279 647 287 ,.
670 277 743 287 οοδκ

361 367 468 424 863

1601 366 1659 421 ς.
1697 367 1947 424 FAUSTI
1984 363 2390 426 RHEGIENSIS

3510 371 3617 423 803

361 483 467 537 vim
502 480 785 551 quamdam
814 478 1008 534 divina:
1041 477 1267 547 justitite
1296 475 1703 533 succedentibus
1734 477 1829 531 sibi
1849 478 1939 531 be-
1965 477 2021 536 Α
2047 474 2228 529 debito
2256 482 2401 529 euttu
2430 475 2768 545 singulariter
2800 476 3135 533 observando
3174 476 3227 532 in
3261 477 3475 536 Christo
3517 493 3615 551 pa-

358 579 564 633 neﬁciis
600 577 921 633 inferentes;
968 583 1025 627 ut
1072 574 1211 643 quod
1256 572 1511 627 intulerat
1537 572 1601 626 ad
1627 573 1933 640 castigatio—

360 684 505 734 nem,
534 673 869 722 converteret
897 665 960 718 ad
986 663 1266 731 honorem,
1303 665 1572 718 conferret
1595 663 1659 717 ad
1691 663 1934 717 consola-

360 763 582 827 tionem,
619 766 852 813 mutaret
876 757 942 812 ad
982 758 1218 828 requiem
1249 758 1473 821 mentis;
1508 767 1685 810 nostra
1718 764 1935 825 praeter-

358 853 615 920 mitteret,
643 860 703 905 ut
726 859 903 906 vestra
932 850 1263 917 cumularet;
1295 850 1471 905 debita
1503 850 1853 914 oblivisccns,
1882 860 1936 903 et

360 945 504 1000 lucra
556 952 733 1000 vestra
781 943 1177 1013 multiplicans;
1245 943 1383 1012 apud
1438 951 1694 1011 utrasque
1756 949 1935 1009 partes

360 1035 782 1105 magnitudinem
831 1049 942 1089 sua:
985 1034 1238 1089 bonitatis
1278 1048 1555 1099 exercens,
1608 1047 1705 1087 nos
1754 1040 1935 1086 vestro

357 1127 708 1198 locupletarct
756 1126 1043 1196 obsequio,
1094 1142 1188 1180 vos
1248 1135 1431 1203 nostro
1479 1125 1675 1179 ditaret
1724 1123 1932 1177 exsilio.

362 1219 511 1276 Unde
544 1216 742 1273 factum
775 1227 858 1272 est
883 1227 943 1272 ut
965 1218 1076 1287 jam
1118 1219 1169 1272 in
1202 1218 1448 1287 prtesenti
1482 1215 1932 1282 benedictionem,

360 1306 657 1363 futurorum
699 1308 1015 1377 impatiens,
1056 1296 1412 1376 dispensarct,
1467 1315 1523 1360 ct
1568 1304 1934 1359 ﬁdelissimum

359 1400 624 1456 famulum
649 1414 806 1455 suum
831 1414 991 1469 super
1013 1399 1393 1454 candelabrum
1418 1398 1606 1451 domus
1635 1414 1747 1451 suae
1767 1439 1780 1461 ,
1811 1413 1937 1452 coo-

358 1503 578 1562 perante
607 1491 992 1555 misericordia,
1014 1491 1247 1558 justitia,
1292 1490 1616 1551 sinceritate,
1650 1488 1936 1542 continen-

360 1582 458 1648 tia,
487 1583 836 1651 benignitate,
887 1583 937 1636 id
969 1590 1074 1646 est,
1124 1581 1437 1636 domesdcis
1472 1580 1933 1648 suﬁ‘ragatorilms,

358 1674 695 1729 sublimaret.
745 1675 884 1729 Ecce
927 1674 1067 1743 quali
1116 1676 1285 1742 pretio
1328 1674 1576 1727 Ruricius
1614 1688 1763 1727 meus
1792 1686 1936 1725 sum-

360 1780 505 1820 mum
558 1765 917 1819 sacerdotium
956 1766 1301 1834 comparavit.
1363 1765 1511 1819 Unde
1558 1766 1706 1829 emit,
1762 1765 1933 1833 ipsum

361 1867 440 1913 est
461 1857 601 1928 quod
632 1858 789 1925 emit;
819 1866 875 1913 et
903 1858 1125 1912 testibus
1147 1858 1377 1927 propriis
1409 1859 1845 1921 acclamantibus,
1883 1860 1933 1911 in
1966 1847 2015 1907 B

358 1967 417 2006 sc
440 1950 659 2005 honoris
692 1964 900 2015 causas,
932 1949 1132 2019 refugia
1162 1949 1382 2004 honoris
1413 1950 1677 2005 exhibuit.
1704 1951 1934 2005 Tantum

359 2042 540 2112 itaque
568 2055 760 2094 munus
802 2040 901 2095 scit
948 2038 999 2092 in
1041 2038 1242 2092 Christi
1280 2040 1493 2093 nomine
1535 2038 1805 2093 custodire
1847 2041 1935 2109 qui

359 2134 517 2189 scivit
545 2133 848 2203 acquirere.

430 2225 628 2279 [larum
676 2234 851 2278 autem
906 2226 1217 2293 portitorem
1268 2232 1511 2277 sanctum
1564 2224 1933 2292 presbyterum

360 2313 691 2369 Florentium
721 2314 848 2369 mihi
878 2315 985 2383 jam
1017 2315 1105 2368 diu
1136 2315 1429 2383 cognitum,
1463 2321 1516 2367 et
1547 2314 1807 2383 exemplis
1828 2328 1939 2367 ma-

358 2405 528 2473 gistri,
559 2417 611 2459 et
643 2420 849 2459 morum
889 2404 1108 2458 ﬁoribus
1145 2404 1503 2467 adornatum;
1551 2404 1637 2472 qui
1688 2419 1781 2469 pro
1814 2418 1938 2473 gger-

363 2510 533 2548 manae.
589 2509 701 2548 sua:
752 2494 1088 2548 absolutionc
1134 2495 1524 2562 peregrinatur,
1568 2495 1800 2556 insinuo,
1849 2494 1938 2560 qui

364 2588 494 2642 mihi
528 2594 884 2655 Opportunum
916 2586 1178 2639 mediator
1201 2586 1443 2653 ingessit.
1468 2586 1691 2637 Omnem
1722 2585 1935 2637 domum

364 2687 389 2715 ι
421 2686 681 2743 nostram,
708 2676 946 2731 seniores
990 2691 1112 2729 cum
1158 2674 1459 2743 junioribus
1503 2684 1727 2743 paterno
1770 2675 1977 2743 sospig

365 2783 540 2824 tamus
568 2767 780 2823 affectu.
815 2768 1068 2822 Conservi
1109 2768 1235 2831 mei,
1267 2767 1536 2821 debitores
1565 2773 1619 2819 et
1646 2766 1937 2819 admirato-

362 2878 449 2917 res
474 2862 655 2928 \‘CSll'i,
682 2876 888 2917 mecum
912 2862 1345 2916 reverentissime
1374 2862 1657 2928 SOSpilanl.
1682 2859 1938 2913 Dominus

360 2966 544 3012 noster
585 2954 1028 3024 magniﬁcandam
1080 2954 1209 3008 mihi
1260 2954 1642 3009 beatitudinem
1702 2964 1936 3008 vestram

362 3048 613 3102 Ecclesiae
641 3061 750 3101 sure
779 3045 1124 3116 profectibus,
1145 3046 1445 3115 nostrisque.
1473 3046 1681 3115 gaudiis
1705 3046 1935 3114 perfecta

361 3137 697 3207 Iongaavitate
720 3145 1031 3201 conservet,
1082 3135 1299 3192 domine
1351 3136 1667 3191 beatissime
1695 3180 1708 3204 ,
1755 3135 1931 3191 debita

362 3202 559 3299 pietate
615 3228 949 3299 suspiciende
1013 3237 1171 3297 atque
1226 3228 1518 3298 apostolica
1561 3202 1703 3283 sede
1734 3202 2006 3297 diguis-c

362 3319 495 3374 sime
518 3319 699 3373 frater.

695 3413 1048 3469 EPISTULA}
1104 3414 1413 3470 PSEUDON
1425 3415 1459 3467 Υ
1470 3415 1513 3468 Μ
1521 3414 1586 3470 [Ε

366 3526 408 3581 Α
444 3521 734 3581 Εαυειοὶιά
762 3528 1032 3601 Ruricium
1080 3527 1480 3601 Lemoviccusem
1528 3530 1815 3601 episcopum
1844 3531 1933 3584 sub

733 3599 990 3651 variorum
1018 3599 1303 3652 nominibus
1328 3600 1545 3671 scriptw.

876 3689 1203 3745 EPISTULA
1244 3691 1331 3745 XII
1358 3691 1407 3746 δ.

461 3812 657 3858 tommo
687 3804 957 3875 religionis
997 3804 1198 3860 honore
1236 3805 1451 3861 sublimi
1495 3821 1557 3863 ac
1580 3807 1701 3863 ﬁdei
1734 3809 1936 3866 meritis

362 3896 751 3965 magniﬁcaudo
775 3896 883 3950 filio
910 3896 1128 3952 Ruricio
1157 3898 1395 3953 Graecus.
1694 3964 1697 3967 Α

428 3993 635 4049 Gratias
667 3993 910 4058 Domino,
943 3993 1085 4063 quod
1114 3994 1237 4048 ﬁdei
1278 4002 1470 4049 vestrae
1511 3995 1758 4050 meritum
1797 3998 1939 4052 sicut

365 4083 574 4153 proﬁcit
602 4084 922 4151 devotione,
972 4084 1042 4138 ita
1087 4086 1279 4140 crescit
1322 4096 1374 4138 et
1424 4102 1610 4156 opere.
1663 4087 1935 4141 Laboran-

362 4177 489 4229 tium
520 4160 1267 4231 necessitates’sollicitudinc
1301 4179 1579 4245 praevenis,
1614 4178 1937 4247 beu’guitatc

364 4265 537 4329 foves,
564 4265 894 4319 humanitate
919 4274 1209 4320 sustentas.
1246 4268 1336 4319 llis
1379 4270 1521 4322 enim
1578 4269 1758 4336 rebus,
1784 4271 1935 4338 juxta

362 4357 699 4426 Apostolum,
728 4358 909 4424 spiritu
948 4356 1219 4423 ferventes,
1262 4356 1481 4411 Domino
1511 4362 1801 4426 servientes,
1848 4380 1939 4431 spe

350 4447 635 4517 gaudentes
665 4448 845 4517 (Rom.
882 4464 975 4513 xu,
1013 4448 1125 4517 11),
1174 4449 1381 4503 divinas
1410 4452 1559 4505 vobis
1604 4462 1817 4507 aeterna!
1848 4470 1935 4508 re-

2036 574 2191 620 trono
2223 567 2435 621 Ruricio
2457 569 2705 641 episcopo
2736 571 3060 626 Victorinus.

2108 661 2238 714 Cum
2265 660 2645 715 beatitudinem
2680 671 2915 717 vestram
2947 663 3143 728 videre,
3195 672 3249 719 et
3294 665 3617 724 brevissimo

2038 761 2300 822 tempore,
2332 763 2509 827 etuna
2549 763 2750 807 tantum
2785 756 2897 809 vice
2943 756 3230 810 meruerim
3259 801 3273 825 ,
3321 757 3390 813 ita
3436 768 3615 816 tamen

2038 846 2102 899 ad
2156 847 2386 915 primum
2434 857 2625 903 VOSll‘iD
2679 848 2998 917 cognitionis
3046 851 3617 925 contemplationisque

2041 952 2388 1007 congressum
2439 955 2629 995 sensus
2685 956 2834 996 meos
2882 942 3026 997 fonte
3068 944 3355 1012 purissimo
3401 946 3615 1018 benigni

2041 1030 2272 1094 pectoris
2301 1031 2564 1098 intrastis,
2596 1040 2673 1095 ut,
2704 1032 2996 1100 quamlibet
3037 1034 3391 1105 alloquinrum
3411 1045 3616 1093 vestro—

2040 1135 2155 1173 rum
2189 1135 2405 1175 munera
2438 1123 2669 1191 pretiosa
2705 1139 2811 1178 non
2860 1126 3086 1195 capiam,
3144 1129 3482 1196 pI‘JSClllitm
3533 1141 3616 1186 ta-

2042 1223 2164 1264 men
2190 1221 2421 1264 vestram
2448 1212 2586 1266 intra
2616 1217 2807 1268 mentis
2850 1214 3111 1284 profunda
3156 1220 3457 1287 possidram
3490 1238 3504 1275 :
3556 1232 3618 1280 ut

2040 1302 2141 1356 etsi
2169 1316 2359 1357 causas
2385 1302 2637 1359 desiderii
2668 1305 2941 1361 refovendi
2969 1308 3301 1364 extrinsecus
3346 1326 3447 1363 nou
3479 1312 3617 1369 acci-

2041 1396 2206 1463 piam,
2238 1395 2377 1449 intra
2410 1412 2493 1451 mc
2528 1411 2619 1451 eas
2648 1404 2822 1452 tamen
2855 1398 2980 1452 dum
3013 1400 3200 1469 gratia:
3230 1408 3423 1455 vestra:
3455 1404 3619 1460 remi-

2041 1490 2242 1554 niscor,
2292 1488 2579 1541 inveniam.
2640 1488 2818 1557 Neque
2865 1489 3007 1543 enim
3055 1489 3134 1544 fas
3180 1501 3283 1556 est,
3334 1501 3391 1546 ut
3420 1490 3616 1549 bonum

2040 1581 2171 1636 illud
2200 1596 2267 1634 ex
2296 1580 2671 1635 accedentibus
2717 1590 2918 1635 tantum
2967 1581 3204 1650 requirat
3228 1582 3507 1650 adiutoriis
3538 1584 3617 1640 in-

2040 1682 2391 1737 crementum,
2424 1671 2563 1740 quod
2588 1670 2833 1725 medullis
2861 1679 3069 1725 constat
3094 1670 3348 1725 infusum.
3401 1672 3517 1739 Quo
3561 1673 3617 1729 ﬁt

2041 1776 2099 1821 ut
2127 1766 2338 1830 caritas,
2371 1779 2486 1832 quae
2515 1766 2565 1816 in
2613 1763 2906 1818 visceribus
2955 1764 3087 1817 meis
3116 1762 3220 1833 jugi
3266 1762 3614 1820 recollationc

2042 1860 2203 1915 vestri
2226 1859 2477 1912 iuuovata
2500 1856 2776 1919 dulcescit,
2807 1856 3042 1911 caritatis
3071 1858 3200 1911 mihi
3242 1866 3433 1912 vestra:
3460 1858 3616 1915 vicis-

2040 1949 2324 2003 situdinem
2353 1948 2707 2015 repromittat.
2736 1949 2813 2000 Ac
2839 1949 2914 2001 sic
2937 1947 3162 2001 aﬁ'ectus
3187 1964 3311 2019 erga
3344 1964 3439 2003 vos
3466 1966 3615 2007 meus

2040 2039 2200 2093 vestri
2234 2039 2361 2092 mihi
2387 2038 2547 2092 animi
2583 2038 2863 2107 ﬁdcjussor
2889 2038 3113 2106 accedit,
3144 2050 3198 2095 et
3223 2042 3615 2110 quodammodo

2039 2130 2369 2185 conscientia
2399 2129 2669 2183 interioris
2691 2130 2791 2183 mei
2824 2139 3006 2183 mutuo
3055 2130 3183 2184 mihi
3228 2142 3419 2187 vestra:
3467 2135 3614 2189 testis

2041 2223 2344 2277 dilectionis
2386 2223 2633 2276 assistit:
2677 2230 3146 2293 quantumcunque
3192 2222 3321 2278 mihi
3372 2225 3437 2279 de
3468 2226 3613 2280 vobis

2041 2329 2367 2384 praesumere
2396 2313 2644 2376 debeam,
2678 2322 2906 2367 mentem
2948 2328 3140 2380 meam,
3171 2329 3289 2383 qua:
3330 2322 3441 2369 toto
3486 2330 3608 2385 erga

2040 2422 2135 2460 vos
2161 2406 2357 2460 amoris
2388 2406 2579 2460 ardore
2604 2405 2813 2475 ﬂagrat,
2840 2406 3131 2475 interrogo.
3163 2405 3316 2461 Unde
3343 2407 3611 2461 salutatio-

2040 2512 2159 2550 nem
2189 2496 2456 2560 deferens,
2490 2506 2541 2550 et
2575 2497 3014 2550 intercessionem
3046 2495 3342 2566 deposcens
3389 2513 3485 2565 pro
3524 2498 3613 2551 ha-

2039 2603 2156 2640 rum
2181 2589 2457 2655 portitore,
2491 2587 2873 2642 insufﬁcicntes
2897 2587 3093 2656 gratias
3132 2586 3331 2642 refero.
3388 2588 3450 2642 Et
3489 2590 3608 2658 quia

2040 2679 2305 2734 infelicem
2329 2680 2493 2747 ipsius
2524 2680 2781 2744 laborem,
2817 2695 2922 2749 quo
2951 2696 3047 2748 pro
3096 2679 3433 2734 absolutione
3480 2697 3613 2735 uxo-

2040 2770 2116 2823 ris
2162 2785 2257 2838 pcr
2305 2768 2636 2823 diversarum
2684 2769 2957 2838 regionum
3005 2778 3087 2823 est
3122 2768 3354 2837 jactatus
3400 2769 3607 2837 exsilia,

2040 2856 2185 2914 mor's
2214 2860 2505 2928 redempta:
2529 2860 2770 2928 protinus
2798 2863 3080 2914 subsecuta
3115 2861 3367 2922 cassavit,
3400 2869 3454 2915 et
3475 2877 3614 2918 nunc

2038 2966 2221 3005 rursus
2253 2966 2349 3020 pro
2380 2951 2500 3004 ﬁliae
2525 2950 2890 3019 redemptione
2912 2952 3150 3006 anxietas
3172 2959 3392 3019 paterna
3418 2951 3614 3007 disten—

2037 3042 2201 3107 ditur,
2231 3044 2425 3099 vestris
2452 3060 2575 3098 cum
2628 3044 2821 3099 litteris
2871 3044 3118 3114 prosequi
3165 3058 3262 3113 pro
3298 3044 3611 3100 cumulanda

2039 3134 2305 3188 mercedis
2328 3144 2517 3188 vestrae
2548 3134 2790 3189 ubertate
2815 3135 3067 3204 jubeatis.

2107 3224 2231 3279 l‘ius
2259 3225 2519 3280 Dominus
2555 3226 2902 3281 reverendam
2948 3227 3074 3281 mihi
3119 3227 3492 3283 beatitudinem
3520 3242 3613 3283 ve-

2037 3327 2200 3371 stram
2222 3319 2285 3373 ad
2312 3318 2601 3386 profectum
2634 3328 2688 3373 et
2717 3329 2961 3373 ornatum
2993 3320 3245 3376 Ecclesia:
3274 3335 3403 3389 sum,
3428 3329 3483 3375 et
3514 3335 3607 3374 an-

2036 3410 2118 3463 nis
2154 3410 2505 3479 multiplicare
2540 3410 2787 3479 dignetur
2814 3419 2868 3465 ct
2904 3412 3127 3478 meritis,
3160 3410 3373 3465 domine
3424 3410 3614 3465 beatis-

2037 3500 2169 3553 sime
2210 3515 2272 3553 ac
2317 3501 2786 3567 reverentissime,
2835 3511 2991 3571 atque
3039 3518 3068 3556 a
3117 3517 3203 3557 me
3250 3503 3429 3559 debito
3471 3503 3614 3559 cultu

2038 3592 2378 3662 singulariter
2406 3592 2737 3650 observande
2768 3593 2819 3647 in
2844 3594 3052 3649 Christo
3080 3606 3323 3665 patrone.

2538 3751 2871 3808 EPISTULA
2898 3751 3013 3806 XIV
3044 3749 3092 3805 ἀ.

2112 3888 2333 3943 Domino
2355 3898 2542 3944 sancto
2565 3906 2627 3945 ac
2651 3891 2981 3957 beatissimo,
3023 3902 3076 3947 et
3118 3895 3261 3947 omni
3306 3894 3435 3951 mihi
3474 3898 3618 3953 cultu

2038 3989 2198 4049 atque
2229 3979 2435 4033 honore
2459 3980 2765 4035 venerando
2797 3984 2954 4049 patri,
2986 3991 3038 4037 et
3070 3984 3120 4036 in
3156 3983 3367 4039 Christo
3397 3985 3617 4043 Domino

2041 4079 2266 4137 patrono
2293 4069 2506 4123 Ruricio
2529 4071 2777 4137 episcopo
2809 4080 2831 4105 ο
2854 4054 3157 4125 Turentius.

2111 4160 2323 4215 Littera:
2349 4162 2651 4215 sanctitatis
2684 4170 2874 4215 vestra!
2907 4177 2991 4216 me
3012 4156 3234 4231 spiritali
3268 4164 3386 4217 cibo
3409 4174 3617 4235 pastum

2042 4250 2399 4305 incitaverunt
2429 4251 2494 4303 ad
2526 4266 2674 4318 spem
2707 4251 3025 4318 futurormn,
3074 4264 3126 4306 ct
3170 4254 3331 4307 verba
3381 4256 3618 4325 prophe-

2043 4342 2144 4396 tica
2197 4344 2437 4398 claritate
2486 4343 2747 4398 radiantia
2784 4385 2798 4411 ,
2851 4344 2917 4397 ad
2972 4344 3331 4401 discutiendas
3373 4361 3617 4404 errorum

2043 4435 2311 4500 tenebras,
2337 4436 2616 4504 purissim‘a
2647 4436 2764 4490 luce
2791 4436 3069 4490 fulserunt.
3118 4437 3459 4505 Recognosce
3501 4438 3617 4505 ple-

363 4536 676 4593 tributiones
704 4538 1001 4607 acquiritis.
1033 4538 1135 4594 Sed
1180 4540 1231 4594 in
1258 4540 1585 4596 sublimitate
1632 4554 1805 4596 veSIra
1840 4546 1935 4597 ista

2045 4540 2170 4579 num
2200 4526 2439 4580 caritatis
2469 4526 2735 4595 affectum,
2765 4536 2821 4582 et
2849 4528 3208 4583 sinceritatem
3247 4524 3347 4599 pia:
3386 4531 3616 4600 castiga-

2046 4618 2199 4639 .2-..2-
2267 4618 2563 4639 ι..-..1,-.--.
2600 4617 2945 4639 ,1----ᾼ-ΑΞΑῌ-
2984 4619 3031 4639 2..
3058 4620 3231 4639 _,-_I.!_
3282 4621 3327 4639 !_
3363 4635 3528 4639 _____,s
3553 4620 3611 4639 ιεμ

366 4645 471 4687 non
503 4643 639 4685 nova
664 4641 827 4698 sunt;
863 4631 985 4701 quia
1012 4633 1223 4687 animus
1250 4640 1426 4687 vester
1467 4632 1600 4687 sicut
1632 4633 1823 4703 plenus
1860 4644 1941 4699 est

364 4721 457 4777 Dei
493 4721 706 4790 timore,
732 4723 800 4777 ita
826 4723 1009 4792 plenus
1035 4733 1118 4779 est
1139 4725 1393 4789 caritate;
1427 4725 1669 4790 caritate,
1699 4725 1933 4795 inquam,

362 4829 483 4884 qua:
502 4813 617 4869 solo
643 4829 737 4868 usu
768 4816 995 4884 proficit,
1027 4828 1077 4871 et
1098 4817 1371 4887 largiendo
1393 4819 1706 4885 succrescit,
1724 4830 1778 4873 et
1801 4835 1937 4889 pcn-

362 4921 480 4961 sum
511 4905 707 4972 sciens,
732 4915 788 4961 et
833 4906 1151 4961 detrimenta
1193 4923 1296 4963 non
1325 4910 1579 4964 sentiens.
1616 4910 1747 4964 Dum
1795 4914 1935 4966 enim

361 4998 700 5067 dependitur,
728 5015 830 5055 non
862 5000 1219 5069 cxpenditur;
1250 5000 1341 5056 sed
1376 5003 1564 5071 magis,
1591 5003 1715 5057 dum
1742 5020 1929 5072 proro-

360 5098 533 5159 gatur,
557 5099 808 5159 augetur;
841 5089 1062 5159 ejusque
1085 5091 1249 5159 gratia
1287 5092 1356 5144 ita
1382 5101 1711 5155 muneratur,
1737 5096 1911 5161 pere:-

364 5180 514 5250 piens
528 5198 542 5245 ;
556 5192 610 5235 et
630 5196 735 5236 non
752 5183 1046 5236 minoratur
1060 5181 1388 5250 impertiens,
1404 5198 1521 5253 qua:
1534 5183 1598 5235 ad
1621 5184 1880 5239 similitud
1893 5187 1935 5238 i-

362 5284 485 5327 ηοω
502 5270 801 5327 Divinitatis
814 5273 1059 5344 datquod
1075 5273 1253 5343 habet,
1270 5273 1532 5345 habetque
1549 5274 1687 5344 quod
1703 5275 1932 5332 dederit.

870 5406 1202 5465 EPISTOLA
1228 5406 1347 5462 Xlll
1382 5418 1404 5445 ο
1419 5445 1434 5461 .

431 5519 661 5579 Domino
689 5520 999 5577 beatissimo
1030 5534 1092 5576 ac
1114 5518 1551 5577 reverentissimo
1603 5528 1763 5578 atoue
1792 5537 1821 5577 a
1848 5537 1935 5579 me

336 5698 347 5707 -
434 5675 459 5704 α
493 5665 655 5721 Forte
686 5674 921 5720 vestram.

434 5734 463 5773 ιι
484 5736 637 5803 Apud
668 5736 941 5791 Canisium
973 5735 1039 5790 Χ.

440 5819 461 5847 ε
493 5804 647 5873 Apud
674 5803 942 5864 Canisium
974 5806 1062 5861 XI.

2046 4618 2223 4671 tionis.
2256 4618 2563 4686 Amplcetor
2594 4617 2950 4686 eloquentiam
2984 4619 3036 4673 in
3058 4620 3255 4687 verbis,
3282 4621 3332 4674 in
3355 4620 3616 4690 exemplis

2046 4706 2446 4776 perfectionem,
2481 4707 2533 4762 in
2569 4709 2793 4763 consilio
2829 4710 3073 4779 gratiam,
3126 4710 3178 4764 in
3224 4711 3400 4766 ofﬁcio
3444 4712 3614 4766 indul-

2042 4798 2297 4868 gentiam,
2349 4800 2399 4853 in
2450 4801 2674 4855 veritate
2725 4801 3112 4867 conSIautiam,
3154 4802 3207 4855 in
3252 4801 3612 4857 admonitione

2042 4888 2322 4944 veritatem
2349 4898 2403 4945 et
2434 4891 2730 4945 scientiam.
2765 4890 3004 4945 Probatis
3035 4890 3087 4944 in
3116 4890 3361 4960 dogmate
3397 4905 3494 4945 vos
3520 4908 3612 4945 au-

2045 4979 2219 5048 tiquos
2248 4979 2637 5050 Scripturarum
2679 4982 3015 5051 interpretes,
3046 4988 3101 5036 et
3123 4980 3420 5037 divinorum
3462 4983 3610 5035 volu-

2044 5070 2245 5125 minum
2276 5079 2608 5137 tractatores,
2649 5071 2945 5127 veneranda
2976 5071 3103 5125 mihi
3134 5071 3370 5139 nomina,
3394 5072 3611 5142 Cypria-

2040 5178 2201 5228 num,
2254 5162 2630 5231 Augustinum,
2686 5163 2963 5226 llilarium,
3001 5161 3362 5229 Ambrosium,
3415 5162 3509 5217 sed
3563 5172 3613 5216 et

2040 5251 2273 5306 illustres
2302 5252 2435 5306 alios
2474 5250 2736 5305 facundia:
2765 5251 2895 5305 flore
2926 5260 3241 5317 vernantes,
3286 5251 3421 5307 alios
3458 5262 3513 5307 et
3560 5253 3610 5306 in

2043 5344 2341 5400 revelandis
2387 5343 2767 5400 occultioribus
2806 5341 3101 5412 spiritales,
3146 5344 3281 5399 alios
3319 5342 3613 5398 mulcendis

2045 5437 2411 5505 imperitorum
2439 5435 2685 5491 sensibus
2713 5433 3068 5500 blandientes,
3101 5434 3237 5490 alios
3264 5436 3316 5490 in
3356 5434 3477 5490 fidei
3522 5449 3610 5489 as-

1981 5602 1990 5605 _
2040 5528 2276 5582 sertione
2335 5533 2649 5596 pugnantes.
2697 5524 2988 5580 Praeteritre
3016 5524 3402 5583 calumniamur
3442 5525 3608 5595 artati,

2119 5667 2142 5704 ἀ
2162 5667 2315 5735 Apud
2344 5664 2614 5721 Canisium
2646 5664 2766 5719 XII.

2120 5750 2141 5775 ο
2168 5733 2332 5799 Alias,
2362 5737 2610 5791 Turitius.
2636 5735 2917 5803 Tureitius,
2949 5733 3277 5791 Taurentius.

3639 5336 3653 5373 ἓ

3642 5402 3651 5441 ι

3644 5490 3659 5567 ξ
