4068 6348
420 321 528 374 δυὸ

1874 313 2251 372 EPISTOLIE.

3573 320 3678 377 866

414 427 558 501 quod
583 426 724 483 viros
744 426 865 482 illos
891 424 1243 482 admiratione
1272 424 1615 495 dignissimos
1647 424 1768 480 haec
1808 437 2000 480 saecuta
2027 428 2082 488 Λ
2104 426 2249 483 dicta
2275 436 2419 493 sunt,
2451 428 2734 484 desideriis
2756 428 3061 497 obsistunt;
3100 446 3253 502 rogo,
3292 438 3348 486 et
3388 444 3484 501 per
3517 432 3675 489 Chri-

414 537 524 578 non
545 521 779 576 tulerunt
802 538 817 577 z
850 536 944 591 pro
961 528 1111 576 certo
1130 519 1428 575 doctrinam
1446 518 1676 588 iunioris
1698 516 1993 585 ambirent,

2104 526 2248 572 stum
2279 533 2372 572 vos
2403 517 2613 587 adjuro,
2647 528 2705 574 ut
2728 534 2813 574 me
2852 521 3005 576 vobis
3030 530 3206 577 vestra
3248 535 3461 591 semper
3507 524 3679 594 pietas

411 614 504 684 qui
533 622 659 669 ante
686 611 1002 668 docuerunt.
1035 613 1146 683 Ego
1180 621 1357 668 autem
1386 620 1596 668 aetatem
1625 626 1744 668 eam
1773 625 1881 668 non
1932 611 2000 667 de
2091 617 2473 678 repraesentet.
2496 608 2605 663 Nec
2631 610 2903 679 patiamini
2942 618 2998 665 ut
3027 626 3123 681 pro
3164 610 3469 666 officiorum
3511 611 3681 668 tardi-

412 702 717 758 eanentium
749 703 1019 772 putamine
1070 702 1379 772 capillorum
1409 741 1425 767 ,
1480 717 1599 769 nec,
1650 702 1789 757 sicut
1826 702 1998 758 beati-

413 794 543 848 tudo
570 801 748 848 vestra
772 793 839 848 de
868 793 1107 848 sreculari
1136 800 1354 847 auctore
1376 800 1614 847 mutuata
1654 801 1736 847 est
1757 833 1772 859 ,
1802 791 1871 847 de
1909 806 1999 848 co-

414 884 531 938 lore
562 883 738 937 barbae
774 881 1003 937 albentis
1031 895 1285 951 agnosco.
1339 882 1473 935 Cum
1512 881 1720 936 etiamsi
1760 895 1866 936 non
1911 895 1998 936 es-

416 988 533 1028 sent
563 973 616 1028 in
646 983 897 1042 computo
925 974 1274 1038 senescentis,
1310 988 1480 1028 annos
1505 974 1809 1042 decrepitos
1829 988 2000 1028 mem-

414 1063 635 1119 brorum
661 1079 752 1133 per
775 1064 945 1121 morbi
969 1066 1295 1121 incrementa
1321 1066 1599 1121 sentirem.
1626 1066 1731 1122 Sed
1758 1068 1999 1141 omnium

413 1170 635 1226 precum
663 1155 963 1212 humilitate
984 1157 1236 1227 deposco,
1266 1168 1325 1212 ut
1372 1174 1468 1227 pro
1507 1159 1842 1214 correctione
1884 1175 2001 1216 mo-

410 1260 529 1303 rum
562 1262 822 1317 meorum,
852 1263 949 1318 pro
987 1249 1297 1317 inspirando
1342 1250 1470 1304 mihi
1514 1249 1785 1306 desiderio
1826 1250 1999 1319 poeni-

411 1338 590 1405 tendi,
628 1353 725 1409 pro
773 1338 980 1393 Domini
1029 1339 1199 1393 nostri
1242 1340 1639 1409 propitiatione,
1694 1340 1747 1393 in
1795 1341 1998 1394 sanctis

416 1431 613 1487 vestris
635 1430 963 1485 orationibus
992 1431 1320 1500 supplicetis,
1370 1440 1426 1485 ut
1472 1432 1561 1500 qui
1606 1431 1673 1484 ad
1722 1420 1995 1486 vitandum

415 1522 659 1591 proclive
684 1520 825 1576 illius
846 1520 946 1575 vite
974 1521 1027 1575 in
1058 1520 1355 1590 perniciosa
1390 1522 1681 1590 vergentis,
1706 1530 1908 1576 rectum
1942 1530 1997 1576 et

416 1628 542 1669 cum
569 1614 754 1668 labore
777 1612 1125 1684 gradiendum
1160 1614 1260 1667 iter
1286 1612 1589 1679 ostenditis,
1622 1622 1676 1666 et
1698 1613 1994 1682 ingressum

411 1706 541 1762 boni
560 1705 739 1775 operis
765 1714 819 1761 et
870 1704 969 1774 piae
997 1704 1385 1759 emendationis
1410 1704 1694 1757 obtineatis
1723 1702 1990 1769 effectum,

2107 708 2216 754 tate
2258 700 2535 755 caritatem
2580 702 2886 767 imminuat,
2936 710 3030 757 aut
3061 701 3285 758 oll‘uscet
3315 702 3531 769 oblivio,
3580 703 3677 759 sed

2102 803 2202 858 pro
2232 805 2338 854 me,
2390 791 2531 844 sicut
2581 789 2756 846 facere
2800 806 2895 847 vos
2942 802 3124 849 certus
3167 808 3304 859 sum,
3350 792 3681 852 incessanter

2103 878 2309 947 oretis;
2356 890 2409 935 ct
2458 881 2668 950 quoties
2707 890 3060 951 opportunum
3106 882 3298 952 fuerit,
3337 899 3551 941 servum
3591 900 3682 942 ve-

2103 978 2271 1027 strum
2300 986 2397 1041 per
2415 972 2684 1043 colloquia
2715 973 3011 1028 litterarum
3040 975 3258 1031 visitare
3279 974 3586 1046 dignemini.

2619 1082 2948 1139 EPISTULA
2972 1084 3087 1139 XVI
3119 1096 3165 1139 ο.

2172 1173 2399 1228 Domino
2426 1183 2611 1229 sancto
2637 1190 2701 1228 ac
2732 1174 3043 1230 beatissimo
3087 1186 3143 1231 et
3190 1178 3483 1247 apostolica
3525 1193 3679 1236 reve-

2100 1263 2275 1350 rentia
2301 1262 2662 1333 suscipiendo,
2697 1278 2872 1333 papae,
2911 1273 2965 1320 et
2990 1280 3111 1322 meo
3144 1268 3363 1337 speciali
3403 1269 3543 1339 apud
3571 1270 3675 1325 Do-

2100 1352 2302 1408 minum
2330 1362 2558 1423 patrono
2584 1354 2803 1409 Ruricio
2827 1355 3074 1411 Sedatus.

2171 1443 2375 1499 Refecit
2406 1460 2493 1499 me
2534 1445 2674 1500 ﬁlius
2718 1454 2920 1513 noster,
2969 1448 3216 1517 salutem,
3272 1451 3675 1509 salutationem-

2098 1549 2203 1604 quc
2225 1544 2365 1590 tuam
2399 1536 2648 1593 nuntians
2677 1554 2696 1591 :
2727 1554 2821 1607 per
2849 1554 3007 1608 quem
3033 1554 3132 1610 ego
3179 1556 3308 1611 quas
3359 1558 3464 1599 non
3512 1546 3684 1601 merui

2098 1623 2341 1679 litteras?
2370 1626 2503 1683 Dedi
2535 1644 2599 1683 ex
2629 1627 2730 1684 hoc
2759 1629 3026 1685 desiderio
3064 1646 3187 1686 meo
3235 1633 3592 1701 satisfaciens,
3640 1636 3687 1689 si

2100 1716 2184 1771 vel
2208 1716 2373 1772 ol‘ftcii
2415 1718 2480 1773 ad
2521 1734 2617 1774 vos
2658 1720 2846 1790 pagina
2895 1721 3225 1790 perveniret.
3275 1723 3461 1779 Saluto
3509 1724 3686 1795 itaque

411 1814 523 1855 non
553 1800 605 1853 in
634 1798 845 1853 fervore
871 1796 1190 1864 disciplinae,
1223 1796 1317 1853 sed
1345 1797 1397 1851 in
1439 1796 1786 1868 indulgentia:
1824 1798 1994 1854 metli-
2026 1788 2075 1850 B
2103 1806 2412 1877 plurimum,
2436 1817 2490 1863 ει
2511 1788 2761 1879 νοεοίρρί-
2786 1788 2931 1864 illam
2957 1812 3237 1868 caritatem
3259 1828 3377 1882 qua;
3410 1814 3541 1869 mihi
3588 1788 3675 1869 εἶτ.

410 1889 534 1947 cina
580 1898 631 1946 et
675 1889 1059 1947 misericordiae
1108 1890 1344 1946 lenitate.
1397 1891 1545 1946 lianc
1593 1906 1803 1962 quoque
1845 1893 1997 1948 vobis

410 1983 652 2041 conferte
676 1983 980 2039 mercedem
1014 2001 1028 2037 ε
1069 1982 1277 2039 debetis
1304 1984 1446 2038 enim
1486 1983 1639 2038 fenus
1670 1984 1894 2040 Domino
1931 1983 1999 2039 de

416 2073 691 2144 thesauro,
723 2074 813 2144 qui
840 2073 963 2129 fidei
995 2084 1189 2130 vestra:
1212 2075 1441 2131 traditus
1474 2084 1528 2130 et
1566 2075 1717 2131 vobis
1740 2076 1831 2131 illo
1854 2090 2001 2131 com-

413 2164 710 2221 mendante
738 2172 1022 2235 susceptus
1040 2175 1141 2221 est.
1491 2162 1501 2179 ‘

488 2255 758 2326 Acquirite
778 2256 1153 2326 desperantes,
1196 2258 1401 2328 arguite
1444 2259 1796 2327 negligentes,
1841 2258 1995 2313 dedi-

412 2356 501 2405 tos
526 2362 715 2403 somno
744 2347 944 2418 ignavae
963 2349 1263 2403 securitatis
1292 2349 1550 2413 excutite,
1599 2348 1811 2403 desides
1852 2350 1999 2404 exci-

411 2446 543 2493 tate.
596 2439 758 2493 Decet
821 2453 973 2495 ovem
1021 2439 1281 2509 perditam
1341 2440 1393 2493 in
1454 2440 1691 2494 humeris
1742 2440 1853 2493 suis
1909 2441 2003 2494 bo-

411 2544 543 2584 num
601 2539 876 2600 reportare
928 2540 1193 2599 pastorem
1223 2572 1240 2598 ,
1294 2540 1349 2585 et
1408 2530 1784 2586 munitioribus
1837 2530 2003 2587 caulis

410 2636 508 2678 eas
529 2622 719 2692 quibus
756 2622 910 2693 lupus
939 2623 1218 2678 insidiatur
1247 2623 1539 2678 includere.

489 2717 742 2771 Sanctum
786 2716 1135 2786 Augustinum
1163 2757 1178 2782 ,
1230 2718 1368 2772 sicut
1422 2716 1739 2786 jusseratis,
1804 2717 2002 2783 inveni,

411 2824 575 2879 quem
622 2824 743 2864 cum
788 2810 899 2864 ﬁlio
940 2811 1209 2865 communi
1259 2811 1479 2865 Rustico
1525 2813 1841 2880 presbytero
1884 2824 2006 2865 esse

414 2902 727 2958 credebam.
751 2903 940 2973 Opera:
968 2905 1193 2972 pretium
1222 2912 1303 2958 est
1326 2913 1383 2977 ut
1407 2903 1742 2957 admiremini
1772 2903 2005 2957 studium

414 3009 619 3062 meum,
667 2995 807 3064 quod
853 3010 973 3064 qua:
1020 2995 1273 3064 opuscula
1330 2995 1678 3059 continebat,
1729 2994 2005 3063 hucusque

414 3086 617 3143 nescivi
648 3099 799 3152 sane,
820 3098 847 3125 ι
878 3086 1206 3155 capitulatim
1228 3087 1336 3156 jam
1367 3087 1561 3141 librum
1582 3085 1887 3141 traditurus
1918 3089 2004 3141 in-

414 3179 594 3247 spexi.
623 3177 949 3233 Cltartaceus
979 3178 1112 3233 liber
1140 3188 1245 3246 est,
1272 3190 1323 3234 et
1354 3179 1420 3232 ad
1447 3178 1721 3233 ferendam
1755 3182 2000 3249 injuriam
2028 3159 2075 3219 ο

418 3282 609 3339 parum
630 3267 785 3324 fortis
813 3286 827 3323 :
873 3270 996 3339 quia
1024 3269 1181 3327 citius
1202 3271 1408 3339 charta,
1440 3274 1579 3327 sicut
1608 3274 1778 3328 nostis
1798 3313 1813 3340 ,
1850 3283 2004 3329 velu-

417 3369 565 3417 Itate
591 3360 949 3427 consumitur;
980 3362 1137 3431 legite
1162 3364 1206 3417 si
1238 3362 1406 3429 lubet,
1439 3371 1599 3433 atque
1642 3365 2001 3420 transcribite.

418 3448 489 3505 Et
516 3465 674 3520 spero
705 3462 761 3504 ut
785 3460 1063 3521 postquam
1095 3452 1245 3507 vobis
1268 3452 1407 3508 bene
1448 3454 1693 3523 cognitus
1726 3454 2002 3523 fuerit,'a(l

422 3555 532 3607 me,
565 3540 648 3594 cui
676 3548 761 3596 est
809 3541 1133 3612 incognitus,
1186 3544 1524 3611 remittatur;
1567 3545 1691 3614 quia
1736 3546 2007 3617 corrigere

422 3633 805 3703 negligentiam
848 3649 1019 3689 meam
1080 3636 1415 3705 lrequentata
1462 3636 1792 3695 membranae
1839 3641 2005 3710 ipsius

423 3723 652 3782 lectione
676 3725 921 3796 dispono.
950 3727 1053 3781 Ora
1084 3742 1178 3795 pro
1207 3744 1313 3785 me.

918 3816 1251 3874 EPISTULA
1281 3819 1452 3875 XV).

499 3911 722 3991 Domino
748 3919 934 3967 sancto
980 3926 1045 3966 ac
1082 3911 1394 3967 beatissimo
1438 3920 1493 3967 et
1528 3914 1818 3983 apostolica
1848 3929 2003 3971 reve-

434 4006 605 4060 rentia
634 4003 1005 4074 suscipiendo.
1027 4016 1177 4073 papa:
1202 4002 1418 4058 Ruricio
1438 4003 1687 4060 Sedatus.

500 4096 641 4150 Satis
668 4093 894 4160 credidi,
925 4101 980 4149 et
1004 4108 1161 4163 quam
1202 4093 1401 4149 habere
1431 4094 1531 4150 iter
1577 4095 1730 4151 vobis
1776 4095 2007 4151 laborio-

428 4200 544 4241 sum
576 4195 739 4255 esset,
767 4195 821 4241 et
848 4183 1196 4241 vehementer
1216 4184 1395 4254 optavi
1423 4195 1481 4240 ut
1518 4186 1586 4241 ad
1627 4189 2003 4243 necessitatem

430 4278 607 4345 istam,
632 4293 749 4348 qua:
779 4278 864 4333 hic
889 4291 987 4333 nos
1014 4276 1276 4343 exhibuit,
1316 4278 1571 4334 veniretis
1598 4281 1680 4335 vel
1724 4296 1819 4350 per
1846 4296 2005 4337 occa-

429 4368 662 4437 sionem;
698 4378 746 4425 et
772 4368 1197 4425 benedictionem
1228 4378 1462 4425 vestram
1490 4386 1748 4434 mererer.
1782 4381 1836 4429 et
1865 4372 2007 4428 desi-

430 4458 634 4514 derium
664 4475 947 4516 commune
971 4471 1154 4516 mutuo
1180 4460 1464 4517 satiaretur
1490 4470 1709 4531 aspectu
1733 4482 1746 4529 ;
1796 4473 1851 4519 et
1876 4479 2004 4520 vere

432 4556 774 4617 posteaquam
798 4565 886 4605 me
909 4553 1207 4618 pratsentize
1245 4562 1439 4608 vestra:
1468 4567 1592 4623 spes
1622 4554 1873 4610 frustrata
1896 4564 1999 4623 est,

434 4638 579 4691 velut
603 4638 667 4692 de
705 4648 947 4693 votorum
977 4642 1209 4699 culmine
1233 4644 1492 4713 dejectus,
1518 4655 1572 4702 et
1608 4646 1778 4713 labor,
1806 4647 1896 4719 qui
1920 4648 2003 4703 in-

433 4728 635 4795 cubuit,
666 4737 720 4783 et
757 4728 997 4784 absentia
1025 4730 1237 4799 domus,
1276 4744 1331 4789 et
1371 4736 1570 4802 omnia,
1617 4737 1807 4806 quibus
1850 4738 2003 4808 aegri-

433 4819 560 4875 tudo
580 4819 819 4889 decepta:
848 4820 983 4889 spei,
1015 4830 1070 4877 et
1096 4823 1339 4878 anxietas
1360 4827 1661 4882 cumulatur
1688 4829 1739 4881 in
1766 4829 2002 4882 animum

432 4925 609 4965 tneum
640 4910 840 4979 pariter
865 4922 1250 4968 convenerunt.
1283 4915 1350 4970 Et
1397 4916 1499 4969 scit
1545 4914 1820 4984 Dominus,
1866 4919 2009 4987 quod

434 5006 480 5060 si
506 5006 647 5062 vires
672 5014 1036 5078 suppeterent,
1067 5018 1157 5064 aut
1186 5024 1374 5080 parere
1401 5009 1702 5076 desideriis,
1735 5011 1903 5067 aetatis
1931 5014 2013 5068 in-

436 5098 659 5155 firmitas
702 5110 1003 5170 pateretur;
1051 5111 1143 5157 aut
1183 5103 1229 5156 si
1268 5111 1447 5158 essent
1496 5103 1763 5169 animalia,
1815 5105 2010 5173 quibus

439 5197 641 5247 tantum
689 5193 781 5247 tali
826 5203 1065 5263 tempore
1113 5205 1295 5265 posset
1340 5196 1545 5250 itineris
1600 5196 1864 5265 expediri,
1904 5212 2009 5254 non

441 5282 587 5351 prius
619 5296 721 5352 ego
750 5295 781 5336 a
807 5283 999 5340 Tolosa
1024 5295 1344 5352 reverterer,
1372 5302 1527 5357 quam
1559 5288 1899 5344 beatitudinis
1920 5305 2011 5345 ve-

440 5382 567 5429 sme
597 5382 653 5430 et
688 5374 969 5444 singularis
1000 5378 1138 5433 illius
1168 5381 1403 5437 caritatis
1444 5382 1870 5438 benedictionem
1911 5384 2009 5440 de-

440 5463 877 5523 sideratissimam
902 5481 1256 5538 promererer.
1290 5472 1395 5528 Sed
1422 5475 1542 5543 quia
1568 5474 1681 5531 haec
1705 5490 1822 5543 quae
1850 5488 2010 5545 supra

513 5606 539 5669 ξ
579 5597 740 5669 Forte
765 5597 1004 5669 Capitula
1033 5607 1196 5657 tamen
1218 5605 1420 5669 librum.

512 5666 542 5707 ι’
570 5668 722 5735 Apud
753 5667 1021 5723 Canisium
1052 5670 1187 5725 XIII.

518 5748 540 5778 ε
568 5738 720 5807 Apud
746 5739 1016 5796 Canisium
1056 5741 1196 5796 XIV.

2103 1900 2299 1954 fectum
2323 1900 2793 1972 dignationemque
2824 1912 2966 1957 tuant
3003 1906 3231 1971 nuntiat,
3283 1920 3349 1961 ne
3392 1914 3446 1961 te
3487 1908 3682 1977 pigeat,

2103 1992 2314 2060 quoties
2338 2000 2716 2063 opportunum,
2738 2010 2952 2049 servum
2977 2004 3121 2050 tuum
3146 1996 3442 2052 litterarum
3465 2013 3687 2055 munere

2103 2084 2341 2139 visitare.
2367 2085 2503 2151 Quia
2536 2093 2702 2140 testor
2733 2085 3013 2140 Dominum
3036 2087 3178 2156 quod
3210 2097 3328 2156 post
3352 2091 3687 2160 praesentiam

2106 2184 2251 2229 tuam
2281 2177 2411 2229 nihil
2440 2178 2567 2229 ntihi
2602 2177 2806 2230 dulcius
2835 2186 2940 2241 est,
2965 2192 3122 2247 quam
3150 2180 3195 2232 si
3225 2181 3545 2250 colloquium
3591 2183 3687 2238 de-

2112 2266 2553 2321 siderantissitnae
2581 2268 2811 2336 pietatis,
2853 2269 2937 2323 vel
2978 2270 3273 2327 litterarum
3321 2272 3685 2343 dignationem

2116 2374 2385 2413 meruero.
2414 2360 2563 2429 Rogo
2589 2362 2770 2427 etiam,
2799 2371 2851 2415 et
2873 2363 3017 2416 ontni
3043 2379 3201 2432 prece
3222 2366 3473 2435 deposco.
3500 2376 3555 2421 ut
3590 2382 3687 2437 pro

2107 2466 2216 2515 me,
2242 2452 2378 2504 sicut
2409 2451 2581 2506 facere
2614 2468 2706 2506 vos
2735 2462 2911 2507 certus
2932 2469 3071 2521 sum,
3109 2457 3226 2511 sine
3264 2458 3561 2513 cessatione
3600 2459 3681 2513 in-

2110 2541 2385 2597 tercedere
2416 2553 2468 2597 et
2519 2531 2673 2596 mare
2702 2542 3014 2613 dignemini.
3046 2545 3215 2602 Filios
3255 2558 3464 2605 nostros
3510 2558 3565 2605 et
3592 2564 3687 2606 ve-

2116 2648 2311 2688 nerans
2342 2642 2396 2690 et
2424 2634 2737 2690 desiderans
2764 2636 2958 2693 saluto.

2615 2752 2946 2808 EPISTOLA
2975 2754 3115 2811 xvn
3136 2752 3181 2810 ἀ.
3254 2830 3255 2833 γ

2185 2861 2410 2917 Domino
2439 2873 2645 2934 sancto,
2675 2866 2880 2921 meritis
2915 2867 3245 2949 beatissimo,
3281 2883 3450 2938 papm,
3475 2869 3689 2926 honoris

2111 2951 2255 3005 cultu
2299 2954 2674 3023 suspiciende,
2742 2968 2901 3027 atque
2958 2959 3253 3028 apostolico
3298 2958 3433 3029 patri
3474 2959 3690 3030 domino

2110 3038 2328 3098 Ruricio
2357 3045 2609 3114 episcopo
2633 3046 2927 3102 Eul‘rasius.

2183 3126 2478 3190 Taediosam
2529 3136 2779 3205 pietatem
2820 3146 3050 3193 vestram
3099 3154 3220 3196 esse
3276 3141 3419 3195 tenui
3478 3155 3692 3197 rumore

2107 3227 2366 3293 cognovi;
2416 3227 2509 3282 sed
2545 3226 2735 3283 harum
2784 3228 3022 3299 bajulum
3055 3230 3337 3297 destinavi,
3368 3240 3426 3286 ut
3450 3231 3691 3287 anxieta-

2110 3328 2217 3374 tem
2245 3334 2415 3373 meam
2455 3320 2523 3375 de
2572 3322 2864 3376 acerbitate
2914 3323 3083 3376 nuntii
3128 3324 3377 3378 celeriter
3413 3324 3691 3380 reveletis.

2107 3409 2241 3476 Quia
2272 3411 2370 3464 scit
2400 3410 2575 3465 divina
2621 3412 2791 3481 pietas
2835 3412 2976 3482 quod
3008 3421 3062 3467 et
3090 3414 3359 3468 tristitiam
3385 3420 3441 3470 et
3467 3414 3693 3469 infirmi-

2110 3510 2271 3558 tatem
2294 3511 2524 3559 vestram
2559 3519 2663 3558 non
2692 3504 3095 3574 compatientis,
3121 3506 3215 3560 sed
3248 3506 3568 3575 perferentis
3602 3505 3695 3561 do-

2108 3593 2226 3650 lore
2252 3596 2534 3664 participe.
2566 3596 2654 3651 Sic
2700 3596 2770 3649 ita
2797 3596 3055 3652 concedat
3091 3596 3270 3651 divina
3305 3598 3597 3661 miseratio,
3638 3603 3695 3655 ut

2110 3686 2241 3740 mihi
2278 3688 2570 3754 permultos
2595 3701 2767 3741 annos
2795 3690 3076 3743 exterioris
3117 3689 3284 3743 vestri
3332 3691 3590 3758 vigorem,
3642 3696 3694 3743 et

2107 3777 2443 3832 alacritatem
2494 3778 2714 3846 integrae
2758 3779 3000 3833 sanitatis
3050 3778 3343 3849 indulgeat.
3390 3780 3525 3848 Quia
3569 3795 3697 3836 vere

2109 3877 2238 3922 tunc
2268 3877 2573 3935 reparatum
2605 3883 2726 3923 esse
2756 3884 2842 3923 me
2871 3870 3066 3934 sentio,
3107 3870 3156 3925 si
3195 3870 3263 3923 de
3304 3872 3562 3939 sospitate
3604 3885 3696 3925 ve—

2113 3968 2224 4016 stra
2254 3959 2485 4017 celerius
2510 3970 2690 4029 optata
2719 3975 3041 4029 cognovero.

2604 4070 2933 4128 EPISTOLA
2956 4070 3121 4127 XVIII
3154 4082 3197 4124 ε.

2188 4185 2416 4242 1)οωίηο
2459 4193 2646 4241 sancto
2688 4183 3031 4239 meritissimo
3072 4185 3127 4237 in
3168 4180 3365 4238 Chrisri
3409 4183 3687 4243 luminaria

2114 4275 2462 4348 prmferendo
2520 4285 2574 4331 et
2638 4275 2919 4345 plurimum
2969 4274 3023 4328 in
3075 4273 3289 4329 Christo
3332 4274 3686 4332 desiderando

2109 4369 2353 4441 piissimo
2364 4368 2587 4424 domino
2604 4367 2824 4423 Ruricio
2840 4365 3093 4436 episcopo
3106 4365 3368 4422 Casarius
3383 4365 3685 4438 episcopus.

2184 4463 2319 4517 Dum
2349 4462 2570 4516 nimium
2601 4459 2941 4515 tribularetur
2976 4457 3188 4512 animus
3215 4472 3387 4523 meus,
3421 4472 3586 4528 quare
3619 4458 3689 4514 ad

2116 4553 2379 4625 synodum
2392 4559 2622 4608 vestram
2639 4548 2975 4619 praesentiam
2995 4561 3099 4602 non
3111 4546 3406 4602 meruimus
3421 4547 3687 4615 obtinere,

2111 4653 2327 4701 sanctus
2358 4652 2412 4699 et
2431 4643 2658 4698 domnus
2684 4652 2837 4697 meus
2852 4637 3023 4693 Verus
3047 4638 3330 4707 episcopus
3352 4638 3480 4693 mihi
3502 4637 3690 4709 digna-

2109 4743 2199 4791 tus
2228 4745 2313 4791 est
2343 4734 2545 4797 dicere,
2569 4730 2710 4802 quod
2735 4744 2829 4800 per
2841 4743 2993 4784 suum
3017 4729 3305 4784 diaconum
3327 4729 3457 4784 mihi
3481 4727 3501 4766 τ
3520 4731 3689 4799 Agate

2110 4838 2317 4885 vestras
2347 4828 2552 4882 litteras
2577 4824 2922 4888 destinasset,
2948 4835 3080 4893 quas
3106 4835 3205 4892 ego
3230 4822 3412 4877 nescio
3434 4835 3540 4891 quo
3562 4836 3690 4877 casu

2115 4932 2208 4978 aut
2235 4936 2338 4991 qua
2367 4918 2689 4988 negligentia
2713 4931 2798 4972 me
2825 4929 2933 4971 non
2974 4916 3183 4972 retineo
3219 4914 3540 4983 suscepisse.
3583 4912 3691 4969 Sed

2114 5022 2296 5069 tamen
2322 5022 2508 5067 sancto
2534 5019 2590 5067 et
2616 5010 2834 5066 domino
2864 5024 2984 5065 meo
3008 5008 3157 5064 fratri
3186 5014 3366 5062 vestro
3394 5004 3693 5060 certissime

2114 5107 2313 5171 credo;
2345 5114 2399 5161 et
2428 5104 2569 5159 malo
2599 5104 2702 5159 hoc
2732 5100 3010 5174 portitoris
3042 5098 3378 5171 negligentia:
3406 5098 3691 5167 imputare.

2117 5200 2225 5257 Sed
2259 5199 2383 5254 licet
2407 5206 2623 5253 sanctos
2648 5206 2701 5251 et
2731 5195 3114 5252 desiderabiles
3143 5200 3350 5249 vestros
3384 5193 3566 5263 apices
3590 5192 3693 5247 mi-

2117 5292 2322 5359 seritis,
2354 5300 2535 5347 tamen
2563 5290 2701 5345 sicut
2728 5288 2831 5358 ipsi
2870 5287 3070 5357 optime
3112 5285 3303 5356 nostis,
3330 5284 3694 5355 dignissimum

2115 5385 2288 5439 fuerat
2314 5391 2370 5437 ut
2398 5394 2683 5451 personam
2703 5377 3005 5448 dirigeretis
3029 5392 3150 5447 qua:
3178 5376 3243 5432 ad
3270 5376 3440 5433 vicem
3464 5380 3694 5429 vestram

2118 5475 2513 5539 subscriberet;
2538 5482 2590 5528 et
2613 5472 2756 5543 quod
2776 5472 2945 5528 sancti
2968 5469 3161 5527 fratres
3187 5468 3349 5525 vestri
3370 5472 3692 5531 statuerunt,

2205 5610 2231 5649 δ
2253 5610 2408 5679 Apud
2439 5609 2707 5665 Canisium
2734 5608 2852 5679 XV.
3474 5650 3481 5653 ν

2210 5737 2215 5745 _
2252 5676 2403 5751 Apud
2432 5679 2704 5736 Canisium
2726 5678 2867 5734 idem
2891 5676 3077 5735 XVIII.
3386 5736 3387 5739 η
3428 5699 3481 5727 ..ι

2211 5754 2232 5793 ¹
2246 5751 2405 5809 Forte
2432 5768 2465 5807 a
2492 5753 2738 5809 cltaritale
2765 5756 2946 5805 vestra.
