4068 6348
388 224 495 281 867

1617 230 1677 288 S.
1719 227 1968 287 FAUSTI
2007 230 2414 289 RllEGlENSlS

3559 241 3669 299 868

386 342 442 397 in
472 353 701 409 persona
724 351 900 398 vestra
940 342 1261 399 firmaretur.
1318 343 1423 398 Sed
1468 344 1591 414 quia
1640 346 1765 401 novi
1807 360 1973 417 quam
1996 351 2051 412 Α
2074 350 2243 403 rentia
2294 347 2634 417 suscipiendo
2658 348 2876 409 domino
2897 362 2951 410 et
2973 368 3124 425 papae
3154 354 3378 413 Ruricio
3408 357 3668 432 episcopo

387 438 596 497 sancto,
622 447 683 486 ac
706 433 989 504 frequenti,
1013 443 1069 489 et
1091 434 1179 503 pio
1203 434 1473 490 desiderio
1499 436 1761 495 interesse
1787 438 1969 493 volu'e-s

329 508 336 518 ’
385 523 507 577 ritis
548 526 796 580 omnibus
844 526 1099 580 fratribus
1145 528 1337 582 vestris
1366 568 1381 594 ,
1424 537 1606 583 votum
1643 539 1877 586 vestrum
1917 538 1972 584 et

385 625 624 671 sanctam
656 617 979 672 voluntatem
1008 618 1251 688 exposui,
1284 634 1380 689 pro
1405 636 1509 691 qua
1530 636 1590 676 re
1617 621 1753 677 nihil
1784 622 1968 692 pietati

383 716 575 762 vestrae
616 708 700 762 vel
745 708 1046 776 potuimus,
1082 710 1170 764 vel
1205 710 1485 781 debuimus
1528 714 1809 783 imputare.
1860 712 1967 769 Sed

386 799 510 854 licet
542 799 951 855 desiderabilem
982 812 1215 857 vestram
1261 805 1599 872 praisentiam
1629 819 1735 861 non
1768 805 1968 861 habue-

380 892 584 958 rimus,
641 892 946 949 orationum
995 905 1171 952 tamen
1225 905 1522 953 vestrarum
1571 898 1818 969 suﬁ'ragia
1870 912 1967 955 nos

381 984 641 1038 meruisse
664 987 1117 1053 persentimus,et
1143 989 1265 1045 ideo
1297 991 1377 1044 his
1408 990 1569 1045 dictis
1599 991 1775 1045 saluto
1804 990 1969 1059 pluri-

384 1090 529 1127 mum
561 1074 755 1130 aifectu
787 1086 841 1132 et
864 1078 1091 1146 honore,
1131 1096 1236 1151 quo
1265 1082 1482 1153 dignum
1526 1092 1637 1146 est;
1677 1091 1729 1137 et
1750 1097 1881 1151 rogo
1910 1090 1969 1137 ut

378 1181 466 1223 me
501 1169 700 1225 sanctis
734 1178 789 1225 et
835 1171 1133 1227 illustribus
1162 1176 1412 1243 precibus
1454 1175 1612 1231 simul
1653 1190 1716 1230 ac
1759 1176 1965 1233 meritis

377 1256 605 1317 Domino
621 1263 939 1319 commende
951 1264 1036 1329 tis,
1057 1264 1328 1335 simulque
1349 1266 1526 1321 indico
1541 1266 1727 1335 pietati
1743 1274 1960 1333 vestrm,

376 1359 432 1405 et
453 1352 575 1420 quia
605 1353 743 1406 filius
767 1365 942 1410 vester
973 1356 1294 1425 Eudomius,
1325 1360 1369 1414 si
1394 1360 1629 1428 potuerit
1656 1359 1757 1414 hoc
1785 1345 1965 1415 elabo-

379 1456 517 1507 rare,
542 1443 809 1501 desiderat
836 1462 850 1511 ;
878 1455 935 1501 ut
963 1450 1376 1516 superveniente
1401 1466 1543 1506 anno
1568 1451 1779 1507 Tolosa:
1804 1466 1964 1521 syno-

383 1533 525 1597 tlum,
559 1533 773 1591 Christo
817 1539 1063 1608 propitio,
1099 1541 1411 1610 habeamus,
1442 1543 1557 1611 ubi,
1595 1544 1757 1600 etiam
1794 1545 1841 1599 si
1870 1559 1965 1612 po-

380 1623 560 1686 tuerit,
594 1626 862 1695 Hispanos
890 1629 1005 1684 vult
1032 1631 1316 1701 episcopos
1358 1635 1668 1690 convenire.
1725 1635 1793 1690 Et
1843 1635 1962 1691 ideo

380 1722 406 1753 α
435 1729 532 1771 oro
565 1725 615 1771 te
645 1726 703 1771 ut
734 1727 841 1775 tam
879 1730 1066 1785 sancto
1095 1722 1366 1781 desiderio
1416 1740 1514 1782 suo
1566 1726 1823 1783 Dominus
1868 1728 1965 1782 tri—
1992 1735 2041 1796 Β

380 1804 541 1863 bucre
563 1808 807 1878 dignetur
831 1812 1104 1869 effectum.

452 1900 704 1956 Sanctum
740 1919 867 1958 vero
898 1914 952 1960 et
990 1906 1358 1967 dulcissimum
1404 1911 1622 1968 fratrem
1654 1928 1831 1968 meum
1859 1914 1959 1970 Ca-

379 1988 619 2059 pillutum
676 1995 1066 2066 presbyterum,
1114 2009 1408 2056 amatorem
1453 2012 1508 2058 et
1552 2004 1989 2075 praedicatorem,

377 2086 633 2149 vestrum,
667 2090 860 2137 vestrae
890 2086 1286 2154 sanctimoniae,
1314 2098 1508 2158 quanta
1537 2092 1693 2147 valeo
1726 2094 1960 2149 insinua-

374 2170 520 2229 tione
543 2175 891 2242 commendo;
934 2186 988 2232 et
1013 2194 1108 2246 pro
1138 2181 1256 2250 ipso
1299 2183 1451 2238 vobis
1479 2184 1721 2255 ingentes
1749 2198 1803 2243 et
1832 2188 1962 2245 ube-

372 2275 462 2323 res
482 2265 681 2333 gratias
710 2282 831 2336 ago,
863 2268 987 2337 quia
1016 2281 1275 2340 quantum
1313 2274 1428 2343 ipse
1464 2278 1715 2345 asseruit,
1751 2288 1955 2336 tantum

371 2365 431 2411 se
457 2354 600 2410 circa
638 2356 789 2413 illum
840 2357 1101 2428 impendit
1146 2363 1231 2431 pia
1262 2373 1315 2418 et
1346 2365 1557 2423 sincera
1582 2368 1955 2428 benevolentia

373 2456 550 2503 vestra
582 2490 597 2515 ,
658 2457 717 2504 ut
769 2450 873 2507 hoc
917 2452 1096 2508 nullus
1144 2454 1417 2511 hominum
1453 2460 1620 2526 possit
1662 2476 1952 2531 exponere.

372 2536 523 2595 Nunc
552 2552 682 2607 ergo
711 2540 835 2610 quia
866 2557 962 2611 pro
993 2552 1174 2599 vestro
1209 2548 1478 2603 desiderio
1515 2560 1748 2607 aestuans
1785 2554 1958 2624 pieta-

371 2639 478 2686 tem
505 2641 735 2686 vestram
763 2636 1005 2703 expetiit,
1030 2637 1248 2707 dignum
1275 2639 1506 2709 iudicavi
1549 2652 1608 2697 ut
1654 2660 1748 2715 per
1777 2646 1975 2716 ipsum.

369 2722 687 2779 humilitatis
737 2726 944 2782 litteras
992 2728 1356 2800 destinarem,
1409 2750 1513 2803 quo
1560 2748 1863 2807 remeante,
1908 2742 1952 2795 si

367 2815 613 2875 Christus
636 2821 903 2887 annuerit,
938 2824 1115 2893 apices
1142 2836 1373 2896 vestros,
1401 2831 1553 2899 quasi
1581 2832 1800 2890 cceleste
1829 2850 1950 2890 mu-

366 2922 467 2964 nus
494 2908 741 2967 dcsidero
770 2916 1087 2983 promereri.
1114 2916 1218 2974 Ora
1248 2935 1345 2991 pro
1372 2936 1478 2979 me.

897 3094 1231 3153 EPISTULA
1273 3098 1412 3156 ΧΙΧ.

434 3246 463 3287 δ
492 3247 719 3303 Domino
748 3256 933 3305 sancto
964 3264 1026 3304 ac
1064 3250 1375 3309 beatissimo
1399 3262 1453 3310 et
1480 3259 1769 3327 apostolica
1797 3275 1949 3319 reve-

434 3392 458 3420 ε
483 3381 641 3438 Forte
667 3394 828 3440 orate.

432 3450 471 3529 ξ
504 3452 1023 3529 Epistoiaadquam
1049 3456 1142 3529 hic
1188 3460 1475 3529 respondet
1518 3464 1743 3522 Sedatus
1774 3482 1951 3528 exstat

359 3522 636 3648 :qguricii
660 3522 1018 3593 Epistolarum
1047 3527 1139 3582 lib.
1178 3543 1215 3583 ll
1234 3568 1250 3595 ,
1278 3522 1449 3600 'epist.
1495 3532 1564 3589 54
1584 3576 1597 3602 ,
1642 3522 1943 3608 supravcoii

434 3674 457 3703 ο
484 3664 665 3746 Codex
710 3681 817 3752 ms.
843 3667 955 3752 haec
987 3669 1102 3725 sine
1129 3670 1238 3730 ulla
1264 3672 1624 3752 distinctione
1654 3680 1943 3752 conjungit.

361 3733 477 3819 Ego
520 3735 741 3818 sejungo
770 3747 823 3792 et
853 3738 1109 3819 lacunam
1148 3753 1295 3819 n0to_.
1346 3744 1481 3819 _Nam
1513 3733 1582 3803 ab
1612 3733 1712 3805 ltoc
1744 3733 1941 3819 (valid;

358 3807 720 3887 quiqueetiam
742 3851 756 3875 ,
788 3824 960 3887 usque
986 3810 1053 3887 ad
1080 3812 1426 3887 linenrhujus
1451 3820 1694 3887 epistolae
1717 3864 1729 3886 ,
1766 3807 1944 3880 omnia

356 3874 424 3963 ad
450 3874 670 3959 verbum
697 3887 826 3961 sunt
848 3874 1055 3963 Sidonii
1106 3884 1172 3938 ad
1218 3874 1526 3963 llecdiciuin
1563 3889 1653 3963 lib.
1686 3874 1755 3959 ti,
1776 3874 1941 3963 epist:

361 3946 414 4020 i,
448 3962 565 4016 qua:
606 3951 680 4003 sic
724 3950 910 4019 incipit
942 3969 955 4003 :
992 3950 1105 4008 Duo
1136 3970 1270 4011 nunc
1293 3958 1483 4020 pariter
1512 3961 1653 4015 mala
1696 3946 1943 4020 stisiiireiii

355 4017 565 4099 Arverni
592 4023 684 4099 tui.
722 4017 1008 4099 Quisnam?
1050 4026 1248 4099 inquis.
1284 4017 1621 4084 Prwscntiam
1663 4017 1941 4099 Seronaii,

355 4096 401 4141 et
428 4089 705 4171 absentiam
733 4103 891 4173 luant.
928 4089 1165 4177 Seronati
1184 4138 1198 4161 ,
1232 4098 1725 4177 inquarn_,_de_cujus
1756 4115 1810 4158 ut
1840 4089 1945 4177 pri;

353 4174 490 4212 mum
525 4161 691 4247 etiam
733 4165 1209 4247 nomine/aquari
1252 4161 1325 4223 sic
1365 4161 1497 4247 mihi
1536 4161 1753 4247 videtur,
1799 4161 1945 4247 quasi

352 4232 567 4297 praescia
607 4232 899 4305 [utzn'orum
928 4232 1124 4305 lusisse
1166 4237 1411 4305 fortuna,
1456 4242 1607 4295 sicuti
1646 4260 1707 4297 ea;
1735 4232 1943 4303 adi‘crso

352 4304 569 4381 majores
612 4303 771 4381 nostri
809 4302 989 4381 prwlia
1013 4346 1029 4371 ,
1076 4302 1257 4381 quibus
1299 4302 1427 4363 nihil
1455 4321 1526 4364 est
1557 4313 1770 4381 fmdius,
1814 4319 1943 4371 bella

354 4369 591 4423 dixerunt
623 4387 640 4423 :
671 4375 863 4454 quique
901 4369 1049 4427 etiam
1083 4369 1195 4454 pari
1221 4369 1577 4454 contrarietate
1598 4424 1613 4447 ,
1648 4369 1792 4449 fata',
1825 4369 1942 4454 quia

352 4453 454 4491 non
494 4440 1020 4522 parcerent_,nl’arcas_
1057 4440 1355 4502 vocitavere.
1392 4440 1679 4516 Rediit,'e't
1708 4440 1899 4510 caetera
1923 4499 1936 4522 ,

351 4522 472 4584 qua:
506 4522 671 4577 usque
700 4510 955 4584 adfinem
1008 4515 1059 4567 in
1102 4529 1201 4571 ms.
1254 4527 1396 4573 sunt.
1440 4510 1718 4584 Quomodo
1763 4510 1939 4581 autem

351 4577 444 4657 hie
466 4591 617 4631 error
648 4582 961 4657 contigerit,
989 4593 1053 4657 ut
1098 4600 1219 4653 pars
1245 4577 1487 4657 epistola)
1518 4592 1698 4647 Sedati
1730 4577 1938 4650 adiit-1:

352 4647 562 4723 rictum,
596 4647 1052 4723 ctpars'epistolae
1076 4647 1293 4713 Sidonii
1311 4658 1375 4713 ad
1421 4661 1726 4717 Hecdicium
1750 4647 1937 4720 aberi-

438 4700 443 4701 ,
550 4700 561 4711 ,
604 4700 645 4704 --
709 4700 840 4707 ἡ---
884 4700 1051 4710 .--νην
1076 4700 1279 4713 ww”...
1311 4700 1375 4713 ..υ
1421 4700 1816 4719 necunde...“
1841 4700 1937 4720 ω-

351 4718 614 4785 scriptorc
661 4700 1069 4799 liiepe'rperam
1101 4730 1210 4785 sint
1247 4730 1567 4799 conjuncta;
1617 4749 1724 4789 non
1775 4737 1931 4794 facile
1962 4700 2012 4759 Β

352 4800 629 4910 assequor,
675 4793 775 4847 nisi
824 4796 999 4852 scriba
1046 4800 1290 4859 inciderit
1333 4793 1389 4858 in
1433 4793 1671 4861 codicem
1723 4806 1773 4863 in
1824 4793 1927 4878 quo

352 4860 572 4910 natlem:
614 4866 854 4910 mundam
903 4867 1221 4910 excidantur
1277 4871 1573 4910 Ωηιιιςηῖααο
1620 4886 1793 4910 nnhnn
1844 4880 1927 4910 t.:..

351 4860 572 4945 pagella:
614 4866 855 4931 quaedam
882 4860 1574 4945 Aeaciderunt.‘C0ntigisse
1618 4860 1795 4932 autem
1829 4860 1928 4935 itii:

351 4928 508 5009 talem
540 4928 777 5009 errorem
808 4942 952 5009 patet
982 4950 1045 4992 ex
1075 4942 1414 5009 epistolarum
1433 4928 1926 5006 ‘indicéiﬁioiiié

350 4998 504 5064 libri,
534 5003 620 5057 ubi
654 5016 774 5077 post
808 4998 953 5062 hanc
990 4998 1271 5077 cpisiolam
1315 5013 1495 5069 Scdati
1520 4998 1624 5071 ad-
1654 4998 1923 5075 Ruricium

349 5078 601 5155 notantur
638 5076 801 5155 varia:
848 5076 1090 5155 epistolas
1122 5081 1371 5155 Sidonii,
1412 5101 1635 5155 quarum
1682 5092 1823 5144 nulla
1869 5092 1920 5151 in

349 5153 449 5193 ms.
474 5144 657 5199 codice
685 5144 897 5217 scripta
913 5150 1205 5219 est..lndex
1229 5144 1371 5209 enim
1403 5144 1502 5213 lt'oc
1527 5158 1685 5216 modo
1714 5144 1918 5218 habet:

488 5252 728 5318 Epistula
750 5256 930 5315 Sedati
956 5261 1023 5315 ad
1048 5260 1337 5320 Ruricium.

490 5320 730 5392 Epistula
756 5327 962 5384 Sidonii
985 5332 1052 5385 ad
1072 5333 1449 5393 Constantium.

488 5393 606 5447 Alia
635 5394 837 5451 Sidonii
865 5401 934 5452 ad
964 5400 1255 5459 Eucerium.

486 5464 605 5519 Alia
634 5466 837 5523 Sidonii
867 5473 934 5524 ad
963 5471 1284 5532 Tetradium.

488 5535 839 5613 4liaASidonii
859 5542 926 5594 ad
935 5543 1219 5613 Asperum.

488 5606 573 5659 ΑΙ.
603 5608 807 5663 Sidonii
830 5613 899 5665 ad
920 5606 1223 5669 Proculum.

486 5674 576 5732 ΑΙ.
605 5679 816 5750 Sidonii
833 5684 899 5738 ad
925 5682 1257 5742 Damnatum.

2074 440 2303 499 Sedatus
2331 438 2633 512 episcopus.

2148 535 2353 605 Equum
2404 550 2563 606 quem
2592 551 2689 608 per
2731 534 2950 595 fratrem
2990 548 3233 597 nostrum
3288 542 3666 615 presbyterum

2073 627 2461 695 transmisistis,
2485 630 2688 700 accepi,
2721 631 3016 701 magniﬁcis
3044 633 3329 690 verboth
3359 648 3667 695 vestrorum

2072 717 2306 788 phaleris
2350 718 2669 775 honoratum
2704 738 2716 774 :
2750 722 2805 776 in
2835 724 2917 777 via
2946 723 3106 779 vilem
3131 766 3145 791 ,
3194 726 3247 780 in
3279 726 3504 795 epistola
3544 744 3669 799 pre-

2073 813 2303 878 tiosum;
2338 822 2643 870 moventem
2695 829 2754 871 se
2801 831 2920 872 eum
2973 816 3172 873 foditur
3215 819 3545 885 calcaribus,
3576 833 3671 877 aut

2072 911 2292 974 urgetur
2318 905 2635 961 verberibus
2657 949 2671 975 ,
2719 920 2772 962 et
2819 908 2949 963 nihil
2978 911 3192 979 penitus
3223 922 3667 980 promoventem;

2071 993 2244 1048 forma
2301 994 2684 1062 deterrimum,
2728 996 2910 1053 colore
2954 1000 3305 1070 vilissimum,
3362 1004 3667 1061 molliorem

2073 1085 2296 1155 plumis,
2327 1089 2515 1142 statuis
2545 1089 2868 1158 pigriorem,
2912 1092 3083 1147 solida
3114 1108 3342 1163 corpora
3370 1112 3672 1166 pavescen-

2068 1182 2200 1245 tem,
2240 1178 2457 1233 umbras
2492 1180 2698 1251 solum,
2739 1190 2799 1236 ut
2822 1183 3015 1248 credo,
3049 1184 3116 1241 de
3144 1190 3536 1246 consuetudine
3556 1206 3668 1247 non

2069 1268 2346 1325 timentem
2372 1286 2387 1335 ;
2412 1271 2687 1341 fugitivum
2712 1288 2833 1329 cum
2860 1274 3162 1342 dimittitur,
3189 1279 3515 1337 immobilem
3541 1298 3668 1340 cum

2067 1360 2321 1427 caeditur;
2352 1364 2406 1418 in
2438 1364 2611 1434 planis
2655 1374 2886 1422 stantem
2907 1408 2921 1433 ,
2965 1370 3019 1423 in
3048 1370 3259 1439 asperis
3287 1385 3665 1443 corruentetn;

2066 1454 2155 1525 qui
2188 1459 2359 1512 teneri
2393 1460 2620 1527 nesciat,
2649 1462 2929 1518 ambulare
2951 1479 3058 1521 non
3082 1467 3282 1536 possit;
3305 1485 3462 1539 quem
3492 1473 3668 1539 prius-

2066 1560 2224 1615 quam
2258 1547 2519 1616 viderem,
2549 1552 2673 1606 dum
2696 1554 2952 1622 epistolas
2975 1566 3183 1613 vestras
3212 1559 3411 1631 relego,
3448 1562 3666 1620 illorum

2066 1637 2133 1694 de
2155 1648 2313 1709 gente
2340 1656 2460 1697 esse
2482 1643 2685 1699 credidi
2717 1660 2852 1714 quos
2882 1647 3096 1703 Dmdala
3125 1649 3279 1706 Circe

2192 1753 2453 1817 Supposita
2472 1755 2535 1806 de
2560 1765 2718 1809 matre
2738 1754 2916 1810 nothos
2938 1759 3093 1813 furata
3113 1766 3312 1815 creavit.

2135 1890 2392 1950 Putabam
2428 1895 2579 1951 illum
2619 1897 2852 1953 calidum
2905 1899 3098 1956 animis
3119 1940 3134 1966 ,
3166 1916 3349 1958 acrem
3379 1906 3661 1972 cursibus;

2063 1981 2272 2052 ignem,
2314 2001 2437 2041 cum
2481 1986 2849 2055 exhiberetur,
2875 1990 3029 2046 elatis
3073 1992 3292 2049 naribus
3322 1993 3658 2065 efﬂaturus,

2062 2087 2447 2135 concusserutn
2472 2078 2644 2135 solido
2672 2094 2840 2136 cornu
2870 2094 3122 2150 campos;
3155 2084 3437 2142 celeritate
3464 2096 3657 2143 ventos

2062 2174 2117 2222 et
2156 2167 2376 2225 flumina
2409 2178 2823 2239 praceursurum.
2850 2172 3031 2229 Talem
3059 2174 3203 2230 enim
3244 2176 3376 2230 mihi
3420 2179 3656 2248 splendi-

2060 2261 2314 2320 dissimus
2333 2264 2575 2333 epistolas
2599 2280 2779 2321 sermo
2800 2267 3141 2335 promiserat.
3162 2268 3466 2325 Credebam
3490 2273 3652 2326 etiam

2060 2354 2203 2423 quod
2227 2354 2379 2410 illum
2406 2355 2817 2413 manducantem
2847 2357 3031 2414 frenos
3049 2398 3064 2423 ,
3099 2369 3365 2417 terentem
3388 2363 3652 2419 morsibus

2058 2442 2293 2515 ferrum,
2349 2447 2455 2503 duo
2507 2448 2758 2504 fortiores
2804 2450 2906 2505 viri
2935 2465 3003 2506 ne
3035 2451 3289 2508 evaderet
3335 2455 3644 2510 retinerent.

2057 2532 2167 2592 Nec
2197 2552 2285 2594 me
2311 2537 2537 2607 fefellit;
2566 2556 2689 2596 nam
2718 2542 3005 2599 trahebant
3025 2559 3145 2600 eum
3168 2545 3409 2616 aliquot;
3460 2548 3648 2618 impin-

2057 2625 2252 2694 gebant
2273 2629 2394 2689 alii.
2433 2641 2486 2686 et
2518 2632 2697 2701 plures
2726 2633 3023 2690 caedebant.
3049 2636 3219 2703 Quem
3249 2647 3307 2693 ut
3331 2640 3413 2694 sic
3440 2640 3645 2695 exhibi-

2056 2724 2168 2774 tum
2194 2720 2324 2785 vidi,
2351 2724 2533 2791 optavi
2562 2733 2619 2777 ut
2643 2725 2765 2780 talia
2794 2727 2969 2796 qualia
2990 2736 3165 2793 erant,
3194 2744 3305 2783 non
3331 2731 3511 2799 qualia
3538 2733 3646 2801 epi-

2053 2809 2190 2867 stola
2234 2826 2354 2868 mea
2404 2815 2673 2883 continet,
2729 2832 2944 2887 semper
2990 2820 3132 2874 caris
3180 2820 3378 2875 vestris
3426 2836 3643 2878 munera

2055 2899 2357 2959 mitteretis.
2390 2904 2503 2974 Ego
2533 2915 2709 2986 tamen
2753 2908 2876 2977 quia
2927 2910 3056 2965 mihi
3105 2926 3213 2966 non
3263 2911 3565 2983 reliquistis
3592 2915 3642 2969 in

2056 2998 2355 3057 transmissi
2403 3001 2642 3057 muneris
2685 3002 2841 3059 laude
2870 3004 3012 3073 quod
3053 3004 3290 3063 dicerem
3342 3017 3364 3046 ο
3415 3022 3487 3064 ne
3530 3023 3646 3065 om-

1976 3120 2021 3182 C
2055 3090 2297 3182 nino.....

2123 3179 2149 3221 ιι
2180 3184 2390 3256 Quique
2418 3188 2581 3242 etiam
2626 3191 2743 3259 pari
2773 3191 3156 3249 contrarietate
3185 3192 3328 3261 fata,
3370 3208 3490 3265 qua:
3516 3195 3645 3265 quia

2059 3288 2166 3331 non
2201 3288 2506 3346 parcerent,
2541 3278 2736 3336 Parcas
2766 3282 3097 3348 vocitavere.
3144 3285 3326 3343 Rediit
3362 3287 3477 3358 ipse
3502 3286 3643 3345 Cati-

2326 3414 2531 3491 Sidonii
2557 3420 2624 3472 ad
2656 3419 3047 3491 Nymphidium.

2317 3485 2523 3559 Sidonii
2550 3491 2618 3541 ad
2642 3484 2989 3559 Simplicium.

2196 3556 2281 3607 Al.
2310 3554 2516 3611 Sidonii
2545 3562 2613 3613 ad
2650 3554 3002 3619 Tauinastum.

2198 3625 2284 3682 AI.
2309 3626 2515 3683 Sidonii
2538 3631 2606 3683 ad
2637 3631 2926 3689 Ruricium.

2194 3696 2278 3749 Af.
2313 3697 2522 3766 Sidonii
2551 3702 2619 3753 ad
2654 3702 3027 3766 Papianillam.

2194 3766 2277 3818 Al.
2315 3763 2521 3823 Sidonii
2548 3773 2614 3824 ad
2646 3763 2931 3829 Paiientem

2547 3843 2614 3917 ad
2637 3844 2840 3917 1:21pm»
2862 3850 3153 3917 episcopum
3186 3849 3251 3905 ν,

2186 3908 2273 3967 ΑΙ.
2310 3908 2514 3965 Sidonii
2544 3914 2612 3965 ad
2642 3908 2959 3971 Censorium.

2197 3979 2315 4029 Alia
2348 3979 2557 4035 Sidonii
2583 3985 2651 4037 ad
2680 3984 3011 4043 Mammium.

2190 4048 2307 4132 allia
2570 4055 2639 4132 ad
2668 4057 2951 4132 zigrnecium
2973 4050 3292 4132 ediscopum.

2190 4118 2307 4195 {ilia
2336 4120 2545 4195 Sidonii
2572 4127 2639 4177 ad
2672 4118 2973 4195 sulpitium.

2186 4190 2303 4243 Alia
2326 4189 2531 4246 Sidonii
2551 4197 2618 4248 ad
2640 4189 2928 4254 Ruricium.

2187 4260 2305 4313 Alia
2334 4262 2540 4319 Sidonii
2564 4268 2633 4319 ad
2663 4267 2903 4325 Gal/tum.

2189 4331 2304 4419 z‘ilia
2563 4338 2630 4419 ad
2661 4337 2983 4419 Erincipium
3012 4347 3329 4419 episwpum.

2560 4409 2632 4488 ad
2658 4401 2954 4488 ζζεηιράὶιιηι
2985 4401 3299 4488 ep'iscoprmn.

2186 4472 2305 4558 eilia
2564 4479 2632 4558 ad
2655 4472 2909 4558 'Ifausiuin
2937 4472 3251 4558 episcopum.

2184 4543 2301 4596 Alia
2329 4543 2533 4601 Sidonii
2554 4548 2621 4601 ad
2645 4549 2937 4609 Heresium.

2188 4610 2372 4696 Habet
2385 4616 2439 4668 in
2469 4622 2699 4698 sequenti
2719 4624 3053 4693 epistularum
3076 4629 3233 4685 libros
3261 4631 3296 4686 2
3317 4632 3496 4690 damni
3516 4635 3634 4695 Ru-

2256 4692 2371 4737 ricit‘
2399 4692 2642 4756 episwpi.
2748 4692 2755 4693 ί
3482 4728 3487 4731 ·

2182 4752 2378 4836 Deinde
2413 4752 2746 4839 epistularum
2776 4766 2960 4822 librum
2980 4786 3143 4825 unum
3168 4771 3343 4827 damni
3372 4774 3632 4832 Desiderii

2250 4842 2495 4895 episcom.

2178 4893 2313 5018 Itast
2359 4893 2607 5021 .Zpistulas
2655 4906 2971 4967 diversorum
3006 4914 3072 4967 ad
3113 4915 3350 4973 eumdem
3377 4917 3624 4977 domuum

2300 4984 2367 5021 est
2410 4986 2591 5021 ermm.

2136 5012 2145 5017 .
2247 4984 2591 5027 lJBSlﬂGTIUiN.

2105 5138 2260 5220 biulla
2303 5146 2526 5231 epistola
2556 5146 2760 5231 Sidonii
2800 5166 2872 5231 ex
2906 5154 2998 5231 his
3019 5155 3118 5231 ΔἱηΔ
3151 5157 3337 5215 codice
3352 5174 3473 5231 _ms.
3503 5170 3619 5231 est,

2037 5207 2139 5265 nisi
2191 5207 2684 5288 quod'_iragmento
2728 5207 3621 5288 epistolae,Sedatiwadvliuriciuni

2038 5296 2315 5365 perperam
2339 5284 2453 5340 sine
2484 5284 2966 5365 alludit-iunctione
2997 5297 3347 5365 coniunctum
3374 5284 3623 5357 estaliud

2037 5352 2389 5429 fragmentum
2417 5357 2887 5429 epistolaeSidonii
2931 5365 2997 5419 ad
3048 5352 3622 5429 Ηὲςάίέίιὶιῖιξὲῐέὶῖιῖ

2040 5420 2141 5475 ῑίιῐὶ
2175 5420 2469 5502 sequuntur
2488 5426 2617 5502 _t_iuo
2663 5428 2783 5502 libri
2828 5420 3623 5502 epistolarurntv‘iiui-ieifvliga

2035 5507 2255 5549 monere
2287 5495 2454 5550 volui.
2485 5496 2616 5552 Nam
2643 5498 2735 5555 diu
2756 5514 2844 5559 me
2862 5495 3099 5563 torserat
3140 5509 3229 5565 hic
3267 5495 3435 5568 locus.
3466 5495 3625 5569 eiii.

2034 5576 2163 5616 SIUS.

2103 5630 2133 5718 ᾗ
2147 5633 2304 5718 Quae.
2320 5646 2621 5718 sequuntur
2646 5652 2772 5718 s_unt
2800 5659 2867 5703 ex
2887 5648 3111 5718 epistola
3140 5649 3350 5713 Sidonii
3392 5654 3459 5713 ad
3484 5654 3624 5711 Hec-

2012 5701 2227 5802 escium
2251 5703 2346 5761 lib.
2377 5701 2440 5777 ii,
2466 5710 2629 5779 epist.
2659 5711 2723 5781 t,
2743 5701 2908 5785 supra
2921 5701 3195 5776 satin;
