4068 6348
397 216 502 273 869

1849 213 2226 271 SERMONES.

3546 220 3652 280 870

395 332 502 387 lina
534 330 714 385 saeculi
762 332 928 385 nostri
977 344 1145 400 nuper
1172 338 1196 365 ιι
1226 330 1509 384 Aturribus
1531 369 1544 394 ,
1578 335 1634 381 ut
1663 328 1973 397 sanguinem
2005 334 2049 391 Λ
2079 328 2245 385 clesia‘
2262 329 2491 398 jocatur,
2512 329 2567 383 in
2587 328 2833 397 convivio
2860 328 3132 399 praedicat,
3155 328 3209 384 in
3229 328 3473 385 cubiculo
3498 332 3651 391 dam-

330 468 343 489 ,
395 424 743 493 fortunasque
769 423 1107 488 miserorum,
1130 421 1159 461 ι’
1181 436 1301 492 qua:
1322 422 1422 477 sibi
1449 436 1514 477 ex
1547 428 1699 490 parte
1724 421 1973 491 propina-

395 526 567 583 verat,
599 531 664 571 ex
687 530 806 571 asse
827 516 1093 570 misceret.

465 610 670 663 Scitote
709 610 762 662 in
805 624 869 662 eo
898 624 995 678 per
1021 608 1136 662 dies
1166 607 1411 677 spiritum
1435 607 1523 660 diu
1552 606 1868 661 dissimulati
1893 606 1975 660 fu-

394 700 535 756 roris
565 700 778 770 aperiri.
804 702 999 768 Aperte
1030 699 1251 763 invidet,
1282 698 1486 767 abjecte
1509 697 1678 767 ﬁngit,
1709 698 1975 752 serviliter

394 792 666 862 superbit,
695 802 718 830 ο
750 790 935 845 indicit
964 799 1019 845 ut
1056 791 1335 857 dominus,
1387 791 1551 859 exigit
1592 800 1648 844 ut
1679 801 1931 861 tyrannus
1960 832 1973 857 ,

395 883 595 939 addicit
623 892 682 938 ut
706 882 890 952 judex,
914 883 1269 936 calumniatur
1296 890 1353 936 ut
1379 880 1661 944 barbarus,
1690 890 1801 935 toto
1832 882 1918 935 die
1947 896 1977 935 a

396 986 545 1032 metu
574 986 811 1031 armatus
832 1017 844 1041 ,
875 978 941 1031 ab
969 977 1187 1031 avaritia
1214 976 1455 1048 jejunus,
1492 990 1520 1029 a
1553 976 1846 1045 cupiditate
1876 986 1979 1031 ter-

397 1068 571 1123 ribilis
594 1112 607 1136 ,
642 1083 670 1121 a
698 1069 930 1123 vanitate
955 1068 1185 1123 crudelis
1207 1109 1221 1133 ,
1253 1064 1280 1104 ἀ
1311 1083 1415 1121 non
1447 1078 1620 1121 cessat
1660 1067 1817 1121 simul
1843 1068 1977 1122 furta

397 1164 482 1219 vel
510 1164 709 1231 facere,
742 1164 822 1217 vel
855 1163 1063 1231 punire,
1112 1163 1287 1233 palam
1319 1172 1372 1217 et
1398 1162 1698 1216 ridentibus
1720 1177 1977 1216 convoca-

399 1258 490 1325 tis,
519 1265 692 1311 ructat
718 1257 856 1311 inter
885 1257 1028 1311 cives
1056 1269 1275 1325 pugnas,
1305 1254 1444 1308 inter
1466 1254 1724 1308 barbaros
1755 1254 1974 1306 litteras.

400 1349 706 1419 Epistolas,
759 1364 824 1403 ne
873 1340 1319 1416 priinis‘quidem
1375 1345 1614 1415 apicibus
1662 1344 1981 1399 sufﬁcienter

404 1441 679 1505 initiatus,
712 1439 923 1508 publice
946 1454 972 1490 a
999 1438 1249 1506 jactantia
1289 1436 1484 1499 dictat,
1544 1436 1611 1488 ab
1657 1436 1980 1504 impudentia

402 1532 688 1595 emendat;
728 1540 893 1586 totum
922 1531 1062 1599 quod
1106 1529 1467 1597 concupiscit,
1501 1528 1649 1596 quasi
1680 1536 1977 1597 comparat,

402 1639 503 1680 nec
526 1624 615 1676 dat
646 1624 812 1692 pretia
831 1663 844 1687 ,
869 1630 1250 1686 contemnens,
1284 1634 1381 1673 nec
1412 1620 1604 1687 accipit
1633 1619 1980 1673 instrumenta

401 1720 711 1790 desperans.
742 1717 797 1772 In
824 1717 1049 1772 concilio
1074 1715 1242 1786 jubet,
1277 1714 1329 1768 in
1354 1712 1579 1768 consilio
1608 1721 1743 1766 tacet
1763 1751 1777 1777 ,
1813 1712 1863 1765 in
1895 1726 1979 1765 ec-

2082 428 2201 485 nat,
2249 420 2303 473 in
2339 422 2633 489 quaestione
2672 420 2948 476 dormitat.
2983 417 3173 491 Implet
3200 421 3436 489 quotidie
3475 424 3653 494 sylvas

2076 513 2421 581 fugientibus,
2450 512 2603 567 villas
2628 521 2651 550 °
2684 512 2948 579 hostibus,
2984 508 3006 549 ί
3036 511 3225 567 altaria
3253 512 3382 579 reis,
3408 526 3653 571 carceres

2076 602 2318 667 clericis;
2368 602 2645 657 exsultans
2686 602 2908 668 Gothis,
2965 592 3331 671 insultansque
3370 602 3652 672 Romanis,

2078 691 2306 749 illudens
2345 692 2639 762 praefectis,
2665 702 2691 740 Β
2712 693 3097 763 couudensque
3127 695 3441 750 numerariis
3462 734 3477 760 ,
3509 697 3655 767 leges

2079 786 2478 841 Theodosianas
2522 786 2771 851 calcans,
2823 786 3273 843 Theodoricianas
3317 802 3651 857 proponens;

2079 891 2285 935 veteres
2309 882 2516 950 culpas,
2541 895 2679 935 nova
2700 882 2895 936 tributa
2918 883 3193 951 perquirit.
3229 882 3459 939 Proinde
3478 900 3656 943 moras

2082 983 2197 1028 tuas
2245 971 2271 1009 ιι
2312 973 2466 1028 citius
2513 973 2740 1042 explica.
2771 972 2837 1027 Et
2862 972 3117 1042 quidquid
3166 973 3293 1029 illud
3323 983 3407 1031 est
3434 976 3574 1046 quod
3600 985 3653 1035 te

2080 1074 2340 1128 retentat,
2381 1066 2393 1103 ί
2430 1066 2620 1121 incide.
2653 1066 2728 1121 Te
2763 1075 3036 1135 exspectat
3063 1068 3429 1139 palpitantium
3456 1073 3653 1129 civium

2081 1168 2318 1214 extrema
2341 1159 2575 1214 libertas.
2608 1160 2869 1227 Quidquid
2901 1160 3252 1229 sperandum,
3280 1164 3536 1234 quidquid
3563 1166 3653 1222 de-

2081 1252 2401 1321 sperandum
2434 1262 2547 1318 est,
2582 1252 2695 1305 fieri
2730 1262 2781 1306 te
2809 1252 3014 1317 medio,
3044 1261 3096 1309 te
3125 1255 3351 1323 praesule
3378 1256 3567 1326 placet.
3597 1258 3653 1314 Si

2084 1343 2240 1397 nulla:
2287 1357 2316 1395 a
2364 1342 2635 1411 republica
2683 1343 2862 1409 vires,
2914 1343 3057 1397 nulla
3099 1346 3378 1414 praesidia,
3423 1348 3468 1403 si
3497 1349 3654 1404 nulla:

2085 1435 2377 1504 (quantum
2425 1448 2608 1487 rumor
2650 1432 2764 1502 est)
2818 1432 2830 1481 i
2875 1433 3143 1488 Anthemii
3194 1436 3447 1506 principis
3496 1453 3653 1507 opes,

2083 1530 2300 1592 statuit,
2336 1538 2386 1583 te
2416 1537 2666 1597 auctore,
2707 1528 2958 1584 nobilitas
2989 1543 3082 1583 seu
3113 1531 3333 1599 patriam
3366 1531 3653 1599 dimittere,

2085 1636 2177 1676 seu
2198 1621 2439 1690 capillos.
2468 1620 2615 1676 Vale.

478 1863 502 1890 '
532 1854 605 1909 Ita
632 1852 897 1920 expressis
951 1850 1143 1906 litteris
1173 1863 1273 1902 ms.
1309 1849 1471 1920 Recte
1514 1863 1640 1917 ergo
1682 1848 1883 1902 Savaro
1922 1850 1975 1902 in
2006 1855 2051 1913 Β
2080 1848 2155 1903 nii
2190 1863 2335 1920 esse,
2370 1863 2476 1903 non
2506 1848 2716 1920 Sedatj;
2767 1863 2887 1903 nam
2919 1850 3168 1906 Sidonius
3196 1850 3262 1906 de
3287 1853 3472 1907 eodem
3499 1854 3655 1908 Sero.

402 1930 559 1996 epist.
597 1918 771 1996 I,‘l_ib.
801 1937 832 1974 ll
864 1920 1065 1996 Sidonii
1098 1920 1173 1996 ita
1200 1918 1437 1996 correxit
1472 1921 1781 1996 ethnotavit.
1817 1920 1974 1973 Atur-

401 1988 490 2051 rés
517 2003 638 2047 sunt
659 1992 1181 2059 NovempOpulauiai,
1210 1990 1275 2042 ab
1301 1990 1495 2042 Aturro
1519 1988 1707 2059 ﬂuvio,
1730 1989 1969 2052 Aturres,

402 2078 456 2120 ut
488 2067 554 2117 ab
581 2064 803 2125 Astura,
834 2058 1079 2123 Astures,
1114 2060 1271 2113 Floro
1302 2061 1392 2113 lib.
1436 2075 1513 2123 tv,
1550 2060 1647 2111 sub
1689 2058 1869 2111 tinem.
1905 2060 1975 2112 De

401 2138 600 2192 Aturro
632 2143 686 2188 et
707 2134 952 2187 Aturrieo
975 2132 1139 2198 pisce,
1172 2130 1294 2184 vide
1321 2130 1507 2184 Sidon.
1542 2129 1633 2181 lib.
1669 2143 1789 2193 vni,
1813 2131 1969 2195 epist.

402 2206 491 2260 12.
518 2204 706 2259 Civitas
739 2205 1077 2256 Aturensium
1110 2202 1271 2253 Notit.
1307 2200 1553 2254 Provinc.
1588 2199 1638 2252 in
1678 2198 1977 2265 Novempo-

402 2276 599 2347 pulana
633 2273 902 2347 provincia
922 2288 1135 2347 ,_q_tiam_
1148 2271 1480 2347 itinerarium
1498 2270 1759 2347 _A|itonini
1783 2268 1977 2347 Atltur-

402 2340 516 2400 i'em
533 2340 707 2408 vocat,
734 2343 819 2396 ubi
839 2343 902 2395 de
924 2342 1092 2397 Gallia
1118 2341 1466 2393 Narbonensi.
1497 2341 1561 2392 Et
1582 2340 1723 2408 quod
1748 2341 1976 2392 maxime

401 2416 528 2471 facit
556 2415 620 2469 ad
650 2414 789 2468 hanc
816 2422 1050 2466 veterem
1078 2413 1383 2475 lectionem,
1413 2419 1467 2465 et
1488 2410 1690 2465 Sidonii
1721 2419 1973 2471 mentem,

400 2495 517 2543 erat
557 2497 681 2541 tunc
723 2485 977 2553 temporis
1010 2482 1354 2553 Gothicaruni
1389 2480 1631 2553 partium.
1666 2480 1976 2533 Communi-

404 2560 596 2610 torium
628 2553 933 2609 Timothei:
971 2554 1195 2607 .inianus
1240 2552 1313 2604 νὴ·
1353 2552 1639 2619 spectabilis
1680 2567 1741 2603 ea;
1792 2565 1977 2615 prtere-

402 2628 573 2695 plione
599 2625 663 2678 D.
708 2624 776 2678 Ν,
823 2624 1173 2695 gloriosissimi
1197 2622 1355 2695 nunc
1388 2622 1705 2695 _codicent__de
1738 2619 1972 2695 Theodo-

402 2690 533 2750 siani
564 2696 754 2765 legibus
797 2690 947 2763 atque
990 2694 1249 2746 sententiis
1284 2693 1436 2765 juris
1470 2694 1545 2744 uel
1585 2691 1795 2765 diversis
1836 2690 1975 2765 libris

403 2761 762 2821 Aduris'anno
802 2761 871 2834 2‘2
916 2782 974 2818 eo
1023 2771 1258 2834 regnante
1302 2762 1438 2831 edidi
1488 2771 1635 2829 atque
1679 2761 1975 2831 subscripsi.

404 2836 574 2907 Vulgo
606 2838 748 2891 Aire.
782 2833 1045 2890 CANISIUS.

475 2901 731 2963 1t'Sidonii
756 2907 997 2975 vulgatus
1027 2904 1213 2967 codex,
1246 2919 1369 2975 quas
1390 2902 1483 2975 ille
1507 2901 1575 2954 ibi
1602 2910 1827 2975 exparte
1858 2916 1977 2975 pro-

405 2979 666 3047 pinaverat
690 3020 704 3044 ,
738 2978 818 3029 hic
847 2972 1051 3047 exesse
1076 2976 1321 3047 misceret.
1363 2974 1439 3027 Ex
1480 2986 1583 3042 qua
1620 2972 1977 3047 phrasihlicet

406 3040 762 3117 conjecturam
792 3048 1006 3112 ducere,
1043 3046 1142 3101 hoc
1174 3040 1527 3114 fragmentum
1550 3042 1790 3110 epistola:
1818 3040 1977 3096 Sido-

2081 1928 2204 1992 nato
2236 1918 2327 1972 lib.
2357 1935 2546 1992 vti,ep.
2574 1921 2626 1984 7,
2649 1917 2952 1975 Seronatum
2981 1920 3207 1975 barbaris
3234 1923 3517 1992 provincias
3538 1940 3655 1992 pro-

2081 1990 2360 2058 pinantem.
2390 1991 2537 2042 lunt.

2156 2070 2177 2096 ε
2202 2060 2449 2131 Sidonius
2482 2060 2572 2112 lib.
2603 2075 2652 2122 v,
2682 2074 2767 2129 ep.
2800 2062 2887 2127 l3,
2911 2062 2977 2115 de
3003 2062 3189 2116 eodem
3215 2063 3496 2131 Seronato,
3522 2081 3654 2117 nunc

2082 2130 2326 2200 inauditis
2356 2130 2686 2200 indictionum
2711 2132 2977 2200 generibus
3006 2134 3257 2186 exhaurit.
3283 2135 3431 2188 lusu.

2152 2196 2176 2273 _d
2203 2198 2429 2273 _Vulgata
2453 2199 2650 2273 editio,
2684 2196 2785 2273 non
2813 2210 2972 2273 cessat
2995 2202 3149 2273 simul
3179 2203 3316 2271 furta
3348 2206 3424 2258 vel
3448 2208 3646 2273 punire,

2083 2270 2159 2324 vel
2187 2270 2353 2337 facere
2377 2271 2564 2337 palam,
2593 2280 2637 2321 et
2660 2270 2959 2324 ridentibus.
2994 2271 3138 2325 IDEM.

2158 2349 2180 2376 ο
2212 2339 2329 2403 Ms.,
2365 2339 2662 2407 hospitibus.
2695 2340 2842 2392 InEu.

2116 2408 2176 2548 .ﬁ‘
2208 2410 2280 2532 It'a
2310 2418 2364 2463 et
2393 2424 2493 2463 ms.
2513 2450 2530 2477 ,
2560 2409 2683 2465 licet
2704 2409 2759 2463 in
2785 2411 3023 2479 margine
3061 2412 3131 2465 sit
3167 2413 3336 2482 posita
3363 2413 3481 2469 haec
3518 2428 3649 2480 vox,

2116 2496 2125 2533 ι
2170 2497 2211 2531 8.
2272 2495 2396 2533 DEII.

2082 2495 2211 2533 ηηε.
2250 2495 2396 2533 IDEM.

2158 2560 2181 2595 ις
2211 2550 2306 2602 Ms.
2346 2550 2553 2613 vitiose,
2593 2551 3031 2620 canclaudansque
3060 2553 3377 2606 numerariis.
3408 2553 3479 2607 Ita
3508 2554 3648 2608 enim

2084 2620 2137 2673 in
2172 2620 2349 2673 medio
2376 2621 2488 2672 haec
2521 2635 2621 2672 vox
2650 2634 2790 2685 rasa,
2823 2630 2876 2673 ct
2899 2631 3079 2685 postea
3110 2623 3289 2675 nescio
3313 2638 3460 2688 aqua
3493 2639 3650 2677 manu

2084 2692 2235 2758 signo
2279 2692 2376 2743 hoc
2406 2691 2683 2757 conjuncta
2710 2699 2811 2744 est.
2841 2690 2971 2745 Vide
2997 2706 3115 2760 qum
3144 2702 3291 2747 nutat
3335 2692 3534 2748 Savaro
3564 2694 3648 2748 hic

2085 2760 2150 2815 de
2175 2761 2508 2815 numerariis.
2554 2760 2702 2814 Ini-2n.

2155 2826 2182 2900 1f
2210 2830 2381 2900 Vulg.,
2415 2833 2562 2883 citus.
2588 2830 2734 2881 IDEM.

2163 2898 2178 2935 ί
2214 2898 2333 2963 Ms,
2364 2902 2587 2952 incidite.
2621 2900 2771 2953 IDEII.

2160 2970 2177 3033 ἐ
2215 2971 2289 3025 Ita
2313 2972 2559 3039 legocum
2580 2970 2801 3037 Savaro,
2825 2982 2946 3023 nam
2962 2983 3062 3024 ms.
3078 2969 3164 3025 hic
3182 2969 3384 3038 mutile,
3400 2970 3545 3024 Ante.
3572 2970 3646 3026 in.

1252 3259 1913 3378 PAUSTI
2060 3259 2881 3378 EPISCOPI

1600 3480 2464 3608 SERMONES.

921 3810 1150 3866 SERMO
1193 3809 1464 3865 PRIMUS.

998 3904 1074 3955 Ad
1102 3901 1392 3956 monachos.

414 3998 517 4073 (Ex
558 4011 660 4053 ms.
686 3994 886 4051 domini
916 3993 1221 4073 Chauvelin.
1248 3994 1513 4073 regiorum
1554 3991 1844 4061 sigillorum
1886 4006 1977 4048 cu-

1088 4063 1299 4130 stodis.)

485 4186 535 4238 I.
577 4183 656 4237 Ad
697 4182 874 4236 locum
906 4180 1077 4246 hunc,
1121 4178 1418 4244 carissimi,
1462 4192 1565 4233 non
1608 4176 1674 4233 ad
1716 4176 1976 4247 quietem,

415 4290 520 4331 non
560 4273 623 4328 ad
666 4272 1027 4337 securitatem,
1076 4272 1168 4327 sed
1210 4271 1277 4326 ad
1319 4277 1570 4341 pugnam,
1612 4271 1678 4325 ad
1707 4280 1977 4326 certamen

415 4365 781 4428 convenimus,
826 4363 890 4417 ad
922 4378 1145 4433 agonem
1184 4362 1287 4416 huc
1317 4361 1694 4431 processimus,
1728 4360 1795 4414 ad
1828 4375 1977 4415 exer-

414 4454 584 4509 cenda
632 4470 751 4508 cum
802 4456 946 4509 vitiis
999 4455 1133 4510 bella
1180 4454 1609 4510 conscendimus.
1671 4454 1787 4508 Vita
1836 4454 1976 4506 enim

415 4552 599 4598 nostra
628 4544 807 4597 hostes
835 4546 1002 4599 nostri
1031 4555 1184 4611 sunt,
1225 4547 1293 4600 de
1332 4547 1521 4614 quibus
1547 4530 1821 4614 Scriptura
1850 4559 1977 4614 pro-

416 4633 626 4690 nuntiat
646 4633 859 4688 diceus:
885 4634 1014 4688 Cave
1037 4652 1099 4688 ne
1120 4653 1336 4704 unquam
1361 4639 1542 4692 habeas
1562 4654 1674 4691 cum
1695 4640 1765 4691 eis
1786 4638 1971 4691 sedem.

415 4726 724 4783 Necessaria
754 4726 907 4779 nobis
935 4736 1036 4785 est,
1068 4727 1277 4790 fratres,
1302 4730 1517 4798 pervigil
1545 4745 1689 4795 cura,
1714 4729 1976 4784 indefeSSa

416 4820 674 4883 custodia,
705 4820 826 4889 quia
857 4817 1137 4872 conﬂictus
1186 4819 1285 4872 iste
1328 4822 1614 4887 sineotine,
1666 4822 1831 4876 hostis
1878 4824 1979 4877 iste

418 4915 532 4970 sine
558 4927 689 4982 pace
718 4922 817 4967 est.
850 4912 1027 4967 Hostis
1054 4913 1153 4966 iste
1182 4913 1317 4966 vinci
1348 4921 1541 4981 potest,
1568 4916 1731 4984 recipi
1762 4916 1813 4970 in
1843 4914 1977 4969 ami-

418 5004 593 5061 citiam
618 5012 721 5057 non
749 5010 944 5073 poteSt.
978 5004 1043 5057 Et
1065 5003 1183 5058 ideo
1206 5002 1443 5072 praelium
1472 5004 1609 5058 istud
1637 5007 1775 5074 quod
1800 5021 1979 5061 susce-

417 5096 608 5168 pimus,
652 5097 779 5151 satis
820 5095 1011 5151 durum
1052 5096 1285 5164 satisque
1323 5096 1671 5162 periculosum
1702 5106 1814 5162 est,
1855 5099 1975 5167 quia

2003 3810 2048 3873 C
2084 3826 2198 3865 mus
2226 3811 2309 3865 vel
2341 3809 2530 3878 linguae
2559 3810 2789 3879 gladium
2838 3812 3196 3868 retundamus.
3228 3814 3341 3869 Non
3370 3798 3540 3876 solum
3567 3826 3648 3879 In-

2081 3902 2247 3955 vicem
2286 3915 2391 3954 non
2427 3901 2718 3956 inferamus
2750 3900 2993 3970 injurias,
3025 3902 3118 3957 sed
3157 3918 3256 3958 nec
3287 3905 3354 3961 ab
3381 3907 3500 3963 aliis
3528 3924 3649 3966 sen-

2079 3996 2271 4049 tiamus
2299 3996 2491 4049 illatas.

2147 4088 2203 4141 2.
2250 4088 2589 4142 Peculiariter
2614 4088 2755 4144 enim
2780 4088 2879 4144 ista
2907 4092 2971 4144 ad
3000 4091 3383 4160 professionem
3412 4101 3647 4150 nostram

2081 4182 2376 4250 pertinent,
2411 4181 2538 4234 nihil
2571 4184 2623 4236 in
2655 4184 2751 4237 hac
2779 4184 2885 4238 vita
2914 4184 3296 4241 consolationis
3337 4188 3610 4258 requirere
3631 4234 3644 4259 ,

2080 4271 2209 4326 nihil
2241 4272 2485 4337 honoris;
2521 4275 2863 4341 prmsentium
2891 4290 3069 4329 rerum
3097 4276 3281 4330 solatia
3310 4278 3650 4349 refugere,et

2078 4365 2145 4419 ad
2174 4364 2430 4434 promissa
2460 4374 2675 4419 mternaa
2701 4366 3145 4420 remunerationis
3170 4368 3384 4435 prmmia
3415 4370 3646 4425 animum

2081 4473 2399 4529 praeparare.
2452 4459 2795 4528 Sulijectione
2840 4466 2898 4512 et
2943 4457 3241 4526 abjectione
3288 4459 3547 4528 gaudere,
3595 4469 3649 4516 et

2080 4558 2443 4619 paupertatem
2475 4551 2649 4605 studio
2678 4564 2947 4618 quairere;
2982 4560 3036 4604 et
3076 4564 3181 4605 non
3223 4552 3395 4607 solum
3425 4550 3647 4605 faculta-

2082 4650 2183 4709 tes,
2208 4643 2301 4697 sed
2326 4644 2465 4711 ipsas
2489 4643 2790 4697 voluntates
2817 4642 2883 4695 de
2911 4642 3161 4697 cordibus
3187 4644 3477 4697 eradicare.
3510 4642 3649 4698 Nihil

2081 4735 2220 4788 enim
2249 4735 2520 4801 proprium
2543 4732 2740 4785 habere
2767 4731 3034 4787 interdum
3062 4747 3147 4787 res
3173 4734 3507 4789 necessitatis
3534 4733 3649 4790 exi-

2080 4826 2172 4896 git,
2203 4825 2333 4879 nihil
2363 4835 2536 4878 autem
2566 4824 2944 4894 concupiscere
2973 4839 3058 4879 res
3081 4824 3309 4882 virtutis.

2152 4922 2204 4974 3.
2247 4917 2377 4971 Illud
2407 4920 2566 4972 etiam
2595 4917 2731 4972 scire
2759 4916 3043 4983 debemus,
3088 4919 3227 4988 quod
3257 4918 3346 4989 qui
3384 4918 3522 4974 inter
3550 4933 3649 4976 nos

2084 5011 2246 5064 vitam
2278 5010 2475 5065 habere
2506 5009 2899 5076 constituimus,
2927 5021 3015 5066 aut
3041 5026 3161 5066 cum
3195 5012 3379 5083 grandi
3413 5013 3647 5083 periculo

2081 5100 2164 5155 vel
2196 5101 2471 5170 diligentes
2499 5100 2583 5155 vel
2615 5102 2773 5156 etiam
2799 5102 3127 5172 negligentes
3155 5118 3356 5158 sumus.
3393 5104 3542 5160 Unde
3572 5104 3649 5160 fe-

417 5188 557 5243 iuter
585 5186 852 5241 hominem
880 5189 1102 5255 geritur,
1131 5196 1185 5241 et
1212 5176 1311 5241 nisi
1339 5200 1458 5242 cum
1488 5187 1603 5255 ipso
1634 5187 1845 5243 homine
1876 5206 1981 5244 non
2009 5179 2062 5239 Ι)
2086 5194 2155 5249 lix
2188 5206 2268 5251 eSt
2300 5195 2387 5250 illa
2420 5198 2590 5251 anima
2618 5211 2735 5266 qua:
2756 5238 2770 5261 ,
2816 5197 2940 5251 dum
2981 5198 3119 5253 bene
3157 5198 3209 5251 in
3240 5199 3648 5271 congregatione

419 5276 618 5331 finitur.
664 5276 789 5331 Ideo
818 5290 914 5331 nos
942 5277 1005 5329 ad
1036 5277 1315 5346 tranquilla
1347 5278 1459 5331 hmc
1490 5287 1694 5332 secreta
1734 5286 1788 5332 et
1806 5279 1979 5349 ‘spiri-

419 5369 580 5425 tualia
608 5377 783 5423 castra
812 5366 1151 5433 contulimus,
1204 5376 1260 5420 ut
1303 5368 1539 5437 quotidie
1586 5370 1818 5433 contriti,
1864 5386 1983 5439 pas-

420 5460 600 5517 siones
627 5468 837 5515 nostras
861 5458 1167 5527 infatigabili
1198 5458 1573 5528 congressione
1601 5469 1895 5526 certemus;
1926 5469 1982 5515 ut

420 5551 658 5629 quotidie
703 5548 938 5605 moribus
981 5549 1178 5603 nostris
1222 5550 1370 5617 quasi
1417 5548 1640 5605 famulas
1682 5553 1979 5607 voluntates

421 5652 633 5703 nostras
660 5640 1029 5704 subiiciamus.
1052 5648 1111 5696 ut
1147 5638 1324 5698 cordis
1350 5642 1612 5710 nequitias
1639 5643 1984 5701 circumcida-

2083 5296 2345 5351 versatur,
2391 5288 2676 5342 multorum
2719 5290 2963 5359 gaudium
2997 5298 3105 5353 est,
3152 5298 3207 5345 et
3250 5291 3460 5359 plurimi
3492 5308 3555 5346 ex
3587 5306 3645 5346 ea

2084 5378 2167 5433 vel
2213 5379 2541 5434 aediﬁcantur
2577 5381 2661 5436 vel
2706 5382 3093 5437 illuminantur.
3144 5384 3288 5438 Bona
3334 5385 3474 5439 enim
3520 5385 3643 5438 dum

2085 5470 2265 5523 multis
2312 5472 2787 5541 communieantur,
2836 5474 3124 5530 adduntur.
3174 5476 3255 5530 Ad
3300 5474 3438 5544 quod
3486 5474 3644 5529 etiam

2087 5559 2464 5629 sapientissimi
2496 5562 2633 5618 illius
2659 5567 2921 5621 sententia
2952 5566 3185 5634 respicit,
3213 5580 3329 5635 quae
3354 5565 3473 5620 dicit
3502 5582 3516 5621 :
3541 5566 3647 5620 liti

2086 5650 2197 5718 mi,
2254 5649 2298 5706 si
2337 5651 2537 5716 sapiens
2571 5655 2731 5718 fueris
2756 5695 2772 5719 ,
2822 5656 2909 5709 tibi
2947 5663 2994 5709 et
3022 5654 3275 5717 proximis
3320 5654 3422 5711 tuis
3463 5654 3645 5713 (Prov.
