4068 6348
758 264 784 273 κ

509 339 609 396 871

1748 334 1802 392 S.
1840 334 2083 393 FAUSTI
2123 332 2526 416 RHEGIENSIS

3664 326 3783 385 872

508 470 661 525 χχιιι,
692 454 801 526 15).
853 454 1035 525 Itaque
1071 453 1118 509 si
1157 452 1277 523 quis
1314 452 1369 507 in
1409 451 1822 521 congregatione
1852 453 2078 521 positus,
2109 452 2165 512 Α
2186 449 2336 515 simi,
2370 446 2608 519 quandiu
2637 461 2756 517 quae
2783 445 2849 500 ad
2878 444 3140 501 mundum
3168 444 3464 515 pertinent,
3497 443 3603 499 illis
3630 444 3742 499 acti
3764 474 3779 485 -

511 548 862 603 humilitatem
883 561 942 602 se
962 544 1308 615 sequentibus
1327 552 1419 600 aut
1438 544 1744 614 patientiam
1770 544 2079 613 praebuerit,

508 648 762 709 quantum
793 653 857 691 ex
883 651 943 692 se
968 636 1167 690 bonum
1214 635 1476 704 proximis
1504 634 1836 701 commodat,
1877 643 2082 689 tantum

510 731 565 785 in
597 743 655 783 se
683 728 906 782 aliorum
935 728 1080 783 lucra
1109 729 1393 795 convertit.
1424 726 1479 783 Si
1504 742 1634 783 vero
1664 728 1965 783 econtrario
1991 740 2086 797 per

507 818 921 873 inobedientiam
944 818 1028 874 vel
1054 819 1359 889 superbiam
1389 829 1613 887 quaeret,
1638 819 1778 889 quod
1805 818 1953 887 pejus
1978 816 2095 884 est,’

508 910 714 964 facilius
742 910 967 965 inveniri
996 912 1151 977 solet,
1175 912 1238 964 ad
1270 911 1391 965 mali
1419 912 1723 978 exemplum
1750 910 1862 964 sive
1893 910 2088 979 iniqui-

509 1001 633 1056 tatis
661 1001 794 1055 alios
820 1003 1131 1067 attraxerit,
1172 1014 1399 1071 quantos
1426 1002 1783 1067 destruxerit,
1824 1001 1892 1057 de
1924 1002 2086 1056 tantis

506 1096 801 1167 periculum
824 1098 1179 1152 damnationis
1204 1098 1443 1163 incurrit,
1466 1098 1681 1167 quantis
1701 1096 2082 1152 detrimentum

506 1186 633 1253 fuit,
677 1188 837 1241 tantis
864 1188 1058 1241 damna
1088 1189 1381 1253 contraxit,
1426 1197 1480 1243 et
1518 1198 1795 1259 peccatum
1836 1186 1978 1257 quod
2017 1188 2085 1243 ab

508 1278 600 1333 illo
631 1280 793 1333 semel
824 1279 1070 1343 recessit,
1102 1278 1165 1333 ad
1198 1294 1319 1334 eum
1348 1280 1713 1348 multipliciter
1740 1278 2081 1335 redundabit.

509 1368 865 1435 Quamobrem
914 1370 1051 1423 sicut
1098 1370 1188 1425 ille
1233 1370 1385 1426 valde
1428 1371 1773 1426 admirandus
1810 1380 1896 1426 est
1926 1380 2085 1440 atque

509 1459 804 1514 laudandus
853 1470 935 1515 est
982 1460 1131 1529 cujus
1180 1475 1368 1516 cursus
1409 1462 1582 1515 bonus
1629 1463 1913 1516 multorum
1964 1476 2086 1529 pro-

508 1553 680 1605 fectus
711 1559 820 1617 est,
860 1551 927 1604 ita
972 1551 1063 1607 ille
1091 1567 1195 1606 non
1224 1553 1490 1607 immerito
1521 1553 1782 1623 lugendus
1811 1562 1893 1608 est
1929 1553 2085 1622 cujus

509 1641 616 1694 vita
648 1641 934 1694 multorum
962 1642 1116 1696 ruina
1144 1651 1245 1698 est.
1277 1643 1535 1712 Ideoque,
1566 1644 1760 1699 fratres
1789 1645 2080 1713 carissimi,

507 1744 629 1799 qua:
655 1730 719 1783 ad
748 1731 1154 1787 aediﬁcationem
1184 1733 1491 1801 pertinent,
1535 1750 1595 1788 ea
1638 1736 1689 1813 in
1721 1734 1898 1789 medio
1927 1735 2084 1803 positi

2190 539 2291 595 bus
2315 548 2368 595 et
2396 538 2620 608 negotiis
2651 551 2865 593 eramus
2894 537 3204 605 militantes,
3246 536 3298 590 in
3330 536 3523 606 quibus
3548 551 3693 592 nunc
3718 545 3779 592 et

2190 631 2575 695 erubescimus,
2607 638 2731 685 tunc
2774 630 2931 686 nobis
2972 629 3317 685 adversarius
3343 642 3453 684 non
3482 628 3739 684 obstabat
3758 674 3776 699 ,

2189 723 2298 778 imo
2325 723 2484 777 etiam
2511 722 2909 786 consentiebat,
2952 719 3094 791 quod
3125 719 3267 775 circa
3296 719 3661 776 miserabilem
3710 736 3783 776 ac

2190 812 2450 883 perditam
2475 814 2638 867 vitam
2669 823 2904 867 nostram
2937 827 3042 865 non
3070 811 3372 867 inveniebat
3398 812 3450 866 in
3475 827 3583 882 quo
3611 827 3778 868 exer-

2189 911 2336 959 ceret
2382 903 2634 959 invidiam
2682 918 2856 958 suam.
2917 902 3329 958 Delectabantur
3379 902 3532 958 illum
3580 911 3777 959 nostra

2188 1008 2380 1063 opera,
2424 992 2869 1063 sufﬁciebantque
2898 992 2976 1047 illi
3008 1007 3100 1061 per
3135 1007 3194 1048 se
3234 1002 3415 1048 nostra
3443 992 3670 1048 erimina
3719 1000 3778 1048 et

2189 1096 2428 1156 peccata.
2478 1085 2610 1154 Quis
2639 1086 2779 1142 enim
2810 1086 3067 1154 suscipiat
3104 1084 3303 1141 bellum
3330 1094 3515 1141 contra
3540 1086 3775 1141 militem

2187 1193 2365 1244 suum,
2414 1186 2471 1234 et
2515 1178 2636 1248 quis
2684 1178 2814 1233 velit
2862 1178 3172 1247 impugnare
3219 1177 3517 1247 subjectum
3562 1178 3775 1234 suum?

2191 1273 2298 1329 Sed
2328 1289 2489 1344 super
2517 1288 2730 1329 omnem
2782 1273 3142 1330 infelicitatem
3190 1283 3307 1332 erat
3333 1277 3443 1331 vita
3490 1276 3633 1332 illius
3677 1275 3773 1331 cui

2188 1380 2387 1421 nocere
2430 1365 2819 1435 dedignabatur
2845 1366 3107 1422 inimicus.
3161 1369 3228 1421 At
3257 1382 3383 1424 vero
3429 1382 3571 1423 nunc
3616 1377 3771 1437 post-

2185 1475 2344 1531 quam
2369 1460 2726 1530 voluptatibus
2749 1460 2889 1515 illius
2912 1459 3353 1527 renuntiavimus,
3372 1460 3509 1516 vidit
3529 1461 3770 1517 cultores

2185 1568 2312 1608 suos
2341 1553 2405 1607 ad
2435 1553 2633 1608 actoris
2664 1550 2872 1620 pristini
2903 1550 3127 1606 rediisse
3156 1550 3466 1606 famulatum
3485 1592 3500 1617 ,
3532 1551 3665 1606 vidit
3711 1551 3769 1608 in

2186 1646 2340 1700 nobis
2370 1644 2601 1714 quodam
2633 1642 2791 1698 modo
2820 1642 2961 1697 idola
2993 1656 3088 1696 sua
3128 1642 3179 1696 in
3209 1642 3300 1696 Dei
3345 1643 3601 1711 templum
3644 1658 3766 1698 mu-

2188 1738 2331 1805 tari,
2385 1748 2440 1792 et
2487 1736 2737 1792 frendens
2785 1744 2839 1790 et
2888 1744 3137 1804 tanquam
3185 1734 3270 1790 leo
3318 1737 3531 1805 rugiens
3575 1752 3767 1791 omnes

508 1835 665 1890 agere
692 1822 1020 1887 Studeamus,
1070 1839 1137 1877 ne
1187 1824 1267 1878 via
1313 1835 1492 1879 nostra
1544 1826 1766 1880 aliorum
1797 1828 2081 1882 virtutibus
2111 1814 2160 1873 Β
2189 1828 2416 1884 nocendi
2453 1827 2630 1883 aditus
2659 1826 2879 1896 pervigil
2919 1826 3197 1881 insidiator
3229 1825 3488 1895 explorat.
3541 1826 3616 1880 De
3658 1842 3765 1896 quo

507 1922 728 1977 noceat,
771 1925 823 1969 et
850 1930 917 1968 ne
942 1915 1167 1969 aliorum
1203 1916 1464 1971 fervorem
1498 1927 1647 1986 tepor
1676 1928 1858 1974 noster
1888 1919 2079 1987 debili-

512 2012 614 2068 tet;
643 2013 787 2060 etne
808 2005 1033 2059 aliorum
1063 2006 1367 2074 patientiam
1396 2018 1575 2063 nostra
1599 2010 1870 2064 iracundia
1894 2013 2073 2077 violet,

508 2110 609 2150 nec
635 2096 856 2150 aliorum
888 2096 1239 2151 humilitatem
1280 2099 1530 2166 superbia
1576 2110 1757 2154 nostra
1797 2100 2077 2169 depravct,

512 2200 581 2241 ne
613 2186 839 2241 aliorum
886 2187 1332 2256 pulchritudinem
1373 2190 1584 2245 {reditas
1614 2200 1795 2246 nostra
1824 2194 2082 2247 contami-

512 2286 602 2331 net
638 2294 649 2330 :
696 2292 762 2331 ne
801 2276 1022 2332 aliorum
1064 2279 1315 2335 ardentes
1344 2283 1745 2351 exstinguamus
1787 2284 2078 2352 lampades,

507 2365 553 2420 si
580 2373 788 2420 nostras
820 2366 1120 2423 illuminare
1146 2385 1249 2423 non
1280 2384 1580 2437 possumus.
1630 2373 1696 2426 Et
1721 2372 1935 2441 quidem
1976 2374 2081 2426 illae

508 2454 667 2509 fatuae
696 2456 949 2525 virgines,
979 2458 1268 2525 quamlibet
1308 2459 1466 2513 fatuae
1507 2471 1717 2527 essent,
1752 2477 1857 2515 non
1904 2471 2079 2517 tamen

509 2544 712 2599 alienas
748 2546 1088 2615 exstinguere
1132 2548 1421 2615 lampades,
1470 2549 1564 2603 sed
1612 2564 1735 2603 suas
1784 2550 2081 2606 illuminare

513 2634 828 2702 cupiebant;
860 2644 913 2690 et
933 2637 1055 2701 ideo
1082 2637 1148 2691 ad
1178 2638 1395 2692 istarum
1426 2639 1861 2706 similitudinem,
1909 2643 1953 2695 si
1996 2644 2078 2697 cui

510 2735 751 2782 nostrum
779 2729 928 2783 deest
957 2729 1302 2800 pinguissima
1344 2733 1510 2800 gratia
1547 2733 1897 2797 humilitatis,
1944 2742 1999 2788 et
2036 2736 2079 2788 si

509 2820 662 2876 deest
689 2822 824 2891 ignis
856 2822 1009 2889 ﬁdei,
1058 2825 1102 2877 si
1134 2824 1345 2879 ﬂamma
1372 2825 1625 2892 fervoris,
1662 2828 1707 2881 si
1737 2827 1915 2883 oleum
1945 2830 2082 2883 cari-

510 2911 653 2977 tatis,
675 2912 718 2966 si
748 2912 922 2968 lumen
950 2913 1304 2984 discretionis,
1332 2918 1510 2972 veniat
1536 2917 1602 2972 ad
1629 2932 1722 2972 eos
1747 2934 1879 2987 quos
1912 2920 2080 2988 magis

508 3002 777 3059 abundare
806 3005 1161 3074 prospexerit,
1194 3008 1423 3076 gratiam
1456 3009 1508 3061 in
1539 3023 1597 3062 se
1625 3023 1653 3061 a
1684 3009 1938 3077 proximis
1972 3024 2079 3063 non

509 3096 820 3162 auferendo,
847 3097 941 3152 sed
969 3098 1221 3153 imitando
1250 3100 1599 3165 transfundat,
1630 3111 1683 3155 et
1707 3100 1843 3155 bona
1868 3115 2080 3170 posses-

2184 1922 2337 1976 Ieonc
2364 1920 2635 1989 apostolus
2672 1919 2807 1973 bene
2837 1924 3155 1971 attestatur:
3195 1915 3445 1987 Vigilate,
3494 1917 3617 1987 quia
3664 1918 3765 1969 ad-

2182 2012 2434 2066 versarius
2458 2020 2613 2064 vester
2640 2009 2896 2076 diabolus,
2922 2016 2976 2061 ut
3001 2008 3081 2062 leo
3107 2008 3311 2077 rugiens
3332 2007 3507 2061 circuit
3531 2022 3764 2077 quarens

2182 2116 2330 2169 quem
2358 2100 2555 2153 devoret
2584 2096 2635 2167 (Ι
2668 2096 2809 2151 Petr.
2834 2114 2888 2161 v,
2911 2096 2987 2167 8).
3023 2096 3166 2151 Beati
3200 2110 3333 2166 quos
3362 2096 3447 2151 hic
3475 2096 3560 2151 leo
3589 2098 3764 2167 inqui-

2183 2192 2378 2246 rendos
2404 2190 2602 2259 judicat
2626 2197 2681 2243 et
2703 2187 3004 2258 sequendus
3028 2188 3215 2257 utique
3241 2188 3495 2242 virtutum
3522 2188 3763 2258 vestigiis

2182 2291 2238 2337 et
2266 2282 2428 2335 odore
2457 2282 2786 2336 meritorum.
2840 2279 2955 2333 Non
2996 2280 3137 2334 enim
3177 2278 3244 2333 ab
3279 2278 3374 2334 illo
3418 2279 3762 2348 inquiruntur

2183 2372 2285 2429 nisi
2332 2374 2489 2440 boni,
2533 2374 2656 2443 quia
2701 2388 2760 2428 se
2808 2371 2948 2427 ultro
2997 2373 3242 2441 ingerunt
3270 2372 3416 2426 mali.
3467 2371 3594 2426 Post
3640 2372 3760 2427 illos

2183 2466 2451 2521 violenter
2470 2467 2657 2520 currit.
2687 2464 2796 2519 llos
2816 2463 2976 2518 etiam
3001 2464 3328 2533 negligenter
3347 2463 3590 2519 incurrit.
3612 2463 3759 2521 Beati

2184 2558 2345 2627 igitur
2373 2572 2507 2626 quos
2538 2558 2622 2611 hic
2651 2557 2735 2611 leo
2762 2556 2957 2609 invidia
2987 2556 3199 2625 cogitur
3227 2569 3491 2624 quaerere,
3520 2563 3577 2610 et
3603 2556 3758 2609 mali-

2185 2649 2257 2702 tia
2279 2662 2381 2701 non
2402 2647 2721 2716 permittitur
2736 2646 2996 2702 invenire.
3016 2645 3349 2701 Terribiliter
3368 2646 3584 2715 quidem
3608 2655 3757 2701 sonat

2186 2741 2240 2795 in
2268 2740 2484 2795 auribus
2524 2742 2719 2795 nostris
2749 2738 2877 2794 dum
2916 2736 3515 2806 audivimus.Tanquam
3557 2738 3632 2792 leo
3669 2755 3757 2791 ru-

2184 2836 2344 2905 giens.
2390 2834 2493 2888 Sed
2524 2835 2643 2901 quia
2673 2833 2873 2887 dictum
2912 2841 3031 2887 est:
3068 2831 3211 2887 Escae
3248 2835 3362 2903 ejus
3396 2832 3571 2886 electae
3601 2842 3755 2896 sunt;

2184 2924 2324 2993 quod
2352 2924 2545 2993 qmerit
2572 2924 2849 2979 electionis
2876 2932 2991 2989 est;
3034 2923 3173 2993 quod
3204 2923 3344 2993 rugit
3368 2922 3757 2993 desperationis

2184 3025 2286 3071 est.
2317 3016 2466 3070 Sicut
2495 3015 2548 3070 in
2576 3016 2680 3070 alio
2708 3015 2827 3071 loco
2856 3014 3117 3084 legimus:
3154 3015 3395 3070 Dentibus
3423 3016 3531 3070 suis
3558 3016 3759 3084 frendet

2184 3120 2232 3165 et
2261 3112 2496 3164 tabescet.
2530 3110 2603 3165 Ita
2627 3109 2741 3166 hrec
2770 3111 3005 3181 loquitur
3030 3125 3207 3166 sermo
3232 3110 3457 3175 divinus,
3483 3120 3537 3164 ut
3562 3111 3761 3165 terrori
3838 3120 3843 3123 ‘

510 3187 679 3244 sionis
707 3188 892 3243 aliena:
917 3204 1021 3244 non
1051 3190 1222 3245 solum
1252 3192 1366 3247 sine
1395 3192 1609 3258 damno,
1641 3192 1732 3248 sed
1760 3194 1921 3249 etiam
1955 3208 2079 3248 cum
2109 3169 2155 3233 Ο
2185 3204 2470 3273 conjuncta
2497 3205 2567 3258 sit
2590 3169 2903 3259 consolati-0,
2934 3203 3154 3259 cruenti
3180 3202 3392 3272 quidem
3416 3209 3499 3257 est
3523 3200 3759 3272 fundet;

510 3279 661 3335 lucro
690 3282 1011 3350 possessoris
1040 3282 1270 3338 invadat.
1321 3285 1598 3353 Nunquam
1630 3286 1771 3340 enim
1803 3288 1964 3340 sentit
1996 3288 2079 3339 lu-

511 3371 671 3424 minis
701 3372 952 3426 damnum
992 3373 1231 3442 plurimis
1262 3375 1397 3443 ignis
1426 3389 1705 3441 accensus,
1753 3392 1851 3430 nec
1893 3377 2083 3431 minuit

512 3463 642 3518 solis
670 3463 842 3519 lucem
864 3465 1316 3521 considerantium
1345 3467 1645 3533 multitudo,
1668 3470 1848 3538 quanti
1869 3468 1934 3523 ad
1956 3483 2079 3525 eum

511 3554 898 3623 perspexerint,
930 3556 1091 3610 tantis
1120 3572 1339 3612 munera
1369 3573 1464 3612 sua
1492 3559 1829 3627 commodat;
1875 3570 1928 3616 et
1967 3562 2081 3631 ipse

511 3652 689 3699 tamen
722 3657 936 3714 semper
962 3645 1166 3716 integer
1193 3658 1521 3717 perseverat.

497 3774 501 3781 .
580 3735 637 3789 4.
675 3735 959 3791 Benedicta
988 3736 1075 3793 illa
1104 3740 1281 3795 anima
1310 3749 1391 3795 est
1422 3756 1449 3794 a
1481 3741 1592 3798 Deo
1621 3743 1772 3812 cujus
1812 3744 2081 3800 humilitas

509 3823 728 3880 alterius
755 3824 1028 3882 confundit
1056 3830 1380 3899 superbiam,
1404 3831 1558 3902 cujus
1586 3833 1835 3902 patientia
1862 3834 2082 3891 alterius

509 3919 799 3989 exstinguit
832 3920 1181 3989 iracundiam,
1204 3923 1355 3994 cujus
1383 3924 1683 3980 obedientia
1708 3927 1973 3997 pigritiam
2005 3936 2083 3983 ta-

506 4010 614 4066 cite
643 4012 863 4068 alterius
890 4013 1158 4086 increpat;
1209 4018 1362 4087 cujus
1409 4017 1584 4074 fervor
1623 4019 1871 4077 inertiam
1920 4022 2081 4077 alieni

506 4103 708 4174 teporis
737 4108 1048 4175 exsuscitat,
1077 4108 1166 4177 qui
1198 4108 1423 4177 proximi
1454 4110 1535 4166 sui
1568 4124 1678 4180 prae
1704 4111 1781 4166 ira
1812 4112 2078 4169 turbatum

507 4193 721 4249 oculum
742 4196 919 4250 cordis
940 4198 1106 4265 gratia
1131 4199 1511 4254 consolationis
1531 4210 1689 4269 atque
1711 4201 2080 4258 aediﬁcationis

504 4282 792 4342 illuminat.
824 4287 1011 4342 Melius
1035 4295 1118 4342 est
1140 4287 1262 4343 huic
1287 4304 1445 4358 quam
1472 4292 1549 4345 illi
1577 4293 1663 4361 qui
1698 4292 1920 4350 fratrem
1950 4309 2081 4364 pau-

505 4373 674 4431 lulum
720 4377 788 4431 ab
832 4377 1008 4446 aliquo
1054 4380 1459 4445 contristatum,
1510 4397 1615 4436 non
1660 4391 1840 4439 tamen
1887 4386 2082 4441 solatio

506 4476 607 4520 suo
625 4474 866 4533 porrecta
896 4481 1053 4521 manu
1076 4482 1181 4522 non
1206 4470 1466 4537 sublevat,
1499 4473 1597 4528 sed
1616 4474 1949 4542 titubantem,
1978 4482 2082 4534 sic-

508 4564 571 4611 ut
595 4555 850 4633 parietem
880 4557 1190 4616 inclinatum
1219 4561 1656 4632 maleloquiorum
1680 4565 1906 4636 impulsu
1927 4568 2077 4639 adju-
2107 4542 2162 4604 Ῑ)

509 4653 601 4701 vat
628 4645 695 4701 ad
722 4647 949 4716 ruinam,
998 4659 1052 4705 et
1092 4651 1376 4708 salubriter
1422 4668 1518 4724 pro
1546 4650 1843 4725 disciplinae
1867 4659 2075 4717 ratione

506 4744 806 4793 correctum
833 4754 928 4808 per
948 4742 1164 4798 sinistra
1186 4744 1408 4801 consilia
1435 4745 1513 4802 sic
1538 4745 1747 4817 incitat,
1769 4757 1827 4803 ut
1855 4750 2069 4819 allidat;

503 4826 584 4884 sic
608 4837 797 4895 armat,
824 4839 882 4885 ut
907 4833 1148 4902 perimat.

434 4936 445 4993 ί
488 4957 492 4963 -
574 4921 629 4975 5.
671 4921 873 4992 Itaque,
899 4922 1112 4992 fratres,
1136 4928 1223 4983 cui
1249 4929 1383 4986 mala
1409 4933 1622 5003 propria
1646 4948 1752 4990 non
1778 4935 2070 5006 sufﬁciunt,

502 5010 597 5069 ille
626 5012 722 5069 sic
764 5015 904 5085 agit,
952 5024 1011 5072 ut
1044 5016 1301 5087 judicium
1330 5023 1490 5078 etiam
1532 5025 1721 5081 alienae
1761 5030 2077 5098 perditionis

502 5102 761 5162 incurrat.
787 5105 934 5163 Certi
953 5122 1157 5176 sumus,
1179 5112 1462 5179 carissimi,
1485 5117 1625 5184 quod
1647 5118 1749 5173 nisi
1770 5133 2072 5191 caveamus,

502 5197 606 5252 nisi
638 5207 848 5255 nostras
872 5201 1107 5271 quotidie
1133 5205 1405 5271 passiones
1431 5221 1737 5265 resecemus
1766 5220 1820 5267 et
1846 5213 2075 5269 circum-

501 5284 762 5355 cidamus,
794 5288 1087 5348 deteriores
1132 5295 1354 5350 multum
1399 5312 1496 5353 nos
1532 5299 1668 5354 efﬁci
1706 5316 1860 5370 quam
1894 5304 2071 5359 fuera-

502 5388 642 5443 mus,
688 5376 811 5433 dum
860 5381 914 5435 in
959 5382 1062 5439 hoc
1106 5386 1303 5441 saeculo
1342 5389 1684 5446 viveremus:
1735 5394 1804 5449 ita
1846 5405 1902 5450 ut
1944 5398 2073 5452 ﬁant

499 5478 740 5526 extrema
767 5482 946 5530 nostra
974 5476 1155 5546 pejora
1187 5479 1472 5549 prioribus.
1527 5484 1592 5538 Et
1622 5485 1832 5554 quidem
1852 5532 1865 5558 ,
1896 5491 2068 5546 caris-

573 5648 680 5725 u_S.
707 5650 960 5708 Honorati
992 5652 1129 5709 haud
1159 5656 1405 5721 dubium,
1443 5658 1532 5725 qui
1561 5659 1799 5717 fundavit
1826 5678 1889 5719 ac
1915 5666 2052 5720 rexit

506 5714 791 5780 lerinense
829 5727 1236 5796 monasterium,
1283 5728 1349 5784 ad
1378 5714 1525 5798 cujus
1554 5714 2054 5804 monachos‘loque;

2183 3296 2277 3351 sed
2326 3296 2449 3351 victi
2500 3296 2638 3365 quod
2684 3295 2907 3351 tabescit.
2980 3295 3045 3351 Et
3090 3296 3229 3351 inter
3283 3300 3478 3365 quanta
3522 3293 3631 3349 sint
3670 3294 3759 3350 illa

2184 3402 2391 3456 quma
2449 3389 2559 3445 Deo
2602 3395 2903 3458 praeparata
2962 3394 3085 3442 sunt
3141 3386 3340 3442 homini
3405 3386 3542 3441 livor
3586 3384 3760 3454 prodit

2186 3481 2407 3536 inimici.
3322 3534 3323 3537 η

2262 3575 2315 3628 6.
2358 3574 2482 3629 Haec
2518 3574 2726 3645 itaque,
2769 3572 3061 3640 carissimif,
3103 3571 3428 3641 cogitantes,
3471 3578 3522 3626 et
3567 3571 3620 3625 in
3661 3568 3763 3625 hoc

2196 3678 2367 3735 agone
2396 3664 2720 3720 desudantes
2744 3663 2958 3734 gloriosi
2994 3671 3049 3718 et
3075 3663 3310 3731 praeclari
3343 3670 3370 3698 ει
3401 3661 3567 3730 patris
3595 3660 3764 3715 nostri

2186 3772 2285 3812 nos
2323 3766 2375 3811 et
2404 3755 2697 3824 discipulos
2725 3754 3123 3812 meminerimus
3154 3767 3273 3810 esse
3306 3760 3359 3808 et
3378 3751 3540 3807 ﬁlios.
3572 3750 3763 3819 Rapia.

2190 3864 2311 3905 mus
2341 3848 2703 3919 unusquisque
2726 3849 2866 3919 quod
2908 3862 3189 3917 possumus
3231 3845 3297 3901 de
3334 3844 3490 3901 bonis
3521 3844 3763 3900 intestati

2184 3940 2441 4011 parentis.
2476 3939 2572 3994 Hic
2594 3938 2662 3994 de
2694 3938 3003 3994 haereditate
3030 3946 3266 3993 assumat
3294 3935 3413 3990 ﬁdei
3442 3934 3763 3989 olosericam

2182 4043 2452 4102 gestorum
2481 4031 2796 4086 varietatem
2839 4031 3151 4101 pretiosam.
3202 4029 3297 4084 Hic
3337 4026 3763 4083 mansuetudinis

2183 4136 2248 4177 ac
2277 4122 2631 4192 simplicitatis
2654 4130 2882 4190 occupet
2910 4120 3185 4176 talentum.
3226 4119 3316 4174 Ille
3339 4119 3502 4174 decus
3534 4118 3766 4187 pectoris

2183 4212 2570 4270 benevolentia:
2599 4227 2661 4266 ac
2689 4211 2968 4281 sapientiae
3001 4211 3201 4267 monile
3234 4208 3337 4265 sibi
3366 4208 3619 4264 vindicet.
3666 4207 3764 4262 Hic

2184 4304 2524 4374 margaritam
2573 4304 2999 4373 compunetionis
3043 4311 3099 4358 et
3144 4302 3450 4358 thesaurum
3500 4300 3763 4359 castitatis

2184 4394 2418 4449 invadat.
2452 4394 2604 4448 Licet
2631 4394 2773 4448 enim
2806 4392 2896 4448 ille
2927 4392 3377 4462 locupletissimus
3408 4391 3505 4447 Dei
3532 4389 3760 4456 amicus,

2182 4484 2436 4556 quidquid
2482 4483 2667 4539 habuit
2709 4485 2976 4553 integrum
3022 4497 3201 4539 secum
3247 4483 3462 4550 tulerit,
3509 4491 3565 4538 et
3607 4482 3764 4537 nobis

2186 4588 2384 4645 tamen,
2417 4578 2463 4633 si
2492 4578 2759 4641 volumus,
2788 4585 2957 4632 totum
2987 4576 3228 4648 reliquit.
3282 4574 3360 4630 lta
3389 4589 3517 4645 ergo
3542 4589 3763 4644 agamus

2182 4672 2321 4726 bona
2370 4671 2511 4725 illius
2556 4678 2842 4738 sectantes,
2893 4679 2950 4725 ut
2991 4670 3080 4739 qui
3129 4670 3183 4724 in
3231 4676 3486 4725 aeternam
3535 4668 3761 4737 gloriam

2181 4760 2521 4817 suscitandus
2576 4761 2676 4817 sub
2723 4760 2827 4815 ﬁne
2883 4760 3202 4816 saeculorum
3266 4758 3562 4826 reddetur,
3619 4773 3763 4813 nunc

2181 4851 2435 4907 Ecclesia:
2483 4851 2646 4922 prole,
2668 4850 2847 4907 divina
2888 4850 2941 4906 in
2982 4850 3107 4908 ﬁliis
3151 4864 3245 4920 per
3286 4850 3477 4907 merita
3515 4850 3625 4920 jam
3668 4865 3761 4905 re-

2179 4950 2382 5012 surgat.

2802 5033 3034 5090 SERMO
3070 5032 3134 5089 ll.

2751 5125 2831 5179 Ad
2884 5126 3179 5180 mcnachos.

2251 5217 2301 5271 1.
2341 5217 2493 5286 Quod
2524 5218 2807 5289 supplente
2844 5227 2898 5273 et
2939 5216 3169 5287 quodam
3199 5215 3360 5271 modo
3384 5228 3509 5273 cum
3534 5212 3761 5269 caritate

2172 5309 2392 5378 iubente
2442 5311 2550 5366 Deo
2600 5320 2654 5365 et
2698 5318 2877 5365 vestra
2923 5308 3281 5377 fraternitate,
3330 5306 3761 5378 qualemcunque

2177 5415 2483 5455 sermonem
2514 5400 2767 5469 profero;
2820 5398 2956 5454 facio
3001 5399 3104 5454 hoc
3142 5414 3248 5454 non
3290 5413 3357 5455 ex
3397 5397 3576 5467 aliqua
3614 5407 3757 5464 pra:-

2176 5493 2507 5563 sumptione,
2548 5493 2642 5547 sed
2679 5507 2744 5549 ex
2773 5505 2900 5549 vera
2927 5500 2982 5548 et
3006 5491 3211 5563 integra
3240 5490 3487 5549 caritate.
3536 5487 3607 5543 Et
3630 5485 3758 5541 licet

2159 5666 2317 5738 batur
2358 5664 2685 5738 S.»Faustus
2735 5674 2791 5738 et
2845 5669 2958 5738 ipse
3004 5669 3166 5728 etiam
3215 5674 3336 5726 ante
3382 5664 3759 5738 episcopatum

2164 5735 2403 5804 ejusdem
2435 5736 2542 5794 loci
2570 5735 2899 5796 monachus]
