  <div class='ocr_page' id='page_1' title='image "/cluster/home/n/w/nwhite01/storage/ocr_20150623/58/hvd.32044073505240/498.png"; bbox 0 0 4068 6348; ppageno 0'>
   <div class='ocr_carea' id='block_1_1' title="bbox 334 357 442 416">
    <p class='ocr_par' dir='ltr' id='par_1_1' title="bbox 334 357 442 416">
     <span class='ocr_line' id='line_1_1' title="bbox 334 357 442 416; baseline -0.019 0"><span class='ocrx_word' id='word_1_1' title='bbox 334 357 442 416; x_wconf 74' lang='grc'><strong>878</strong></span> 
     </span>
    </p>
   </div>
   <div class='ocr_carea' id='block_1_2' title="bbox 1773 337 2155 408">
    <p class='ocr_par' dir='ltr' id='par_1_2' title="bbox 1773 337 2155 408">
     <span class='ocr_line' id='line_1_2' title="bbox 1773 337 2155 408; baseline 0.005 -2"><span class='ocrx_word' id='word_1_2' title='bbox 1773 337 2155 408; x_wconf 75' lang='lat' dir='ltr'><strong>SERMONES.</strong></span> 
     </span>
    </p>
   </div>
   <div class='ocr_carea' id='block_1_3' title="bbox 3485 351 3589 410">
    <p class='ocr_par' dir='ltr' id='par_1_3' title="bbox 3485 351 3589 410">
     <span class='ocr_line' id='line_1_3' title="bbox 3485 351 3589 410; baseline 0.019 -2"><span class='ocrx_word' id='word_1_3' title='bbox 3485 351 3589 410; x_wconf 66' lang='grc'><strong>871</strong></span> 
     </span>
    </p>
   </div>
   <div class='ocr_carea' id='block_1_4' title="bbox 337 463 3588 540">
    <p class='ocr_par' dir='ltr' id='par_1_4' title="bbox 337 463 3588 540">
     <span class='ocr_line' id='line_1_4' title="bbox 337 463 3588 540; baseline -0.003 -13"><span class='ocrx_word' id='word_1_4' title='bbox 337 481 446 528; x_wconf 85' lang='lat' dir='ltr'><strong>tam</strong></span> <span class='ocrx_word' id='word_1_5' title='bbox 473 469 692 540; x_wconf 93' lang='lat' dir='ltr'><strong>perfecti</strong></span> <span class='ocrx_word' id='word_1_6' title='bbox 716 467 826 525; x_wconf 89' lang='lat' dir='ltr'><strong>Deo</strong></span> <span class='ocrx_word' id='word_1_7' title='bbox 849 466 1080 539; x_wconf 90' lang='lat' dir='ltr'><strong>propitio</strong></span> <span class='ocrx_word' id='word_1_8' title='bbox 1105 466 1241 532; x_wconf 87' lang='lat' dir='ltr'><strong>sitis,</strong></span> <span class='ocrx_word' id='word_1_9' title='bbox 1266 473 1324 520; x_wconf 92' lang='lat' dir='ltr'><strong>ut</strong></span> <span class='ocrx_word' id='word_1_10' title='bbox 1343 464 1706 521; x_wconf 78' lang='lat' dir='ltr'><strong>admonitione</strong></span> <span class='ocrx_word' id='word_1_11' title='bbox 1729 472 1912 518; x_wconf 90' lang='lat' dir='ltr'><strong>nostra</strong></span> <span class='ocrx_word' id='word_1_12' title='bbox 1938 465 1991 523; x_wconf 81' lang='grc' dir='ltr'><strong>Α</strong></span> <span class='ocrx_word' id='word_1_13' title='bbox 2019 464 2122 518; x_wconf 89' lang='lat' dir='ltr'><strong>hoc</strong></span> <span class='ocrx_word' id='word_1_14' title='bbox 2146 463 2341 516; x_wconf 89' lang='lat' dir='ltr'><strong>mundo</strong></span> <span class='ocrx_word' id='word_1_15' title='bbox 2364 475 2469 518; x_wconf 90' lang='lat' dir='ltr'><strong>non</strong></span> <span class='ocrx_word' id='word_1_16' title='bbox 2494 463 2796 532; x_wconf 74' lang='lat' dir='ltr'><strong>corrigitur,</strong></span> <span class='ocrx_word' id='word_1_17' title='bbox 2827 463 2877 517; x_wconf 91' lang='lat' dir='ltr'><strong>in</strong></span> <span class='ocrx_word' id='word_1_18' title='bbox 2907 463 3082 518; x_wconf 90' lang='lat' dir='ltr'><strong>futuro</strong></span> <span class='ocrx_word' id='word_1_19' title='bbox 3105 464 3303 521; x_wconf 73' lang='lat' dir='ltr'><strong>saeculo</strong></span> <span class='ocrx_word' id='word_1_20' title='bbox 3322 465 3588 534; x_wconf 74' lang='lat' dir='ltr'><strong>punietur.</strong></span> 
     </span>
    </p>
   </div>
   <div class='ocr_carea' id='block_1_5' title="bbox 340 555 1911 629">
    <p class='ocr_par' dir='ltr' id='par_1_5' title="bbox 340 555 1911 629">
     <span class='ocr_line' id='line_1_5' title="bbox 340 555 1911 629; baseline -0.004 -14"><span class='ocrx_word' id='word_1_21' title='bbox 340 561 565 616; x_wconf 88' lang='lat' dir='ltr'><strong>minime</strong></span> <span class='ocrx_word' id='word_1_22' title='bbox 594 559 832 629; x_wconf 88' lang='lat' dir='ltr'><strong>egeatis:</strong></span> <span class='ocrx_word' id='word_1_23' title='bbox 870 569 1046 613; x_wconf 89' lang='lat' dir='ltr'><strong>tamen</strong></span> <span class='ocrx_word' id='word_1_24' title='bbox 1091 558 1384 626; x_wconf 85' lang='lat' dir='ltr'><strong>imperante</strong></span> <span class='ocrx_word' id='word_1_25' title='bbox 1422 555 1643 610; x_wconf 89' lang='lat' dir='ltr'><strong>caritate</strong></span> <span class='ocrx_word' id='word_1_26' title='bbox 1672 568 1789 623; x_wconf 77' lang='lat' dir='ltr'><strong>qua:</strong></span> <span class='ocrx_word' id='word_1_27' title='bbox 1818 569 1911 608; x_wconf 84' lang='lat' dir='ltr'><strong>ne-</strong></span> 
     </span>
    </p>
   </div>
   <div class='ocr_carea' id='block_1_6' title="bbox 338 645 1912 720">
    <p class='ocr_par' dir='ltr' id='par_1_6' title="bbox 338 645 1912 720">
     <span class='ocr_line' id='line_1_6' title="bbox 338 645 1912 720; baseline -0.005 -13"><span class='ocrx_word' id='word_1_28' title='bbox 338 655 441 709; x_wconf 88' lang='lat' dir='ltr'><strong>scit</strong></span> <span class='ocrx_word' id='word_1_29' title='bbox 469 654 682 718; x_wconf 88' lang='lat' dir='ltr'><strong>timere,</strong></span> <span class='ocrx_word' id='word_1_30' title='bbox 713 651 874 706; x_wconf 91' lang='lat' dir='ltr'><strong>etiam</strong></span> <span class='ocrx_word' id='word_1_31' title='bbox 896 650 1039 720; x_wconf 87' lang='lat' dir='ltr'><strong>quod</strong></span> <span class='ocrx_word' id='word_1_32' title='bbox 1069 649 1268 718; x_wconf 91' lang='lat' dir='ltr'><strong>optime</strong></span> <span class='ocrx_word' id='word_1_33' title='bbox 1297 647 1519 717; x_wconf 90' lang='lat' dir='ltr'><strong>implere</strong></span> <span class='ocrx_word' id='word_1_34' title='bbox 1545 659 1639 701; x_wconf 88' lang='lat' dir='ltr'><strong>vos</strong></span> <span class='ocrx_word' id='word_1_35' title='bbox 1669 645 1912 699; x_wconf 85' lang='lat' dir='ltr'><strong>novimus</strong></span> 
     </span>
    </p>
   </div>
   <div class='ocr_carea' id='block_1_7' title="bbox 337 736 1913 813">
    <p class='ocr_par' dir='ltr' id='par_1_7' title="bbox 337 736 1913 813">
     <span class='ocr_line' id='line_1_7' title="bbox 337 736 1913 813; baseline -0.007 -14"><span class='ocrx_word' id='word_1_36' title='bbox 337 758 625 813; x_wconf 83' lang='lat' dir='ltr'><strong>suggerere</strong></span> <span class='ocrx_word' id='word_1_37' title='bbox 654 752 708 797; x_wconf 93' lang='lat' dir='ltr'><strong>et</strong></span> <span class='ocrx_word' id='word_1_38' title='bbox 735 742 1026 796; x_wconf 89' lang='lat' dir='ltr'><strong>admonere</strong></span> <span class='ocrx_word' id='word_1_39' title='bbox 1050 755 1171 794; x_wconf 92' lang='lat' dir='ltr'><strong>cum</strong></span> <span class='ocrx_word' id='word_1_40' title='bbox 1202 753 1325 792; x_wconf 90' lang='lat' dir='ltr'><strong>vera</strong></span> <span class='ocrx_word' id='word_1_41' title='bbox 1368 736 1666 792; x_wconf 84' lang='lat' dir='ltr'><strong>humilitate</strong></span> <span class='ocrx_word' id='word_1_42' title='bbox 1704 743 1757 790; x_wconf 93' lang='lat' dir='ltr'><strong>et</strong></span> <span class='ocrx_word' id='word_1_43' title='bbox 1791 749 1913 804; x_wconf 91' lang='lat' dir='ltr'><strong>per-</strong></span> 
     </span>
    </p>
   </div>
   <div class='ocr_carea' id='block_1_8' title="bbox 337 827 1915 903">
    <p class='ocr_par' dir='ltr' id='par_1_8' title="bbox 337 827 1915 903">
     <span class='ocr_line' id='line_1_8' title="bbox 337 827 1915 903; baseline -0.007 -13"><span class='ocrx_word' id='word_1_44' title='bbox 337 835 476 890; x_wconf 85' lang='lat' dir='ltr'><strong>fecta</strong></span> <span class='ocrx_word' id='word_1_45' title='bbox 525 835 746 889; x_wconf 91' lang='lat' dir='ltr'><strong>caritate</strong></span> <span class='ocrx_word' id='word_1_46' title='bbox 796 833 1187 902; x_wconf 79' lang='lat' dir='ltr'><strong>praesumimus,</strong></span> <span class='ocrx_word' id='word_1_47' title='bbox 1238 844 1342 884; x_wconf 91' lang='lat' dir='ltr'><strong>non</strong></span> <span class='ocrx_word' id='word_1_48' title='bbox 1395 836 1570 882; x_wconf 90' lang='lat' dir='ltr'><strong>tamen</strong></span> <span class='ocrx_word' id='word_1_49' title='bbox 1618 827 1732 881; x_wconf 89' lang='lat' dir='ltr'><strong>sine</strong></span> <span class='ocrx_word' id='word_1_50' title='bbox 1763 841 1915 903; x_wconf 76' lang='lat' dir='ltr'><strong>vere-</strong></span> 
     </span>
    </p>
   </div>
   <div class='ocr_carea' id='block_1_9' title="bbox 341 919 1914 990">
    <p class='ocr_par' dir='ltr' id='par_1_9' title="bbox 341 919 1914 990">
     <span class='ocr_line' id='line_1_9' title="bbox 341 919 1914 990; baseline -0.007 -9"><span class='ocrx_word' id='word_1_51' title='bbox 341 927 556 990; x_wconf 82' lang='lat' dir='ltr'><strong>cundia,</strong></span> <span class='ocrx_word' id='word_1_52' title='bbox 588 941 708 980; x_wconf 90' lang='lat' dir='ltr'><strong>cum</strong></span> <span class='ocrx_word' id='word_1_53' title='bbox 761 938 858 978; x_wconf 90' lang='lat' dir='ltr'><strong>nos</strong></span> <span class='ocrx_word' id='word_1_54' title='bbox 906 922 1132 977; x_wconf 86' lang='lat' dir='ltr'><strong>necdum</strong></span> <span class='ocrx_word' id='word_1_55' title='bbox 1180 920 1403 979; x_wconf 86' lang='lat' dir='ltr'><strong>idoneos</strong></span> <span class='ocrx_word' id='word_1_56' title='bbox 1448 919 1754 973; x_wconf 85' lang='lat' dir='ltr'><strong>noverimus</strong></span> <span class='ocrx_word' id='word_1_57' title='bbox 1793 931 1914 971; x_wconf 90' lang='lat' dir='ltr'><strong>esse</strong></span> 
     </span>
    </p>
   </div>
   <div class='ocr_carea' id='block_1_10' title="bbox 341 1011 1916 1086">
    <p class='ocr_par' dir='ltr' id='par_1_10' title="bbox 341 1011 1916 1086">
     <span class='ocr_line' id='line_1_10' title="bbox 341 1011 1916 1086; baseline -0.005 -14"><span class='ocrx_word' id='word_1_58' title='bbox 341 1017 655 1086; x_wconf 77' lang='lat' dir='ltr'><strong>discipulos,</strong></span> <span class='ocrx_word' id='word_1_59' title='bbox 704 1025 757 1071; x_wconf 90' lang='lat' dir='ltr'><strong>et</strong></span> <span class='ocrx_word' id='word_1_60' title='bbox 799 1015 864 1070; x_wconf 91' lang='lat' dir='ltr'><strong>ad</strong></span> <span class='ocrx_word' id='word_1_61' title='bbox 910 1029 1044 1084; x_wconf 80' lang='lat' dir='ltr'><strong>opus</strong></span> <span class='ocrx_word' id='word_1_62' title='bbox 1085 1023 1326 1068; x_wconf 91' lang='lat' dir='ltr'><strong>sanctum</strong></span> <span class='ocrx_word' id='word_1_63' title='bbox 1364 1011 1641 1068; x_wconf 84' lang='lat' dir='ltr'><strong>videamur</strong></span> <span class='ocrx_word' id='word_1_64' title='bbox 1682 1011 1916 1064; x_wconf 78' lang='lat' dir='ltr'><strong>excitare</strong></span> 
     </span>
    </p>
   </div>
   <div class='ocr_carea' id='block_1_11' title="bbox 342 1102 1916 1177">
    <p class='ocr_par' dir='ltr' id='par_1_11' title="bbox 342 1102 1916 1177">
     <span class='ocr_line' id='line_1_11' title="bbox 342 1102 1916 1177; baseline -0.006 -14"><span class='ocrx_word' id='word_1_65' title='bbox 342 1109 650 1177; x_wconf 87' lang='lat' dir='ltr'><strong>magistros.</strong></span> <span class='ocrx_word' id='word_1_66' title='bbox 681 1105 812 1160; x_wconf 88' lang='lat' dir='ltr'><strong>Cum</strong></span> <span class='ocrx_word' id='word_1_67' title='bbox 839 1106 1005 1160; x_wconf 90' lang='lat' dir='ltr'><strong>simus</strong></span> <span class='ocrx_word' id='word_1_68' title='bbox 1035 1105 1192 1174; x_wconf 91' lang='lat' dir='ltr'><strong>tepidi</strong></span> <span class='ocrx_word' id='word_1_69' title='bbox 1220 1105 1459 1174; x_wconf 79' lang='lat' dir='ltr'><strong>cogimur</strong></span> <span class='ocrx_word' id='word_1_70' title='bbox 1494 1103 1780 1156; x_wconf 90' lang='lat' dir='ltr'><strong>admonere</strong></span> <span class='ocrx_word' id='word_1_71' title='bbox 1813 1102 1916 1155; x_wconf 88' lang='lat' dir='ltr'><strong>fer-</strong></span> 
     </span>
    </p>
   </div>
   <div class='ocr_carea' id='block_1_12' title="bbox 342 1191 1915 1265">
    <p class='ocr_par' dir='ltr' id='par_1_12' title="bbox 342 1191 1915 1265">
     <span class='ocr_line' id='line_1_12' title="bbox 342 1191 1915 1265; baseline -0.006 -12"><span class='ocrx_word' id='word_1_72' title='bbox 342 1207 564 1262; x_wconf 90' lang='lat' dir='ltr'><strong>ventes;</strong></span> <span class='ocrx_word' id='word_1_73' title='bbox 616 1212 734 1252; x_wconf 90' lang='lat' dir='ltr'><strong>cum</strong></span> <span class='ocrx_word' id='word_1_74' title='bbox 779 1197 946 1250; x_wconf 91' lang='lat' dir='ltr'><strong>simus</strong></span> <span class='ocrx_word' id='word_1_75' title='bbox 995 1203 1339 1265; x_wconf 91' lang='lat' dir='ltr'><strong>peccatores,</strong></span> <span class='ocrx_word' id='word_1_76' title='bbox 1392 1194 1663 1262; x_wconf 90' lang='lat' dir='ltr'><strong>arguimus</strong></span> <span class='ocrx_word' id='word_1_77' title='bbox 1705 1191 1915 1260; x_wconf 85' lang='lat' dir='ltr'><strong>justos;</strong></span> 
     </span>
    </p>
   </div>
   <div class='ocr_carea' id='block_1_13' title="bbox 342 1282 1919 1355">
    <p class='ocr_par' dir='ltr' id='par_1_13' title="bbox 342 1282 1919 1355">
     <span class='ocr_line' id='line_1_13' title="bbox 342 1282 1919 1355; baseline -0.008 -11"><span class='ocrx_word' id='word_1_78' title='bbox 342 1303 463 1344; x_wconf 79' lang='lat' dir='ltr'><strong>eum</strong></span> <span class='ocrx_word' id='word_1_79' title='bbox 496 1290 662 1342; x_wconf 90' lang='lat' dir='ltr'><strong>simus</strong></span> <span class='ocrx_word' id='word_1_80' title='bbox 689 1286 938 1355; x_wconf 86' lang='lat' dir='ltr'><strong>imperiti,</strong></span> <span class='ocrx_word' id='word_1_81' title='bbox 965 1285 1210 1340; x_wconf 90' lang='lat' dir='ltr'><strong>doctores</strong></span> <span class='ocrx_word' id='word_1_82' title='bbox 1232 1285 1578 1346; x_wconf 84' lang='lat' dir='ltr'><strong>instruimus;</strong></span> <span class='ocrx_word' id='word_1_83' title='bbox 1609 1297 1728 1336; x_wconf 92' lang='lat' dir='ltr'><strong>cum</strong></span> <span class='ocrx_word' id='word_1_84' title='bbox 1751 1282 1919 1334; x_wconf 92' lang='lat' dir='ltr'><strong>simus</strong></span> 
     </span>
    </p>
   </div>
   <div class='ocr_carea' id='block_1_14' title="bbox 343 1372 1918 1449">
    <p class='ocr_par' dir='ltr' id='par_1_14' title="bbox 343 1372 1918 1449">
     <span class='ocr_line' id='line_1_14' title="bbox 343 1372 1918 1449; baseline -0.006 -15"><span class='ocrx_word' id='word_1_85' title='bbox 343 1380 398 1434; x_wconf 93' lang='lat' dir='ltr'><strong>in</strong></span> <span class='ocrx_word' id='word_1_86' title='bbox 432 1380 616 1449; x_wconf 77' lang='lat' dir='ltr'><strong>pelago</strong></span> <span class='ocrx_word' id='word_1_87' title='bbox 644 1377 801 1447; x_wconf 85' lang='lat' dir='ltr'><strong>hujus</strong></span> <span class='ocrx_word' id='word_1_88' title='bbox 829 1378 1009 1431; x_wconf 92' lang='lat' dir='ltr'><strong>mundi</strong></span> <span class='ocrx_word' id='word_1_89' title='bbox 1041 1376 1219 1430; x_wconf 90' lang='lat' dir='ltr'><strong>nimiis</strong></span> <span class='ocrx_word' id='word_1_90' title='bbox 1240 1376 1486 1430; x_wconf 87' lang='lat' dir='ltr'><strong>ﬂuctibus</strong></span> <span class='ocrx_word' id='word_1_91' title='bbox 1511 1374 1714 1442; x_wconf 82' lang='lat' dir='ltr'><strong>agitati,</strong></span> <span class='ocrx_word' id='word_1_92' title='bbox 1735 1372 1801 1426; x_wconf 91' lang='lat' dir='ltr'><strong>ad</strong></span> <span class='ocrx_word' id='word_1_93' title='bbox 1825 1386 1918 1426; x_wconf 88' lang='lat' dir='ltr'><strong>eos</strong></span> 
     </span>
    </p>
   </div>
   <div class='ocr_carea' id='block_1_15' title="bbox 343 1462 1919 1542">
    <p class='ocr_par' dir='ltr' id='par_1_15' title="bbox 343 1462 1919 1542">
     <span class='ocr_line' id='line_1_15' title="bbox 343 1462 1919 1542; baseline -0.007 -17"><span class='ocrx_word' id='word_1_94' title='bbox 343 1474 432 1542; x_wconf 91' lang='lat' dir='ltr'><strong>qui</strong></span> <span class='ocrx_word' id='word_1_95' title='bbox 457 1472 520 1525; x_wconf 88' lang='lat' dir='ltr'><strong>ad</strong></span> <span class='ocrx_word' id='word_1_96' title='bbox 553 1480 760 1540; x_wconf 87' lang='lat' dir='ltr'><strong>portum</strong></span> <span class='ocrx_word' id='word_1_97' title='bbox 787 1479 892 1523; x_wconf 87' lang='lat' dir='ltr'><strong>tam</strong></span> <span class='ocrx_word' id='word_1_98' title='bbox 920 1469 1143 1523; x_wconf 81' lang='lat' dir='ltr'><strong>feliciter</strong></span> <span class='ocrx_word' id='word_1_99' title='bbox 1169 1474 1532 1537; x_wconf 90' lang='lat' dir='ltr'><strong>pervenerunt</strong></span> <span class='ocrx_word' id='word_1_100' title='bbox 1559 1462 1919 1532; x_wconf 65' lang='lat' dir='ltr'><strong>praedictionis</strong></span> 
     </span>
    </p>
   </div>
   <div class='ocr_carea' id='block_1_16' title="bbox 342 1553 1916 1634">
    <p class='ocr_par' dir='ltr' id='par_1_16' title="bbox 342 1553 1916 1634">
     <span class='ocr_line' id='line_1_16' title="bbox 342 1553 1916 1634; baseline -0.009 -14"><span class='ocrx_word' id='word_1_101' title='bbox 342 1565 504 1620; x_wconf 88' lang='lat' dir='ltr'><strong>verba</strong></span> <span class='ocrx_word' id='word_1_102' title='bbox 537 1563 874 1634; x_wconf 82' lang='lat' dir='ltr'><strong>proferimus.</strong></span> <span class='ocrx_word' id='word_1_103' title='bbox 926 1561 1032 1616; x_wconf 90' lang='lat' dir='ltr'><strong>Sed</strong></span> <span class='ocrx_word' id='word_1_104' title='bbox 1078 1571 1287 1623; x_wconf 90' lang='lat' dir='ltr'><strong>tamen,</strong></span> <span class='ocrx_word' id='word_1_105' title='bbox 1333 1558 1524 1612; x_wconf 80' lang='lat' dir='ltr'><strong>fratres</strong></span> <span class='ocrx_word' id='word_1_106' title='bbox 1553 1553 1916 1619; x_wconf 89' lang='lat' dir='ltr'><strong>dilectissimi,</strong></span> 
     </span>
    </p>
   </div>
   <div class='ocr_carea' id='block_1_17' title="bbox 347 1647 1920 1728">
    <p class='ocr_par' dir='ltr' id='par_1_17' title="bbox 347 1647 1920 1728">
     <span class='ocr_line' id='line_1_17' title="bbox 347 1647 1920 1728; baseline -0.008 -17"><span class='ocrx_word' id='word_1_107' title='bbox 347 1657 472 1728; x_wconf 87' lang='lat' dir='ltr'><strong>quia</strong></span> <span class='ocrx_word' id='word_1_108' title='bbox 503 1657 676 1711; x_wconf 87' lang='lat' dir='ltr'><strong>solent</strong></span> <span class='ocrx_word' id='word_1_109' title='bbox 706 1669 867 1709; x_wconf 90' lang='lat' dir='ltr'><strong>naves</strong></span> <span class='ocrx_word' id='word_1_110' title='bbox 894 1653 1156 1722; x_wconf 85' lang='lat' dir='ltr'><strong>superatis</strong></span> <span class='ocrx_word' id='word_1_111' title='bbox 1195 1660 1249 1706; x_wconf 91' lang='lat' dir='ltr'><strong>et</strong></span> <span class='ocrx_word' id='word_1_112' title='bbox 1284 1649 1508 1705; x_wconf 85' lang='lat' dir='ltr'><strong>devictis</strong></span> <span class='ocrx_word' id='word_1_113' title='bbox 1553 1647 1796 1701; x_wconf 85' lang='lat' dir='ltr'><strong>ﬂuctibus</strong></span> <span class='ocrx_word' id='word_1_114' title='bbox 1828 1660 1920 1714; x_wconf 83' lang='lat' dir='ltr'><strong>pe-</strong></span> 
     </span>
    </p>
   </div>
   <div class='ocr_carea' id='block_1_18' title="bbox 346 1735 1920 1814">
    <p class='ocr_par' dir='ltr' id='par_1_18' title="bbox 346 1735 1920 1814">
     <span class='ocr_line' id='line_1_18' title="bbox 346 1735 1920 1814; baseline -0.008 -14"><span class='ocrx_word' id='word_1_115' title='bbox 346 1746 488 1814; x_wconf 89' lang='lat' dir='ltr'><strong>lagi,</strong></span> <span class='ocrx_word' id='word_1_116' title='bbox 535 1745 696 1800; x_wconf 91' lang='lat' dir='ltr'><strong>etiam</strong></span> <span class='ocrx_word' id='word_1_117' title='bbox 749 1745 802 1798; x_wconf 93' lang='lat' dir='ltr'><strong>in</strong></span> <span class='ocrx_word' id='word_1_118' title='bbox 854 1753 1008 1812; x_wconf 91' lang='lat' dir='ltr'><strong>portu</strong></span> <span class='ocrx_word' id='word_1_119' title='bbox 1059 1741 1324 1796; x_wconf 89' lang='lat' dir='ltr'><strong>tutissimo</strong></span> <span class='ocrx_word' id='word_1_120' title='bbox 1373 1739 1653 1805; x_wconf 83' lang='lat' dir='ltr'><strong>laborare,</strong></span> <span class='ocrx_word' id='word_1_121' title='bbox 1714 1747 1767 1790; x_wconf 92' lang='lat' dir='ltr'><strong>et</strong></span> <span class='ocrx_word' id='word_1_122' title='bbox 1820 1735 1920 1788; x_wconf 90' lang='lat' dir='ltr'><strong>nisi</strong></span> 
     </span>
    </p>
   </div>
   <div class='ocr_carea' id='block_1_19' title="bbox 2018 554 3590 624">
    <p class='ocr_par' dir='ltr' id='par_1_19' title="bbox 2018 554 3590 624">
     <span class='ocr_line' id='line_1_19' title="bbox 2018 554 3590 624; baseline 0.001 -15"><span class='ocrx_word' id='word_1_123' title='bbox 2018 554 2106 610; x_wconf 91' lang='lat' dir='ltr'><strong>Sic</strong></span> <span class='ocrx_word' id='word_1_124' title='bbox 2132 555 2272 607; x_wconf 92' lang='lat' dir='ltr'><strong>enim</strong></span> <span class='ocrx_word' id='word_1_125' title='bbox 2301 554 2367 608; x_wconf 92' lang='lat' dir='ltr'><strong>de</strong></span> <span class='ocrx_word' id='word_1_126' title='bbox 2399 555 2527 618; x_wconf 82' lang='lat' dir='ltr'><strong>tilio,</strong></span> <span class='ocrx_word' id='word_1_127' title='bbox 2560 555 2625 608; x_wconf 90' lang='lat' dir='ltr'><strong>de</strong></span> <span class='ocrx_word' id='word_1_128' title='bbox 2655 569 2810 608; x_wconf 91' lang='lat' dir='ltr'><strong>servo</strong></span> <span class='ocrx_word' id='word_1_129' title='bbox 2837 554 3012 608; x_wconf 91' lang='lat' dir='ltr'><strong>divina</strong></span> <span class='ocrx_word' id='word_1_130' title='bbox 3044 554 3316 624; x_wconf 87' lang='lat' dir='ltr'><strong>Scriptura</strong></span> <span class='ocrx_word' id='word_1_131' title='bbox 3356 571 3590 611; x_wconf 81' lang='lat' dir='ltr'><strong>comme-</strong></span> 
     </span>
    </p>
   </div>
   <div class='ocr_carea' id='block_1_20' title="bbox 2016 643 3591 713">
    <p class='ocr_par' dir='ltr' id='par_1_20' title="bbox 2016 643 3591 713">
     <span class='ocr_line' id='line_1_20' title="bbox 2016 643 3591 713; baseline 0.002 -15"><span class='ocrx_word' id='word_1_132' title='bbox 2016 653 2191 698; x_wconf 84' lang='lat' dir='ltr'><strong>morat</strong></span> <span class='ocrx_word' id='word_1_133' title='bbox 2218 662 2230 697; x_wconf 87' lang='lat'><strong>:</strong></span> <span class='ocrx_word' id='word_1_134' title='bbox 2268 643 2364 707; x_wconf 87' lang='lat' dir='ltr'><strong>Tu,</strong></span> <span class='ocrx_word' id='word_1_135' title='bbox 2399 644 2585 710; x_wconf 77' lang='lat' dir='ltr'><strong>inquit,</strong></span> <span class='ocrx_word' id='word_1_136' title='bbox 2610 646 2750 713; x_wconf 86' lang='lat' dir='ltr'><strong>virga</strong></span> <span class='ocrx_word' id='word_1_137' title='bbox 2779 662 2892 699; x_wconf 86' lang='lat' dir='ltr'><strong>eum</strong></span> <span class='ocrx_word' id='word_1_138' title='bbox 2922 646 3093 710; x_wconf 65' lang='lat' dir='ltr'><strong>caedis,</strong></span> <span class='ocrx_word' id='word_1_139' title='bbox 3120 655 3166 699; x_wconf 89' lang='lat' dir='ltr'><strong>et</strong></span> <span class='ocrx_word' id='word_1_140' title='bbox 3195 647 3420 700; x_wconf 88' lang='lat' dir='ltr'><strong>animam</strong></span> <span class='ocrx_word' id='word_1_141' title='bbox 3450 647 3591 701; x_wconf 83' lang='lat' dir='ltr'><strong>illius</strong></span> 
     </span>
    </p>
   </div>
   <div class='ocr_carea' id='block_1_21' title="bbox 2018 736 3591 807">
    <p class='ocr_par' dir='ltr' id='par_1_21' title="bbox 2018 736 3591 807">
     <span class='ocr_line' id='line_1_21' title="bbox 2018 736 3591 807; baseline 0.003 -18"><span class='ocrx_word' id='word_1_142' title='bbox 2018 737 2079 790; x_wconf 82' lang='lat' dir='ltr'><strong>de</strong></span> <span class='ocrx_word' id='word_1_143' title='bbox 2110 737 2310 804; x_wconf 82' lang='lat' dir='ltr'><strong>inferno</strong></span> <span class='ocrx_word' id='word_1_144' title='bbox 2342 736 2575 789; x_wconf 78' lang='lat' dir='ltr'><strong>liberabis</strong></span> <span class='ocrx_word' id='word_1_145' title='bbox 2607 736 2797 807; x_wconf 82' lang='lat' dir='ltr'><strong>(Prov.</strong></span> <span class='ocrx_word' id='word_1_146' title='bbox 2836 754 2994 800; x_wconf 71' lang='grc' dir='ltr'>χχιιι,</span> <span class='ocrx_word' id='word_1_147' title='bbox 3040 737 3148 804; x_wconf 75' lang='grc'><strong>14).</strong></span> <span class='ocrx_word' id='word_1_148' title='bbox 3189 739 3250 791; x_wconf 90' lang='lat' dir='ltr'><strong>Et</strong></span> <span class='ocrx_word' id='word_1_149' title='bbox 3279 739 3421 803; x_wconf 92' lang='lat' dir='ltr'><strong>ideo,</strong></span> <span class='ocrx_word' id='word_1_150' title='bbox 3454 743 3591 794; x_wconf 80' lang='lat' dir='ltr'><strong>sicut</strong></span> 
     </span>
    </p>
   </div>
   <div class='ocr_carea' id='block_1_22' title="bbox 2017 830 3593 899">
    <p class='ocr_par' dir='ltr' id='par_1_22' title="bbox 2017 830 3593 899">
     <span class='ocr_line' id='line_1_22' title="bbox 2017 830 3593 899; baseline 0 -13"><span class='ocrx_word' id='word_1_151' title='bbox 2017 846 2176 899; x_wconf 90' lang='lat' dir='ltr'><strong>supra</strong></span> <span class='ocrx_word' id='word_1_152' title='bbox 2208 830 2474 898; x_wconf 90' lang='lat' dir='ltr'><strong>suggessi,</strong></span> <span class='ocrx_word' id='word_1_153' title='bbox 2525 844 2629 883; x_wconf 90' lang='lat' dir='ltr'><strong>non</strong></span> <span class='ocrx_word' id='word_1_154' title='bbox 2678 830 2850 884; x_wconf 92' lang='lat' dir='ltr'><strong>solum</strong></span> <span class='ocrx_word' id='word_1_155' title='bbox 2877 831 3120 899; x_wconf 88' lang='lat' dir='ltr'><strong>capitalia</strong></span> <span class='ocrx_word' id='word_1_156' title='bbox 3153 831 3372 886; x_wconf 84' lang='lat' dir='ltr'><strong>crimina</strong></span> <span class='ocrx_word' id='word_1_157' title='bbox 3404 847 3593 886; x_wconf 85' lang='lat' dir='ltr'><strong>eavea-</strong></span> 
     </span>
    </p>
   </div>
   <div class='ocr_carea' id='block_1_23' title="bbox 2019 919 3590 992">
    <p class='ocr_par' dir='ltr' id='par_1_23' title="bbox 2019 919 3590 992">
     <span class='ocr_line' id='line_1_23' title="bbox 2019 919 3590 992; baseline 0.002 -17"><span class='ocrx_word' id='word_1_158' title='bbox 2019 937 2159 984; x_wconf 88' lang='lat' dir='ltr'><strong>mus,</strong></span> <span class='ocrx_word' id='word_1_159' title='bbox 2203 921 2294 974; x_wconf 86' lang='lat' dir='ltr'><strong>sed</strong></span> <span class='ocrx_word' id='word_1_160' title='bbox 2335 921 2496 974; x_wconf 86' lang='lat' dir='ltr'><strong>etiam</strong></span> <span class='ocrx_word' id='word_1_161' title='bbox 2539 935 2726 989; x_wconf 86' lang='lat' dir='ltr'><strong>parvas</strong></span> <span class='ocrx_word' id='word_1_162' title='bbox 2755 921 3119 989; x_wconf 83' lang='lat' dir='ltr'><strong>negligentias,</strong></span> <span class='ocrx_word' id='word_1_163' title='bbox 3152 919 3324 992; x_wconf 86' lang='lat' dir='ltr'><strong>[quas]</strong></span> <span class='ocrx_word' id='word_1_164' title='bbox 3355 925 3590 991; x_wconf 86' lang='lat' dir='ltr'><strong>quotidie</strong></span> 
     </span>
    </p>
   </div>
   <div class='ocr_carea' id='block_1_24' title="bbox 2020 1012 3591 1082">
    <p class='ocr_par' dir='ltr' id='par_1_24' title="bbox 2020 1012 3591 1082">
     <span class='ocr_line' id='line_1_24' title="bbox 2020 1012 3591 1082; baseline 0.001 -17"><span class='ocrx_word' id='word_1_165' title='bbox 2020 1014 2170 1082; x_wconf 90' lang='lat' dir='ltr'><strong>quasi</strong></span> <span class='ocrx_word' id='word_1_166' title='bbox 2193 1027 2394 1066; x_wconf 90' lang='lat' dir='ltr'><strong>venena</strong></span> <span class='ocrx_word' id='word_1_167' title='bbox 2425 1012 2620 1065; x_wconf 86' lang='lat' dir='ltr'><strong>diaboli</strong></span> <span class='ocrx_word' id='word_1_168' title='bbox 2653 1013 2999 1080; x_wconf 87' lang='lat' dir='ltr'><strong>respiramus.</strong></span> <span class='ocrx_word' id='word_1_169' title='bbox 3030 1013 3162 1067; x_wconf 90' lang='lat' dir='ltr'><strong>Sunt</strong></span> <span class='ocrx_word' id='word_1_170' title='bbox 3186 1016 3324 1068; x_wconf 88' lang='lat' dir='ltr'><strong>enim</strong></span> <span class='ocrx_word' id='word_1_171' title='bbox 3351 1017 3591 1068; x_wconf 89' lang='lat' dir='ltr'><strong>nonnulli</strong></span> 
     </span>
    </p>
   </div>
   <div class='ocr_carea' id='block_1_25' title="bbox 2021 1102 3593 1172">
    <p class='ocr_par' dir='ltr' id='par_1_25' title="bbox 2021 1102 3593 1172">
     <span class='ocr_line' id='line_1_25' title="bbox 2021 1102 3593 1172; baseline 0.003 -16"><span class='ocrx_word' id='word_1_172' title='bbox 2021 1104 2109 1172; x_wconf 94' lang='lat' dir='ltr'><strong>qui</strong></span> <span class='ocrx_word' id='word_1_173' title='bbox 2139 1114 2254 1171; x_wconf 89' lang='lat' dir='ltr'><strong>post</strong></span> <span class='ocrx_word' id='word_1_174' title='bbox 2279 1103 2549 1171; x_wconf 79' lang='lat' dir='ltr'><strong>religionis</strong></span> <span class='ocrx_word' id='word_1_175' title='bbox 2579 1102 2984 1171; x_wconf 81' lang='lat' dir='ltr'><strong>professionem,</strong></span> <span class='ocrx_word' id='word_1_176' title='bbox 3012 1119 3113 1172; x_wconf 91' lang='lat' dir='ltr'><strong>qua</strong></span> <span class='ocrx_word' id='word_1_177' title='bbox 3145 1105 3392 1158; x_wconf 86' lang='lat' dir='ltr'><strong>videntur</strong></span> <span class='ocrx_word' id='word_1_178' title='bbox 3417 1107 3593 1161; x_wconf 84' lang='lat' dir='ltr'><strong>exisse</strong></span> 
     </span>
    </p>
   </div>
   <div class='ocr_carea' id='block_1_26' title="bbox 2021 1194 3595 1266">
    <p class='ocr_par' dir='ltr' id='par_1_26' title="bbox 2021 1194 3595 1266">
     <span class='ocr_line' id='line_1_26' title="bbox 2021 1194 3595 1266; baseline 0.001 -17"><span class='ocrx_word' id='word_1_179' title='bbox 2021 1194 2089 1249; x_wconf 88' lang='lat' dir='ltr'><strong>de</strong></span> <span class='ocrx_word' id='word_1_180' title='bbox 2117 1196 2349 1258; x_wconf 74' lang='lat' dir='ltr'><strong>steculo,</strong></span> <span class='ocrx_word' id='word_1_181' title='bbox 2395 1196 2555 1249; x_wconf 92' lang='lat' dir='ltr'><strong>nimia</strong></span> <span class='ocrx_word' id='word_1_182' title='bbox 2596 1195 2882 1249; x_wconf 88' lang='lat' dir='ltr'><strong>securitate</strong></span> <span class='ocrx_word' id='word_1_183' title='bbox 2925 1196 3223 1261; x_wconf 91' lang='lat' dir='ltr'><strong>solvuntur,</strong></span> <span class='ocrx_word' id='word_1_184' title='bbox 3252 1205 3306 1250; x_wconf 88' lang='lat' dir='ltr'><strong>et</strong></span> <span class='ocrx_word' id='word_1_185' title='bbox 3342 1197 3595 1266; x_wconf 91' lang='lat' dir='ltr'><strong>impletur</strong></span> 
     </span>
    </p>
   </div>
   <div class='ocr_carea' id='block_1_27' title="bbox 2022 1285 3594 1359">
    <p class='ocr_par' dir='ltr' id='par_1_27' title="bbox 2022 1285 3594 1359">
     <span class='ocr_line' id='line_1_27' title="bbox 2022 1285 3594 1359; baseline 0.001 -19"><span class='ocrx_word' id='word_1_186' title='bbox 2022 1286 2076 1340; x_wconf 90' lang='lat' dir='ltr'><strong>in</strong></span> <span class='ocrx_word' id='word_1_187' title='bbox 2107 1287 2186 1340; x_wconf 88' lang='lat' dir='ltr'><strong>eis</strong></span> <span class='ocrx_word' id='word_1_188' title='bbox 2214 1286 2476 1340; x_wconf 86' lang='lat' dir='ltr'><strong>sententia</strong></span> <span class='ocrx_word' id='word_1_189' title='bbox 2507 1285 2715 1340; x_wconf 89' lang='lat' dir='ltr'><strong>Domini</strong></span> <span class='ocrx_word' id='word_1_190' title='bbox 2741 1301 2840 1355; x_wconf 92' lang='lat' dir='ltr'><strong>qua</strong></span> <span class='ocrx_word' id='word_1_191' title='bbox 2867 1285 3062 1340; x_wconf 90' lang='lat' dir='ltr'><strong>dicitur</strong></span> <span class='ocrx_word' id='word_1_192' title='bbox 3088 1305 3098 1338; x_wconf 95' lang='lat'>:</span> <span class='ocrx_word' id='word_1_193' title='bbox 3141 1287 3348 1340; x_wconf 89' lang='lat' dir='ltr'><strong>Utinam</strong></span> <span class='ocrx_word' id='word_1_194' title='bbox 3375 1289 3594 1359; x_wconf 85' lang='lat' dir='ltr'><strong>frigidus</strong></span> 
     </span>
    </p>
   </div>
   <div class='ocr_carea' id='block_1_28' title="bbox 2023 1377 3597 1445">
    <p class='ocr_par' dir='ltr' id='par_1_28' title="bbox 2023 1377 3597 1445">
     <span class='ocr_line' id='line_1_28' title="bbox 2023 1377 3597 1445; baseline 0.001 -17"><span class='ocrx_word' id='word_1_195' title='bbox 2023 1392 2174 1438; x_wconf 84' lang='lat' dir='ltr'><strong>esses,</strong></span> <span class='ocrx_word' id='word_1_196' title='bbox 2207 1385 2296 1429; x_wconf 89' lang='lat' dir='ltr'><strong>aut</strong></span> <span class='ocrx_word' id='word_1_197' title='bbox 2324 1377 2521 1429; x_wconf 87' lang='lat' dir='ltr'><strong>calidus</strong></span> <span class='ocrx_word' id='word_1_198' title='bbox 2546 1393 2564 1429; x_wconf 82' lang='lat'><strong>.&#39;</strong></span> <span class='ocrx_word' id='word_1_199' title='bbox 2605 1393 2737 1430; x_wconf 83' lang='lat' dir='ltr'><strong>nunc</strong></span> <span class='ocrx_word' id='word_1_200' title='bbox 2776 1386 2944 1430; x_wconf 86' lang='lat' dir='ltr'><strong>autem</strong></span> <span class='ocrx_word' id='word_1_201' title='bbox 2973 1379 3093 1444; x_wconf 83' lang='lat' dir='ltr'><strong>quia</strong></span> <span class='ocrx_word' id='word_1_202' title='bbox 3123 1378 3320 1445; x_wconf 89' lang='lat' dir='ltr'><strong>tepidus</strong></span> <span class='ocrx_word' id='word_1_203' title='bbox 3347 1394 3427 1443; x_wconf 83' lang='lat' dir='ltr'><strong>es,</strong></span> <span class='ocrx_word' id='word_1_204' title='bbox 3471 1379 3597 1430; x_wconf 61' lang='lat' dir='ltr'><strong>inci.</strong></span> 
     </span>
    </p>
   </div>
   <div class='ocr_carea' id='block_1_29' title="bbox 2022 1468 3597 1537">
    <p class='ocr_par' dir='ltr' id='par_1_29' title="bbox 2022 1468 3597 1537">
     <span class='ocr_line' id='line_1_29' title="bbox 2022 1468 3597 1537; baseline -0.001 -16"><span class='ocrx_word' id='word_1_205' title='bbox 2022 1469 2161 1537; x_wconf 80' lang='lat' dir='ltr'><strong>piant</strong></span> <span class='ocrx_word' id='word_1_206' title='bbox 2188 1479 2233 1521; x_wconf 90' lang='lat' dir='ltr'><strong>te</strong></span> <span class='ocrx_word' id='word_1_207' title='bbox 2264 1485 2459 1522; x_wconf 85' lang='lat' dir='ltr'><strong>vomere</strong></span> <span class='ocrx_word' id='word_1_208' title='bbox 2489 1484 2552 1522; x_wconf 81' lang='lat' dir='ltr'><strong>ea:</strong></span> <span class='ocrx_word' id='word_1_209' title='bbox 2579 1485 2663 1521; x_wconf 90' lang='lat' dir='ltr'><strong>ore</strong></span> <span class='ocrx_word' id='word_1_210' title='bbox 2693 1484 2802 1521; x_wconf 88' lang='lat' dir='ltr'><strong>meo</strong></span> <span class='ocrx_word' id='word_1_211' title='bbox 2832 1469 3011 1537; x_wconf 77' lang='lat' dir='ltr'><strong>(Apoc.</strong></span> <span class='ocrx_word' id='word_1_212' title='bbox 3050 1483 3140 1534; x_wconf 89' lang='grc' dir='ltr'>ιιι,</span> <span class='ocrx_word' id='word_1_213' title='bbox 3179 1468 3288 1536; x_wconf 82' lang='grc'><strong>15).</strong></span> <span class='ocrx_word' id='word_1_214' title='bbox 3335 1468 3472 1534; x_wconf 83' lang='lat' dir='ltr'><strong>Quid</strong></span> <span class='ocrx_word' id='word_1_215' title='bbox 3515 1477 3597 1521; x_wconf 90' lang='lat' dir='ltr'><strong>est</strong></span> 
     </span>
    </p>
   </div>
   <div class='ocr_carea' id='block_1_30' title="bbox 2022 1559 3596 1630">
    <p class='ocr_par' dir='ltr' id='par_1_30' title="bbox 2022 1559 3596 1630">
     <span class='ocr_line' id='line_1_30' title="bbox 2022 1559 3596 1630; baseline -0.002 -16"><span class='ocrx_word' id='word_1_216' title='bbox 2022 1561 2164 1630; x_wconf 91' lang='lat' dir='ltr'><strong>quod</strong></span> <span class='ocrx_word' id='word_1_217' title='bbox 2188 1561 2326 1614; x_wconf 79' lang='lat' dir='ltr'><strong>dixit</strong></span> <span class='ocrx_word' id='word_1_218' title='bbox 2351 1579 2362 1612; x_wconf 89' lang='lat'><strong>:</strong></span> <span class='ocrx_word' id='word_1_219' title='bbox 2402 1560 2610 1614; x_wconf 77' lang='lat' dir='ltr'><strong>Utinam</strong></span> <span class='ocrx_word' id='word_1_220' title='bbox 2639 1577 2770 1614; x_wconf 88' lang='lat' dir='ltr'><strong>esses</strong></span> <span class='ocrx_word' id='word_1_221' title='bbox 2799 1560 2998 1612; x_wconf 83' lang='lat' dir='ltr'><strong>calidus</strong></span> <span class='ocrx_word' id='word_1_222' title='bbox 3026 1569 3114 1611; x_wconf 80' lang='lat' dir='ltr'><strong>aut</strong></span> <span class='ocrx_word' id='word_1_223' title='bbox 3145 1560 3406 1628; x_wconf 80' lang='lat' dir='ltr'><strong>frigidus?</strong></span> <span class='ocrx_word' id='word_1_224' title='bbox 3448 1559 3596 1613; x_wconf 86' lang='lat' dir='ltr'><strong>Nunc</strong></span> 
     </span>
    </p>
   </div>
   <div class='ocr_carea' id='block_1_31' title="bbox 2023 1651 3596 1722">
    <p class='ocr_par' dir='ltr' id='par_1_31' title="bbox 2023 1651 3596 1722">
     <span class='ocr_line' id='line_1_31' title="bbox 2023 1651 3596 1722; baseline 0 -18"><span class='ocrx_word' id='word_1_225' title='bbox 2023 1663 2198 1707; x_wconf 88' lang='lat' dir='ltr'><strong>autem</strong></span> <span class='ocrx_word' id='word_1_226' title='bbox 2229 1654 2350 1722; x_wconf 86' lang='lat' dir='ltr'><strong>quia</strong></span> <span class='ocrx_word' id='word_1_227' title='bbox 2381 1661 2434 1707; x_wconf 90' lang='lat' dir='ltr'><strong>et</strong></span> <span class='ocrx_word' id='word_1_228' title='bbox 2466 1652 2531 1706; x_wconf 92' lang='lat' dir='ltr'><strong>de</strong></span> <span class='ocrx_word' id='word_1_229' title='bbox 2555 1654 2751 1706; x_wconf 80' lang='lat' dir='ltr'><strong>s:eculo</strong></span> <span class='ocrx_word' id='word_1_230' title='bbox 2782 1653 3074 1714; x_wconf 81' lang='lat' dir='ltr'><strong>recessisti,</strong></span> <span class='ocrx_word' id='word_1_231' title='bbox 3099 1659 3154 1704; x_wconf 90' lang='lat' dir='ltr'><strong>et</strong></span> <span class='ocrx_word' id='word_1_232' title='bbox 3178 1651 3468 1718; x_wconf 78' lang='lat' dir='ltr'><strong>spiritalem</strong></span> <span class='ocrx_word' id='word_1_233' title='bbox 3496 1651 3596 1705; x_wconf 80' lang='lat' dir='ltr'><strong>fer-</strong></span> 
     </span>
    </p>
   </div>
   <div class='ocr_carea' id='block_1_32' title="bbox 2024 1740 3594 1811">
    <p class='ocr_par' dir='ltr' id='par_1_32' title="bbox 2024 1740 3594 1811">
     <span class='ocr_line' id='line_1_32' title="bbox 2024 1740 3594 1811; baseline -0.002 -15"><span class='ocrx_word' id='word_1_234' title='bbox 2024 1757 2206 1796; x_wconf 91' lang='lat' dir='ltr'><strong>vorem</strong></span> <span class='ocrx_word' id='word_1_235' title='bbox 2237 1757 2329 1810; x_wconf 89' lang='lat' dir='ltr'><strong>per</strong></span> <span class='ocrx_word' id='word_1_236' title='bbox 2353 1743 2722 1811; x_wconf 84' lang='lat' dir='ltr'><strong>negligentiam</strong></span> <span class='ocrx_word' id='word_1_237' title='bbox 2750 1751 2894 1795; x_wconf 89' lang='lat' dir='ltr'><strong>tuam</strong></span> <span class='ocrx_word' id='word_1_238' title='bbox 2923 1741 3325 1810; x_wconf 81' lang='lat' dir='ltr'><strong>apprehendere</strong></span> <span class='ocrx_word' id='word_1_239' title='bbox 3354 1740 3594 1803; x_wconf 86' lang='lat' dir='ltr'><strong>noluisti,</strong></span> 
     </span>
    </p>
   </div>
   <div class='ocr_carea' id='block_1_33' title="bbox 346 1829 3596 1908">
    <p class='ocr_par' dir='ltr' id='par_1_33' title="bbox 346 1829 3596 1908">
     <span class='ocr_line' id='line_1_33' title="bbox 346 1829 3596 1908; baseline -0.005 -6"><span class='ocrx_word' id='word_1_240' title='bbox 346 1837 564 1908; x_wconf 75' lang='lat' dir='ltr'><strong>grandis</strong></span> <span class='ocrx_word' id='word_1_241' title='bbox 593 1836 798 1892; x_wconf 78' lang='lat' dir='ltr'><strong>cautela</strong></span> <span class='ocrx_word' id='word_1_242' title='bbox 829 1835 1006 1901; x_wconf 77' lang='lat' dir='ltr'><strong>fuerit.</strong></span> <span class='ocrx_word' id='word_1_243' title='bbox 1042 1849 1178 1904; x_wconf 81' lang='lat' dir='ltr'><strong>pene</strong></span> <span class='ocrx_word' id='word_1_244' title='bbox 1209 1833 1509 1902; x_wconf 73' lang='lat' dir='ltr'><strong>submersi;</strong></span> <span class='ocrx_word' id='word_1_245' title='bbox 1551 1845 1671 1884; x_wconf 90' lang='lat' dir='ltr'><strong>cum</strong></span> <span class='ocrx_word' id='word_1_246' title='bbox 1708 1843 1913 1883; x_wconf 84' lang='lat' dir='ltr'><strong>summa</strong></span> <span class='ocrx_word' id='word_1_247' title='bbox 1945 1829 1994 1888; x_wconf 80' lang='grc' dir='ltr'><strong>Β</strong></span> <span class='ocrx_word' id='word_1_248' title='bbox 2024 1834 2232 1903; x_wconf 89' lang='lat' dir='ltr'><strong>tepidus</strong></span> <span class='ocrx_word' id='word_1_249' title='bbox 2261 1834 2479 1888; x_wconf 77' lang='lat' dir='ltr'><strong>euectus</strong></span> <span class='ocrx_word' id='word_1_250' title='bbox 2506 1850 2597 1900; x_wconf 88' lang='lat' dir='ltr'><strong>es,</strong></span> <span class='ocrx_word' id='word_1_251' title='bbox 2641 1849 2709 1888; x_wconf 78' lang='lat' dir='ltr'><strong>ex</strong></span> <span class='ocrx_word' id='word_1_252' title='bbox 2743 1849 2836 1889; x_wconf 88' lang='lat' dir='ltr'><strong>ore</strong></span> <span class='ocrx_word' id='word_1_253' title='bbox 2868 1833 3076 1888; x_wconf 84' lang='lat' dir='ltr'><strong>Domini</strong></span> <span class='ocrx_word' id='word_1_254' title='bbox 3110 1836 3193 1887; x_wconf 86' lang='lat' dir='ltr'><strong>vix</strong></span> <span class='ocrx_word' id='word_1_255' title='bbox 3227 1835 3416 1888; x_wconf 84' lang='lat' dir='ltr'><strong>iterum</strong></span> <span class='ocrx_word' id='word_1_256' title='bbox 3458 1835 3596 1890; x_wconf 86' lang='lat' dir='ltr'><strong>reci-</strong></span> 
     </span>
    </p>
   </div>
   <div class='ocr_carea' id='block_1_34' title="bbox 346 1923 1916 1996">
    <p class='ocr_par' dir='ltr' id='par_1_34' title="bbox 346 1923 1916 1996">
     <span class='ocr_line' id='line_1_34' title="bbox 346 1923 1916 1996; baseline -0.007 -10"><span class='ocrx_word' id='word_1_257' title='bbox 346 1929 649 1986; x_wconf 84' lang='lat' dir='ltr'><strong>humilitate</strong></span> <span class='ocrx_word' id='word_1_258' title='bbox 682 1936 733 1982; x_wconf 91' lang='lat' dir='ltr'><strong>et</strong></span> <span class='ocrx_word' id='word_1_259' title='bbox 761 1929 958 1996; x_wconf 87' lang='lat' dir='ltr'><strong>ingenti</strong></span> <span class='ocrx_word' id='word_1_260' title='bbox 989 1925 1289 1981; x_wconf 90' lang='lat' dir='ltr'><strong>reverentia</strong></span> <span class='ocrx_word' id='word_1_261' title='bbox 1320 1923 1690 1987; x_wconf 90' lang='lat' dir='ltr'><strong>admonemus,</strong></span> <span class='ocrx_word' id='word_1_262' title='bbox 1719 1932 1772 1975; x_wconf 90' lang='lat' dir='ltr'><strong>ut</strong></span> <span class='ocrx_word' id='word_1_263' title='bbox 1796 1923 1916 1990; x_wconf 86' lang='lat' dir='ltr'><strong>quia</strong></span> 
     </span>
    </p>
   </div>
   <div class='ocr_carea' id='block_1_35' title="bbox 347 2013 1918 2090">
    <p class='ocr_par' dir='ltr' id='par_1_35' title="bbox 347 2013 1918 2090">
     <span class='ocr_line' id='line_1_35' title="bbox 347 2013 1918 2090; baseline -0.005 -14"><span class='ocrx_word' id='word_1_264' title='bbox 347 2038 444 2076; x_wconf 87' lang='lat' dir='ltr'><strong>vos</strong></span> <span class='ocrx_word' id='word_1_265' title='bbox 474 2021 716 2076; x_wconf 86' lang='lat' dir='ltr'><strong>Christus</strong></span> <span class='ocrx_word' id='word_1_266' title='bbox 743 2019 1059 2090; x_wconf 88' lang='lat' dir='ltr'><strong>capitalibus</strong></span> <span class='ocrx_word' id='word_1_267' title='bbox 1087 2018 1402 2072; x_wconf 88' lang='lat' dir='ltr'><strong>criminibus</strong></span> <span class='ocrx_word' id='word_1_268' title='bbox 1429 2025 1679 2085; x_wconf 87' lang='lat' dir='ltr'><strong>tanquam</strong></span> <span class='ocrx_word' id='word_1_269' title='bbox 1719 2013 1786 2068; x_wconf 89' lang='lat' dir='ltr'><strong>de</strong></span> <span class='ocrx_word' id='word_1_270' title='bbox 1825 2029 1918 2082; x_wconf 89' lang='lat' dir='ltr'><strong>pe-</strong></span> 
     </span>
    </p>
   </div>
   <div class='ocr_carea' id='block_1_36' title="bbox 348 2104 1919 2176">
    <p class='ocr_par' dir='ltr' id='par_1_36' title="bbox 348 2104 1919 2176">
     <span class='ocr_line' id='line_1_36' title="bbox 348 2104 1919 2176; baseline -0.009 -6"><span class='ocrx_word' id='word_1_271' title='bbox 348 2114 596 2170; x_wconf 89' lang='lat' dir='ltr'><strong>riculosis</strong></span> <span class='ocrx_word' id='word_1_272' title='bbox 626 2112 870 2167; x_wconf 82' lang='lat' dir='ltr'><strong>liberavit</strong></span> <span class='ocrx_word' id='word_1_273' title='bbox 901 2109 1172 2174; x_wconf 82' lang='lat' dir='ltr'><strong>fluctibus,</strong></span> <span class='ocrx_word' id='word_1_274' title='bbox 1206 2110 1257 2162; x_wconf 92' lang='lat' dir='ltr'><strong>in</strong></span> <span class='ocrx_word' id='word_1_275' title='bbox 1307 2118 1463 2176; x_wconf 90' lang='lat' dir='ltr'><strong>portu</strong></span> <span class='ocrx_word' id='word_1_276' title='bbox 1495 2106 1688 2174; x_wconf 82' lang='lat' dir='ltr'><strong>quietis</strong></span> <span class='ocrx_word' id='word_1_277' title='bbox 1716 2114 1768 2158; x_wconf 91' lang='lat' dir='ltr'><strong>et</strong></span> <span class='ocrx_word' id='word_1_278' title='bbox 1797 2104 1919 2157; x_wconf 88' lang='lat' dir='ltr'><strong>bea-</strong></span> 
     </span>
    </p>
   </div>
   <div class='ocr_carea' id='block_1_37' title="bbox 349 2197 1920 2272">
    <p class='ocr_par' dir='ltr' id='par_1_37' title="bbox 349 2197 1920 2272">
     <span class='ocr_line' id='line_1_37' title="bbox 349 2197 1920 2272; baseline -0.008 -12"><span class='ocrx_word' id='word_1_279' title='bbox 349 2206 588 2261; x_wconf 89' lang='lat' dir='ltr'><strong>titudinis</strong></span> <span class='ocrx_word' id='word_1_280' title='bbox 636 2203 949 2268; x_wconf 86' lang='lat' dir='ltr'><strong>constituti,</strong></span> <span class='ocrx_word' id='word_1_281' title='bbox 997 2215 1188 2272; x_wconf 89' lang='lat' dir='ltr'><strong>parvas</strong></span> <span class='ocrx_word' id='word_1_282' title='bbox 1235 2199 1623 2269; x_wconf 90' lang='lat' dir='ltr'><strong>negligentias,</strong></span> <span class='ocrx_word' id='word_1_283' title='bbox 1675 2207 1728 2250; x_wconf 90' lang='lat' dir='ltr'><strong>et</strong></span> <span class='ocrx_word' id='word_1_284' title='bbox 1773 2197 1920 2265; x_wconf 88' lang='lat' dir='ltr'><strong>quasi</strong></span> 
     </span>
    </p>
   </div>
   <div class='ocr_carea' id='block_1_38' title="bbox 347 2286 1920 2364">
    <p class='ocr_par' dir='ltr' id='par_1_38' title="bbox 347 2286 1920 2364">
     <span class='ocr_line' id='line_1_38' title="bbox 347 2286 1920 2364; baseline -0.01 -13"><span class='ocrx_word' id='word_1_285' title='bbox 347 2295 548 2352; x_wconf 86' lang='lat' dir='ltr'><strong>minuta</strong></span> <span class='ocrx_word' id='word_1_286' title='bbox 578 2305 828 2364; x_wconf 88' lang='lat' dir='ltr'><strong>peccata,</strong></span> <span class='ocrx_word' id='word_1_287' title='bbox 874 2307 992 2362; x_wconf 66' lang='lat' dir='ltr'><strong>qua:</strong></span> <span class='ocrx_word' id='word_1_288' title='bbox 1035 2291 1111 2344; x_wconf 91' lang='lat' dir='ltr'><strong>sic</strong></span> <span class='ocrx_word' id='word_1_289' title='bbox 1141 2291 1194 2343; x_wconf 93' lang='lat' dir='ltr'><strong>in</strong></span> <span class='ocrx_word' id='word_1_290' title='bbox 1227 2289 1403 2342; x_wconf 91' lang='lat' dir='ltr'><strong>anima</strong></span> <span class='ocrx_word' id='word_1_291' title='bbox 1432 2286 1738 2350; x_wconf 82' lang='lat' dir='ltr'><strong>conﬂuunt,</strong></span> <span class='ocrx_word' id='word_1_292' title='bbox 1786 2298 1920 2353; x_wconf 89' lang='lat' dir='ltr'><strong>quo-</strong></span> 
     </span>
    </p>
   </div>
   <div class='ocr_carea' id='block_1_39' title="bbox 348 2375 1923 2454">
    <p class='ocr_par' dir='ltr' id='par_1_39' title="bbox 348 2375 1923 2454">
     <span class='ocr_line' id='line_1_39' title="bbox 348 2375 1923 2454; baseline -0.011 -11"><span class='ocrx_word' id='word_1_293' title='bbox 348 2387 508 2443; x_wconf 87' lang='lat' dir='ltr'><strong>modo</strong></span> <span class='ocrx_word' id='word_1_294' title='bbox 531 2401 624 2454; x_wconf 89' lang='lat' dir='ltr'><strong>per</strong></span> <span class='ocrx_word' id='word_1_295' title='bbox 646 2383 1028 2439; x_wconf 88' lang='lat' dir='ltr'><strong>minutissimas</strong></span> <span class='ocrx_word' id='word_1_296' title='bbox 1048 2381 1196 2434; x_wconf 87' lang='lat' dir='ltr'><strong>navis</strong></span> <span class='ocrx_word' id='word_1_297' title='bbox 1217 2377 1437 2433; x_wconf 89' lang='lat' dir='ltr'><strong>rimulas</strong></span> <span class='ocrx_word' id='word_1_298' title='bbox 1460 2377 1511 2429; x_wconf 93' lang='lat' dir='ltr'><strong>in</strong></span> <span class='ocrx_word' id='word_1_299' title='bbox 1534 2375 1740 2430; x_wconf 90' lang='lat' dir='ltr'><strong>sentina</strong></span> <span class='ocrx_word' id='word_1_300' title='bbox 1764 2382 1923 2443; x_wconf 75' lang='lat' dir='ltr'><strong>gutta:</strong></span> 
     </span>
    </p>
   </div>
   <div class='ocr_carea' id='block_1_40' title="bbox 348 2467 1921 2542">
    <p class='ocr_par' dir='ltr' id='par_1_40' title="bbox 348 2467 1921 2542">
     <span class='ocr_line' id='line_1_40' title="bbox 348 2467 1921 2542; baseline -0.008 -9"><span class='ocrx_word' id='word_1_301' title='bbox 348 2485 695 2542; x_wconf 84' lang='lat' dir='ltr'><strong>concurrunt,</strong></span> <span class='ocrx_word' id='word_1_302' title='bbox 729 2490 848 2530; x_wconf 93' lang='lat' dir='ltr'><strong>cum</strong></span> <span class='ocrx_word' id='word_1_303' title='bbox 880 2473 1026 2528; x_wconf 89' lang='lat' dir='ltr'><strong>omni</strong></span> <span class='ocrx_word' id='word_1_304' title='bbox 1056 2470 1345 2541; x_wconf 81' lang='lat' dir='ltr'><strong>vigilantia,</strong></span> <span class='ocrx_word' id='word_1_305' title='bbox 1374 2468 1588 2524; x_wconf 85' lang='lat' dir='ltr'><strong>Christo</strong></span> <span class='ocrx_word' id='word_1_306' title='bbox 1616 2467 1921 2534; x_wconf 72' lang='lat' dir='ltr'><strong>adiuvante,</strong></span> 
     </span>
    </p>
   </div>
   <div class='ocr_carea' id='block_1_41' title="bbox 349 2557 1925 2637">
    <p class='ocr_par' dir='ltr' id='par_1_41' title="bbox 349 2557 1925 2637">
     <span class='ocr_line' id='line_1_41' title="bbox 349 2557 1925 2637; baseline -0.01 -14"><span class='ocrx_word' id='word_1_307' title='bbox 349 2563 882 2637; x_wconf 54' lang='lat' dir='ltr'><strong>exhaurire‘ijugiter</strong></span> <span class='ocrx_word' id='word_1_308' title='bbox 930 2563 1214 2618; x_wconf 81' lang='lat' dir='ltr'><strong>festinetis.</strong></span> <span class='ocrx_word' id='word_1_309' title='bbox 1275 2559 1407 2614; x_wconf 87' lang='lat' dir='ltr'><strong>Nam</strong></span> <span class='ocrx_word' id='word_1_310' title='bbox 1454 2557 1722 2628; x_wconf 88' lang='lat' dir='ltr'><strong>quomodo</strong></span> <span class='ocrx_word' id='word_1_311' title='bbox 1773 2557 1925 2609; x_wconf 88' lang='lat' dir='ltr'><strong>navis</strong></span> 
     </span>
    </p>
   </div>
   <div class='ocr_carea' id='block_1_42' title="bbox 349 2649 1922 2730">
    <p class='ocr_par' dir='ltr' id='par_1_42' title="bbox 349 2649 1922 2730">
     <span class='ocr_line' id='line_1_42' title="bbox 349 2649 1922 2730; baseline -0.011 -15"><span class='ocrx_word' id='word_1_312' title='bbox 349 2670 534 2730; x_wconf 89' lang='lat' dir='ltr'><strong>postea</strong></span> <span class='ocrx_word' id='word_1_313' title='bbox 561 2673 718 2728; x_wconf 91' lang='lat' dir='ltr'><strong>quam</strong></span> <span class='ocrx_word' id='word_1_314' title='bbox 747 2655 916 2726; x_wconf 85' lang='lat' dir='ltr'><strong>pelagi</strong></span> <span class='ocrx_word' id='word_1_315' title='bbox 945 2654 1135 2707; x_wconf 85' lang='lat' dir='ltr'><strong>ﬂuctus</strong></span> <span class='ocrx_word' id='word_1_316' title='bbox 1163 2651 1423 2714; x_wconf 88' lang='lat' dir='ltr'><strong>evaserit,</strong></span> <span class='ocrx_word' id='word_1_317' title='bbox 1456 2649 1501 2701; x_wconf 87' lang='lat' dir='ltr'><strong>si</strong></span> <span class='ocrx_word' id='word_1_318' title='bbox 1533 2649 1584 2702; x_wconf 94' lang='lat' dir='ltr'><strong>in</strong></span> <span class='ocrx_word' id='word_1_319' title='bbox 1617 2655 1770 2716; x_wconf 88' lang='lat' dir='ltr'><strong>portu</strong></span> <span class='ocrx_word' id='word_1_320' title='bbox 1800 2660 1922 2699; x_wconf 89' lang='lat' dir='ltr'><strong>sen-</strong></span> 
     </span>
    </p>
   </div>
   <div class='ocr_carea' id='block_1_43' title="bbox 350 2740 1926 2814">
    <p class='ocr_par' dir='ltr' id='par_1_43' title="bbox 350 2740 1926 2814">
     <span class='ocr_line' id='line_1_43' title="bbox 350 2740 1926 2814; baseline -0.011 -7"><span class='ocrx_word' id='word_1_321' title='bbox 350 2753 514 2807; x_wconf 90' lang='lat' dir='ltr'><strong>tinata</strong></span> <span class='ocrx_word' id='word_1_322' title='bbox 543 2767 648 2806; x_wconf 91' lang='lat' dir='ltr'><strong>non</strong></span> <span class='ocrx_word' id='word_1_323' title='bbox 675 2750 866 2814; x_wconf 83' lang='lat' dir='ltr'><strong>luerit,</strong></span> <span class='ocrx_word' id='word_1_324' title='bbox 893 2748 958 2801; x_wconf 93' lang='lat' dir='ltr'><strong>de</strong></span> <span class='ocrx_word' id='word_1_325' title='bbox 987 2744 1206 2800; x_wconf 89' lang='lat' dir='ltr'><strong>minutis</strong></span> <span class='ocrx_word' id='word_1_326' title='bbox 1234 2744 1395 2814; x_wconf 89' lang='lat' dir='ltr'><strong>guttis</strong></span> <span class='ocrx_word' id='word_1_327' title='bbox 1427 2740 1678 2810; x_wconf 88' lang='lat' dir='ltr'><strong>impletur</strong></span> <span class='ocrx_word' id='word_1_328' title='bbox 1707 2748 1760 2792; x_wconf 91' lang='lat' dir='ltr'><strong>et</strong></span> <span class='ocrx_word' id='word_1_329' title='bbox 1787 2753 1926 2791; x_wconf 89' lang='lat' dir='ltr'><strong>mer-</strong></span> 
     </span>
    </p>
   </div>
   <div class='ocr_carea' id='block_1_44' title="bbox 351 2828 1924 2916">
    <p class='ocr_par' dir='ltr' id='par_1_44' title="bbox 351 2828 1924 2916">
     <span class='ocr_line' id='line_1_44' title="bbox 351 2828 1924 2916; baseline -0.011 -18"><span class='ocrx_word' id='word_1_330' title='bbox 351 2845 492 2916; x_wconf 86' lang='lat' dir='ltr'><strong>gitur</strong></span> <span class='ocrx_word' id='word_1_331' title='bbox 534 2861 548 2896; x_wconf 87' lang='lat'><strong>:</strong></span> <span class='ocrx_word' id='word_1_332' title='bbox 580 2846 657 2898; x_wconf 87' lang='lat' dir='ltr'><strong>sic</strong></span> <span class='ocrx_word' id='word_1_333' title='bbox 685 2850 739 2897; x_wconf 89' lang='lat' dir='ltr'><strong>et</strong></span> <span class='ocrx_word' id='word_1_334' title='bbox 766 2838 1080 2902; x_wconf 80' lang='lat' dir='ltr'><strong>monachus,</strong></span> <span class='ocrx_word' id='word_1_335' title='bbox 1122 2835 1344 2891; x_wconf 90' lang='lat' dir='ltr'><strong>devictis</strong></span> <span class='ocrx_word' id='word_1_336' title='bbox 1371 2841 1424 2889; x_wconf 88' lang='lat' dir='ltr'><strong>et</strong></span> <span class='ocrx_word' id='word_1_337' title='bbox 1454 2831 1716 2901; x_wconf 85' lang='lat' dir='ltr'><strong>superatis</strong></span> <span class='ocrx_word' id='word_1_338' title='bbox 1744 2828 1924 2883; x_wconf 91' lang='lat' dir='ltr'><strong>mundi</strong></span> 
     </span>
    </p>
   </div>
   <div class='ocr_carea' id='block_1_45' title="bbox 353 2921 1924 3004">
    <p class='ocr_par' dir='ltr' id='par_1_45' title="bbox 353 2921 1924 3004">
     <span class='ocr_line' id='line_1_45' title="bbox 353 2921 1924 3004; baseline -0.011 -13"><span class='ocrx_word' id='word_1_339' title='bbox 353 2935 512 3004; x_wconf 80' lang='lat' dir='ltr'><strong>hujus</strong></span> <span class='ocrx_word' id='word_1_340' title='bbox 537 2934 870 2999; x_wconf 88' lang='lat' dir='ltr'><strong>criminibus,</strong></span> <span class='ocrx_word' id='word_1_341' title='bbox 900 2931 1050 3001; x_wconf 91' lang='lat' dir='ltr'><strong>quasi</strong></span> <span class='ocrx_word' id='word_1_342' title='bbox 1081 2927 1394 2999; x_wconf 88' lang='lat' dir='ltr'><strong>periculosis</strong></span> <span class='ocrx_word' id='word_1_343' title='bbox 1419 2924 1686 2989; x_wconf 88' lang='lat' dir='ltr'><strong>fluctibus,</strong></span> <span class='ocrx_word' id='word_1_344' title='bbox 1715 2937 1832 2977; x_wconf 91' lang='lat' dir='ltr'><strong>cum</strong></span> <span class='ocrx_word' id='word_1_345' title='bbox 1860 2921 1924 2975; x_wconf 89' lang='lat' dir='ltr'><strong>ad</strong></span> 
     </span>
    </p>
   </div>
   <div class='ocr_carea' id='block_1_46' title="bbox 351 3013 1928 3096">
    <p class='ocr_par' dir='ltr' id='par_1_46' title="bbox 351 3013 1928 3096">
     <span class='ocr_line' id='line_1_46' title="bbox 351 3013 1928 3096; baseline -0.011 -15"><span class='ocrx_word' id='word_1_346' title='bbox 351 3036 567 3096; x_wconf 88' lang='lat' dir='ltr'><strong>portum</strong></span> <span class='ocrx_word' id='word_1_347' title='bbox 613 3021 921 3078; x_wconf 85' lang='lat' dir='ltr'><strong>monasterii</strong></span> <span class='ocrx_word' id='word_1_348' title='bbox 967 3021 1199 3084; x_wconf 88' lang='lat' dir='ltr'><strong>venerit,</strong></span> <span class='ocrx_word' id='word_1_349' title='bbox 1242 3019 1286 3071; x_wconf 92' lang='lat' dir='ltr'><strong>si</strong></span> <span class='ocrx_word' id='word_1_350' title='bbox 1336 3016 1673 3084; x_wconf 89' lang='lat' dir='ltr'><strong>subrepentia</strong></span> <span class='ocrx_word' id='word_1_351' title='bbox 1710 3013 1834 3066; x_wconf 88' lang='lat' dir='ltr'><strong>vitia</strong></span> <span class='ocrx_word' id='word_1_352' title='bbox 1873 3022 1928 3066; x_wconf 88' lang='lat' dir='ltr'><strong>et</strong></span> 
     </span>
    </p>
   </div>
   <div class='ocr_carea' id='block_1_47' title="bbox 350 3105 1928 3184">
    <p class='ocr_par' dir='ltr' id='par_1_47' title="bbox 350 3105 1928 3184">
     <span class='ocr_line' id='line_1_47' title="bbox 350 3105 1928 3184; baseline -0.009 -12"><span class='ocrx_word' id='word_1_353' title='bbox 350 3117 557 3172; x_wconf 88' lang='lat' dir='ltr'><strong>minuta</strong></span> <span class='ocrx_word' id='word_1_354' title='bbox 588 3125 643 3171; x_wconf 91' lang='lat' dir='ltr'><strong>et</strong></span> <span class='ocrx_word' id='word_1_355' title='bbox 667 3114 970 3184; x_wconf 89' lang='lat' dir='ltr'><strong>quotidiana</strong></span> <span class='ocrx_word' id='word_1_356' title='bbox 1003 3119 1222 3181; x_wconf 89' lang='lat' dir='ltr'><strong>peccata</strong></span> <span class='ocrx_word' id='word_1_357' title='bbox 1249 3109 1315 3162; x_wconf 92' lang='lat' dir='ltr'><strong>de</strong></span> <span class='ocrx_word' id='word_1_358' title='bbox 1346 3108 1535 3161; x_wconf 87' lang='lat' dir='ltr'><strong>animae</strong></span> <span class='ocrx_word' id='word_1_359' title='bbox 1576 3120 1685 3159; x_wconf 72' lang='lat' dir='ltr'><strong>sua:</strong></span> <span class='ocrx_word' id='word_1_360' title='bbox 1722 3105 1928 3158; x_wconf 90' lang='lat' dir='ltr'><strong>sentina</strong></span> 
     </span>
    </p>
   </div>
   <div class='ocr_carea' id='block_1_48' title="bbox 2025 1925 2566 1995">
    <p class='ocr_par' dir='ltr' id='par_1_48' title="bbox 2025 1925 2566 1995">
     <span class='ocr_line' id='line_1_48' title="bbox 2025 1925 2566 1995; baseline -0.002 -16"><span class='ocrx_word' id='word_1_361' title='bbox 2025 1925 2252 1995; x_wconf 90' lang='lat' dir='ltr'><strong>piendns</strong></span> <span class='ocrx_word' id='word_1_362' title='bbox 2279 1927 2566 1980; x_wconf 90' lang='lat' dir='ltr'><strong>evomeris.</strong></span> 
     </span>
    </p>
   </div>
   <div class='ocr_carea' id='block_1_49' title="bbox 2095 2018 3601 2087">
    <p class='ocr_par' dir='ltr' id='par_1_49' title="bbox 2095 2018 3601 2087">
     <span class='ocr_line' id='line_1_49' title="bbox 2095 2018 3601 2087; baseline 0.003 -16"><span class='ocrx_word' id='word_1_363' title='bbox 2095 2020 2149 2073; x_wconf 76' lang='grc'><strong>5.</strong></span> <span class='ocrx_word' id='word_1_364' title='bbox 2195 2019 2456 2087; x_wconf 88' lang='lat' dir='ltr'><strong>Ideoque,</strong></span> <span class='ocrx_word' id='word_1_365' title='bbox 2498 2018 2692 2073; x_wconf 90' lang='lat' dir='ltr'><strong>fratres</strong></span> <span class='ocrx_word' id='word_1_366' title='bbox 2721 2018 3018 2085; x_wconf 89' lang='lat' dir='ltr'><strong>carissimi,</strong></span> <span class='ocrx_word' id='word_1_367' title='bbox 3056 2019 3378 2074; x_wconf 89' lang='lat' dir='ltr'><strong>sententiam</strong></span> <span class='ocrx_word' id='word_1_368' title='bbox 3408 2019 3601 2075; x_wconf 68' lang='lat' dir='ltr'><strong>divinat</strong></span> 
     </span>
    </p>
   </div>
   <div class='ocr_carea' id='block_1_50' title="bbox 2025 2111 3600 2180">
    <p class='ocr_par' dir='ltr' id='par_1_50' title="bbox 2025 2111 3600 2180">
     <span class='ocr_line' id='line_1_50' title="bbox 2025 2111 3600 2180; baseline 0 -14"><span class='ocrx_word' id='word_1_369' title='bbox 2025 2111 2314 2179; x_wconf 77' lang='lat' dir='ltr'><strong>Scriptura:</strong></span> <span class='ocrx_word' id='word_1_370' title='bbox 2359 2111 2642 2178; x_wconf 86' lang='lat' dir='ltr'><strong>diligenter</strong></span> <span class='ocrx_word' id='word_1_371' title='bbox 2673 2112 2960 2173; x_wconf 89' lang='lat' dir='ltr'><strong>attendite,</strong></span> <span class='ocrx_word' id='word_1_372' title='bbox 2998 2127 3098 2180; x_wconf 89' lang='lat' dir='ltr'><strong>qua</strong></span> <span class='ocrx_word' id='word_1_373' title='bbox 3145 2111 3340 2166; x_wconf 90' lang='lat' dir='ltr'><strong>dicitur</strong></span> <span class='ocrx_word' id='word_1_374' title='bbox 3387 2129 3400 2165; x_wconf 92' lang='lat'><strong>:</strong></span> <span class='ocrx_word' id='word_1_375' title='bbox 3447 2113 3600 2167; x_wconf 83' lang='lat' dir='ltr'><strong>Omni</strong></span> 
     </span>
    </p>
   </div>
   <div class='ocr_carea' id='block_1_51' title="bbox 2026 2202 3600 2273">
    <p class='ocr_par' dir='ltr' id='par_1_51' title="bbox 2026 2202 3600 2273">
     <span class='ocr_line' id='line_1_51' title="bbox 2026 2202 3600 2273; baseline 0.002 -16"><span class='ocrx_word' id='word_1_376' title='bbox 2026 2205 2260 2257; x_wconf 84' lang='lat' dir='ltr'><strong>custodia</strong></span> <span class='ocrx_word' id='word_1_377' title='bbox 2298 2219 2439 2256; x_wconf 70' lang='lat' dir='ltr'><strong>sema</strong></span> <span class='ocrx_word' id='word_1_378' title='bbox 2480 2219 2566 2256; x_wconf 90' lang='lat' dir='ltr'><strong>cor</strong></span> <span class='ocrx_word' id='word_1_379' title='bbox 2597 2213 2735 2255; x_wconf 87' lang='lat' dir='ltr'><strong>tuum</strong></span> <span class='ocrx_word' id='word_1_380' title='bbox 2763 2202 2944 2273; x_wconf 84' lang='lat' dir='ltr'><strong>(Prov.</strong></span> <span class='ocrx_word' id='word_1_381' title='bbox 2990 2219 3062 2269; x_wconf 89' lang='lat' dir='ltr'><strong>iv,</strong></span> <span class='ocrx_word' id='word_1_382' title='bbox 3106 2204 3220 2273; x_wconf 67' lang='lat'><strong>23).</strong></span> <span class='ocrx_word' id='word_1_383' title='bbox 3274 2204 3422 2259; x_wconf 89' lang='lat' dir='ltr'><strong>Sicut</strong></span> <span class='ocrx_word' id='word_1_384' title='bbox 3460 2207 3600 2260; x_wconf 89' lang='lat' dir='ltr'><strong>enim</strong></span> 
     </span>
    </p>
   </div>
   <div class='ocr_carea' id='block_1_52' title="bbox 2025 2294 3603 2364">
    <p class='ocr_par' dir='ltr' id='par_1_52' title="bbox 2025 2294 3603 2364">
     <span class='ocr_line' id='line_1_52' title="bbox 2025 2294 3603 2364; baseline 0.004 -17"><span class='ocrx_word' id='word_1_385' title='bbox 2025 2294 2360 2364; x_wconf 89' lang='lat' dir='ltr'><strong>gaudendum</strong></span> <span class='ocrx_word' id='word_1_386' title='bbox 2388 2305 2472 2350; x_wconf 91' lang='lat' dir='ltr'><strong>est</strong></span> <span class='ocrx_word' id='word_1_387' title='bbox 2494 2294 2562 2348; x_wconf 91' lang='lat' dir='ltr'><strong>de</strong></span> <span class='ocrx_word' id='word_1_388' title='bbox 2591 2295 2853 2348; x_wconf 91' lang='lat' dir='ltr'><strong>monacho</strong></span> <span class='ocrx_word' id='word_1_389' title='bbox 2881 2298 2970 2364; x_wconf 90' lang='lat' dir='ltr'><strong>qui</strong></span> <span class='ocrx_word' id='word_1_390' title='bbox 2999 2297 3050 2348; x_wconf 93' lang='lat' dir='ltr'><strong>in</strong></span> <span class='ocrx_word' id='word_1_391' title='bbox 3081 2301 3403 2351; x_wconf 90' lang='lat' dir='ltr'><strong>monasterio</strong></span> <span class='ocrx_word' id='word_1_392' title='bbox 3423 2299 3603 2353; x_wconf 90' lang='lat' dir='ltr'><strong>volue-</strong></span> 
     </span>
    </p>
   </div>
   <div class='ocr_carea' id='block_1_53' title="bbox 2027 2385 3604 2455">
    <p class='ocr_par' dir='ltr' id='par_1_53' title="bbox 2027 2385 3604 2455">
     <span class='ocr_line' id='line_1_53' title="bbox 2027 2385 3604 2455; baseline 0.004 -17"><span class='ocrx_word' id='word_1_393' title='bbox 2027 2386 2097 2438; x_wconf 86' lang='lat' dir='ltr'><strong>rit</strong></span> <span class='ocrx_word' id='word_1_394' title='bbox 2139 2385 2634 2450; x_wconf 89' lang='lat' dir='ltr'><strong>mansuetudinem,</strong></span> <span class='ocrx_word' id='word_1_395' title='bbox 2680 2386 3068 2447; x_wconf 87' lang='lat' dir='ltr'><strong>obedientiam.</strong></span> <span class='ocrx_word' id='word_1_396' title='bbox 3116 2388 3420 2455; x_wconf 88' lang='lat' dir='ltr'><strong>patientiam</strong></span> <span class='ocrx_word' id='word_1_397' title='bbox 3463 2390 3604 2445; x_wconf 90' lang='lat' dir='ltr'><strong>mitis</strong></span> 
     </span>
    </p>
   </div>
   <div class='ocr_carea' id='block_1_54' title="bbox 2027 2476 3601 2546">
    <p class='ocr_par' dir='ltr' id='par_1_54' title="bbox 2027 2476 3601 2546">
     <span class='ocr_line' id='line_1_54' title="bbox 2027 2476 3601 2546; baseline 0.001 -14"><span class='ocrx_word' id='word_1_398' title='bbox 2027 2485 2082 2532; x_wconf 92' lang='lat' dir='ltr'><strong>et</strong></span> <span class='ocrx_word' id='word_1_399' title='bbox 2124 2476 2337 2530; x_wconf 91' lang='lat' dir='ltr'><strong>humilis</strong></span> <span class='ocrx_word' id='word_1_400' title='bbox 2383 2476 2672 2540; x_wconf 80' lang='lat' dir='ltr'><strong>exhibere;</strong></span> <span class='ocrx_word' id='word_1_401' title='bbox 2710 2477 2778 2530; x_wconf 94' lang='lat' dir='ltr'><strong>ita</strong></span> <span class='ocrx_word' id='word_1_402' title='bbox 2810 2491 2840 2529; x_wconf 93' lang='lat' dir='ltr'><strong>e</strong></span> <span class='ocrx_word' id='word_1_403' title='bbox 2874 2476 3143 2530; x_wconf 91' lang='lat' dir='ltr'><strong>contrario</strong></span> <span class='ocrx_word' id='word_1_404' title='bbox 3187 2477 3471 2546; x_wconf 90' lang='lat' dir='ltr'><strong>lugendum</strong></span> <span class='ocrx_word' id='word_1_405' title='bbox 3517 2487 3601 2534; x_wconf 89' lang='lat' dir='ltr'><strong>est</strong></span> 
     </span>
    </p>
   </div>
   <div class='ocr_carea' id='block_1_55' title="bbox 2027 2569 3598 2638">
    <p class='ocr_par' dir='ltr' id='par_1_55' title="bbox 2027 2569 3598 2638">
     <span class='ocr_line' id='line_1_55' title="bbox 2027 2569 3598 2638; baseline -0.001 -13"><span class='ocrx_word' id='word_1_406' title='bbox 2027 2571 2094 2625; x_wconf 85' lang='lat' dir='ltr'><strong>de</strong></span> <span class='ocrx_word' id='word_1_407' title='bbox 2142 2570 2231 2624; x_wconf 91' lang='lat' dir='ltr'><strong>illo</strong></span> <span class='ocrx_word' id='word_1_408' title='bbox 2274 2571 2376 2636; x_wconf 89' lang='lat' dir='ltr'><strong>qui.</strong></span> <span class='ocrx_word' id='word_1_409' title='bbox 2411 2584 2635 2638; x_wconf 90' lang='lat' dir='ltr'><strong>corpore</strong></span> <span class='ocrx_word' id='word_1_410' title='bbox 2684 2577 2888 2624; x_wconf 90' lang='lat' dir='ltr'><strong>tantum</strong></span> <span class='ocrx_word' id='word_1_411' title='bbox 2929 2569 3136 2624; x_wconf 81' lang='lat' dir='ltr'><strong>videtur</strong></span> <span class='ocrx_word' id='word_1_412' title='bbox 3165 2569 3231 2623; x_wconf 91' lang='lat' dir='ltr'><strong>de</strong></span> <span class='ocrx_word' id='word_1_413' title='bbox 3262 2570 3361 2624; x_wconf 93' lang='lat' dir='ltr'><strong>hoc</strong></span> <span class='ocrx_word' id='word_1_414' title='bbox 3401 2571 3598 2626; x_wconf 65' lang='lat' dir='ltr'><strong>sarculo</strong></span> 
     </span>
    </p>
   </div>
   <div class='ocr_carea' id='block_1_56' title="bbox 2029 2661 3606 2729">
    <p class='ocr_par' dir='ltr' id='par_1_56' title="bbox 2029 2661 3606 2729">
     <span class='ocr_line' id='line_1_56' title="bbox 2029 2661 3606 2729; baseline -0.001 -11"><span class='ocrx_word' id='word_1_415' title='bbox 2029 2663 2225 2729; x_wconf 81' lang='lat' dir='ltr'><strong>exisse,</strong></span> <span class='ocrx_word' id='word_1_416' title='bbox 2267 2662 2427 2717; x_wconf 89' lang='lat' dir='ltr'><strong>corde</strong></span> <span class='ocrx_word' id='word_1_417' title='bbox 2458 2671 2633 2716; x_wconf 89' lang='lat' dir='ltr'><strong>tamen</strong></span> <span class='ocrx_word' id='word_1_418' title='bbox 2677 2662 2730 2716; x_wconf 93' lang='lat' dir='ltr'><strong>in</strong></span> <span class='ocrx_word' id='word_1_419' title='bbox 2774 2661 2972 2716; x_wconf 91' lang='lat' dir='ltr'><strong>mundo</strong></span> <span class='ocrx_word' id='word_1_420' title='bbox 3000 2670 3093 2715; x_wconf 93' lang='lat' dir='ltr'><strong>aut</strong></span> <span class='ocrx_word' id='word_1_421' title='bbox 3124 2662 3445 2717; x_wconf 89' lang='lat' dir='ltr'><strong>remansisse</strong></span> <span class='ocrx_word' id='word_1_422' title='bbox 3484 2663 3606 2716; x_wconf 88' lang='lat' dir='ltr'><strong>inli-</strong></span> 
     </span>
    </p>
   </div>
   <div class='ocr_carea' id='block_1_57' title="bbox 2028 2755 3605 2825">
    <p class='ocr_par' dir='ltr' id='par_1_57' title="bbox 2028 2755 3605 2825">
     <span class='ocr_line' id='line_1_57' title="bbox 2028 2755 3605 2825; baseline 0.001 -15"><span class='ocrx_word' id='word_1_423' title='bbox 2028 2756 2240 2823; x_wconf 89' lang='lat' dir='ltr'><strong>deliter,</strong></span> <span class='ocrx_word' id='word_1_424' title='bbox 2285 2765 2375 2809; x_wconf 91' lang='lat' dir='ltr'><strong>aut</strong></span> <span class='ocrx_word' id='word_1_425' title='bbox 2415 2755 2640 2810; x_wconf 89' lang='lat' dir='ltr'><strong>rediisse</strong></span> <span class='ocrx_word' id='word_1_426' title='bbox 2682 2755 2970 2809; x_wconf 82' lang='lat' dir='ltr'><strong>infeliciter</strong></span> <span class='ocrx_word' id='word_1_427' title='bbox 3011 2755 3369 2825; x_wconf 90' lang='lat' dir='ltr'><strong>cognoscitur,</strong></span> <span class='ocrx_word' id='word_1_428' title='bbox 3413 2765 3467 2810; x_wconf 91' lang='lat' dir='ltr'><strong>et</strong></span> <span class='ocrx_word' id='word_1_429' title='bbox 3507 2771 3605 2825; x_wconf 93' lang='lat' dir='ltr'><strong>pro</strong></span> 
     </span>
    </p>
   </div>
   <div class='ocr_carea' id='block_1_58' title="bbox 2030 2845 3604 2916">
    <p class='ocr_par' dir='ltr' id='par_1_58' title="bbox 2030 2845 3604 2916">
     <span class='ocr_line' id='line_1_58' title="bbox 2030 2845 3604 2916; baseline 0 -16"><span class='ocrx_word' id='word_1_430' title='bbox 2030 2846 2326 2902; x_wconf 89' lang='lat' dir='ltr'><strong>humilitate</strong></span> <span class='ocrx_word' id='word_1_431' title='bbox 2353 2845 2555 2915; x_wconf 86' lang='lat' dir='ltr'><strong>profert</strong></span> <span class='ocrx_word' id='word_1_432' title='bbox 2583 2847 2912 2916; x_wconf 84' lang='lat' dir='ltr'><strong>superbiam,</strong></span> <span class='ocrx_word' id='word_1_433' title='bbox 2954 2861 3051 2915; x_wconf 93' lang='lat' dir='ltr'><strong>pro</strong></span> <span class='ocrx_word' id='word_1_434' title='bbox 3092 2846 3344 2916; x_wconf 89' lang='lat' dir='ltr'><strong>patientia</strong></span> <span class='ocrx_word' id='word_1_435' title='bbox 3388 2846 3604 2900; x_wconf 90' lang='lat' dir='ltr'><strong>iracun-</strong></span> 
     </span>
    </p>
   </div>
   <div class='ocr_carea' id='block_1_59' title="bbox 2032 2936 3603 3006">
    <p class='ocr_par' dir='ltr' id='par_1_59' title="bbox 2032 2936 3603 3006">
     <span class='ocr_line' id='line_1_59' title="bbox 2032 2936 3603 3006; baseline -0.001 -13"><span class='ocrx_word' id='word_1_436' title='bbox 2032 2938 2213 3006; x_wconf 89' lang='lat' dir='ltr'><strong>diam,</strong></span> <span class='ocrx_word' id='word_1_437' title='bbox 2266 2953 2361 3006; x_wconf 93' lang='lat' dir='ltr'><strong>pro</strong></span> <span class='ocrx_word' id='word_1_438' title='bbox 2411 2936 2713 2992; x_wconf 90' lang='lat' dir='ltr'><strong>obedientia</strong></span> <span class='ocrx_word' id='word_1_439' title='bbox 2765 2945 3165 3005; x_wconf 88' lang='lat' dir='ltr'><strong>contemptum,</strong></span> <span class='ocrx_word' id='word_1_440' title='bbox 3224 2951 3319 3003; x_wconf 89' lang='lat' dir='ltr'><strong>pro</strong></span> <span class='ocrx_word' id='word_1_441' title='bbox 3365 2936 3603 2992; x_wconf 91' lang='lat' dir='ltr'><strong>caritatis</strong></span> 
     </span>
    </p>
   </div>
   <div class='ocr_carea' id='block_1_60' title="bbox 2030 3027 3606 3086">
    <p class='ocr_par' dir='ltr' id='par_1_60' title="bbox 2030 3027 3606 3086">
     <span class='ocr_line' id='line_1_60' title="bbox 2030 3027 3606 3086; baseline -0.002 -1"><span class='ocrx_word' id='word_1_442' title='bbox 2030 3031 2418 3086; x_wconf 91' lang='lat' dir='ltr'><strong>medicamento</strong></span> <span class='ocrx_word' id='word_1_443' title='bbox 2441 3031 2657 3084; x_wconf 65' lang='lat' dir='ltr'><strong>malitias</strong></span> <span class='ocrx_word' id='word_1_444' title='bbox 2679 3028 2900 3083; x_wconf 71' lang='lat' dir='ltr'><strong>effundit</strong></span> <span class='ocrx_word' id='word_1_445' title='bbox 2922 3043 3207 3083; x_wconf 90' lang='lat' dir='ltr'><strong>venenum.</strong></span> <span class='ocrx_word' id='word_1_446' title='bbox 3237 3027 3458 3083; x_wconf 90' lang='lat' dir='ltr'><strong>Talibus</strong></span> <span class='ocrx_word' id='word_1_447' title='bbox 3478 3043 3606 3083; x_wconf 92' lang='lat' dir='ltr'><strong>con-</strong></span> 
     </span>
    </p>
   </div>
   <div class='ocr_carea' id='block_1_61' title="bbox 2031 3118 3603 3177">
    <p class='ocr_par' dir='ltr' id='par_1_61' title="bbox 2031 3118 3603 3177">
     <span class='ocr_line' id='line_1_61' title="bbox 2031 3118 3603 3177; baseline -0.002 0"><span class='ocrx_word' id='word_1_448' title='bbox 2031 3122 2176 3177; x_wconf 83' lang='lat' dir='ltr'><strong>venit</strong></span> <span class='ocrx_word' id='word_1_449' title='bbox 2215 3121 2300 3175; x_wconf 90' lang='lat' dir='ltr'><strong>illa</strong></span> <span class='ocrx_word' id='word_1_450' title='bbox 2327 3121 2465 3175; x_wconf 86' lang='lat' dir='ltr'><strong>beati</strong></span> <span class='ocrx_word' id='word_1_451' title='bbox 2497 3118 2642 3174; x_wconf 86' lang='lat' dir='ltr'><strong>Petri</strong></span> <span class='ocrx_word' id='word_1_452' title='bbox 2673 3134 2795 3174; x_wconf 89' lang='lat' dir='ltr'><strong>vera</strong></span> <span class='ocrx_word' id='word_1_453' title='bbox 2838 3129 2891 3173; x_wconf 91' lang='lat' dir='ltr'><strong>et</strong></span> <span class='ocrx_word' id='word_1_454' title='bbox 2930 3119 3155 3172; x_wconf 92' lang='lat' dir='ltr'><strong>multum</strong></span> <span class='ocrx_word' id='word_1_455' title='bbox 3200 3118 3434 3173; x_wconf 91' lang='lat' dir='ltr'><strong>timenda</strong></span> <span class='ocrx_word' id='word_1_456' title='bbox 3477 3134 3603 3174; x_wconf 89' lang='lat' dir='ltr'><strong>sen-</strong></span> 
     </span>
    </p>
   </div>
   <div class='ocr_carea' id='block_1_62' title="bbox 352 3196 1929 3280">
    <p class='ocr_par' dir='ltr' id='par_1_62' title="bbox 352 3196 1923 3275">
     <span class='ocr_line' id='line_1_62' title="bbox 352 3196 1923 3275; baseline -0.009 -12"><span class='ocrx_word' id='word_1_457' title='bbox 352 3209 638 3264; x_wconf 78' lang='lat' dir='ltr'><strong>exhaurire</strong></span> <span class='ocrx_word' id='word_1_458' title='bbox 667 3205 988 3275; x_wconf 73' lang='lat' dir='ltr'><strong>neglexerit,</strong></span> <span class='ocrx_word' id='word_1_459' title='bbox 1023 3203 1078 3256; x_wconf 92' lang='lat' dir='ltr'><strong>in</strong></span> <span class='ocrx_word' id='word_1_460' title='bbox 1105 3202 1218 3270; x_wconf 92' lang='lat' dir='ltr'><strong>ipso</strong></span> <span class='ocrx_word' id='word_1_461' title='bbox 1248 3207 1402 3268; x_wconf 90' lang='lat' dir='ltr'><strong>portu</strong></span> <span class='ocrx_word' id='word_1_462' title='bbox 1443 3197 1700 3266; x_wconf 86' lang='lat' dir='ltr'><strong>naufragii</strong></span> <span class='ocrx_word' id='word_1_463' title='bbox 1739 3196 1923 3250; x_wconf 87' lang='lat' dir='ltr'><strong>discri-</strong></span> 
     </span>
    </p>
   </div>
   <div class='ocr_carea' id='block_1_63' title="bbox 2036 3196 3605 3280">
    <p class='ocr_par' dir='ltr' id='par_1_63' title="bbox 2036 3210 3605 3280">
     <span class='ocr_line' id='line_1_63' title="bbox 2036 3210 3605 3280; baseline -0.003 -13"><span class='ocrx_word' id='word_1_464' title='bbox 2036 3214 2212 3268; x_wconf 87' lang='lat' dir='ltr'><strong>lentia.</strong></span> <span class='ocrx_word' id='word_1_465' title='bbox 2249 3213 2458 3275; x_wconf 84' lang='lat' dir='ltr'><strong>Melius,</strong></span> <span class='ocrx_word' id='word_1_466' title='bbox 2488 3211 2677 3280; x_wconf 88' lang='lat' dir='ltr'><strong>inquit,</strong></span> <span class='ocrx_word' id='word_1_467' title='bbox 2702 3211 2807 3263; x_wconf 83' lang='lat' dir='ltr'><strong>illis</strong></span> <span class='ocrx_word' id='word_1_468' title='bbox 2831 3214 2998 3279; x_wconf 78' lang='lat' dir='ltr'><strong>fuerat</strong></span> <span class='ocrx_word' id='word_1_469' title='bbox 3026 3226 3125 3264; x_wconf 88' lang='lat' dir='ltr'><strong>non</strong></span> <span class='ocrx_word' id='word_1_470' title='bbox 3151 3225 3450 3280; x_wconf 82' lang='lat' dir='ltr'><strong>cognoscere</strong></span> <span class='ocrx_word' id='word_1_471' title='bbox 3475 3210 3605 3262; x_wconf 76' lang='lat' dir='ltr'><strong>riam</strong></span> 
     </span>
    </p>
   </div>
   <div class='ocr_carea' id='block_1_64' title="bbox 351 3288 1925 3360">
    <p class='ocr_par' dir='ltr' id='par_1_64' title="bbox 351 3288 1925 3360">
     <span class='ocr_line' id='line_1_64' title="bbox 351 3288 1925 3360; baseline -0.009 -6"><span class='ocrx_word' id='word_1_472' title='bbox 351 3313 480 3354; x_wconf 87' lang='lat' dir='ltr'><strong>men</strong></span> <span class='ocrx_word' id='word_1_473' title='bbox 502 3297 741 3351; x_wconf 89' lang='lat' dir='ltr'><strong>incurrit.</strong></span> <span class='ocrx_word' id='word_1_474' title='bbox 767 3294 871 3350; x_wconf 91' lang='lat' dir='ltr'><strong>Sed</strong></span> <span class='ocrx_word' id='word_1_475' title='bbox 893 3293 1020 3348; x_wconf 88' lang='lat' dir='ltr'><strong>dicit</strong></span> <span class='ocrx_word' id='word_1_476' title='bbox 1041 3292 1251 3360; x_wconf 85' lang='lat' dir='ltr'><strong>aliquis,</strong></span> <span class='ocrx_word' id='word_1_477' title='bbox 1272 3288 1538 3359; x_wconf 88' lang='lat' dir='ltr'><strong>quomodo</strong></span> <span class='ocrx_word' id='word_1_478' title='bbox 1560 3297 1730 3358; x_wconf 92' lang='lat' dir='ltr'><strong>potest</strong></span> <span class='ocrx_word' id='word_1_479' title='bbox 1753 3291 1925 3341; x_wconf 91' lang='lat' dir='ltr'><strong>anima</strong></span> 
     </span>
    </p>
   </div>
   <div class='ocr_carea' id='block_1_65' title="bbox 353 3377 1924 3455">
    <p class='ocr_par' dir='ltr' id='par_1_65' title="bbox 353 3377 1924 3455">
     <span class='ocr_line' id='line_1_65' title="bbox 353 3377 1924 3455; baseline -0.006 -10"><span class='ocrx_word' id='word_1_480' title='bbox 353 3377 659 3445; x_wconf 84' lang='lat' dir='ltr'><strong>seminari?</strong></span> <span class='ocrx_word' id='word_1_481' title='bbox 716 3386 907 3455; x_wconf 89' lang='lat' dir='ltr'><strong>Utique</strong></span> <span class='ocrx_word' id='word_1_482' title='bbox 957 3382 1197 3448; x_wconf 90' lang='lat' dir='ltr'><strong>orando,</strong></span> <span class='ocrx_word' id='word_1_483' title='bbox 1249 3382 1574 3452; x_wconf 88' lang='lat' dir='ltr'><strong>jejunando,</strong></span> <span class='ocrx_word' id='word_1_484' title='bbox 1625 3381 1924 3449; x_wconf 85' lang='lat' dir='ltr'><strong>vigilando,</strong></span> 
     </span>
    </p>
   </div>
   <div class='ocr_carea' id='block_1_66' title="bbox 353 3475 1932 3536">
    <p class='ocr_par' dir='ltr' id='par_1_66' title="bbox 353 3475 1932 3536">
     <span class='ocr_line' id='line_1_66' title="bbox 353 3475 1932 3536; baseline -0.005 0"><span class='ocrx_word' id='word_1_485' title='bbox 353 3493 539 3536; x_wconf 77' lang='lat' dir='ltr'><strong>veram</strong></span> <span class='ocrx_word' id='word_1_486' title='bbox 561 3480 837 3535; x_wconf 89' lang='lat' dir='ltr'><strong>caritatem</strong></span> <span class='ocrx_word' id='word_1_487' title='bbox 867 3486 921 3533; x_wconf 89' lang='lat' dir='ltr'><strong>et</strong></span> <span class='ocrx_word' id='word_1_488' title='bbox 944 3491 1123 3532; x_wconf 84' lang='lat' dir='ltr'><strong>veram</strong></span> <span class='ocrx_word' id='word_1_489' title='bbox 1149 3475 1500 3530; x_wconf 90' lang='lat' dir='ltr'><strong>humilitatem</strong></span> <span class='ocrx_word' id='word_1_490' title='bbox 1532 3484 1584 3529; x_wconf 93' lang='lat' dir='ltr'><strong>et</strong></span> <span class='ocrx_word' id='word_1_491' title='bbox 1606 3489 1783 3529; x_wconf 88' lang='lat' dir='ltr'><strong>veram</strong></span> <span class='ocrx_word' id='word_1_492' title='bbox 1813 3475 1932 3529; x_wconf 87' lang='lat' dir='ltr'><strong>ohe-</strong></span> 
     </span>
    </p>
   </div>
   <div class='ocr_carea' id='block_1_67' title="bbox 355 3566 1932 3636">
    <p class='ocr_par' dir='ltr' id='par_1_67' title="bbox 355 3566 1932 3636">
     <span class='ocr_line' id='line_1_67' title="bbox 355 3566 1932 3636; baseline -0.006 -8"><span class='ocrx_word' id='word_1_493' title='bbox 355 3572 613 3628; x_wconf 85' lang='lat' dir='ltr'><strong>dientiani</strong></span> <span class='ocrx_word' id='word_1_494' title='bbox 663 3569 984 3626; x_wconf 80' lang='lat' dir='ltr'><strong>exhibendo.</strong></span> <span class='ocrx_word' id='word_1_495' title='bbox 1041 3568 1343 3630; x_wconf 80' lang='lat' dir='ltr'><strong>Atlendite,</strong></span> <span class='ocrx_word' id='word_1_496' title='bbox 1395 3567 1616 3631; x_wconf 86' lang='lat' dir='ltr'><strong>fratres,</strong></span> <span class='ocrx_word' id='word_1_497' title='bbox 1666 3566 1932 3636; x_wconf 88' lang='lat' dir='ltr'><strong>quomodo</strong></span> 
     </span>
    </p>
   </div>
   <div class='ocr_carea' id='block_1_68' title="bbox 359 3658 1932 3728">
    <p class='ocr_par' dir='ltr' id='par_1_68' title="bbox 359 3658 1932 3728">
     <span class='ocr_line' id='line_1_68' title="bbox 359 3658 1932 3728; baseline -0.006 -8"><span class='ocrx_word' id='word_1_498' title='bbox 359 3666 511 3720; x_wconf 83' lang='lat' dir='ltr'><strong>navis</strong></span> <span class='ocrx_word' id='word_1_499' title='bbox 537 3663 833 3719; x_wconf 90' lang='lat' dir='ltr'><strong>sentinatur</strong></span> <span class='ocrx_word' id='word_1_500' title='bbox 862 3678 892 3716; x_wconf 90' lang='lat' dir='ltr'><strong>a</strong></span> <span class='ocrx_word' id='word_1_501' title='bbox 923 3661 1100 3727; x_wconf 85' lang='lat' dir='ltr'><strong>situla,</strong></span> <span class='ocrx_word' id='word_1_502' title='bbox 1135 3662 1211 3714; x_wconf 90' lang='lat' dir='ltr'><strong>sic</strong></span> <span class='ocrx_word' id='word_1_503' title='bbox 1238 3660 1414 3714; x_wconf 90' lang='lat' dir='ltr'><strong>anima</strong></span> <span class='ocrx_word' id='word_1_504' title='bbox 1442 3659 1509 3711; x_wconf 90' lang='lat' dir='ltr'><strong>ab</strong></span> <span class='ocrx_word' id='word_1_505' title='bbox 1540 3658 1792 3728; x_wconf 84' lang='lat' dir='ltr'><strong>operibus</strong></span> <span class='ocrx_word' id='word_1_506' title='bbox 1821 3673 1932 3710; x_wconf 89' lang='lat' dir='ltr'><strong>ma-</strong></span> 
     </span>
    </p>
   </div>
   <div class='ocr_carea' id='block_1_69' title="bbox 360 3749 1931 3815">
    <p class='ocr_par' dir='ltr' id='par_1_69' title="bbox 360 3749 1931 3815">
     <span class='ocr_line' id='line_1_69' title="bbox 360 3749 1931 3815; baseline -0.007 -5"><span class='ocrx_word' id='word_1_507' title='bbox 360 3755 426 3811; x_wconf 85' lang='lat' dir='ltr'><strong>lis</strong></span> <span class='ocrx_word' id='word_1_508' title='bbox 467 3756 707 3810; x_wconf 87' lang='lat' dir='ltr'><strong>oratione</strong></span> <span class='ocrx_word' id='word_1_509' title='bbox 735 3752 999 3806; x_wconf 78' lang='lat' dir='ltr'><strong>dominica</strong></span> <span class='ocrx_word' id='word_1_510' title='bbox 1036 3751 1289 3804; x_wconf 91' lang='lat' dir='ltr'><strong>liberatur</strong></span> <span class='ocrx_word' id='word_1_511' title='bbox 1314 3789 1330 3815; x_wconf 94' lang='lat'><strong>,</strong></span> <span class='ocrx_word' id='word_1_512' title='bbox 1382 3750 1424 3802; x_wconf 91' lang='lat' dir='ltr'><strong>si</strong></span> <span class='ocrx_word' id='word_1_513' title='bbox 1470 3749 1610 3802; x_wconf 90' lang='lat' dir='ltr'><strong>dicat</strong></span> <span class='ocrx_word' id='word_1_514' title='bbox 1653 3758 1705 3801; x_wconf 90' lang='lat' dir='ltr'><strong>et</strong></span> <span class='ocrx_word' id='word_1_515' title='bbox 1749 3762 1931 3800; x_wconf 89' lang='lat' dir='ltr'><strong>verum</strong></span> 
     </span>
    </p>
   </div>
   <div class='ocr_carea' id='block_1_70' title="bbox 360 3841 1934 3902">
    <p class='ocr_par' dir='ltr' id='par_1_70' title="bbox 360 3841 1934 3902">
     <span class='ocr_line' id='line_1_70' title="bbox 360 3841 1934 3902; baseline -0.008 0"><span class='ocrx_word' id='word_1_516' title='bbox 360 3847 540 3902; x_wconf 86' lang='lat' dir='ltr'><strong>dicat:</strong></span> <span class='ocrx_word' id='word_1_517' title='bbox 572 3846 781 3898; x_wconf 87' lang='lat' dir='ltr'><strong>Dimitte</strong></span> <span class='ocrx_word' id='word_1_518' title='bbox 811 3845 952 3898; x_wconf 89' lang='lat' dir='ltr'><strong>nobis</strong></span> <span class='ocrx_word' id='word_1_519' title='bbox 984 3843 1150 3896; x_wconf 83' lang='lat' dir='ltr'><strong>debita</strong></span> <span class='ocrx_word' id='word_1_520' title='bbox 1176 3853 1349 3895; x_wconf 89' lang='lat' dir='ltr'><strong>nostra</strong></span> <span class='ocrx_word' id='word_1_521' title='bbox 1387 3842 1517 3894; x_wconf 83' lang='lat' dir='ltr'><strong>sicut</strong></span> <span class='ocrx_word' id='word_1_522' title='bbox 1560 3850 1606 3893; x_wconf 91' lang='lat' dir='ltr'><strong>et</strong></span> <span class='ocrx_word' id='word_1_523' title='bbox 1644 3856 1735 3893; x_wconf 85' lang='lat' dir='ltr'><strong>nos</strong></span> <span class='ocrx_word' id='word_1_524' title='bbox 1764 3841 1934 3891; x_wconf 86' lang='lat' dir='ltr'><strong>dimit-</strong></span> 
     </span>
    </p>
   </div>
   <div class='ocr_carea' id='block_1_71' title="bbox 365 3929 1935 4002">
    <p class='ocr_par' dir='ltr' id='par_1_71' title="bbox 365 3929 1935 4002">
     <span class='ocr_line' id='line_1_71' title="bbox 365 3929 1935 4002; baseline -0.006 -10"><span class='ocrx_word' id='word_1_525' title='bbox 365 3939 515 3992; x_wconf 82' lang='lat' dir='ltr'><strong>timus</strong></span> <span class='ocrx_word' id='word_1_526' title='bbox 547 3937 850 3990; x_wconf 81' lang='lat' dir='ltr'><strong>debitoribus</strong></span> <span class='ocrx_word' id='word_1_527' title='bbox 890 3935 1074 3986; x_wconf 83' lang='lat' dir='ltr'><strong>nostris</strong></span> <span class='ocrx_word' id='word_1_528' title='bbox 1111 3931 1326 4002; x_wconf 83' lang='lat' dir='ltr'><strong>(Matth.</strong></span> <span class='ocrx_word' id='word_1_529' title='bbox 1361 3945 1440 3995; x_wconf 76' lang='lat' dir='ltr'><strong>vr,</strong></span> <span class='ocrx_word' id='word_1_530' title='bbox 1489 3930 1596 4000; x_wconf 72' lang='grc'><strong>12).</strong></span> <span class='ocrx_word' id='word_1_531' title='bbox 1648 3929 1747 3996; x_wconf 84' lang='lat' dir='ltr'><strong>Qui</strong></span> <span class='ocrx_word' id='word_1_532' title='bbox 1794 3929 1935 3983; x_wconf 89' lang='lat' dir='ltr'><strong>enim</strong></span> 
     </span>
    </p>
   </div>
   <div class='ocr_carea' id='block_1_72' title="bbox 363 4019 1935 4094">
    <p class='ocr_par' dir='ltr' id='par_1_72' title="bbox 363 4019 1935 4094">
     <span class='ocr_line' id='line_1_72' title="bbox 363 4019 1935 4094; baseline -0.008 -9"><span class='ocrx_word' id='word_1_533' title='bbox 363 4029 615 4085; x_wconf 88' lang='lat' dir='ltr'><strong>omnibus</strong></span> <span class='ocrx_word' id='word_1_534' title='bbox 665 4028 716 4082; x_wconf 92' lang='lat' dir='ltr'><strong>in</strong></span> <span class='ocrx_word' id='word_1_535' title='bbox 773 4041 830 4080; x_wconf 91' lang='lat' dir='ltr'><strong>se</strong></span> <span class='ocrx_word' id='word_1_536' title='bbox 881 4024 1222 4094; x_wconf 84' lang='lat' dir='ltr'><strong>peccantibus</strong></span> <span class='ocrx_word' id='word_1_537' title='bbox 1277 4023 1569 4076; x_wconf 91' lang='lat' dir='ltr'><strong>clementer</strong></span> <span class='ocrx_word' id='word_1_538' title='bbox 1617 4019 1935 4087; x_wconf 88' lang='lat' dir='ltr'><strong>indulserit,</strong></span> 
     </span>
    </p>
   </div>
   <div class='ocr_carea' id='block_1_73' title="bbox 367 4110 1937 4187">
    <p class='ocr_par' dir='ltr' id='par_1_73' title="bbox 367 4110 1937 4187">
     <span class='ocr_line' id='line_1_73' title="bbox 367 4110 1937 4187; baseline -0.008 -12"><span class='ocrx_word' id='word_1_539' title='bbox 367 4119 572 4178; x_wconf 86' lang='lat' dir='ltr'><strong>nullius</strong></span> <span class='ocrx_word' id='word_1_540' title='bbox 603 4117 802 4187; x_wconf 89' lang='lat' dir='ltr'><strong>peccati</strong></span> <span class='ocrx_word' id='word_1_541' title='bbox 834 4115 1112 4183; x_wconf 89' lang='lat' dir='ltr'><strong>vestigium</strong></span> <span class='ocrx_word' id='word_1_542' title='bbox 1153 4115 1204 4167; x_wconf 93' lang='lat' dir='ltr'><strong>in</strong></span> <span class='ocrx_word' id='word_1_543' title='bbox 1245 4112 1386 4166; x_wconf 92' lang='lat' dir='ltr'><strong>illius</strong></span> <span class='ocrx_word' id='word_1_544' title='bbox 1416 4111 1590 4164; x_wconf 90' lang='lat' dir='ltr'><strong>anima</strong></span> <span class='ocrx_word' id='word_1_545' title='bbox 1623 4110 1937 4164; x_wconf 89' lang='lat' dir='ltr'><strong>remanebit.</strong></span> 
     </span>
    </p>
   </div>
   <div class='ocr_carea' id='block_1_74' title="bbox 368 4203 1940 4276">
    <p class='ocr_par' dir='ltr' id='par_1_74' title="bbox 368 4203 1940 4276">
     <span class='ocr_line' id='line_1_74' title="bbox 368 4203 1940 4276; baseline -0.007 -8"><span class='ocrx_word' id='word_1_546' title='bbox 368 4211 662 4276; x_wconf 72' lang='lat' dir='ltr'><strong>Attendite,</strong></span> <span class='ocrx_word' id='word_1_547' title='bbox 698 4209 912 4274; x_wconf 81' lang='lat' dir='ltr'><strong>fratres,</strong></span> <span class='ocrx_word' id='word_1_548' title='bbox 953 4217 1004 4261; x_wconf 89' lang='lat' dir='ltr'><strong>et</strong></span> <span class='ocrx_word' id='word_1_549' title='bbox 1035 4207 1368 4261; x_wconf 90' lang='lat' dir='ltr'><strong>considerate</strong></span> <span class='ocrx_word' id='word_1_550' title='bbox 1401 4203 1543 4274; x_wconf 89' lang='lat' dir='ltr'><strong>quod</strong></span> <span class='ocrx_word' id='word_1_551' title='bbox 1575 4205 1714 4270; x_wconf 82' lang='lat' dir='ltr'><strong>dixi,</strong></span> <span class='ocrx_word' id='word_1_552' title='bbox 1757 4206 1844 4272; x_wconf 91' lang='lat' dir='ltr'><strong>qui</strong></span> <span class='ocrx_word' id='word_1_553' title='bbox 1890 4205 1940 4257; x_wconf 92' lang='lat' dir='ltr'><strong>in</strong></span> 
     </span>
    </p>
   </div>
   <div class='ocr_carea' id='block_1_75' title="bbox 369 4294 1944 4372">
    <p class='ocr_par' dir='ltr' id='par_1_75' title="bbox 369 4294 1944 4372">
     <span class='ocr_line' id='line_1_75' title="bbox 369 4294 1944 4372; baseline -0.009 -12"><span class='ocrx_word' id='word_1_554' title='bbox 369 4317 432 4360; x_wconf 79' lang='lat' dir='ltr'><strong>se</strong></span> <span class='ocrx_word' id='word_1_555' title='bbox 472 4301 711 4372; x_wconf 87' lang='lat' dir='ltr'><strong>peceanti</strong></span> <span class='ocrx_word' id='word_1_556' title='bbox 762 4299 1082 4367; x_wconf 90' lang='lat' dir='ltr'><strong>indulserit,</strong></span> <span class='ocrx_word' id='word_1_557' title='bbox 1133 4313 1237 4351; x_wconf 90' lang='lat' dir='ltr'><strong>non</strong></span> <span class='ocrx_word' id='word_1_558' title='bbox 1287 4296 1394 4350; x_wconf 84' lang='lat' dir='ltr'><strong>dixi</strong></span> <span class='ocrx_word' id='word_1_559' title='bbox 1433 4295 1573 4364; x_wconf 91' lang='lat' dir='ltr'><strong>quod</strong></span> <span class='ocrx_word' id='word_1_560' title='bbox 1609 4296 1696 4365; x_wconf 91' lang='lat' dir='ltr'><strong>qui</strong></span> <span class='ocrx_word' id='word_1_561' title='bbox 1739 4295 1792 4348; x_wconf 92' lang='lat' dir='ltr'><strong>in</strong></span> <span class='ocrx_word' id='word_1_562' title='bbox 1835 4294 1944 4347; x_wconf 92' lang='lat' dir='ltr'><strong>Deo</strong></span> 
     </span>
    </p>
   </div>
   <div class='ocr_carea' id='block_1_76' title="bbox 371 4385 1940 4464">
    <p class='ocr_par' dir='ltr' id='par_1_76' title="bbox 371 4385 1940 4464">
     <span class='ocr_line' id='line_1_76' title="bbox 371 4385 1940 4464; baseline -0.006 -16"><span class='ocrx_word' id='word_1_563' title='bbox 371 4393 690 4464; x_wconf 87' lang='lat' dir='ltr'><strong>peccaverit,</strong></span> <span class='ocrx_word' id='word_1_564' title='bbox 721 4391 819 4461; x_wconf 91' lang='lat' dir='ltr'><strong>ipsi</strong></span> <span class='ocrx_word' id='word_1_565' title='bbox 851 4389 1049 4444; x_wconf 90' lang='lat' dir='ltr'><strong>debeas</strong></span> <span class='ocrx_word' id='word_1_566' title='bbox 1073 4388 1278 4442; x_wconf 91' lang='lat' dir='ltr'><strong>veniam</strong></span> <span class='ocrx_word' id='word_1_567' title='bbox 1311 4387 1459 4450; x_wconf 87' lang='lat' dir='ltr'><strong>dare,</strong></span> <span class='ocrx_word' id='word_1_568' title='bbox 1484 4385 1626 4455; x_wconf 91' lang='lat' dir='ltr'><strong>quod</strong></span> <span class='ocrx_word' id='word_1_569' title='bbox 1656 4385 1804 4454; x_wconf 90' lang='lat' dir='ltr'><strong>pejus</strong></span> <span class='ocrx_word' id='word_1_570' title='bbox 1831 4393 1940 4447; x_wconf 90' lang='lat' dir='ltr'><strong>est;</strong></span> 
     </span>
    </p>
   </div>
   <div class='ocr_carea' id='block_1_77' title="bbox 371 4479 1944 4556">
    <p class='ocr_par' dir='ltr' id='par_1_77' title="bbox 371 4479 1944 4556">
     <span class='ocr_line' id='line_1_77' title="bbox 371 4479 1944 4556; baseline -0.005 -16"><span class='ocrx_word' id='word_1_571' title='bbox 371 4486 637 4556; x_wconf 85' lang='lat' dir='ltr'><strong>aliquoties</strong></span> <span class='ocrx_word' id='word_1_572' title='bbox 677 4485 765 4554; x_wconf 90' lang='lat' dir='ltr'><strong>qui</strong></span> <span class='ocrx_word' id='word_1_573' title='bbox 817 4484 867 4538; x_wconf 91' lang='lat' dir='ltr'><strong>in</strong></span> <span class='ocrx_word' id='word_1_574' title='bbox 918 4482 1071 4537; x_wconf 89' lang='lat' dir='ltr'><strong>nobis</strong></span> <span class='ocrx_word' id='word_1_575' title='bbox 1101 4480 1435 4550; x_wconf 83' lang='lat' dir='ltr'><strong>peccaverit,</strong></span> <span class='ocrx_word' id='word_1_576' title='bbox 1485 4489 1577 4532; x_wconf 84' lang='lat' dir='ltr'><strong>aut</strong></span> <span class='ocrx_word' id='word_1_577' title='bbox 1623 4479 1806 4543; x_wconf 85' lang='lat' dir='ltr'><strong>tarde,</strong></span> <span class='ocrx_word' id='word_1_578' title='bbox 1853 4489 1944 4532; x_wconf 90' lang='lat' dir='ltr'><strong>aut</strong></span> 
     </span>
    </p>
   </div>
   <div class='ocr_carea' id='block_1_78' title="bbox 2021 3301 3607 3378">
    <p class='ocr_par' dir='ltr' id='par_1_78' title="bbox 2021 3301 3607 3378">
     <span class='ocr_line' id='line_1_78' title="bbox 2021 3301 3607 3378; baseline -0.004 -20"><span class='ocrx_word' id='word_1_579' title='bbox 2021 3306 2275 3378; x_wconf 71' lang='lat' dir='ltr'><strong>justitite,</strong></span> <span class='ocrx_word' id='word_1_580' title='bbox 2326 3320 2480 3374; x_wconf 86' lang='lat' dir='ltr'><strong>quam</strong></span> <span class='ocrx_word' id='word_1_581' title='bbox 2528 3313 2639 3372; x_wconf 85' lang='lat' dir='ltr'><strong>post</strong></span> <span class='ocrx_word' id='word_1_582' title='bbox 2684 3303 3023 3372; x_wconf 87' lang='lat' dir='ltr'><strong>cognitionem</strong></span> <span class='ocrx_word' id='word_1_583' title='bbox 3067 3311 3343 3354; x_wconf 85' lang='lat' dir='ltr'><strong>retrorsum</strong></span> <span class='ocrx_word' id='word_1_584' title='bbox 3385 3301 3607 3354; x_wconf 84' lang='lat' dir='ltr'><strong>converti</strong></span> 
     </span>
    </p>
   </div>
   <div class='ocr_carea' id='block_1_79' title="bbox 2033 3393 3604 3468">
    <p class='ocr_par' dir='ltr' id='par_1_79' title="bbox 2033 3393 3604 3468">
     <span class='ocr_line' id='line_1_79' title="bbox 2033 3393 3604 3468; baseline -0.004 -17"><span class='ocrx_word' id='word_1_585' title='bbox 2033 3397 2119 3468; x_wconf 88' lang='lat' dir='ltr'><strong>(II</strong></span> <span class='ocrx_word' id='word_1_586' title='bbox 2138 3397 2276 3452; x_wconf 87' lang='lat' dir='ltr'><strong>Petr.</strong></span> <span class='ocrx_word' id='word_1_587' title='bbox 2309 3413 2368 3462; x_wconf 88' lang='lat' dir='ltr'><strong>ti,</strong></span> <span class='ocrx_word' id='word_1_588' title='bbox 2395 3397 2507 3464; x_wconf 72' lang='lat'><strong>20).</strong></span> <span class='ocrx_word' id='word_1_589' title='bbox 2552 3397 2617 3450; x_wconf 86' lang='lat' dir='ltr'><strong>Et</strong></span> <span class='ocrx_word' id='word_1_590' title='bbox 2647 3396 2836 3449; x_wconf 86' lang='lat' dir='ltr'><strong>iterum</strong></span> <span class='ocrx_word' id='word_1_591' title='bbox 2863 3411 2876 3447; x_wconf 92' lang='lat'><strong>:</strong></span> <span class='ocrx_word' id='word_1_592' title='bbox 2911 3394 3065 3446; x_wconf 85' lang='lat' dir='ltr'><strong>Canis</strong></span> <span class='ocrx_word' id='word_1_593' title='bbox 3102 3409 3327 3448; x_wconf 85' lang='lat' dir='ltr'><strong>reversus</strong></span> <span class='ocrx_word' id='word_1_594' title='bbox 3354 3393 3422 3445; x_wconf 86' lang='lat' dir='ltr'><strong>ad</strong></span> <span class='ocrx_word' id='word_1_595' title='bbox 3449 3394 3604 3446; x_wconf 75' lang='lat' dir='ltr'><strong>vomi-</strong></span> 
     </span>
    </p>
   </div>
   <div class='ocr_carea' id='block_1_80' title="bbox 2033 3485 3604 3556">
    <p class='ocr_par' dir='ltr' id='par_1_80' title="bbox 2033 3485 3604 3556">
     <span class='ocr_line' id='line_1_80' title="bbox 2033 3485 3604 3556; baseline -0.002 -14"><span class='ocrx_word' id='word_1_596' title='bbox 2033 3500 2138 3544; x_wconf 88' lang='lat' dir='ltr'><strong>tum</strong></span> <span class='ocrx_word' id='word_1_597' title='bbox 2166 3508 2345 3556; x_wconf 83' lang='lat' dir='ltr'><strong>suum,</strong></span> <span class='ocrx_word' id='word_1_598' title='bbox 2388 3499 2434 3542; x_wconf 86' lang='lat' dir='ltr'><strong>et</strong></span> <span class='ocrx_word' id='word_1_599' title='bbox 2472 3506 2559 3543; x_wconf 86' lang='lat' dir='ltr'><strong>sus</strong></span> <span class='ocrx_word' id='word_1_600' title='bbox 2602 3490 2705 3542; x_wconf 87' lang='lat' dir='ltr'><strong>lota</strong></span> <span class='ocrx_word' id='word_1_601' title='bbox 2742 3490 2794 3540; x_wconf 93' lang='lat' dir='ltr'><strong>in</strong></span> <span class='ocrx_word' id='word_1_602' title='bbox 2833 3487 3098 3541; x_wconf 80' lang='lat' dir='ltr'><strong>volutabra</strong></span> <span class='ocrx_word' id='word_1_603' title='bbox 3140 3486 3235 3541; x_wconf 86' lang='lat' dir='ltr'><strong>luti</strong></span> <span class='ocrx_word' id='word_1_604' title='bbox 3269 3485 3454 3556; x_wconf 87' lang='lat' dir='ltr'><strong>(Ibid.,</strong></span> <span class='ocrx_word' id='word_1_605' title='bbox 3488 3486 3604 3553; x_wconf 71' lang='grc'><strong>21).</strong></span> 
     </span>
    </p>
   </div>
   <div class='ocr_carea' id='block_1_81' title="bbox 2035 3576 3606 3648">
    <p class='ocr_par' dir='ltr' id='par_1_81' title="bbox 2035 3576 3606 3648">
     <span class='ocr_line' id='line_1_81' title="bbox 2035 3576 3606 3648; baseline -0.004 -12"><span class='ocrx_word' id='word_1_606' title='bbox 2035 3582 2140 3636; x_wconf 88' lang='lat' dir='ltr'><strong>Sed</strong></span> <span class='ocrx_word' id='word_1_607' title='bbox 2173 3597 2268 3635; x_wconf 90' lang='lat' dir='ltr'><strong>nec</strong></span> <span class='ocrx_word' id='word_1_608' title='bbox 2297 3576 2363 3634; x_wconf 86' lang='lat' dir='ltr'><strong>de</strong></span> <span class='ocrx_word' id='word_1_609' title='bbox 2395 3580 2586 3633; x_wconf 92' lang='lat' dir='ltr'><strong>talibus</strong></span> <span class='ocrx_word' id='word_1_610' title='bbox 2627 3579 3018 3648; x_wconf 89' lang='lat' dir='ltr'><strong>desperandum</strong></span> <span class='ocrx_word' id='word_1_611' title='bbox 3061 3587 3174 3642; x_wconf 89' lang='lat' dir='ltr'><strong>est,</strong></span> <span class='ocrx_word' id='word_1_612' title='bbox 3219 3577 3442 3640; x_wconf 91' lang='lat' dir='ltr'><strong>fratres,</strong></span> <span class='ocrx_word' id='word_1_613' title='bbox 3484 3577 3606 3645; x_wconf 88' lang='lat' dir='ltr'><strong>quia</strong></span> 
     </span>
    </p>
   </div>
   <div class='ocr_carea' id='block_1_82' title="bbox 2035 3667 3609 3742">
    <p class='ocr_par' dir='ltr' id='par_1_82' title="bbox 2035 3667 3609 3742">
     <span class='ocr_line' id='line_1_82' title="bbox 2035 3667 3609 3742; baseline -0.004 -17"><span class='ocrx_word' id='word_1_614' title='bbox 2035 3681 2226 3742; x_wconf 91' lang='lat' dir='ltr'><strong>potens</strong></span> <span class='ocrx_word' id='word_1_615' title='bbox 2255 3681 2336 3724; x_wconf 91' lang='lat' dir='ltr'><strong>est</strong></span> <span class='ocrx_word' id='word_1_616' title='bbox 2370 3670 2510 3723; x_wconf 90' lang='lat' dir='ltr'><strong>Deus</strong></span> <span class='ocrx_word' id='word_1_617' title='bbox 2538 3668 2815 3722; x_wconf 88' lang='lat' dir='ltr'><strong>orantibus</strong></span> <span class='ocrx_word' id='word_1_618' title='bbox 2844 3668 2996 3720; x_wconf 89' lang='lat' dir='ltr'><strong>vobis</strong></span> <span class='ocrx_word' id='word_1_619' title='bbox 3031 3667 3318 3720; x_wconf 91' lang='lat' dir='ltr'><strong>scintillam</strong></span> <span class='ocrx_word' id='word_1_620' title='bbox 3349 3680 3609 3733; x_wconf 90' lang='lat' dir='ltr'><strong>compun-</strong></span> 
     </span>
    </p>
   </div>
   <div class='ocr_carea' id='block_1_83' title="bbox 2036 3757 3613 3825">
    <p class='ocr_par' dir='ltr' id='par_1_83' title="bbox 2036 3757 3613 3825">
     <span class='ocr_line' id='line_1_83' title="bbox 2036 3757 3613 3825; baseline -0.004 -9"><span class='ocrx_word' id='word_1_621' title='bbox 2036 3763 2225 3817; x_wconf 87' lang='lat' dir='ltr'><strong>ctionis</strong></span> <span class='ocrx_word' id='word_1_622' title='bbox 2254 3761 2568 3825; x_wconf 90' lang='lat' dir='ltr'><strong>accendere,</strong></span> <span class='ocrx_word' id='word_1_623' title='bbox 2595 3769 2649 3814; x_wconf 88' lang='lat' dir='ltr'><strong>et</strong></span> <span class='ocrx_word' id='word_1_624' title='bbox 2675 3773 2887 3812; x_wconf 91' lang='lat' dir='ltr'><strong>omnem</strong></span> <span class='ocrx_word' id='word_1_625' title='bbox 2916 3757 3093 3810; x_wconf 69' lang='lat' dir='ltr'><strong>saiculi</strong></span> <span class='ocrx_word' id='word_1_626' title='bbox 3120 3757 3440 3823; x_wconf 87' lang='lat' dir='ltr'><strong>voluptatem</strong></span> <span class='ocrx_word' id='word_1_627' title='bbox 3466 3757 3613 3810; x_wconf 90' lang='lat' dir='ltr'><strong>velut</strong></span> 
     </span>
    </p>
   </div>
   <div class='ocr_carea' id='block_1_84' title="bbox 2037 3847 3608 3919">
    <p class='ocr_par' dir='ltr' id='par_1_84' title="bbox 2037 3847 3608 3919">
     <span class='ocr_line' id='line_1_84' title="bbox 2037 3847 3608 3919; baseline -0.003 -15"><span class='ocrx_word' id='word_1_628' title='bbox 2037 3851 2218 3919; x_wconf 90' lang='lat' dir='ltr'><strong>spinas</strong></span> <span class='ocrx_word' id='word_1_629' title='bbox 2257 3859 2311 3904; x_wconf 91' lang='lat' dir='ltr'><strong>et</strong></span> <span class='ocrx_word' id='word_1_630' title='bbox 2353 3849 2576 3902; x_wconf 91' lang='lat' dir='ltr'><strong>tribulos</strong></span> <span class='ocrx_word' id='word_1_631' title='bbox 2607 3848 2857 3916; x_wconf 72' lang='lat' dir='ltr'><strong>nequitia:</strong></span> <span class='ocrx_word' id='word_1_632' title='bbox 2888 3847 3087 3901; x_wconf 90' lang='lat' dir='ltr'><strong>salubri</strong></span> <span class='ocrx_word' id='word_1_633' title='bbox 3123 3847 3242 3914; x_wconf 91' lang='lat' dir='ltr'><strong>igne</strong></span> <span class='ocrx_word' id='word_1_634' title='bbox 3272 3860 3608 3909; x_wconf 88' lang='lat' dir='ltr'><strong>consumere,</strong></span> 
     </span>
    </p>
   </div>
   <div class='ocr_carea' id='block_1_85' title="bbox 2040 3932 3613 4008">
    <p class='ocr_par' dir='ltr' id='par_1_85' title="bbox 2040 3932 3613 4008">
     <span class='ocr_line' id='line_1_85' title="bbox 2040 3932 3613 4008; baseline -0.004 -14"><span class='ocrx_word' id='word_1_635' title='bbox 2040 3941 2134 3994; x_wconf 90' lang='lat' dir='ltr'><strong>illo</strong></span> <span class='ocrx_word' id='word_1_636' title='bbox 2173 3941 2352 4008; x_wconf 88' lang='lat' dir='ltr'><strong>utique</strong></span> <span class='ocrx_word' id='word_1_637' title='bbox 2403 3939 2520 4006; x_wconf 91' lang='lat' dir='ltr'><strong>igne</strong></span> <span class='ocrx_word' id='word_1_638' title='bbox 2562 3938 2629 3992; x_wconf 92' lang='lat' dir='ltr'><strong>de</strong></span> <span class='ocrx_word' id='word_1_639' title='bbox 2669 3951 2774 4007; x_wconf 92' lang='lat' dir='ltr'><strong>quo</strong></span> <span class='ocrx_word' id='word_1_640' title='bbox 2816 3936 3074 3989; x_wconf 89' lang='lat' dir='ltr'><strong>Dominus</strong></span> <span class='ocrx_word' id='word_1_641' title='bbox 3115 3936 3226 3988; x_wconf 86' lang='lat' dir='ltr'><strong>ait:</strong></span> <span class='ocrx_word' id='word_1_642' title='bbox 3283 3932 3460 4003; x_wconf 88' lang='lat' dir='ltr'><strong>Ignem</strong></span> <span class='ocrx_word' id='word_1_643' title='bbox 3501 3937 3613 3987; x_wconf 84' lang='lat' dir='ltr'><strong>ueni</strong></span> 
     </span>
    </p>
   </div>
   <div class='ocr_carea' id='block_1_86' title="bbox 2041 4023 3608 4096">
    <p class='ocr_par' dir='ltr' id='par_1_86' title="bbox 2041 4023 3608 4096">
     <span class='ocr_line' id='line_1_86' title="bbox 2041 4023 3608 4096; baseline -0.003 -12"><span class='ocrx_word' id='word_1_644' title='bbox 2041 4031 2232 4084; x_wconf 73' lang='lat' dir='ltr'><strong>mittere</strong></span> <span class='ocrx_word' id='word_1_645' title='bbox 2269 4030 2321 4081; x_wconf 90' lang='lat' dir='ltr'><strong>in</strong></span> <span class='ocrx_word' id='word_1_646' title='bbox 2363 4039 2578 4092; x_wconf 90' lang='lat' dir='ltr'><strong>terram,</strong></span> <span class='ocrx_word' id='word_1_647' title='bbox 2628 4037 2670 4081; x_wconf 84' lang='lat' dir='ltr'><strong>et</strong></span> <span class='ocrx_word' id='word_1_648' title='bbox 2713 4027 2838 4096; x_wconf 84' lang='lat' dir='ltr'><strong>quid</strong></span> <span class='ocrx_word' id='word_1_649' title='bbox 2872 4026 2984 4079; x_wconf 77' lang='lat' dir='ltr'><strong>volo</strong></span> <span class='ocrx_word' id='word_1_650' title='bbox 3025 4026 3121 4079; x_wconf 85' lang='lat' dir='ltr'><strong>nisi</strong></span> <span class='ocrx_word' id='word_1_651' title='bbox 3161 4035 3214 4078; x_wconf 87' lang='lat' dir='ltr'><strong>ut</strong></span> <span class='ocrx_word' id='word_1_652' title='bbox 3251 4025 3426 4078; x_wconf 85' lang='lat' dir='ltr'><strong>ardeat</strong></span> <span class='ocrx_word' id='word_1_653' title='bbox 3458 4023 3608 4094; x_wconf 84' lang='lat' dir='ltr'><strong>(Luc.</strong></span> 
     </span>
    </p>
   </div>
   <div class='ocr_carea' id='block_1_87' title="bbox 2042 4122 2312 4190">
    <p class='ocr_par' dir='ltr' id='par_1_87' title="bbox 2042 4122 2312 4190">
     <span class='ocr_line' id='line_1_87' title="bbox 2042 4122 2312 4190; baseline -0.022 -11"><span class='ocrx_word' id='word_1_654' title='bbox 2042 4140 2153 4190; x_wconf 78' lang='lat' dir='ltr'><strong>ni,</strong></span> <span class='ocrx_word' id='word_1_655' title='bbox 2181 4122 2312 4190; x_wconf 64' lang='lat'><strong>49)?</strong></span> 
     </span>
    </p>
   </div>
   <div class='ocr_carea' id='block_1_88' title="bbox 2118 4207 3616 4281">
    <p class='ocr_par' dir='ltr' id='par_1_88' title="bbox 2118 4207 3616 4281">
     <span class='ocr_line' id='line_1_88' title="bbox 2118 4207 3616 4281; baseline -0.003 -14"><span class='ocrx_word' id='word_1_656' title='bbox 2118 4216 2168 4268; x_wconf 77' lang='lat' dir='ltr'><strong>lt.</strong></span> <span class='ocrx_word' id='word_1_657' title='bbox 2210 4214 2368 4267; x_wconf 85' lang='lat' dir='ltr'><strong>Orate</strong></span> <span class='ocrx_word' id='word_1_658' title='bbox 2403 4226 2552 4281; x_wconf 88' lang='lat' dir='ltr'><strong>ergo,</strong></span> <span class='ocrx_word' id='word_1_659' title='bbox 2587 4211 2777 4265; x_wconf 90' lang='lat' dir='ltr'><strong>fratres</strong></span> <span class='ocrx_word' id='word_1_660' title='bbox 2806 4207 3170 4275; x_wconf 84' lang='lat' dir='ltr'><strong>dilectissimi,</strong></span> <span class='ocrx_word' id='word_1_661' title='bbox 3204 4222 3307 4263; x_wconf 92' lang='lat' dir='ltr'><strong>non</strong></span> <span class='ocrx_word' id='word_1_662' title='bbox 3342 4209 3512 4263; x_wconf 89' lang='lat' dir='ltr'><strong>so‘nm</strong></span> <span class='ocrx_word' id='word_1_663' title='bbox 3556 4215 3616 4262; x_wconf 90' lang='lat' dir='ltr'><strong>ut</strong></span> 
     </span>
    </p>
   </div>
   <div class='ocr_carea' id='block_1_89' title="bbox 2044 4302 3614 4374">
    <p class='ocr_par' dir='ltr' id='par_1_89' title="bbox 2044 4302 3614 4374">
     <span class='ocr_line' id='line_1_89' title="bbox 2044 4302 3614 4374; baseline -0.002 -14"><span class='ocrx_word' id='word_1_664' title='bbox 2044 4305 2194 4361; x_wconf 87' lang='lat' dir='ltr'><strong>vobis</strong></span> <span class='ocrx_word' id='word_1_665' title='bbox 2224 4305 2363 4360; x_wconf 90' lang='lat' dir='ltr'><strong>Deus</strong></span> <span class='ocrx_word' id='word_1_666' title='bbox 2389 4304 2840 4374; x_wconf 90' lang='lat' dir='ltr'><strong>perseverantiam</strong></span> <span class='ocrx_word' id='word_1_667' title='bbox 2870 4302 3059 4355; x_wconf 92' lang='lat' dir='ltr'><strong>bonam</strong></span> <span class='ocrx_word' id='word_1_668' title='bbox 3087 4302 3334 4369; x_wconf 81' lang='lat' dir='ltr'><strong>dignetur</strong></span> <span class='ocrx_word' id='word_1_669' title='bbox 3361 4303 3614 4366; x_wconf 90' lang='lat' dir='ltr'><strong>tribuere,</strong></span> 
     </span>
    </p>
   </div>
   <div class='ocr_carea' id='block_1_90' title="bbox 2046 4393 3620 4465">
    <p class='ocr_par' dir='ltr' id='par_1_90' title="bbox 2046 4393 3620 4465">
     <span class='ocr_line' id='line_1_90' title="bbox 2046 4393 3620 4465; baseline -0.001 -15"><span class='ocrx_word' id='word_1_670' title='bbox 2046 4399 2136 4452; x_wconf 90' lang='lat' dir='ltr'><strong>sed</strong></span> <span class='ocrx_word' id='word_1_671' title='bbox 2169 4406 2223 4451; x_wconf 91' lang='lat' dir='ltr'><strong>et</strong></span> <span class='ocrx_word' id='word_1_672' title='bbox 2273 4397 2345 4450; x_wconf 90' lang='lat' dir='ltr'><strong>illi</strong></span> <span class='ocrx_word' id='word_1_673' title='bbox 2388 4397 2477 4465; x_wconf 92' lang='lat' dir='ltr'><strong>qui</strong></span> <span class='ocrx_word' id='word_1_674' title='bbox 2510 4395 2838 4464; x_wconf 85' lang='lat' dir='ltr'><strong>negligentes</strong></span> <span class='ocrx_word' id='word_1_675' title='bbox 2871 4401 2994 4447; x_wconf 90' lang='lat' dir='ltr'><strong>sunt</strong></span> <span class='ocrx_word' id='word_1_676' title='bbox 3048 4393 3259 4448; x_wconf 89' lang='lat' dir='ltr'><strong>tandem</strong></span> <span class='ocrx_word' id='word_1_677' title='bbox 3291 4394 3512 4447; x_wconf 89' lang='lat' dir='ltr'><strong>debeant</strong></span> <span class='ocrx_word' id='word_1_678' title='bbox 3552 4393 3620 4449; x_wconf 89' lang='lat' dir='ltr'><strong>de</strong></span> 
     </span>
    </p>
   </div>
   <div class='ocr_carea' id='block_1_91' title="bbox 2050 4483 3618 4557">
    <p class='ocr_par' dir='ltr' id='par_1_91' title="bbox 2050 4483 3618 4557">
     <span class='ocr_line' id='line_1_91' title="bbox 2050 4483 3618 4557; baseline -0.001 -16"><span class='ocrx_word' id='word_1_679' title='bbox 2050 4488 2198 4543; x_wconf 90' lang='lat' dir='ltr'><strong>fovea</strong></span> <span class='ocrx_word' id='word_1_680' title='bbox 2230 4487 2494 4557; x_wconf 77' lang='lat' dir='ltr'><strong>superbiae</strong></span> <span class='ocrx_word' id='word_1_681' title='bbox 2526 4501 2583 4539; x_wconf 89' lang='lat' dir='ltr'><strong>se</strong></span> <span class='ocrx_word' id='word_1_682' title='bbox 2613 4486 2922 4547; x_wconf 88' lang='lat' dir='ltr'><strong>sublevare,</strong></span> <span class='ocrx_word' id='word_1_683' title='bbox 2974 4491 3026 4536; x_wconf 91' lang='lat' dir='ltr'><strong>et</strong></span> <span class='ocrx_word' id='word_1_684' title='bbox 3065 4483 3131 4537; x_wconf 88' lang='lat' dir='ltr'><strong>de</strong></span> <span class='ocrx_word' id='word_1_685' title='bbox 3171 4483 3375 4554; x_wconf 89' lang='lat' dir='ltr'><strong>laqueis</strong></span> <span class='ocrx_word' id='word_1_686' title='bbox 3408 4499 3618 4539; x_wconf 90' lang='lat' dir='ltr'><strong>eruere.</strong></span> 
     </span>
    </p>
   </div>
   <div class='ocr_carea' id='block_1_92' title="bbox 371 4555 3621 4644">
    <p class='ocr_par' dir='ltr' id='par_1_92' title="bbox 371 4555 3621 4644">
     <span class='ocr_line' id='line_1_92' title="bbox 371 4555 3621 4644; baseline -0.004 -1"><span class='ocrx_word' id='word_1_687' title='bbox 371 4577 590 4633; x_wconf 72' lang='grc' dir='ltr'><strong>(Ιὶῖίῖείιθ</strong></span> <span class='ocrx_word' id='word_1_688' title='bbox 619 4578 827 4630; x_wconf 66' lang='lat' dir='ltr'><strong>veniam</strong></span> <span class='ocrx_word' id='word_1_689' title='bbox 854 4577 1071 4640; x_wconf 65' lang='lat' dir='ltr'><strong>damus;</strong></span> <span class='ocrx_word' id='word_1_690' title='bbox 1115 4575 1203 4644; x_wconf 78' lang='grc' dir='ltr'><strong>(Ιηί</strong></span> <span class='ocrx_word' id='word_1_691' title='bbox 1245 4575 1297 4628; x_wconf 73' lang='lat' dir='ltr'><strong>in</strong></span> <span class='ocrx_word' id='word_1_692' title='bbox 1327 4573 1438 4628; x_wconf 67' lang='grc' dir='ltr'><strong>9οο</strong></span> <span class='ocrx_word' id='word_1_693' title='bbox 1468 4572 1768 4641; x_wconf 56' lang='lat' dir='ltr'><strong>deliquerit,</strong></span> <span class='ocrx_word' id='word_1_694' title='bbox 1803 4573 1945 4628; x_wconf 66' lang='lat'><strong>0816-</strong></span> <span class='ocrx_word' id='word_1_695' title='bbox 1975 4555 2028 4615; x_wconf 79' lang='lat' dir='ltr'><strong>D</strong></span> <span class='ocrx_word' id='word_1_696' title='bbox 2055 4581 2111 4637; x_wconf 91' lang='lat' dir='ltr'><strong>Si</strong></span> <span class='ocrx_word' id='word_1_697' title='bbox 2139 4583 2280 4637; x_wconf 89' lang='lat' dir='ltr'><strong>enim</strong></span> <span class='ocrx_word' id='word_1_698' title='bbox 2311 4581 2461 4636; x_wconf 91' lang='lat' dir='ltr'><strong>vobis</strong></span> <span class='ocrx_word' id='word_1_699' title='bbox 2491 4579 2795 4640; x_wconf 88' lang='lat' dir='ltr'><strong>orantibus,</strong></span> <span class='ocrx_word' id='word_1_700' title='bbox 2841 4584 2896 4630; x_wconf 91' lang='lat' dir='ltr'><strong>et</strong></span> <span class='ocrx_word' id='word_1_701' title='bbox 2923 4589 3041 4629; x_wconf 91' lang='lat' dir='ltr'><strong>cum</strong></span> <span class='ocrx_word' id='word_1_702' title='bbox 3079 4576 3300 4630; x_wconf 89' lang='lat' dir='ltr'><strong>caritate</strong></span> <span class='ocrx_word' id='word_1_703' title='bbox 3338 4576 3621 4630; x_wconf 88' lang='lat' dir='ltr'><strong>consilium</strong></span> 
     </span>
    </p>
   </div>
   <div class='ocr_carea' id='block_1_93' title="bbox 373 4664 1943 4734">
    <p class='ocr_par' dir='ltr' id='par_1_93' title="bbox 373 4664 1943 4734">
     <span class='ocr_line' id='line_1_93' title="bbox 373 4664 1943 4734; baseline -0.003 -12"><span class='ocrx_word' id='word_1_704' title='bbox 373 4668 504 4724; x_wconf 85' lang='lat' dir='ltr'><strong>riter</strong></span> <span class='ocrx_word' id='word_1_705' title='bbox 533 4665 884 4734; x_wconf 89' lang='lat' dir='ltr'><strong>indulgemus.</strong></span> <span class='ocrx_word' id='word_1_706' title='bbox 933 4664 1039 4718; x_wconf 91' lang='lat' dir='ltr'><strong>Sed</strong></span> <span class='ocrx_word' id='word_1_707' title='bbox 1080 4667 1124 4717; x_wconf 74' lang='lat' dir='ltr'><strong>si</strong></span> <span class='ocrx_word' id='word_1_708' title='bbox 1166 4665 1410 4718; x_wconf 89' lang='lat' dir='ltr'><strong>volumus</strong></span> <span class='ocrx_word' id='word_1_709' title='bbox 1450 4665 1592 4733; x_wconf 87' lang='lat' dir='ltr'><strong>juste</strong></span> <span class='ocrx_word' id='word_1_710' title='bbox 1629 4679 1821 4733; x_wconf 90' lang='lat' dir='ltr'><strong>agere,</strong></span> <span class='ocrx_word' id='word_1_711' title='bbox 1872 4665 1943 4719; x_wconf 91' lang='lat' dir='ltr'><strong>illi</strong></span> 
     </span>
    </p>
   </div>
   <div class='ocr_carea' id='block_1_94' title="bbox 374 4753 1946 4827">
    <p class='ocr_par' dir='ltr' id='par_1_94' title="bbox 374 4753 1946 4827">
     <span class='ocr_line' id='line_1_94' title="bbox 374 4753 1946 4827; baseline 0.001 -18"><span class='ocrx_word' id='word_1_712' title='bbox 374 4758 461 4827; x_wconf 88' lang='lat' dir='ltr'><strong>qui</strong></span> <span class='ocrx_word' id='word_1_713' title='bbox 497 4755 549 4808; x_wconf 91' lang='lat' dir='ltr'><strong>in</strong></span> <span class='ocrx_word' id='word_1_714' title='bbox 593 4754 701 4806; x_wconf 90' lang='lat' dir='ltr'><strong>Deo</strong></span> <span class='ocrx_word' id='word_1_715' title='bbox 737 4753 1072 4821; x_wconf 89' lang='lat' dir='ltr'><strong>peccaverit,</strong></span> <span class='ocrx_word' id='word_1_716' title='bbox 1103 4753 1217 4806; x_wconf 91' lang='lat' dir='ltr'><strong>sine</strong></span> <span class='ocrx_word' id='word_1_717' title='bbox 1246 4755 1583 4807; x_wconf 88' lang='lat' dir='ltr'><strong>severissima</strong></span> <span class='ocrx_word' id='word_1_718' title='bbox 1616 4753 1946 4810; x_wconf 90' lang='lat' dir='ltr'><strong>districtione</strong></span> 
     </span>
    </p>
   </div>
   <div class='ocr_carea' id='block_1_95' title="bbox 374 4845 1944 4914">
    <p class='ocr_par' dir='ltr' id='par_1_95' title="bbox 374 4845 1944 4914">
     <span class='ocr_line' id='line_1_95' title="bbox 374 4845 1944 4914; baseline -0.001 -10"><span class='ocrx_word' id='word_1_719' title='bbox 374 4863 482 4904; x_wconf 82' lang='lat' dir='ltr'><strong>non</strong></span> <span class='ocrx_word' id='word_1_720' title='bbox 509 4847 767 4902; x_wconf 88' lang='lat' dir='ltr'><strong>debemus</strong></span> <span class='ocrx_word' id='word_1_721' title='bbox 797 4845 1066 4914; x_wconf 89' lang='lat' dir='ltr'><strong>indulgere</strong></span> <span class='ocrx_word' id='word_1_722' title='bbox 1097 4859 1163 4898; x_wconf 91' lang='lat' dir='ltr'><strong>ne</strong></span> <span class='ocrx_word' id='word_1_723' title='bbox 1185 4845 1340 4910; x_wconf 91' lang='lat' dir='ltr'><strong>,dum</strong></span> <span class='ocrx_word' id='word_1_724' title='bbox 1374 4846 1448 4898; x_wconf 94' lang='lat' dir='ltr'><strong>illi</strong></span> <span class='ocrx_word' id='word_1_725' title='bbox 1481 4860 1576 4914; x_wconf 92' lang='lat' dir='ltr'><strong>per</strong></span> <span class='ocrx_word' id='word_1_726' title='bbox 1604 4847 1944 4902; x_wconf 89' lang='lat' dir='ltr'><strong>indiscretam</strong></span> 
     </span>
    </p>
   </div>
   <div class='ocr_carea' id='block_1_96' title="bbox 378 4935 1948 5010">
    <p class='ocr_par' dir='ltr' id='par_1_96' title="bbox 378 4935 1948 5010">
     <span class='ocr_line' id='line_1_96' title="bbox 378 4935 1948 5010; baseline 0.001 -18"><span class='ocrx_word' id='word_1_727' title='bbox 378 4941 628 5010; x_wconf 90' lang='lat' dir='ltr'><strong>pietatem</strong></span> <span class='ocrx_word' id='word_1_728' title='bbox 661 4937 967 5000; x_wconf 90' lang='lat' dir='ltr'><strong>remittitur,</strong></span> <span class='ocrx_word' id='word_1_729' title='bbox 993 4937 1297 5004; x_wconf 80' lang='lat' dir='ltr'><strong>exemplum</strong></span> <span class='ocrx_word' id='word_1_730' title='bbox 1331 4935 1644 5003; x_wconf 88' lang='lat' dir='ltr'><strong>perditionis</strong></span> <span class='ocrx_word' id='word_1_731' title='bbox 1673 4939 1791 4991; x_wconf 89' lang='lat' dir='ltr'><strong>aliis</strong></span> <span class='ocrx_word' id='word_1_732' title='bbox 1822 4955 1948 5008; x_wconf 53' lang='lat' dir='ltr'><strong>pra).-</strong></span> 
     </span>
    </p>
   </div>
   <div class='ocr_carea' id='block_1_97' title="bbox 380 5029 1944 5100">
    <p class='ocr_par' dir='ltr' id='par_1_97' title="bbox 380 5029 1944 5100">
     <span class='ocr_line' id='line_1_97' title="bbox 380 5029 1944 5100; baseline -0.001 -14"><span class='ocrx_word' id='word_1_733' title='bbox 380 5031 586 5086; x_wconf 90' lang='lat' dir='ltr'><strong>beatur.</strong></span> <span class='ocrx_word' id='word_1_734' title='bbox 640 5030 693 5084; x_wconf 91' lang='lat' dir='ltr'><strong>In</strong></span> <span class='ocrx_word' id='word_1_735' title='bbox 742 5046 838 5084; x_wconf 89' lang='lat' dir='ltr'><strong>suo</strong></span> <span class='ocrx_word' id='word_1_736' title='bbox 884 5044 1013 5100; x_wconf 91' lang='lat' dir='ltr'><strong>ergo</strong></span> <span class='ocrx_word' id='word_1_737' title='bbox 1059 5044 1117 5084; x_wconf 87' lang='lat' dir='ltr'><strong>se</strong></span> <span class='ocrx_word' id='word_1_738' title='bbox 1163 5029 1526 5098; x_wconf 89' lang='lat' dir='ltr'><strong>unusquisque</strong></span> <span class='ocrx_word' id='word_1_739' title='bbox 1559 5030 1803 5084; x_wconf 89' lang='lat' dir='ltr'><strong>ostendat</strong></span> <span class='ocrx_word' id='word_1_740' title='bbox 1839 5033 1944 5084; x_wconf 91' lang='lat' dir='ltr'><strong>cle-</strong></span> 
     </span>
    </p>
   </div>
   <div class='ocr_carea' id='block_1_98' title="bbox 380 5120 1952 5191">
    <p class='ocr_par' dir='ltr' id='par_1_98' title="bbox 380 5120 1952 5191">
     <span class='ocr_line' id='line_1_98' title="bbox 380 5120 1952 5191; baseline -0.001 -15"><span class='ocrx_word' id='word_1_741' title='bbox 380 5130 634 5188; x_wconf 85' lang='lat' dir='ltr'><strong>mentem,</strong></span> <span class='ocrx_word' id='word_1_742' title='bbox 666 5123 785 5191; x_wconf 87' lang='lat' dir='ltr'><strong>quia</strong></span> <span class='ocrx_word' id='word_1_743' title='bbox 820 5123 1074 5177; x_wconf 87' lang='lat' dir='ltr'><strong>Dominus</strong></span> <span class='ocrx_word' id='word_1_744' title='bbox 1103 5122 1216 5176; x_wconf 83' lang='lat' dir='ltr'><strong>ait:</strong></span> <span class='ocrx_word' id='word_1_745' title='bbox 1253 5121 1314 5175; x_wconf 82' lang='lat' dir='ltr'><strong>Si</strong></span> <span class='ocrx_word' id='word_1_746' title='bbox 1344 5120 1638 5174; x_wconf 85' lang='lat' dir='ltr'><strong>dimiseritis</strong></span> <span class='ocrx_word' id='word_1_747' title='bbox 1668 5121 1952 5175; x_wconf 84' lang='lat' dir='ltr'><strong>hominibus</strong></span> 
     </span>
    </p>
   </div>
   <div class='ocr_carea' id='block_1_99' title="bbox 380 5209 1957 5284">
    <p class='ocr_par' dir='ltr' id='par_1_99' title="bbox 380 5209 1957 5284">
     <span class='ocr_line' id='line_1_99' title="bbox 380 5209 1957 5284; baseline -0.001 -18"><span class='ocrx_word' id='word_1_748' title='bbox 380 5221 582 5284; x_wconf 82' lang='lat' dir='ltr'><strong>peccata</strong></span> <span class='ocrx_word' id='word_1_749' title='bbox 611 5228 803 5275; x_wconf 86' lang='lat' dir='ltr'><strong>eorum,</strong></span> <span class='ocrx_word' id='word_1_750' title='bbox 828 5213 1043 5266; x_wconf 83' lang='lat' dir='ltr'><strong>dimittet</strong></span> <span class='ocrx_word' id='word_1_751' title='bbox 1072 5212 1208 5266; x_wconf 77' lang='lat' dir='ltr'><strong>vobis</strong></span> <span class='ocrx_word' id='word_1_752' title='bbox 1239 5209 1395 5264; x_wconf 89' lang='lat' dir='ltr'><strong>Pater</strong></span> <span class='ocrx_word' id='word_1_753' title='bbox 1417 5219 1576 5264; x_wconf 81' lang='lat' dir='ltr'><strong>uester</strong></span> <span class='ocrx_word' id='word_1_754' title='bbox 1601 5210 1812 5265; x_wconf 76' lang='lat' dir='ltr'><strong>caelestis</strong></span> <span class='ocrx_word' id='word_1_755' title='bbox 1842 5228 1957 5279; x_wconf 86' lang='lat' dir='ltr'><strong>pec-</strong></span> 
     </span>
    </p>
   </div>
   <div class='ocr_carea' id='block_1_100' title="bbox 381 5300 1044 5374">
    <p class='ocr_par' dir='ltr' id='par_1_100' title="bbox 381 5300 1044 5374">
     <span class='ocr_line' id='line_1_100' title="bbox 381 5300 1044 5374; baseline 0.002 -19"><span class='ocrx_word' id='word_1_756' title='bbox 381 5313 494 5357; x_wconf 79' lang='lat' dir='ltr'><strong>cata</strong></span> <span class='ocrx_word' id='word_1_757' title='bbox 523 5313 687 5356; x_wconf 80' lang='lat' dir='ltr'><strong>uestra</strong></span> <span class='ocrx_word' id='word_1_758' title='bbox 711 5300 898 5373; x_wconf 87' lang='lat' dir='ltr'><strong>(Ibid.,</strong></span> <span class='ocrx_word' id='word_1_759' title='bbox 932 5303 1044 5374; x_wconf 76' lang='grc' dir='ltr'><strong>Η).</strong></span> 
     </span>
    </p>
   </div>
   <div class='ocr_carea' id='block_1_101' title="bbox 453 5393 1958 5466">
    <p class='ocr_par' dir='ltr' id='par_1_101' title="bbox 453 5393 1958 5466">
     <span class='ocr_line' id='line_1_101' title="bbox 453 5393 1958 5466; baseline 0.003 -20"><span class='ocrx_word' id='word_1_760' title='bbox 453 5393 508 5446; x_wconf 74' lang='grc'><strong>2.</strong></span> <span class='ocrx_word' id='word_1_761' title='bbox 549 5393 772 5460; x_wconf 86' lang='lat' dir='ltr'><strong>Quando</strong></span> <span class='ocrx_word' id='word_1_762' title='bbox 799 5408 926 5448; x_wconf 87' lang='lat' dir='ltr'><strong>vero</strong></span> <span class='ocrx_word' id='word_1_763' title='bbox 969 5395 1021 5448; x_wconf 94' lang='lat' dir='ltr'><strong>in</strong></span> <span class='ocrx_word' id='word_1_764' title='bbox 1065 5395 1226 5450; x_wconf 91' lang='lat' dir='ltr'><strong>Deum</strong></span> <span class='ocrx_word' id='word_1_765' title='bbox 1268 5393 1460 5464; x_wconf 87' lang='lat' dir='ltr'><strong>aliquis</strong></span> <span class='ocrx_word' id='word_1_766' title='bbox 1499 5402 1778 5460; x_wconf 91' lang='lat' dir='ltr'><strong>peccatum</strong></span> <span class='ocrx_word' id='word_1_767' title='bbox 1820 5410 1958 5466; x_wconf 87' lang='lat' dir='ltr'><strong>prae-</strong></span> 
     </span>
    </p>
   </div>
   <div class='ocr_carea' id='block_1_102' title="bbox 382 5483 1952 5550">
    <p class='ocr_par' dir='ltr' id='par_1_102' title="bbox 382 5483 1952 5550">
     <span class='ocr_line' id='line_1_102' title="bbox 382 5483 1952 5550; baseline 0 -8"><span class='ocrx_word' id='word_1_768' title='bbox 382 5484 547 5542; x_wconf 80' lang='lat' dir='ltr'><strong>sumit</strong></span> <span class='ocrx_word' id='word_1_769' title='bbox 574 5485 872 5550; x_wconf 90' lang='lat' dir='ltr'><strong>admittere,</strong></span> <span class='ocrx_word' id='word_1_770' title='bbox 907 5483 1290 5541; x_wconf 88' lang='lat' dir='ltr'><strong>districtionem</strong></span> <span class='ocrx_word' id='word_1_771' title='bbox 1319 5485 1478 5540; x_wconf 90' lang='lat' dir='ltr'><strong>debet</strong></span> <span class='ocrx_word' id='word_1_772' title='bbox 1517 5486 1952 5542; x_wconf 89' lang='lat' dir='ltr'><strong>monasterialem</strong></span> 
     </span>
    </p>
   </div>
   <div class='ocr_carea' id='block_1_103' title="bbox 384 5573 1958 5644">
    <p class='ocr_par' dir='ltr' id='par_1_103' title="bbox 384 5573 1958 5644">
     <span class='ocr_line' id='line_1_103' title="bbox 384 5573 1958 5644; baseline -0.001 -11"><span class='ocrx_word' id='word_1_773' title='bbox 384 5577 667 5633; x_wconf 84' lang='lat' dir='ltr'><strong>sustinere.</strong></span> <span class='ocrx_word' id='word_1_774' title='bbox 720 5575 785 5628; x_wconf 89' lang='lat' dir='ltr'><strong>Et</strong></span> <span class='ocrx_word' id='word_1_775' title='bbox 815 5575 914 5628; x_wconf 87' lang='lat' dir='ltr'><strong>hoc</strong></span> <span class='ocrx_word' id='word_1_776' title='bbox 943 5573 1140 5628; x_wconf 92' lang='lat' dir='ltr'><strong>bonum</strong></span> <span class='ocrx_word' id='word_1_777' title='bbox 1177 5577 1264 5644; x_wconf 92' lang='lat' dir='ltr'><strong>pio</strong></span> <span class='ocrx_word' id='word_1_778' title='bbox 1300 5578 1478 5630; x_wconf 89' lang='lat' dir='ltr'><strong>animo</strong></span> <span class='ocrx_word' id='word_1_779' title='bbox 1519 5577 1676 5634; x_wconf 91' lang='lat' dir='ltr'><strong>debet</strong></span> <span class='ocrx_word' id='word_1_780' title='bbox 1708 5577 1857 5642; x_wconf 89' lang='lat' dir='ltr'><strong>fieri,</strong></span> <span class='ocrx_word' id='word_1_781' title='bbox 1903 5588 1958 5631; x_wconf 93' lang='lat' dir='ltr'><strong>ut</strong></span> 
     </span>
    </p>
   </div>
   <div class='ocr_carea' id='block_1_104' title="bbox 387 5665 1959 5739">
    <p class='ocr_par' dir='ltr' id='par_1_104' title="bbox 387 5665 1959 5739">
     <span class='ocr_line' id='line_1_104' title="bbox 387 5665 1959 5739; baseline 0.001 -15"><span class='ocrx_word' id='word_1_782' title='bbox 387 5668 611 5739; x_wconf 82' lang='lat' dir='ltr'><strong>spiritali</strong></span> <span class='ocrx_word' id='word_1_783' title='bbox 641 5666 983 5736; x_wconf 84' lang='lat' dir='ltr'><strong>castigatione</strong></span> <span class='ocrx_word' id='word_1_784' title='bbox 1008 5665 1075 5719; x_wconf 91' lang='lat' dir='ltr'><strong>ita</strong></span> <span class='ocrx_word' id='word_1_785' title='bbox 1107 5667 1405 5736; x_wconf 86' lang='lat' dir='ltr'><strong>corrigatur</strong></span> <span class='ocrx_word' id='word_1_786' title='bbox 1438 5671 1489 5723; x_wconf 93' lang='lat' dir='ltr'><strong>in</strong></span> <span class='ocrx_word' id='word_1_787' title='bbox 1523 5668 1623 5724; x_wconf 93' lang='lat' dir='ltr'><strong>hoc</strong></span> <span class='ocrx_word' id='word_1_788' title='bbox 1648 5671 1869 5732; x_wconf 85' lang='lat' dir='ltr'><strong>saeculo,</strong></span> <span class='ocrx_word' id='word_1_789' title='bbox 1900 5679 1959 5725; x_wconf 94' lang='lat' dir='ltr'><strong>ut</strong></span> 
     </span>
    </p>
   </div>
   <div class='ocr_carea' id='block_1_105' title="bbox 387 5754 1955 5835">
    <p class='ocr_par' dir='ltr' id='par_1_105' title="bbox 387 5754 1955 5835">
     <span class='ocr_line' id='line_1_105' title="bbox 387 5754 1955 5835; baseline 0.001 -18"><span class='ocrx_word' id='word_1_790' title='bbox 387 5777 493 5823; x_wconf 89' lang='lat' dir='ltr'><strong>non</strong></span> <span class='ocrx_word' id='word_1_791' title='bbox 523 5769 709 5832; x_wconf 83' lang='lat' dir='ltr'><strong>pereat</strong></span> <span class='ocrx_word' id='word_1_792' title='bbox 743 5759 794 5812; x_wconf 91' lang='lat' dir='ltr'><strong>in</strong></span> <span class='ocrx_word' id='word_1_793' title='bbox 834 5759 1006 5812; x_wconf 77' lang='lat' dir='ltr'><strong>futuro</strong></span> <span class='ocrx_word' id='word_1_794' title='bbox 1031 5777 1042 5811; x_wconf 90' lang='lat'>:</span> <span class='ocrx_word' id='word_1_795' title='bbox 1074 5759 1196 5827; x_wconf 90' lang='lat' dir='ltr'><strong>quia</strong></span> <span class='ocrx_word' id='word_1_796' title='bbox 1222 5754 1383 5815; x_wconf 71' lang='lat' dir='ltr'><strong>&#39;omne</strong></span> <span class='ocrx_word' id='word_1_797' title='bbox 1413 5771 1686 5835; x_wconf 88' lang='lat' dir='ltr'><strong>peccatum</strong></span> <span class='ocrx_word' id='word_1_798' title='bbox 1715 5761 1861 5832; x_wconf 87' lang='lat' dir='ltr'><strong>quod</strong></span> <span class='ocrx_word' id='word_1_799' title='bbox 1900 5763 1955 5818; x_wconf 88' lang='lat' dir='ltr'><strong>in</strong></span> 
     </span>
    </p>
   </div>
   <div class='ocr_carea' id='block_1_106' title="bbox 672 5853 1170 5916">
    <p class='ocr_par' dir='ltr' id='par_1_106' title="bbox 672 5853 1170 5916">
     <span class='ocr_line' id='line_1_106' title="bbox 672 5853 1170 5916; baseline -0.004 -2"><span class='ocrx_word' id='word_1_800' title='bbox 672 5856 938 5914; x_wconf 71' lang='lat' dir='ltr'><strong>Parant.</strong></span> <span class='ocrx_word' id='word_1_801' title='bbox 980 5853 1170 5916; x_wconf 79' lang='lat' dir='ltr'><strong>LVIII</strong></span> 
     </span>
    </p>
   </div>
   <div class='ocr_carea' id='block_1_107' title="bbox 2054 4665 3624 4739">
    <p class='ocr_par' dir='ltr' id='par_1_107' title="bbox 2054 4665 3624 4739">
     <span class='ocr_line' id='line_1_107' title="bbox 2054 4665 3624 4739; baseline -0.006 -10"><span class='ocrx_word' id='word_1_802' title='bbox 2054 4675 2325 4737; x_wconf 85' lang='lat' dir='ltr'><strong>dantibus,</strong></span> <span class='ocrx_word' id='word_1_803' title='bbox 2347 4673 2649 4739; x_wconf 87' lang='lat' dir='ltr'><strong>quicunque</strong></span> <span class='ocrx_word' id='word_1_804' title='bbox 2674 4676 2797 4720; x_wconf 93' lang='lat' dir='ltr'><strong>sunt</strong></span> <span class='ocrx_word' id='word_1_805' title='bbox 2819 4665 2980 4734; x_wconf 88' lang='lat' dir='ltr'><strong>tepidi</strong></span> <span class='ocrx_word' id='word_1_806' title='bbox 3006 4676 3058 4719; x_wconf 88' lang='lat' dir='ltr'><strong>et</strong></span> <span class='ocrx_word' id='word_1_807' title='bbox 3080 4667 3406 4734; x_wconf 88' lang='lat' dir='ltr'><strong>negligentes</strong></span> <span class='ocrx_word' id='word_1_808' title='bbox 3428 4667 3624 4721; x_wconf 89' lang='lat' dir='ltr'><strong>fuerint</strong></span> 
     </span>
    </p>
   </div>
   <div class='ocr_carea' id='block_1_108' title="bbox 2055 4755 3626 4828">
    <p class='ocr_par' dir='ltr' id='par_1_108' title="bbox 2055 4755 3626 4828">
     <span class='ocr_line' id='line_1_108' title="bbox 2055 4755 3626 4828; baseline -0.006 -9"><span class='ocrx_word' id='word_1_809' title='bbox 2055 4764 2359 4825; x_wconf 90' lang='lat' dir='ltr'><strong>emendati,</strong></span> <span class='ocrx_word' id='word_1_810' title='bbox 2407 4760 2733 4828; x_wconf 88' lang='lat' dir='ltr'><strong>duplicatum</strong></span> <span class='ocrx_word' id='word_1_811' title='bbox 2774 4755 2927 4809; x_wconf 88' lang='lat' dir='ltr'><strong>vobis</strong></span> <span class='ocrx_word' id='word_1_812' title='bbox 2965 4756 3239 4823; x_wconf 64' lang='lat' dir='ltr'><strong>praemium</strong></span> <span class='ocrx_word' id='word_1_813' title='bbox 3279 4757 3533 4810; x_wconf 89' lang='lat' dir='ltr'><strong>Dominus</strong></span> <span class='ocrx_word' id='word_1_814' title='bbox 3572 4765 3626 4811; x_wconf 90' lang='lat' dir='ltr'><strong>et</strong></span> 
     </span>
    </p>
   </div>
   <div class='ocr_carea' id='block_1_109' title="bbox 2057 4845 3626 4915">
    <p class='ocr_par' dir='ltr' id='par_1_109' title="bbox 2057 4845 3626 4915">
     <span class='ocr_line' id='line_1_109' title="bbox 2057 4845 3626 4915; baseline -0.006 -6"><span class='ocrx_word' id='word_1_815' title='bbox 2057 4855 2122 4909; x_wconf 91' lang='lat' dir='ltr'><strong>de</strong></span> <span class='ocrx_word' id='word_1_816' title='bbox 2154 4863 2328 4908; x_wconf 90' lang='lat' dir='ltr'><strong>vestra</strong></span> <span class='ocrx_word' id='word_1_817' title='bbox 2375 4861 2426 4904; x_wconf 92' lang='lat' dir='ltr'><strong>et</strong></span> <span class='ocrx_word' id='word_1_818' title='bbox 2470 4849 2536 4902; x_wconf 93' lang='lat' dir='ltr'><strong>dc</strong></span> <span class='ocrx_word' id='word_1_819' title='bbox 2582 4848 2794 4902; x_wconf 91' lang='lat' dir='ltr'><strong>illorum</strong></span> <span class='ocrx_word' id='word_1_820' title='bbox 2834 4845 3173 4915; x_wconf 92' lang='lat' dir='ltr'><strong>correptione</strong></span> <span class='ocrx_word' id='word_1_821' title='bbox 3215 4860 3626 4915; x_wconf 87' lang='lat' dir='ltr'><strong>recompensare</strong></span> 
     </span>
    </p>
   </div>
   <div class='ocr_carea' id='block_1_110' title="bbox 2058 4937 3628 5014">
    <p class='ocr_par' dir='ltr' id='par_1_110' title="bbox 2058 4937 3628 5014">
     <span class='ocr_line' id='line_1_110' title="bbox 2058 4937 3628 5014; baseline -0.006 -15"><span class='ocrx_word' id='word_1_822' title='bbox 2058 4945 2378 5014; x_wconf 87' lang='lat' dir='ltr'><strong>dignabitur.</strong></span> <span class='ocrx_word' id='word_1_823' title='bbox 2427 4941 2556 4995; x_wconf 83' lang='lat' dir='ltr'><strong>Nam</strong></span> <span class='ocrx_word' id='word_1_824' title='bbox 2600 4954 2698 4993; x_wconf 92' lang='lat' dir='ltr'><strong>nec</strong></span> <span class='ocrx_word' id='word_1_825' title='bbox 2737 4937 2811 4992; x_wconf 93' lang='lat' dir='ltr'><strong>illi</strong></span> <span class='ocrx_word' id='word_1_826' title='bbox 2847 4938 2934 5006; x_wconf 89' lang='lat' dir='ltr'><strong>qui</strong></span> <span class='ocrx_word' id='word_1_827' title='bbox 2977 4938 3101 4992; x_wconf 90' lang='lat' dir='ltr'><strong>boni</strong></span> <span class='ocrx_word' id='word_1_828' title='bbox 3134 4947 3285 5004; x_wconf 90' lang='lat' dir='ltr'><strong>sunt,</strong></span> <span class='ocrx_word' id='word_1_829' title='bbox 3333 4953 3390 4991; x_wconf 91' lang='lat' dir='ltr'><strong>se</strong></span> <span class='ocrx_word' id='word_1_830' title='bbox 3435 4938 3628 4992; x_wconf 89' lang='lat' dir='ltr'><strong>debent</strong></span> 
     </span>
    </p>
   </div>
   <div class='ocr_carea' id='block_1_111' title="bbox 2061 5027 3630 5105">
    <p class='ocr_par' dir='ltr' id='par_1_111' title="bbox 2061 5027 3630 5105">
     <span class='ocr_line' id='line_1_111' title="bbox 2061 5027 3630 5105; baseline -0.006 -17"><span class='ocrx_word' id='word_1_831' title='bbox 2061 5034 2209 5105; x_wconf 90' lang='lat' dir='ltr'><strong>quasi</strong></span> <span class='ocrx_word' id='word_1_832' title='bbox 2239 5034 2304 5087; x_wconf 89' lang='lat' dir='ltr'><strong>de</strong></span> <span class='ocrx_word' id='word_1_833' title='bbox 2333 5032 2445 5086; x_wconf 90' lang='lat' dir='ltr'><strong>suis</strong></span> <span class='ocrx_word' id='word_1_834' title='bbox 2486 5030 2689 5084; x_wconf 83' lang='lat' dir='ltr'><strong>meritis</strong></span> <span class='ocrx_word' id='word_1_835' title='bbox 2731 5028 3023 5092; x_wconf 82' lang='lat' dir='ltr'><strong>extollere;</strong></span> <span class='ocrx_word' id='word_1_836' title='bbox 3073 5043 3171 5082; x_wconf 88' lang='lat' dir='ltr'><strong>nec</strong></span> <span class='ocrx_word' id='word_1_837' title='bbox 3212 5027 3286 5081; x_wconf 89' lang='lat' dir='ltr'><strong>illi</strong></span> <span class='ocrx_word' id='word_1_838' title='bbox 3327 5027 3414 5096; x_wconf 88' lang='lat' dir='ltr'><strong>qui</strong></span> <span class='ocrx_word' id='word_1_839' title='bbox 3457 5027 3630 5095; x_wconf 88' lang='lat' dir='ltr'><strong>negli-</strong></span> 
     </span>
    </p>
   </div>
   <div class='ocr_carea' id='block_1_112' title="bbox 2061 5117 3630 5194">
    <p class='ocr_par' dir='ltr' id='par_1_112' title="bbox 2061 5117 3630 5194">
     <span class='ocr_line' id='line_1_112' title="bbox 2061 5117 3630 5194; baseline -0.006 -15"><span class='ocrx_word' id='word_1_840' title='bbox 2061 5133 2243 5194; x_wconf 88' lang='lat' dir='ltr'><strong>gentes</strong></span> <span class='ocrx_word' id='word_1_841' title='bbox 2273 5130 2428 5186; x_wconf 90' lang='lat' dir='ltr'><strong>sunt,</strong></span> <span class='ocrx_word' id='word_1_842' title='bbox 2460 5120 2524 5175; x_wconf 92' lang='lat' dir='ltr'><strong>de</strong></span> <span class='ocrx_word' id='word_1_843' title='bbox 2557 5121 2648 5175; x_wconf 93' lang='lat' dir='ltr'><strong>Dei</strong></span> <span class='ocrx_word' id='word_1_844' title='bbox 2681 5118 3042 5174; x_wconf 88' lang='lat' dir='ltr'><strong>misericordia</strong></span> <span class='ocrx_word' id='word_1_845' title='bbox 3075 5119 3358 5188; x_wconf 87' lang='lat' dir='ltr'><strong>desperare</strong></span> <span class='ocrx_word' id='word_1_846' title='bbox 3385 5133 3399 5172; x_wconf 90' lang='lat'>:</span> <span class='ocrx_word' id='word_1_847' title='bbox 3434 5117 3524 5171; x_wconf 83' lang='lat' dir='ltr'><strong>sed</strong></span> <span class='ocrx_word' id='word_1_848' title='bbox 3559 5117 3630 5170; x_wconf 92' lang='lat' dir='ltr'><strong>illi</strong></span> 
     </span>
    </p>
   </div>
   <div class='ocr_carea' id='block_1_113' title="bbox 2064 5207 3630 5274">
    <p class='ocr_par' dir='ltr' id='par_1_113' title="bbox 2064 5207 3630 5274">
     <span class='ocr_line' id='line_1_113' title="bbox 2064 5207 3630 5274; baseline -0.006 -4"><span class='ocrx_word' id='word_1_849' title='bbox 2064 5230 2182 5270; x_wconf 92' lang='lat' dir='ltr'><strong>eum</strong></span> <span class='ocrx_word' id='word_1_850' title='bbox 2213 5213 2510 5268; x_wconf 90' lang='lat' dir='ltr'><strong>humilitate</strong></span> <span class='ocrx_word' id='word_1_851' title='bbox 2558 5211 2649 5265; x_wconf 90' lang='lat' dir='ltr'><strong>Dei</strong></span> <span class='ocrx_word' id='word_1_852' title='bbox 2699 5211 2836 5265; x_wconf 89' lang='lat' dir='ltr'><strong>bona</strong></span> <span class='ocrx_word' id='word_1_853' title='bbox 2885 5210 3220 5274; x_wconf 90' lang='lat' dir='ltr'><strong>custodiant,</strong></span> <span class='ocrx_word' id='word_1_854' title='bbox 3271 5216 3326 5262; x_wconf 89' lang='lat' dir='ltr'><strong>et</strong></span> <span class='ocrx_word' id='word_1_855' title='bbox 3374 5207 3461 5262; x_wconf 90' lang='lat' dir='ltr'><strong>isti</strong></span> <span class='ocrx_word' id='word_1_856' title='bbox 3511 5222 3630 5262; x_wconf 91' lang='lat' dir='ltr'><strong>cum</strong></span> 
     </span>
    </p>
   </div>
   <div class='ocr_carea' id='block_1_114' title="bbox 2063 5298 3632 5377">
    <p class='ocr_par' dir='ltr' id='par_1_114' title="bbox 2063 5298 3632 5377">
     <span class='ocr_line' id='line_1_114' title="bbox 2063 5298 3632 5377; baseline -0.008 -16"><span class='ocrx_word' id='word_1_857' title='bbox 2063 5307 2248 5377; x_wconf 92' lang='lat' dir='ltr'><strong>grandi</strong></span> <span class='ocrx_word' id='word_1_858' title='bbox 2297 5303 2702 5372; x_wconf 86' lang='lat' dir='ltr'><strong>compunctione</strong></span> <span class='ocrx_word' id='word_1_859' title='bbox 2749 5301 2976 5356; x_wconf 85' lang='lat' dir='ltr'><strong>celerius</strong></span> <span class='ocrx_word' id='word_1_860' title='bbox 3023 5300 3088 5354; x_wconf 88' lang='lat' dir='ltr'><strong>ad</strong></span> <span class='ocrx_word' id='word_1_861' title='bbox 3140 5299 3510 5370; x_wconf 72' lang='lat' dir='ltr'><strong>pmnitentiam</strong></span> <span class='ocrx_word' id='word_1_862' title='bbox 3553 5298 3632 5351; x_wconf 86' lang='lat' dir='ltr'><strong>vel</strong></span> 
     </span>
    </p>
   </div>
   <div class='ocr_carea' id='block_1_115' title="bbox 2065 5387 3634 5465">
    <p class='ocr_par' dir='ltr' id='par_1_115' title="bbox 2065 5387 3634 5465">
     <span class='ocr_line' id='line_1_115' title="bbox 2065 5387 3634 5465; baseline -0.008 -14"><span class='ocrx_word' id='word_1_863' title='bbox 2065 5396 2418 5465; x_wconf 89' lang='lat' dir='ltr'><strong>correptionis</strong></span> <span class='ocrx_word' id='word_1_864' title='bbox 2459 5393 2846 5448; x_wconf 84' lang='lat' dir='ltr'><strong>medicamenta</strong></span> <span class='ocrx_word' id='word_1_865' title='bbox 2888 5391 3238 5460; x_wconf 88' lang='lat' dir='ltr'><strong>confugiant:</strong></span> <span class='ocrx_word' id='word_1_866' title='bbox 3270 5391 3391 5460; x_wconf 91' lang='lat' dir='ltr'><strong>quia</strong></span> <span class='ocrx_word' id='word_1_867' title='bbox 3421 5391 3507 5458; x_wconf 88' lang='lat' dir='ltr'><strong>qui</strong></span> <span class='ocrx_word' id='word_1_868' title='bbox 3541 5387 3634 5440; x_wconf 89' lang='lat' dir='ltr'><strong>bo-</strong></span> 
     </span>
    </p>
   </div>
   <div class='ocr_carea' id='block_1_116' title="bbox 2062 5479 3632 5556">
    <p class='ocr_par' dir='ltr' id='par_1_116' title="bbox 2062 5479 3632 5556">
     <span class='ocr_line' id='line_1_116' title="bbox 2062 5479 3632 5556; baseline -0.009 -11"><span class='ocrx_word' id='word_1_869' title='bbox 2062 5504 2163 5545; x_wconf 90' lang='lat' dir='ltr'><strong>nus</strong></span> <span class='ocrx_word' id='word_1_870' title='bbox 2191 5498 2266 5543; x_wconf 92' lang='lat' dir='ltr'><strong>est</strong></span> <span class='ocrx_word' id='word_1_871' title='bbox 2289 5529 2302 5552; x_wconf 94' lang='lat'><strong>,</strong></span> <span class='ocrx_word' id='word_1_872' title='bbox 2345 5487 2390 5540; x_wconf 89' lang='lat' dir='ltr'><strong>si</strong></span> <span class='ocrx_word' id='word_1_873' title='bbox 2421 5487 2697 5556; x_wconf 83' lang='lat' dir='ltr'><strong>superbire</strong></span> <span class='ocrx_word' id='word_1_874' title='bbox 2723 5487 2974 5555; x_wconf 79' lang='lat' dir='ltr'><strong>coeperit,</strong></span> <span class='ocrx_word' id='word_1_875' title='bbox 3021 5484 3420 5543; x_wconf 88' lang='lat' dir='ltr'><strong>humiliabitur;</strong></span> <span class='ocrx_word' id='word_1_876' title='bbox 3464 5488 3517 5534; x_wconf 90' lang='lat' dir='ltr'><strong>et</strong></span> <span class='ocrx_word' id='word_1_877' title='bbox 3545 5479 3632 5547; x_wconf 87' lang='lat' dir='ltr'><strong>qui</strong></span> 
     </span>
    </p>
   </div>
   <div class='ocr_carea' id='block_1_117' title="bbox 2064 5572 3634 5650">
    <p class='ocr_par' dir='ltr' id='par_1_117' title="bbox 2064 5572 3634 5650">
     <span class='ocr_line' id='line_1_117' title="bbox 2064 5572 3634 5650; baseline -0.008 -13"><span class='ocrx_word' id='word_1_878' title='bbox 2064 5581 2324 5650; x_wconf 90' lang='lat' dir='ltr'><strong>superbus</strong></span> <span class='ocrx_word' id='word_1_879' title='bbox 2352 5589 2454 5648; x_wconf 90' lang='lat' dir='ltr'><strong>est,</strong></span> <span class='ocrx_word' id='word_1_880' title='bbox 2488 5579 2530 5634; x_wconf 90' lang='lat' dir='ltr'><strong>si</strong></span> <span class='ocrx_word' id='word_1_881' title='bbox 2561 5593 2618 5634; x_wconf 91' lang='lat' dir='ltr'><strong>se</strong></span> <span class='ocrx_word' id='word_1_882' title='bbox 2646 5579 3033 5641; x_wconf 89' lang='lat' dir='ltr'><strong>humiliaverit,</strong></span> <span class='ocrx_word' id='word_1_883' title='bbox 3078 5593 3171 5648; x_wconf 90' lang='lat' dir='ltr'><strong>per</strong></span> <span class='ocrx_word' id='word_1_884' title='bbox 3196 5576 3288 5630; x_wconf 91' lang='lat' dir='ltr'><strong>Dei</strong></span> <span class='ocrx_word' id='word_1_885' title='bbox 3325 5572 3634 5627; x_wconf 87' lang='lat' dir='ltr'><strong>misericor-</strong></span> 
     </span>
    </p>
   </div>
   <div class='ocr_carea' id='block_1_118' title="bbox 2063 5663 3637 5731">
    <p class='ocr_par' dir='ltr' id='par_1_118' title="bbox 2063 5663 3637 5731">
     <span class='ocr_line' id='line_1_118' title="bbox 2063 5663 3637 5731; baseline -0.006 -5"><span class='ocrx_word' id='word_1_886' title='bbox 2063 5673 2202 5727; x_wconf 91' lang='lat' dir='ltr'><strong>diam</strong></span> <span class='ocrx_word' id='word_1_887' title='bbox 2232 5670 2613 5726; x_wconf 84' lang='lat' dir='ltr'><strong>sublevabitur.</strong></span> <span class='ocrx_word' id='word_1_888' title='bbox 2659 5669 2887 5723; x_wconf 86' lang='lat' dir='ltr'><strong>Tantum</strong></span> <span class='ocrx_word' id='word_1_889' title='bbox 2931 5678 3012 5722; x_wconf 91' lang='lat' dir='ltr'><strong>est</strong></span> <span class='ocrx_word' id='word_1_890' title='bbox 3062 5678 3116 5720; x_wconf 89' lang='lat' dir='ltr'><strong>ut</strong></span> <span class='ocrx_word' id='word_1_891' title='bbox 3145 5681 3201 5719; x_wconf 92' lang='lat' dir='ltr'><strong>se</strong></span> <span class='ocrx_word' id='word_1_892' title='bbox 3233 5678 3336 5716; x_wconf 88' lang='lat' dir='ltr'><strong>non</strong></span> <span class='ocrx_word' id='word_1_893' title='bbox 3369 5663 3637 5731; x_wconf 69' lang='lat' dir='ltr'><strong>permittat</strong></span> 
     </span>
    </p>
   </div>
   <div class='ocr_carea' id='block_1_119' title="bbox 2063 5757 3641 5839">
    <p class='ocr_par' dir='ltr' id='par_1_119' title="bbox 2063 5757 3641 5839">
     <span class='ocr_line' id='line_1_119' title="bbox 2063 5757 3641 5839; baseline -0.006 -15"><span class='ocrx_word' id='word_1_894' title='bbox 2063 5765 2292 5839; x_wconf 83' lang='lat' dir='ltr'><strong>amplius</strong></span> <span class='ocrx_word' id='word_1_895' title='bbox 2317 5763 2603 5824; x_wconf 88' lang='lat' dir='ltr'><strong>durissimo</strong></span> <span class='ocrx_word' id='word_1_896' title='bbox 2623 5762 2756 5834; x_wconf 90' lang='lat' dir='ltr'><strong>jugo</strong></span> <span class='ocrx_word' id='word_1_897' title='bbox 2791 5763 2989 5832; x_wconf 89' lang='lat' dir='ltr'><strong>premi,</strong></span> <span class='ocrx_word' id='word_1_898' title='bbox 3032 5776 3131 5816; x_wconf 90' lang='lat' dir='ltr'><strong>nec</strong></span> <span class='ocrx_word' id='word_1_899' title='bbox 3158 5759 3321 5814; x_wconf 84' lang='lat' dir='ltr'><strong>nimia</strong></span> <span class='ocrx_word' id='word_1_900' title='bbox 3351 5765 3402 5814; x_wconf 87' lang='lat' dir='ltr'><strong>et</strong></span> <span class='ocrx_word' id='word_1_901' title='bbox 3435 5757 3641 5827; x_wconf 75' lang='lat' dir='ltr'><strong>pericu~</strong></span> 
     </span>
    </p>
   </div>
   <div class='ocr_carea' id='block_1_120' title="bbox 3127 5852 3211 5934">
    <p class='ocr_par' dir='ltr' id='par_1_120' title="bbox 3127 5852 3211 5934">
     <span class='ocr_line' id='line_1_120' title="bbox 3127 5852 3211 5934; baseline 0 -8"><span class='ocrx_word' id='word_1_902' title='bbox 3127 5852 3211 5934; x_wconf 75' lang='lat'><strong>28</strong></span> 
     </span>
    </p>
   </div>
  </div>
