4068 6348
455 287 563 344 875

1691 287 1745 341 S.
1787 285 2035 343 FAUSTI
2075 285 2482 342 RHEGIENSIS

3631 285 3753 341 876

458 402 572 456 lusa
603 401 1025 455 dissimulatione
1053 398 1104 452 in
1137 399 1372 469 peccatis
1402 399 1801 469 perseverando
1831 399 2033 454 diutius
2062 402 2109 458 Α
2139 414 2290 469 pere,
2338 415 2404 453 ne
2443 398 2728 452 occasione
2757 395 3075 453 humilitatis
3103 397 3281 453 nimia:
3323 398 3744 470 prolongetur‘a

457 494 740 556 obdurari;
781 493 875 546 sed
906 501 1011 546 tam
1049 491 1156 546 cito
1196 492 1470 562 confugiat
1507 491 1572 545 ad
1615 492 1866 561 pietatem
1907 491 2039 556 Dei,

458 597 517 640 ut
545 587 596 639 in
620 601 681 640 se
708 586 908 654 peccati
932 584 1210 653 vestigium
1241 601 1345 638 non
1378 585 1663 655 relinquat.
1703 585 1916 653 Optime
1947 599 2040 639 ca-

458 678 581 732 lidis
603 678 775 731 adhuc
795 676 1110 732 vulneribus
1134 677 1397 748 malagma
1420 677 1503 732 vel
1529 677 1686 733 fibula
1715 677 2035 748 apponitur:

456 772 576 839 quia
622 771 664 823 si
706 769 859 823 velox
896 769 1055 823 fuerit
1093 772 1158 824 ad
1196 769 1468 825 caelestem
1513 769 1779 824 medicum
1813 770 2040 823 intentio

453 864 796 933 resurgendi,
831 866 1114 934 veStigium
1152 866 1356 934 peccati
1397 880 1500 919 non
1534 865 1729 934 poterit
1758 877 2041 918 remanere

449 972 572 1012 cum
593 958 761 1028 lapso,
785 959 906 1029 quia
931 957 1029 1011 sub
1051 972 1209 1012 manu
1232 945 1617 1026 omnipotentis
1641 956 1836 1011 medici
1859 961 1912 1010 et
1934 955 2041 1010 cito

449 1052 591 1120 perit
621 1052 858 1116 morbus,
891 1060 946 1105 et
969 1050 1228 1105 velociter
1254 1059 1470 1103 sanatur
1499 1057 1752 1119 :egrotus.

448 1156 460 1190 τ
525 1145 578 1197 5.
600 1145 802 1199 lterum
827 1155 984 1214 atque
1004 1143 1193 1198 iterum
1219 1156 1346 1210 rogo
1367 1152 1418 1195 et
1441 1141 1726 1206 admoneo,
1747 1139 1962 1208 fratres,
1981 1150 2040 1193 ut

448 1237 836 1303 obedientiam,
861 1248 914 1292 et
953 1237 1328 1300 humilitatem.
1355 1246 1407 1290 et
1439 1237 1715 1290 caritatem
1741 1251 1845 1289 non
1869 1235 2039 1288 solum

455 1330 759 1385 senioribus
786 1339 838 1383 et
865 1329 1247 1398 comqualibns,
1291 1327 1383 1383 sed
1426 1327 1583 1382 etiam
1610 1327 1915 1396 junioribus
1944 1341 2041 1380 ex-

451 1425 642 1481 hibere
671 1426 866 1494 jugitcr
895 1424 1190 1478 studentis:
1236 1423 1357 1492 quia
1391 1422 1646 1492 quaelibet
1684 1421 1822 1476 bona
1855 1434 2040 1474 servus

455 1519 551 1574 Dei
587 1521 781 1573 habere
807 1518 1108 1585 contendit,
1142 1529 1194 1572 et
1226 1517 1404 1571 omnia
1438 1516 1727 1585 perniciter
1758 1512 1962 1583 perdit,
1995 1513 2039 1567 si

453 1614 511 1667 in
554 1613 643 1666 illo
684 1611 955 1665 humilitas
1001 1620 1053 1665 et
1101 1610 1294 1664 caritas
1323 1625 1447 1664 vera
1490 1624 1594 1662 non
1636 1599 1816 1662 fuerit.
1869 1605 2041 1659 Nolite

453 1717 813 1767 murmurare,
839 1703 1063 1766 fratres;
1087 1702 1342 1769 scriptum
1362 1708 1444 1755 est
1465 1700 1604 1754 enim
1635 1697 1774 1768 quod
1803 1711 2042 1751 murmu-

2145 503 2372 558 corpore
2409 498 2463 543 et
2504 489 2759 559 sanguine
2804 489 2890 544 cui
2935 503 2997 544 se
3032 489 3210 560 junxit
3238 499 3296 544 ut
3333 505 3499 544 unum
3538 505 3749 561 corpus

2145 582 2466 637 efﬁceretur.
2505 582 2886 637 Communicare
2933 598 3062 654 ergo
3105 599 3214 640 non
3240 585 3452 640 desinat
3479 586 3570 655 qui
3602 590 3743 656 pec-

2145 689 2270 730 care
2315 677 2541 744 quievit,
2595 684 2799 731 tantum
2845 675 2912 731 de
2957 677 3162 746 reliquo
3199 692 3308 732 nou
3338 686 3546 747 peccet.
3600 677 3740 733 Nam

2145 769 2282 830 s'cut
2310 769 2447 839 ignis
2480 770 2582 824 iste
2610 769 2840 824 visibilis
2871 769 3002 823 duas
3041 771 3093 824 in
3135 786 3197 826 se
3223 772 3482 841 quasdam
3513 771 3744 827 efﬁcan-

2145 861 2247 915 tias
2280 861 2465 928 habet,
2511 861 2564 915 id
2609 869 2692 916 est
2731 863 3048 917 comburere
3087 863 3294 934 fragilia
3335 874 3389 918 et
3429 863 3744 920 illuminare

2143 953 2472 1018 tenebrosa;
2531 955 2601 1007 ita
2653 952 2877 1023 ignitum
2929 953 3061 1008 illud
3114 954 3441 1010 dominicum
3490 969 3737 1024 corpus,

2145 1049 2360 1119 quando
2390 1062 2512 1102 cum
2545 1057 2690 1102 metu
2733 1055 2789 1103 et
2827 1049 3123 1104 reverentia
3162 1050 3348 1119 grandi
3390 1049 3552 1104 fuerit
3586 1063 3744 1104 sum-

2145 1148 2313 1210 ptum,
2341 1139 2579 1209 corporis
2603 1139 2820 1210 quidem
2850 1139 3041 1195 delicta
3069 1141 3359 1209 consumit,
3389 1142 3582 1196 animze
3603 1155 3742 1196 vero

2145 1247 2361 1287 sensum
2411 1231 2695 1285 illuminat.
2758 1231 2823 1285 Et
2872 1231 3071 1286 idcirco
3119 1233 3351 1286 maxime
3399 1231 3740 1301 frequentius

2145 1325 2542 1381 communicare
2571 1321 2746 1380 debet.
2800 1323 2856 1376 Si
2888 1339 3015 1379 vero
3057 1325 3246 1387 fuerit,
3292 1324 3430 1378 sicut
3474 1323 3744 1391 scriptum

2146 1428 2253 1485 est,
2300 1419 2443 1486 lepra
2475 1417 2530 1470 in
2565 1417 2721 1486 pelle,
2758 1417 3031 1472 immunda
3063 1416 3195 1483 erit,
3246 1415 3299 1469 id
3330 1424 3412 1470 est
3455 1423 3741 1484 peccatum

2145 1510 2199 1564 in
2233 1510 2518 1577 monacho,
2563 1513 2685 1581 quia
2731 1512 2925 1581 pellem
2959 1525 3078 1565 esse
3103 1509 3424 1564 monachum
3456 1510 3738 1578 Scriptura

2144 1605 2473 1671 pronuntiat,
2500 1602 2912 1657 mortificantem
2937 1603 3176 1657 membra
3201 1616 3296 1655 sua
3323 1615 3485 1670 super
3510 1609 3735 1665 terram,

2144 1694 2295 1763 cujus
2325 1694 2536 1750 ossibus
2567 1693 2791 1748 adhaesit
2823 1709 2971 1761 caro,
3013 1709 3130 1763 quae
3169 1695 3483 1747 immutatur
3517 1699 3740 1761 prepter

455 1803 640 1849 rantes
688 1810 714 1846 a
763 1793 1100 1862 serpentibus
1147 1794 1440 1860 perierunt.
1495 1790 1670 1845 Nolite
1717 1789 2000 1843 detrahere
2023 1829 2037 1851 ,
2069 1776 2126 1838 Π
2148 1787 2350 1853 oleum,
2379 1797 2431 1842 et
2459 1803 2486 1841 a
2510 1786 2712 1857 jejunio
2740 1787 3064 1854 inlinuntur,
3095 1797 3147 1841 et
3171 1787 3350 1854 jejuna
3380 1785 3526 1840 velut
3550 1785 3740 1839 fenum

453 1887 667 1952 fratres,
699 1885 819 1955 quia
851 1885 1106 1954 scriptum
1139 1895 1256 1939 est:
1294 1885 1394 1947 Qui
1429 1884 1651 1936 detrahit
1694 1882 1841 1952 fratri
1873 1881 2040 1934 eradi-

453 1980 671 2033 cabitur.
725 1979 897 2034 Nolite
941 1980 1270 2033 iracundiam
1317 1980 1369 2033 in
1416 1980 1579 2034 corde
1620 1993 1871 2045 servare,
1919 1977 2041 2046 quia

452 2075 707 2144 scriptum
733 2085 811 2128 est
834 2092 845 2127 :
879 2071 968 2126 Ira
995 2075 1126 2126 enim
1152 2075 1247 2126 viri
1268 2073 1527 2146 justitiam
1554 2072 1649 2126 Dei
1679 2089 1779 2125 non
1806 2080 2042 2140 aperntur

448 2152 596 2233 (Jac.
624 2182 677 2230 ιι,
704 2166 818 2233 20).
853 2163 1028 2219 Nolite
1055 2180 1151 2218 vos
1177 2166 1406 2219 invicem
1432 2164 1556 2219 odio
1580 2166 1797 2234 habere,
1828 2170 2042 2233 propter

449 2257 583 2311 illud
615 2256 754 2327 quod
787 2258 1042 2326 scriptum
1074 2266 1193 2312 est:
1229 2256 1329 2322 Qui
1369 2257 1475 2309 odit
1514 2258 1727 2324 fratrem
1765 2272 1913 2309 suum
1944 2255 2041 2307 Ito-

454 2349 643 2402 micida
673 2360 744 2402 est
773 2347 828 2419 (Ι
847 2348 1005 2402 Joan.
1035 2365 1111 2414 ιιι,
1148 2349 1256 2419 15).
1299 2349 1402 2404 Sed
1437 2364 1540 2403 non
1573 2364 1706 2419 opus
1734 2359 1816 2404 est
1843 2359 1900 2403 ut
1926 2349 2043 2404 diu-

450 2440 561 2494 tius
611 2450 849 2495 sanetam
901 2441 1179 2495 caritatem
1225 2449 1456 2495 vestram
1509 2441 1688 2496 verbis
1731 2441 2041 2507 doceamus,

455 2531 595 2600 quod
641 2546 736 2584 vos
784 2531 849 2584 ad
897 2531 1093 2586 Christi
1139 2533 1363 2601 gloriam
1416 2533 1668 2601 operibus
1717 2533 1940 2602 implere
1991 2542 2046 2588 et

456 2625 825 2693 cognoscimus
877 2634 931 2678 et
977 2624 1290 2693 gaudemus.
1358 2625 1468 2679 Hoc
1515 2627 1687 2680 solum
1740 2626 2046 2696 specialiter

450 2715 710 2784 petimus,
749 2725 802 2769 ut
833 2716 956 2785 quia
982 2731 1076 2771 vos
1112 2716 1248 2771 Deus
1287 2717 1339 2770 in
1373 2717 1547 2771 locum
1585 2717 1778 2786 quietis
1811 2725 1866 2772 et
1893 2727 2043 2771 tran-

456 2806 734 2878 quillitatis
783 2806 1050 2862 collocare
1095 2808 1342 2877 dignatus
1391 2816 1513 2874 est,
1566 2823 1665 2877 pro
1711 2807 1866 2863 nobis
1911 2821 2044 2877 quos

455 2901 636 2956 saeculi
691 2902 840 2955 istius
891 2911 1238 2970 tempestates
1288 2911 1341 2956 et
1385 2903 1806 2958 innumerabiles
1856 2903 2047 2958 fluctus

456 2993 738 3064 affligunt,
797 2995 1155 3048 abundantius
1205 2995 1434 3050 Domino
1489 2996 1839 3066 supplicetis:
1895 3004 1952 3050 ut
2001 2996 2048 3050 si

455 3087 636 3152 nobis,
659 3085 754 3154 ‘qui
783 3100 888 3139 non
920 3101 1211 3152 meremur,
1242 3087 1407 3153 gloria
1443 3101 1548 3140 non
1593 3088 1828 3153 dabitur,
1856 3088 2046 3142 saltem

457 3179 609 3233 vobis
633 3180 910 3232 orantibus
935 3187 1276 3246 peccatorum
1299 3181 1456 3234 venia
1483 3181 1765 3235 tribuatur.
1787 3181 1979 3235 Amen.

1074 3291 1304 3346 SERMO
1344 3293 1426 3346 Ill.

818 3384 899 3434 Ad
928 3384 1224 3438 monac/tos.
1275 3385 1350 3437 De
1379 3386 1688 3455 paenitentia.
1771 3455 1773 3458 ι

532 3473 698 3528 Detur
726 3473 1037 3544 poenitentia
1065 3474 1332 3541 saeculari,
1361 3476 1513 3545 cujus
1543 3478 1716 3532 adhuc
1744 3479 1919 3534 cervix
1951 3481 2050 3535 sub

459 3567 585 3640 jugo
613 3566 878 3636 dependet
910 3567 1115 3632 saeculi,
1148 3577 1201 3623 et
1227 3569 1353 3623 huic
1380 3584 1479 3638 pro
1512 3571 1843 3627 immanitate
1869 3572 2047 3628 delicti

459 3656 777 3714 terminetur
806 3666 1036 3729 tempus,
1070 3660 1154 3713 cui
1187 3660 1362 3716 adhuc
1394 3670 1607 3730 tempus
1644 3663 1826 3718 servit.
1879 3665 2049 3719 Crete-

459 3765 581 3805 rum
611 3752 656 3806 si
684 3750 1066 3807 abrenuntians
1097 3753 1293 3807 sacculo
1322 3762 1376 3807 et
1405 3754 1520 3823 ejus
1550 3754 1772 3820 militiae,
1807 3766 1860 3810 et
1888 3772 2048 3827 spon-

455 3841 595 3898 dens
621 3856 679 3896 se
706 3845 912 3898 cunctis
944 3843 1132 3898 diebus
1163 3844 1486 3899 serviturum
1512 3845 1643 3912 Deo,
1668 3861 1763 3901 cur
1791 3847 2048 3916 poeniten-

459 3937 586 3994 tiam
605 3947 893 4002 mereatur,
910 3938 997 4008 qui
1021 3938 1155 3992 liber
1173 3935 1413 4007 effectus,
1433 3939 1581 3993 velut
1598 3953 1799 4010 onager
1816 3951 2049 3996 sectatur

460 4032 628 4086 eremi
653 4033 977 4098 vastitatem,
1003 4032 1144 4085 sicut
1169 4033 1242 4084 ait
1263 4031 1364 4086 Job
1389 4049 1401 4083 :
1431 4032 1555 4096 Quis
1581 4033 1772 4086 dimisit
1797 4049 2047 4105 onagrum

457 4123 676 4179 liberant
704 4127 756 4178 in
786 4127 982 4180 deserto
1011 4124 1152 4204 (Job.
1195 4141 1354 4181 xxxix
1375 4170 1388 4190 ,
1431 4124 1485 4192 8)
1511 4127 1532 4177 τ
1587 4128 1620 4177 Α
1659 4127 1814 4180 leone
1843 4126 2049 4182 fortiter

459 4229 678 4284 caveat,
727 4229 778 4272 ct
818 4217 1093 4273 arentibus
1132 4217 1311 4270 herbis
1342 4227 1396 4272 et
1426 4218 1621 4286 poculo
1651 4219 1846 4289 exiguo
1875 4222 2049 4275 alatur

450 4311 515 4368 .in
537 4325 738 4366 eremo.
773 4311 953 4378 Erigat
983 4311 1033 4362 in
1061 4324 1181 4363 aera
1210 4320 1388 4375 caput,
1415 4320 1468 4365 et
1489 4311 1799 4379 ﬂagrantem
1824 4314 2045 4368 nimium

459 4399 579 4466 sitis
595 4400 841 4452 ardorem
864 4400 1094 4467 Spiritus
1119 4402 1288 4453 sancti
1315 4416 1443 4455 aura
1469 4403 1782 4471 restinguat,
1809 4419 1896 4469 ne,
1919 4405 2047 4460 dum

2146 1879 2359 1933 arescit.
2413 1877 2557 1947 Ergo
2595 1879 2639 1932 si
2684 1879 2735 1931 in
2779 1879 2878 1932 hac
2912 1879 3047 1947 pelle
3079 1878 3188 1931 visa
3225 1876 3389 1932 fuerit
3421 1877 3600 1947 lepra,
3633 1877 3742 1930 im-

2146 1969 2342 2025 munda
2365 1970 2486 2038 erit,
2511 1979 2565 2024 et
2593 1969 2692 2024 nisi
2719 1970 2876 2024 fuerit
2902 1967 3160 2038 jacintina
3189 1978 3276 2022 aut
3304 1969 3461 2023 rubra
3493 1981 3647 2038 pura,
3672 1967 3743 2022 ad

2146 2072 2392 2118 ornatum
2427 2061 2760 2117 tabernaculi
2795 2077 2900 2115 non
2935 2062 3033 2115 erit
3063 2072 3205 2130 apta.

2760 2197 3122 2263 SERMOIV,
3691 2255 3700 2261 υ

2145 2303 2266 2346 8W5
2305 2303 2587 2344 ADIOMTIO
2617 2303 2936 2344 NECESSABIA
2956 2303 3022 2342 DE
3056 2306 3140 2343 DIE
3162 2304 3370 2355 JUDIClI,
3395 2305 3461 2343 ετ
3489 2303 3740 2350 IALORO!

2222 2375 2408 2427 PGINK,
2449 2377 2546 2414 γΕι
2582 2376 2821 2416 BONORCM
2863 2376 3088 2424 GLORIA;
3121 2376 3184 2415 ΕΤ
3219 2375 3356 2423 QUOD
3399 2375 3563 2416 ETIAN
3601 2375 3742 2414 LAICI
3825 2356 3836 2366 '

2221 2447 2320 2484 NON
2367 2446 2581 2484 MUTATO
2629 2448 2822 2486 llAblTU
2869 2445 3075 2486 l'OSSlNT
3118 2447 3181 2484 ET
3227 2447 3430 2485 DEBENT
3481 2445 3738 2495 QUOTIDIE

2221 2516 2605 2556 ΡΕΣΝΙΤΕΝΤΙΔῊ
2644 2519 2835 2558 AGERE.

2744 2593 2822 2646 Ad
2861 2593 3154 2647 monachos.

2145 2683 2247 2748 (“Ex
2269 2699 2357 2734 ms.
2380 2684 2664 2735 Corbeiensi
2711 2682 2888 2733 litteris
2909 2683 3258 2808 Melrorngtcis
3295 2688 3412 2733 ante
3437 2695 3590 2734 annos
3607 2683 3746 2734 mille

2827 2760 2974 2796 exara
2998 2762 3042 2795 ο.

2827 2760 3042 2796 exarata.

2225 2832 2374 2900 Rogo
2403 2846 2529 2898 vos,
2581 2830 2773 2886 fratres
2817 2805 3114 2897 carissimi,
3163 2841 3219 2885 ut
3257 2831 3395 2886 sicut
3414 2805 3736 2901 frequenter

2159 2923 2437 2991 admonui,
2457 2923 2596 2978 diem
2625 2924 2814 2978 mortis
2840 2933 3038 2978 nostrae
3067 2932 3121 2978 et
3151 2924 3387 2980 terribile
3411 2939 3476 2979 ac
3492 2936 3745 2980 metuen-

2149 3018 2282 3073 dum
2307 3017 2564 3086 judicium
2591 3017 2788 3086 jugiter
2829 3016 3139 3072 Studeamus
3161 3016 3414 3086 cogitare.
3455 3016 3750 3072 Admoneo

2073 3159 2126 3182 ,η
2159 3112 2302 3166 enim
2334 3120 2672 3180 peccatorum
2707 3110 2923 3164 vulnera
2959 3110 3101 3164 nulla
3120 3109 3360 3164 invenire
3380 3118 3604 3179 possunt
3633 3109 3750 3163 uti-

2155 3204 2293 3260 liora
2326 3203 2593 3266 remedia,
2643 3217 2803 3272 quam
2835 3212 2892 3258 ut
2921 3203 3288 3272 unusquisque
3331 3201 3526 3271 cogitet
3553 3201 3750 3256 horam

2159 3295 2308 3348 illam
2334 3295 2548 3365 quando
2587 3294 2687 3348 erit
2731 3295 2798 3350 de
2837 3295 2937 3348 hoc
2983 3294 3182 3349 steculo
3230 3295 3572 3362 migraturus.
3605 3293 3751 3360 Quo-

2155 3386 2316 3440 modo
2355 3388 2497 3441 enim
2554 3395 2731 3454 potest
2768 3387 2887 3443 ﬁeri
2919 3396 2975 3441 ut
3003 3387 3178 3456 aliqua
3211 3397 3429 3457 peccata
3453 3393 3752 3456 praesumat

2154 3477 2469 3544 admittere,
2503 3478 2592 3544 qui
2633 3493 2693 3532 se
2738 3479 3022 3534 momentis
3070 3478 3295 3548 singulis
3336 3477 3508 3534 credit
3545 3477 3613 3531 de
3639 3475 3750 3531 hac

2158 3570 2278 3625 luce
2305 3569 2661 3638 migrare.Sic
2683 3570 2828 3624 enim
2855 3569 3128 3640 Scriptura
3158 3569 3287 3624 dicit
3311 3587 3323 3623 :
3353 3569 3628 3635 Memento,
3647 3567 3753 3637 ﬁli,

2147 3663 2294 3734 quod
2325 3679 2461 3716 mors
2484 3681 2585 3716 non
2616 3664 2784 3715 tardat
2829 3662 3018 3735 (Maeli.
3051 3678 3160 3727 xw,
3187 3663 3299 3731 12).
3334 3661 3398 3717 Et
3426 3660 3560 3716 illud
3588 3680 3599 3714 :
3638 3658 3754 3724 lle-

2154 3766 2324 3810 meum
2347 3756 2755 3818 nouissimorum,
2771 3767 2818 3809 et
2839 3757 3048 3827 desiste;
3069 3755 3335 3809 inimicare
3354 3753 3546 3824 (Eccli.
3566 3768 3754 3816 xxmt,

2153 3847 2233 3917 6).
2261 3846 2358 3913 Qui
2391 3846 2530 3900 enim
2561 3847 2846 3915 diligenter
2872 3845 3098 3901 attendit
3133 3859 3290 3914 quam
3319 3843 3454 3898 dura
3486 3844 3590 3898 erit
3617 3858 3720 3906 cs2

2154 3940 2378 3995 minutio
2427 3948 2552 3993 ante
2605 3938 2837 3993 tribunal
2886 3937 3120 3999 Christi,
3184 3937 3268 3992 ubi
3307 3945 3623 4004 recepturus
3669 3946 3757 3990 est

2155 4034 2524 4102 unusquisque
2542 4032 2834 4087 secundum
2860 4045 3077 4099 Operam
3100 4043 3273 4096 suam,
3299 4043 3404 4084 non
3428 4027 3476 4083 ei
3495 4036 3757 4096 poterunt

2150 4127 2370 4193 placere
2402 4131 2618 4194 peccata
2648 4123 2733 4178 vel
2759 4123 2985 4178 crimina
3017 4121 3254 4191 propria.
3281 4119 3414 4174 Cum
3447 4118 3754 4174 anteiilnm

2159 4217 2496 4272 tremendum
2516 4217 2750 4285 judicent
2767 4223 3104 4284 congregata:
3127 4212 3323 4269 fuenint
3334 4225 3522 4266 omnes
3534 4219 3752 4282 gentes,

2155 4313 2282 4383 quid
2314 4321 2436 4365 tunc
2466 4311 2577 4365 erit
2617 4311 2828 4378 injustis
2855 4318 2910 4364 et
2937 4307 3192 4362 adulteris
3231 4315 3390 4375 atque
3420 4305 3707 4374 rapacibus
3727 4303 3752 4355 ’ἱ

2154 4404 2312 4458 ﬂetus
2361 4402 2670 4467 oculorum,
2706 4402 2907 4456 stridor
2946 4399 3222 4466 dentium,
3262 4414 3384 4454 cum
3432 4407 3752 4452 sanctorum

463 4488 617 4544 valde
643 4487 915 4544 desiderat
942 4505 1151 4553 amoena
1179 4491 1401 4545 virentia
1419 4533 1434 4557 ,
1466 4493 1644 4548 nimiis
1674 4495 1879 4552 deliciis
1908 4513 2046 4567 prae-
2075 4531 2130 4591 D
2157 4494 2500 4550 multitudine
2522 4495 2587 4548 ad
2609 4494 2890 4549 dexteram
2921 4495 3062 4562 regis
3089 4491 3302 4557 aeterni,
3323 4498 3381 4546 et
3403 4489 3755 4561 gloriamse-
3844 4562 3854 4570 .

453 4581 675 4648 .peditus
709 4582 996 4648 periculum
1021 4583 1211 4638 salutis
1239 4583 1495 4638 incurrat.

452 4715 453 4719 η
537 4673 699 4741 Igitur
745 4675 1142 4730 abrenuntianti
1196 4676 1402 4745 publica
1457 4678 1770 4748 paenitentia
1812 4696 1919 4736 non
1967 4693 2050 4737 est

461 4767 798 4832 necessaria,
847 4770 969 4836 quia
996 4784 1290 4824 conversus
1327 4771 1620 4840 ingemuit.
1670 4781 1724 4827 et
1769 4787 1889 4828 cum
1941 4776 2049 4832 Deo

463 4867 727 4914 aeternum
759 4868 968 4927 pactum
999 4861 1167 4914 inivit.
1217 4862 1298 4915 Ex
1331 4861 1422 4916 illo
1454 4863 1615 4932 igitur
1659 4866 1745 4919 die
1787 4881 1893 4920 non
1939 4883 2050 4922 nte-

464 4959 742 5006 morantur
767 4951 883 5019 ejus
914 4951 1102 5006 delicta
1132 4967 1252 5021 qua:
1280 4954 1444 5022 gessit
1481 4955 1537 5008 itt
1575 4957 1797 5021 sreculo,
1847 4959 1901 5012 in
1942 4974 2050 5028 quo

463 5043 727 5098 facturum
775 5060 833 5098 se
875 5043 1133 5111 justitiam
1180 5044 1247 5098 de
1297 5045 1505 5114 reliquo
1553 5046 1864 5114 promiserit
1915 5050 2042 5104 Deo.

467 5146 491 5172 λ
519 5139 657 5205 Ergo
703 5149 822 5206 post
871 5137 1283 5206 chirographum
1321 5137 1345 5176 ι)
1383 5139 1451 5193 de
1494 5155 1599 5209 quo
1647 5154 1705 5194 se
1752 5142 2050 5196 monachus

464 5229 706 5283 debitum
734 5245 797 5284 ex
827 5238 933 5284 tota
966 5230 1070 5284 fide
1099 5231 1405 5297 promiserit
1435 5232 1682 5299 implere,
1729 5234 1828 5286 etsi
1869 5233 2052 5289 fidelis

463 5325 635 5376 {actus
668 5322 972 5391 peccaverit
1015 5324 1066 5376 in
1111 5323 1328 5386 stecnlo,
1371 5331 1497 5389 post
1527 5324 2047 5380 abrenuntiationem

465 5417 660 5470 iterum
691 5413 883 5468 factam
913 5415 1237 5468 dominicum
1277 5428 1472 5482 corpus
1513 5429 1617 5468 non
1657 5416 1862 5472 dubitet
1908 5421 2052 5474 acci-

541 5591 563 5617 υ
598 5579 732 5634 llinc
765 5584 910 5646 patet
951 5576 1334 5646 professionem
1367 5573 1672 5646 religiosam
1703 5589 1821 5632 esse
1850 5591 2045 5632 secnn-
2107 5559 2122 5571 λ’

471 5652 594 5704 dum
621 5644 904 5714 baptisma,
937 5644 1044 5717 quo
1072 5655 1258 5717 cuncta
1288 5644 1564 5717 inszeculo
1589 5647 1874 5717 commissa
1917 5663 2044 5716 pec—

462 5731 588 5844 tam
620 5720 928 5845 a‘bluuntur,
958 5714 1020 5773 id
1049 5714 1190 5787 quod
1211 5723 1266 5772 et
1298 5714 1389 5771 alii
1434 5714 1604 5771 sancti
1633 5715 1819 5773 Patres
1847 5714 2050 5774 dis—crte

546 5803 641 5845 cen
671 5826 687 5845 ο

2151 4597 2394 4660 gregata,
2440 4589 2641 4652 peccati
2671 4589 2870 4656 populo
2905 4587 2958 4640 in
2982 4585 3245 4654 prqundo
3271 4583 3460 4638 tartari
3489 4583 3610 4640 sine
3635 4581 3754 4636 ullo

2155 4683 2518 4738 miserationis
2550 4682 2654 4736 tine
2685 4690 2778 4735 aut
2829 4682 3000 4735 veniae
3028 4680 3313 4743 demerso,
3344 4676 3560 4732 excludi
3588 4690 3652 4732 se
3695 4675 3754 4729 in

2149 4776 2397 4832 tenebris
2429 4777 2540 4831 suis
2568 4791 2597 4830 a
2641 4787 2949 4830 sanctorum
2981 4774 3136 4828 beata
3170 4773 3295 4827 lucc
3325 4771 3517 4826 viderit
3539 4781 3595 4824 et
3622 4784 3756 4835 pro-

2151 4868 2328 4922 fundo
2361 4868 2550 4922 interni
2584 4869 2702 4924 sine
2731 4868 2841 4922 ﬁne
2866 4865 3226 4930 descendens,
3252 4878 3481 4934 urguere
3503 4876 3568 4918 os
3589 4876 3752 4918 suum

2153 4971 2323 5031 puteo
2351 4970 2550 5016 (eterna
2579 4960 2839 5029 supplicia
2861 4969 2924 5014 et
2953 4968 3210 5028 perpetua
3238 4965 3412 5012 morte
3437 4970 3542 5010 non
3573 4954 3750 5010 mori-

2148 5054 2526 5108 turum-.Petit
2557 5053 2762 5108 frustra
2785 5064 3091 5107 extremum
3125 5049 3312 5106 Lauri
3345 5049 3573 5118 digitum
3595 5047 3754 5118 quod

2157 5145 2360 5200 ardens
2382 5144 2756 5213 refrigeretur,
2790 5142 3070 5198 arentibus
3103 5140 3261 5197 labiis
3288 5139 3495 5210 rogavit
3530 5137 3754 5207 apponi.

2161 5239 2229 5293 Et
2258 5239 2398 5301 ideo,
2435 5240 2624 5292 fratres
2644 5237 2920 5291 carissimi
2946 5278 2958 5298 ,
3006 5235 3130 5290 dum
3177 5235 3359 5289 adhuc
3388 5233 3538 5297 licet,
3569 5231 3754 5285 censi-

2159 5329 2410 5384 deremus
2437 5328 2797 5383 conscientias
2844 5335 3086 5391 nostras,
3119 5337 3173 5382 et
3219 5327 3267 5380 si
3306 5325 3492 5395 ntiqua
3517 5322 3758 5379 crimina

2157 5422 2244 5476 vel
2265 5429 2486 5492 peccata
2505 5418 2756 5490 capitalia
2781 5419 3006 5476 necdum
3020 5419 3386 5490 elemosynis
3404 5427 3466 5472 et
3497 5414 3760 5470 oration?-

2233 5577 2260 5614 ι)
2321 5575 2534 5645 Scripta
2603 5589 2732 5644 ergo
2801 5573 3575 5645 commendabaturipactum
3629 5583 3765 5645 quo

2169 5643 2420 5724 monachi
2447 5637 2708 5724 perpetu?)
2738 5659 2796 5700 se
2828 5645 2936 5699 Deo
2959 5645 3267 5724 servituros
3299 5637 3766 5724 devovebantkid

2167 5719 2310 5844 qtllod
2333 5707 2717 5844 poﬂbgs'etiam
2756 5715 3084 5787 praescripsit
3113 5713 3170 5773 S.
3208 5712 3533 5771 Benedictus
3563 5709 3616 5765 in
3643 5707 3764 5764 'Rec

2170 5807 2238 5859 gu
2265 5807 2311 5854 a,
2349 5804 2466 5860 cap.
2571 5825 2583 5841 .
