4068 6348
338 387 445 441 877

1784 390 2162 451 SERMONES.

3503 406 3607 463 878

338 505 434 559 bus
470 509 687 573 purgata
732 502 785 559 in
822 504 978 561 nobis
1015 504 1187 561 adhuc
1210 504 1475 561 dominari
1508 517 1917 574 cognoscamus,
1949 508 2004 565 Α
2029 515 2111 560 est
2147 507 2322 562 crucis
2357 509 2512 563 titulo
2543 508 2690 565 frons
2737 519 2916 566 nostra
2946 512 3177 583 depingi,
3212 529 3279 569 ne
3310 514 3482 572 locum
3512 533 3605 573 an-

338 607 548 668 purtum
596 596 950 669 poenitentiae,
995 598 1220 659 devictis
1262 608 1602 667 peccator-tun
1639 598 1914 666 ﬂuctibus,

334 690 549 746 Christo
586 690 951 763 gubernante,
986 690 1302 753 festinemus
1343 692 1579 758 intrare,
1620 703 1673 747 et
1713 692 1756 745 si
1788 690 1917 761 quid

334 782 386 841 in
422 780 662 841 navicula
690 780 883 857 anima:
910 770 1112 837 nostrae
1144 781 1326 837 multis
1364 783 1768 852 tempestatibus
1794 796 1916 851 pec-

331 885 576 937 catorum
595 916 611 943 ,
660 881 753 929 aut
781 890 876 945 per
902 876 1199 943 avaritiam,
1224 885 1318 934 aut
1343 893 1438 947 per
1465 878 1791 947 superbiam,
1818 886 1910 932 aut

331 967 512 1039 iniqua
534 967 825 1037 cupiditate
848 977 1155 1036 corruptum
1184 984 1307 1025 esse
1333 986 1742 1041 cognoscemus,
1769 985 1916 1027 com-

322 1072 535 1128 ponere
562 1058 647 1113 vel
677 1073 931 1129 reparare
962 1060 1116 1125 bonis
1146 1061 1397 1132 operibus
1430 1063 1762 1119 festinemus.
1792 1062 1905 1117 Non

326 1150 473 1223 enim
501 1158 695 1215 nocent
722 1158 940 1223 peccata
968 1153 1237 1222 praetenta
1267 1153 1312 1209 si
1332 1154 1685 1222 conplaceo!
1714 1170 1729 1216 ;
1776 1154 1917 1208 sicut

330 1242 463 1305 nulli
484 1242 750 1311 jnstorum
791 1242 985 1301 sufﬁcit
1010 1243 1215 1313 justitia
1237 1258 1356 1313 sua,
1390 1244 1433 1303 si
1464 1258 1571 1301 non
1600 1257 1915 1313 persevera-

260 1396 263 1399 λ
330 1334 467 1393 verit
506 1346 675 1411 usque
723 1332 774 1397 in
818 1332 1103 1403 {mamma
1156 1334 1289 1397 nulli
1329 1342 1670 1403 peccatorum
1718 1349 1913 1389 nocere

322 1426 526 1501 poterit
562 1425 813 1501 iniquitas
856 1439 993 1493 sua,
1034 1427 1083 1489 si
1132 1436 1419 1496 antequam
1459 1427 1526 1483 de
1556 1441 1781 1495 corpore
1810 1426 1914 1482 isto

268 1574 273 1577 .
314 1517 591 1595 discedat,
616 1516 683 1574 ad
712 1518 1179 1590 eleemosynarum
1206 1518 1438 1577 remedia
1465 1518 1550 1575 vel
1585 1516 1913 1586 pmnitentite

326 1608 730 1675 medicamenta
770 1608 1093 1685 coniugem.
1126 1610 1234 1673 Sed
1273 1612 1399 1679 quia
1426 1610 1660 1679 quando,
1693 1610 1779 1665 vel
1808 1625 1913 1677 qua

326 1696 466 1765 hora
497 1698 564 1763 de
593 1696 695 1765 boe
724 1698 923 1763 saeculo
963 1700 1234 1769 rapiantur
1267 1701 1408 1759 scire
1453 1715 1558 1757 non
1600 1714 1909 1770 possumus,

312 1792 448 1865 sine
477 1793 581 1863 ulla
612 1792 867 1862 dilatione
895 1794 976 1849 vel
1006 1794 1207 1865 absque
1234 1810 1382 1853 mora
1407 1795 1477 1851 de
1496 1797 1711 1851 sinistra
1739 1797 1907 1867 fugia-

2023 599 2172 667 gelns
2195 601 2580 667 exterminator
2606 604 2859 659 inveniat.
2893 606 3005 661 Sub
3037 605 3136 661 hoc
3165 617 3409 679 tempore
3437 626 3604 667 excu-

2023 688 2151 743 titur
2172 688 2380 743 Pharao
2405 706 2525 745 eum
2544 694 2777 748 exercitu
2802 696 2917 764 ejus
2934 696 2988 749 in
3008 698 3140 751 mari
3160 698 3359 765 Rubro,
3378 716 3606 769 perenn-

2020 781 2162 835 tibus
2209 797 2363 837 sacro
2413 784 2463 837 in
2510 784 2655 841 fonte
2703 790 2952 857 peccatis,
3003 800 3250 862 tanquam
3302 793 3356 847 in
3395 794 3604 852 Rubras

2020 872 2258 943 Egyptii
2283 873 2669 946 demerguntur
2692 872 2894 945 undas,
2926 882 2976 935 id
3008 891 3089 937 est
3119 883 3313 939 Christi
3345 889 3603 956 sanguine

2018 976 2379 1023 consecratas.
2403 968 2513 1025 Sub
2542 970 2643 1024 hoc
2674 971 2848 1026 reditu
2878 988 2975 1043 pro
2998 982 3241 1045 tempore
3263 977 3355 1033 ﬁlii
3376 979 3602 1047 junioris

2017 1058 2107 1127 qui
2135 1060 2369 1127 perierat
2398 1068 2453 1115 et
2484 1061 2731 1117 inventus
2762 1073 2861 1128 est,
2899 1064 2949 1119 id
2979 1075 3063 1122 est
3098 1083 3195 1136 pro
3220 1070 3392 1124 salute
3421 1075 3597 1142 genti-

2018 1148 2146 1202 lium
2187 1152 2458 1221 saginatus
2510 1153 2599 1208 ille
2649 1154 2845 1209 vitulus
2888 1156 3195 1214 immolatus
3248 1169 3372 1226 est;
3422 1162 3602 1231 junior

2018 1248 2195 1294 autem
2224 1241 2367 1296 ﬁlius
2401 1257 2497 1297 nos
2528 1259 2734 1310 sumus,
2770 1248 2983 1303 seniore
3008 1249 3189 1317 fratre,
3224 1252 3272 1306 id
3298 1260 3380 1307 est
3405 1253 3601 1310 Judaeis

2019 1332 2353 1389 tardantibus
2375 1343 2428 1389 et
2455 1336 2659 1391 intrare
2684 1337 3016 1405 nolentibus,
3048 1342 3114 1395 ad
3161 1341 3470 1398 Creatorem
3503 1362 3600 1399 no-

2012 1430 2184 1477 strum
2212 1426 2533 1481 revertimur
2554 1428 2653 1483 sub
2685 1428 3021 1497 paenitudine
3054 1443 3413 1501 peccatorum.
3436 1435 3599 1491 Ever-

2014 1525 2252 1573 teramus
2281 1522 2421 1574 enim
2444 1530 2496 1574 et
2527 1522 2930 1587 perdideramus
2959 1535 3229 1592 acceptam
3262 1540 3289 1579 a
3320 1526 3601 1595 Deo'patre

2016 1618 2203 1663 nostro
2228 1610 2613 1677 substantiam;
2642 1613 2921 1668 videamus
2945 1630 3103 1684 quam
3143 1616 3515 1683 substantiam,
3547 1618 3598 1671 id

2013 1708 2098 1752 est
2134 1702 2397 1755 universae
2444 1712 2648 1757 natura:
2680 1704 2839 1758 bona.
2876 1704 2971 1759 Dei
3001 1706 3143 1759 enim
3191 1706 3490 1761 substantia
3520 1717 3601 1763 cst

2017 1803 2177 1846 omne
2206 1793 2346 1861 quod
2369 1793 2617 1859 vivimus,
2647 1795 2908 1863 sapimus,
2934 1796 3232 1865 cogitamus
3257 1812 3270 1849 :
3302 1797 3602 1853 intellectus

330 1898 454 1951 mus
490 1884 557 1947 ad
583 1884 885 1955 dexteram.
924 1884 1039 1943 Non
1064 1888 1215 1945 enim
1249 1888 1531 1947 animum
1580 1890 1906 1944 credendum
1938 1870 1988 1931 Β
2016 1889 2072 1935 et
2103 1881 2239 1939 ratio
2266 1883 2331 1937 ad
2361 1882 2742 1939 discretionem
2776 1886 2898 1941 boni
2930 1895 2982 1939 et
3019 1887 3143 1940 mali
3174 1888 3269 1942 Dei
3303 1890 3599 1944 substantia

328 1985 416 2045 est
447 2017 463 2044 ,
513 1992 619 2037 non
663 1987 876 2035 aetatem
927 1978 980 2037 in
1029 1980 1325 2037 remedium
1373 1979 1561 2036 salutis
1598 1996 1712 2036 suc
1762 1996 1908 2036 sein-

276 2130 277 2135 η
320 2084 521 2147 ματη..
573 2070 815 2137 intardus
858 2078 976 2137 est,
1018 2070 1142 2140 quia
1168 2071 1289 2127 vitae
1311 2083 1425 2129 sum
1474 2086 1638 2141 super
1676 2072 1912 2128 incertus

329 2169 460 2229 est,
528 2161 653 2233 quia
709 2161 797 2233 qni
865 2176 965 2217 nos
1026 2177 1249 2231 securus
1312 2164 1438 2221 fecit
1484 2165 1718 2221 dicendo
1785 2182 1909 2235 pec-

333 2256 500 2310 catori
530 2273 543 2305 :
576 2255 643 2309 In
696 2272 995 2325 quacunque
1043 2258 1125 2311 die
1181 2273 1445 2313 conversus
1506 2262 1689 2327 fuerit,
1741 2278 1914 2315 omnes

334 2348 624 2419 iniquitates
644 2348 783 2404 illius
810 2347 1051 2404 oblivioni
1079 2350 1342 2406 tradentur
1364 2351 1910 2423 (Ezech.xxxut,12);

335 2444 450 2511 ipse
480 2444 638 2499 etiam
670 2459 767 2498 nos
791 2456 976 2499 cautos
1000 2446 1164 2500 voluit
1191 2460 1311 2500 esse
1340 2447 1524 2501 dicens
1551 2464 1563 2499 :
1599 2446 1778 2501 Nolite
1808 2457 1915 2499 tar-

335 2535 462 2587 dare
481 2536 698 2588 converti
725 2534 792 2587 ad
819 2534 1117 2602 Dominum,
1145 2552 1206 2589 ne
1229 2534 1483 2601 differatis
1510 2536 1572 2590 de
1598 2536 1679 2589 die
1705 2538 1756 2588 in
1782 2536 1914 2589 diem

332 2625 527 2698 (Ereti.
556 2642 609 2693 v,
644 2628 722 2696 8).
748 2627 854 2683 Sed
886 2627 1023 2684 forte
1053 2628 1266 2697 quando
1289 2629 1614 2698 generaliter
1635 2644 1823 2684 omnes
1848 2629 1915 2682 ad

330 2716 707 2786 pwnitentiam
760 2732 1143 2788 provocamur,
1198 2718 1390 2789 aliquis
1428 2720 1568 2774 intra
1614 2733 1672 2774 se
1717 2720 1915 2788 cogitat

336 2806 523 2869 dicens
548 2825 559 2861 :
595 2807 707 2879 Ego
725 2807 933 2879 juvenis
959 2808 1119 2865 homo
1147 2824 1367 2869 uxorem
1392 2810 1615 2875 habens,
1643 2809 1915 2879 quomodo

324 2914 561 2973 possum
594 2902 929 2972 autcapillos
968 2904 1241 2970 minuere,
1271 2913 1363 2960 aut
1383 2903 1621 2959 habitum
1644 2904 1917 2974 religionis

294 3056 301 3059 Α
337 2994 651 3065 assumere?
672 2992 781 3049 Nec
798 3009 897 3049 nos
918 2998 1019 3048 boc
1030 2995 1279 3060 dicimus,
1295 2996 1493 3051 fratres
1506 2995 1794 3061 carissimi,
1811 3010 1915 3050 non

294 3148 299 3153 ,
338 3082 447 3141 hoc
468 3085 845 3157 praedicamus,
871 3096 929 3143 ut
946 3086 1171 3154 juvenes
1187 3088 1279 3157 qui
1302 3088 1549 3156 conjugia
1580 3087 1916 3143 rationabilia

336 3174 545 3241 habere
565 3175 834 3246 videntur,
858 3176 1098 3234 habitum
1118 3178 1287 3248 magis
1307 3193 1468 3248 quam
1488 3192 1665 3234 mores
1690 3178 1919 3235 debeant

2014 1983 2134 2037 est;
2172 1974 2330 2027 etiam
2363 1974 2578 2030 libertas
2620 1978 2825 2031 arbitrii
2871 1994 3031 2047 quam
3075 1995 3486 2047 acceperamus,
3519 1983 3600 2037 vel

2014 2066 2082 2119 ad
2103 2066 2418 2121 declinanda
2445 2069 2811 2125 blandimenta
2833 2075 3059 2141 peccati,
3079 2076 3162 2129 vel
3185 2075 3250 2129 ad
3274 2077 3598 2131 incitandum

2016 2157 2196 2212 liberae
2227 2161 2514 2214 voluntatis
2539 2162 2785 2217 aii'eetum
2810 2165 2861 2217 in
2891 2168 3124 2220 auctoris
3146 2168 3483 2236 obsequium,
3510 2170 3599 2224 vel

2016 2251 2081 2304 ad
2102 2250 2509 2306 custodiendam
2533 2253 2819 2322 imaginem
2842 2265 2895 2310 et
2918 2258 3323 2313 similitudinem
3355 2259 3470 2313 Dei.
3496 2260 3602 2315 Has

2014 2355 2145 2411 ergo
2172 2342 2322 2397 datas
2355 2346 2508 2399 nobis
2531 2354 2585 2400 et
2609 2348 2753 2401 intus
2792 2348 3021 2405 insertas
3049 2366 3077 2404 a
3106 2351 3362 2408 Creatore
3392 2352 3602 2410 divitias

2019 2432 2073 2486 in
2119 2448 2313 2502 pravos
2346 2436 2794 2492 transtuleramus
2825 2453 2986 2503 usus,
3020 2448 3075 2495 et
3102 2455 3603 2511 consumpseratnus

2017 2527 2070 2580 in
2099 2527 2358 2581 exercitia
2381 2528 2656 2595 vitiorum,
2680 2530 2938 2586 derelicto
2965 2532 3108 2587 fonte
3142 2534 3416 2601 virtutum,
3449 2549 3605 2605 pere-

1980 2636 1985 2641 ~
2014 2631 2111 2685 gre
2142 2624 2196 2670 et
2226 2618 2383 2671 nimis
2411 2620 2568 2688 longe
2600 2634 2630 2673 a
2660 2630 2812 2691 patre
2840 2622 3101 2691 profecti,
3151 2640 3259 2679 non
3291 2626 3421 2681 locis
3448 2626 3514 2680 ab
3542 2643 3606 2683 eo

2018 2714 2074 2761 et
2103 2707 2436 2774 regionibus,
2470 2710 2565 2763 sed
2596 2712 2849 2766 cordibus
2880 2724 2930 2767 et
2962 2713 3216 2784 operibus
3243 2713 3597 2771 discedentes.

2016 2796 2119 2863 Qui
2142 2799 2286 2853 enim
2313 2790 2553 2869 sequitur
2581 2805 2825 2872 proprias
2848 2806 3175 2872 voluntates,
3202 2817 3257 2863 et
3287 2823 3384 2877 per
3406 2807 3607 2877 passio-

2021 2905 2118 2945 nes
2147 2905 2270 2945 suas
2292 2893 2526 2959 rapitur,
2549 2909 2577 2947 a
2604 2894 2713 2949 Deo
2749 2897 2898 2950 exsul
2928 2897 3195 2962 efficitur;
3229 2896 3295 2951 ad
3325 2912 3482 2967 quem
3513 2910 3606 2952 su-

2021 2992 2201 3051 scepta
2242 2994 2579 3053 peccatorum
2618 2989 2891 3057 agnitione
2941 2990 3291 3044 redeuntibus
3334 2991 3508 3058 nobis,
3554 3000 3609 3046 et

2022 3074 2236 3145 quidem
2264 3076 2611 3134 redeuntibus
2636 3095 2743 3135 non
2775 3082 2965 3150 gressu
2995 3081 3257 3150 corporis,
3284 3081 3376 3137 sed
3410 3082 3609 3137 mentis

2023 3168 2249 3239 atl'eetu,
2281 3186 2401 3226 cum
2432 3171 2691 3228 immensa
2731 3174 3101 3229 misericordia
3127 3216 3141 3241 ,
3176 3186 3296 3230 cum
3350 3174 3607 3231 ineffabili
3666 3186 3673 3189 ‘

328 3238 699 3335 cornmntare.
737 3232 875 3336 Quid
917 3271 1061 3327 enim
1092 3232 1294 3327 nomini
1314 3232 1543 3327 juxorem
1572 3272 1791 3328 habenti
1828 3289 1925 3328 ηο.
1947 3232 1995 3297 c
2028 3261 2206 3317 laetitia
2230 3272 2284 3317 et
2309 3263 2676 3319 consolatione
2696 3264 2909 3319 obviam
2935 3266 3116 3331 venit;
3142 3266 3301 3320 intrat
3324 3266 3457 3321 festa
3485 3280 3613 3320 con-

341 3367 465 3435 eet,
495 3357 543 3414 si
575 3372 750 3413 mores
778 3359 1015 3428 perditos
1057 3360 1287 3421 noluerit
1316 3360 1540 3430 habere,
1570 3373 1625 3417 et
1648 3366 1714 3418 ad
1760 3378 1924 3433 opera

340 3447 489 3513 bona
518 3449 605 3504 vel
635 3447 859 3505 honesta
884 3460 1230 3519 convertere,
1262 3453 1307 3508 si
1338 3463 1678 3520 peccatorum
1705 3470 1924 3512 suorum

345 3538 572 3613 vulnera
590 3540 950 3610 eleemosynis
970 3552 1029 3597 et
1051 3544 1385 3600 orationibus
1413 3547 1482 3600 ad
1507 3547 1791 3603 sanitatem
1820 3550 1930 3619 pri-

342 3632 543 3695 stinam
578 3634 873 3697 revocare?
929 3633 1066 3690 Vera
1102 3635 1245 3691 enim
1285 3640 1567 3695 conversio
1609 3640 1728 3695 sine
1770 3642 1932 3696 vesti-

350 3735 655 3791 mentorum
700 3728 1123 3785 commutatione
1166 3729 1365 3785 suftieit
1410 3732 1560 3786 sibi:
1606 3734 1930 3787 vestimenta

354 3834 484 3885 vero
522 3820 769 3890 religiosa
805 3821 923 3878 sine
943 3821 1099 3877 bonis
1139 3824 1391 3891 operibus
1424 3839 1528 3878 non
1553 3825 1727 3879 solum
1757 3841 1933 3880 reme-

350 3911 501 3980 dium
531 3912 728 3975 habere
756 3927 860 3970 non
886 3923 1160 3983 poterunt,
1184 3914 1279 3969 sed
1302 3915 1463 3970 etiam
1487 3916 1688 3984 justum
1726 3917 1821 3970 Dei
1848 3918 1934 3985 ju-

349 4002 559 4069 dicium
595 4005 957 4062 sustinebunt.
989 4004 1377 4061 Convertamur
1426 4021 1555 4075 ergo
1603 4009 1669 4060 ad
1711 4008 1933 4061 meliora

350 4094 483 4155 dum
534 4096 590 4152 in
634 4106 820 4161 nostra
865 4105 989 4151 sunt
1018 4104 1285 4165 potestate
1312 4097 1572 4152 remedia.
1600 4096 1702 4152 Hic
1726 4097 1932 4151 exstin—

356 4200 583 4263 guimus
622 4197 846 4251 mortem
874 4186 1152 4244 moriendo
1195 4189 1448 4257 peccatis.
1483 4188 1579 4243 ilic
1618 4188 1783 4242 vitam
1813 4189 1937 4244 vitae

358 4280 566 4337 meritis
628 4294 1002 4353 comparemus
1034 4322 1049 4347 ,
1120 4290 1407 4349 praestante
1461 4281 1692 4337 Domino
1753 4290 1938 4337 nostro

362 4372 490 4435 Iesu
529 4371 775 4438 Christo,
813 4373 905 4443 qui
944 4372 1072 4435 vivit
1102 4382 1156 4429 et
1197 4385 1386 4443 regnat
1410 4374 1464 4429 in
1490 4374 1690 4430 secula
1716 4374 1941 4430 saaculo-

358 4481 503 4535 rum.
536 4468 725 4529 Arnen.
863 4521 865 4525 ,

956 4559 1189 4617 SERMO
1232 4559 1270 4614 Υ
1303 4568 1349 4612 ⁸.

578 4648 681 4701 .Ad
720 4649 1011 4702 monachos.
1042 4648 1111 4703 1n
1143 4650 1225 4703 die
1255 4660 1431 4703 sancto
1454 4650 1691 4707 Pascha.

616 4806 619 4809 _
860 4737 955 4799 (Ex
986 4750 1076 4787 ms.
1102 4737 1449 4799 Morbacensi.)

440 4828 495 4885 1.
524 4824 838 4895 Opportune
862 4834 925 4881 et
957 4838 1193 4894 congrue
1230 4827 1332 4881 sub
1355 4829 1444 4883 die
1474 4830 1665 4899 insigni
1680 4831 1943 4887 solemni-

252 4901 271 4917 ’
364 4920 491 4991 tatis
526 4916 805 4981 hominum
837 4915 894 4971 in
922 4930 1055 4971 voce
1082 4916 1455 4972 exsultationis
1498 4920 1860 4989 assurgimus,
1892 4933 1946 4977 et

352 5024 487 5081 eum
500 5008 762 5080 Apostolo
780 5006 1010 5067 dicimus
1032 5022 1046 5060 :
1074 5005 1203 5061 Ecce
1224 5023 1357 5061 nunc
1376 5008 1488 5061 dies
1507 5009 1690 5063 salutis
1716 5010 1799 5081 (ll
1820 5011 1945 5066 Cor.

366 5102 466 5173 vi).
496 5099 669 5165 Hodie
692 5099 989 5159 interfusus
1017 5098 1306 5169 :Egyptiis,
1324 5099 1405 5171 de
1432 5100 1540 5155 into
1566 5116 1631 5156 ac
1652 5102 1823 5170 paleis
1852 5103 1947 5159 Dei

358 5182 617 5265 multis.
638 5192 694 5259 id
719 5200 805 5251 est
831 5192 899 5249 de
927 5192 1202 5253 vilissimis
1230 5207 1295 5249 ac
1325 5193 1655 5249 inanissimis
1672 5196 1947 5263 cperibus,

360 5287 648 5353 liberatur.
679 5282 853 5341 Hodie
877 5285 1059 5355 Agnus
1099 5285 1189 5340 ille
1217 5284 1307 5354 qui
1350 5284 1485 5339 tollit
1520 5294 1736 5353 peccata
1767 5287 1948 5341 mundi

360 5378 433 5437 iu
449 5377 826 5447 redemptione
852 5377 1099 5437 humana:
1115 5378 1303 5433 salutis
1328 5377 1551 5434 oﬁertur
1573 5396 1587 5442 ;
1611 5379 1828 5457 quando
1852 5395 1952 5448 po-

368 5476 483 5533 stes
513 5469 797 5529 domorum
840 5468 1103 5536 sanguine
1142 5468 1287 5523 illius
1332 5468 1588 5538 iubentur
1625 5470 1869 5538 inscribi,
1898 5472 1950 5526 id

446 5630 471 5657 ι
502 5594 656 5675 llunc
681 5629 734 5673 et
762 5627 1071 5687 sequentem
1109 5622 1411 5687 sermonem
1458 5631 1644 5687 rogatu
1684 5640 1809 5685 meo
1853 5624 1950 5680 de-

380 5691 588 5758 scripsit
616 5680 857 5760 eruditus
877 5680 1209 5760 Virdomnus
1227 5680 1497 5760 Remigius
1520 5680 1709 5746 scitior
1733 5710 1796 5748 ex
1825 5710 1952 5750 con-

366 5756 684 5832 gregatione
712 5759 769 5815 S.
788 5756 997 5832 Yitgoi,
1026 5771 1091 5832 es
1114 5767 1325 5832 vetusto
1362 5756 1549 5832 e'odice
1587 5762 1949 5817 Murbncensis

381 5826 717 5896 itoiasterii,
746 5828 835 5884 ubi
881 5826 1089 5883 Eusebii
1132 5826 1461 5884 Casart'emis
1500 5832 1720 5899 episcopi
1751 5849 1950 5890 nontcn

2028 3357 2185 3423 vivii;
2217 3358 2433 3413 ordinat
2460 3358 2657 3414 choros
2679 3368 2839 3428 atque
2861 3358 3299 3430 symphonias,id
3330 3368 3415 3414 est
3439 3359 3613 3413 exsul-

2030 3453 2264 3508 taliones
2290 3452 2591 3508 caelestium
2619 3454 2957 3523 gaudiorum,
3005 3452 3201 3522 quibus
3238 3452 3413 3521 angeli
3438 3454 3615 3507 exsul-

2030 3552 2148 3598 tant
2178 3546 2229 3597 in
2247 3544 2401 3598 caelis
2430 3559 2594 3613 super
2613 3558 2720 3597 uno
2748 3552 3028 3613 peccatore
3058 3542 3427 3612 paenitentiam
3454 3557 3615 3611 agen-

2033 3642 2108 3687 te.
2136 3634 2504 3689 Redenntibus
2536 3637 2712 3703 itaque
2750 3634 2903 3687 nobis
2932 3634 2999 3687 ad
3030 3634 3479 3699 emendationem,
3513 3632 3615 3687 boc

2032 3723 2337 3777 convivimn
2374 3719 2612 3792 quotidie
2644 3724 2948 3777 celebratur
2976 3739 2991 3783 ς
3036 3726 3273 3792 quotidie
3300 3735 3451 3794 pater
3478 3724 3615 3779 ﬁlios

2035 3814 2248 3880 recipit,
2273 3827 2487 3879 semper
2518 3813 2764 3867 Christus
2802 3813 3147 3868 credentibus
3170 3815 3490 3867 immolatur.
3522 3814 3617 3867 llic

2035 3913 2120 3959 est
2145 3918 2274 3972 ergo
2303 3904 2393 3957 ille
2416 3904 2610 3957 vitulus
2639 3904 2911 3973 saginatus
2940 3919 3101 3972 quem
3133 3905 3186 3958 in
3214 3905 3396 3959 Veteri
3422 3904 3616 3959 Testa-

2028 4010 2219 4055 mento
2258 4000 2512 4055 docemur
2539 3999 2731 4055 offerre
2761 4019 2771 4051 :
2805 3999 3004 4052 vitulus
3043 4008 3099 4053 et
3138 4000 3331 4065 bubus,
3364 4000 3415 4053 id
3442 4009 3524 4054 est
3553 4014 3618 4053 ex

2038 4092 2463 4161 patriarcharum
2504 4103 2557 4148 et
2604 4089 3006 4173 prophetarum,
3040 4107 3107 4146 ex
3147 4092 3375 4147 Abrahae
3416 4091 3622 4147 semine

2040 4184 2413 4241 descendens:
2460 4188 2729 4241 masculus
2770 4184 3186 4251 immaculatus;
3230 4185 3529 4252 masculus,
3571 4185 3621 4239 id

2040 4290 2121 4336 est
2151 4288 2336 4335 contra
2374 4294 2535 4334 omne
2567 4289 2842 4347 peceatum
2873 4278 3128 4332 robustus
3154 4286 3209 4332 et
3237 4277 3473 4333 validus:
3504 4292 3623 4331 ma—

2040 4370 2231 4426 sculini
2264 4371 2407 4425 enim
2438 4382 2491 4425 et
2534 4370 2705 4424 virilis
2749 4370 2915 4423 animi
2966 4376 3050 4423 est
3093 4368 3376 4423 illecebras
3418 4370 3626 4438 rupisse

2042 4462 2285 4531 peccati,
2331 4460 2471 4515 sicut
2512 4460 2759 4515 feminea:
2808 4458 3110 4529 fragilitatis
3149 4458 3357 4529 ignavia
3398 4468 3481 4515 est
3511 4458 3628 4513 vitii

2046 4553 2345 4621 suscepisse
2370 4552 2669 4607 lasciviam.
2702 4550 2859 4606 Unde
2883 4560 2938 4605 et
2967 4550 3059 4605 ille
3082 4560 3266 4621 typum
3295 4564 3489 4620 gerens
3512 4548 3627 4607 dia-

2048 4645 2157 4701 boli
2186 4642 2398 4700 Pharao
2419 4659 2669 4715 premens
2696 4642 2951 4712 populum
2978 4641 3097 4704 Dei,
3124 4642 3371 4697 inimicus
3398 4642 3628 4712 spiritui,

2051 4740 2253 4793 amicus
2282 4739 2455 4804 carni,
2486 4734 2831 4793 fortitudines
2870 4732 3221 4804 praefocabat,
3247 4735 3630 4809 concupiscen-

2051 4831 2154 4884 tias
2184 4830 2473 4883 nutriebat.

2121 4922 2177 4974 2.
2204 4921 2447 4975 Mortuus
2486 4928 2569 4975 est
2604 4934 2732 4989 ergo
2784 4915 3029 4975 Christus
3069 4929 3287 4991 propter
3328 4918 3634 4988 iniquitates

2056 5022 2268 5066 nostras
2288 5051 2301 5073 ,
2346 5021 2399 5065 et
2438 5010 2575 5066 sicut
2616 5012 2731 5065 ovis
2761 5017 2827 5065 ad
2859 5012 3180 5067 occisionem
3208 5012 3399 5066 ductus
3426 5019 3509 5063 est
3538 5026 3551 5073 ;
3588 5020 3636 5063 et

2054 5108 2185 5158 sicut
2214 5118 2374 5174 agnus
2406 5119 2578 5156 coram
2600 5104 2837 5157 tondente
2859 5120 2939 5168 se,
2965 5106 3037 5157 sic
3063 5120 3165 5156 non
3189 5102 3386 5171 aperuit
3416 5117 3471 5154 os
3492 5116 3639 5153 suum

2057 5194 2212 5262 (lsai.
2243 5211 2356 5260 Llll,
2393 5194 2469 5264 7).
2507 5194 2603 5248 Hic
2644 5204 2725 5248 est
2756 5195 2845 5249 ille
2873 5210 3041 5265 agnus
3072 5210 3230 5264 quem
3268 5193 3321 5247 in
3350 5209 3451 5247 una
3484 5195 3640 5245 domu

2058 5287 2348 5341 comedere
2388 5300 2453 5338 ex
2483 5286 2598 5353 lege
2623 5286 2987 5353 pra-cipimur,
3016 5286 3303 5339 succinctis
3330 5284 3525 5339 lumbis
3554 5297 3642 5335 no-

2052 5381 2207 5434 stris.
2240 5379 2535 5433 Comedere
2566 5388 2742 5432 autem
2770 5388 2929 5447 caput
2952 5393 3071 5433 curn
3096 5378 3320 5448 pedibus
3342 5378 3464 5445 quid
3492 5384 3571 5429 est
3594 5376 3643 5427 in

2063 5486 2168 5526 una
2196 5471 2393 5526 domo?
2416 5470 2471 5525 id
2503 5478 2584 5526 est
2611 5471 2663 5525 in
2686 5471 2943 5526 Ecclesia:
2972 5470 3177 5525 unitate
3199 5484 3390 5524 carnes
3416 5467 3532 5533 ejus
3564 5464 3643 5542 ju-

2062 5626 2303 5693 praii'ert,
2326 5640 2446 5678 cum
2469 5625 2590 5678 aliis
2613 5626 2975 5690 sermonibus,
3001 5638 3119 5691 qua:
3134 5602 3644 5693 iEusebioilfJnriseno

2066 5691 2228 5763 vulgo
2256 5696 2587 5759 tribuuntur,
2622 5711 2755 5763 quos
2772 5696 2873 5749 viri
2903 5694 3099 5751 eruditi
3128 5692 3330 5748 Fausto
3364 5691 3647 5760 libegieusi

2064 5768 2321 5835 episcopo
2349 5768 2657 5821 restituunt.
2677 5814 2686 5825 .

2454 5948 2477 5979 ξ
2492 5954 2507 5979 ἶ
2520 5958 2575 5979 ‘Nr:
2600 5963 2626 5976 1-
