4068 6348
489 286 594 358 sia

1708 285 1768 340 s.
1808 280 2053 340 FAUSTI
2091 261 2497 338 RHEGIENSIS

3655 266 3761 336 880

487 422 680 477 bemur
700 425 992 472 assumere.
1018 407 1199 467 Ariani
1221 419 1348 476 ergo
1369 410 1423 461 et
1445 404 1670 460 diversa:
1693 402 2066 457 haereticorum
2094 396 2150 458 Δ
2172 407 2302 469 gunt
2330 407 2538 454 acetum
2585 397 2825 467 malitiae,
2856 394 2981 468 quia
3006 397 3188 453 Vinum
3217 393 3519 477 sapientiae,
3561 393 3703 462 quod
3733 409 3762 447 a

489 509 867 581 perversitates
915 515 1020 557 non
1063 501 1115 554 in
1150 513 1252 552 una
1285 497 1434 551 illum
1464 494 1752 550 comedunt
1779 493 1939 547 domo
1968 508 1982 555 ;
2015 499 2068 545 et

491 604 612 658 ideo
650 599 783 654 sicut
811 599 861 650 in
897 593 1093 648 diluvio
1125 605 1229 644 non
1261 589 1496 644 salvatus
1531 595 1614 641 est
1655 587 1754 640 nisi
1801 585 1890 653 qui
1929 584 2066 636 intra

490 707 666 746 arcam
700 689 808 743 Noe
840 686 932 740 fuit
965 685 1215 737 inventus
1237 725 1250 749 ,
1298 681 1369 734 ita
1401 680 1628 734 diversae
1667 677 1788 731 ﬁdei
1822 675 2067 729 homines

489 787 534 838 si
567 792 717 836 extra
753 778 968 832 domum
1001 774 1254 829 Ecclesiae
1286 781 1428 835 sunt,
1460 785 1566 824 non
1611 768 1809 823 habent
1855 770 2068 836 Agnunt

489 875 580 944 qui
617 871 859 925 Christus
894 876 994 922 est.
1027 865 1180 932 Quod
1220 862 1545 931 vero.ltujus
1592 861 1714 930 agni
1742 867 1899 926 caput
1946 873 2067 912 cum

491 965 720 1034 pedibus
736 961 1020 1016 comedere
1044 972 1140 1012 nos
1152 955 1348 1009 debere
1370 954 1645 1022 Scriptura
1662 958 2067 1014 commemorat,

492 1059 597 1110 hoc
627 1065 708 1108 est
738 1063 796 1106 ut
824 1054 988 1106 Deum
1020 1059 1074 1103 et
1105 1047 1374 1102 hominem
1405 1047 1514 1114 pari
1543 1044 1881 1098 confessione
1911 1055 2071 1095 vene-

493 1162 699 1201 remur.
727 1143 898 1210 Caput
929 1157 1056 1209 ergo
1087 1139 1286 1202 divina,
1321 1136 1481 1205 pedes
1511 1135 1738 1188 humana
1772 1131 2067 1185 substantia

490 1249 595 1291 est.
622 1235 794 1302 Caput
821 1231 1143 1299 accipiamus
1165 1228 1229 1281 de
1252 1244 1318 1284 eo
1347 1226 1488 1295 quod
1521 1225 1648 1278 dicit
1687 1223 1873 1277 beatus
1899 1221 2068 1275 Joan-

492 1341 622 1381 nes:
659 1324 722 1377 In
766 1323 1019 1391 principio
1046 1330 1152 1374 erat
1186 1317 1400 1371 Verbum
1433 1317 1609 1387 (Joau.
1647 1315 1720 1383 1);
1758 1314 1919 1383 pedes
1942 1326 2070 1367 vero

495 1418 563 1470 de
594 1432 698 1486 quo
726 1416 921 1468 Paulus
949 1411 1221 1481 apostolus
1253 1408 1438 1462 scribit
1469 1425 1479 1457 :
1516 1407 1855 1472 Semetipsum
1887 1404 2071 1457 exina-

495 1513 640 1575 nivit,
665 1512 880 1578 fortnam
896 1507 1020 1559 servi
1038 1505 1308 1574 accipiens,
1329 1504 1378 1553 in
1403 1497 1785 1553 similitudinem
1811 1497 2072 1549 hominum

496 1607 682 1672 factus,
713 1611 758 1652 et
787 1600 962 1650 habitu
1000 1599 1228 1648 iuventus
1253 1603 1326 1646 est
1355 1603 1405 1644 ut
1434 1592 1584 1644 homo
1621 1589 1847 1659 (Philip.
1885 1604 1950 1656 tt,
1985 1587 2068 1656 7);

493 1705 579 1762 ct,
622 1695 808 1746 Factus
845 1709 906 1745 ex
948 1691 1184 1752 muliere,
1229 1689 1393 1756 factus
1433 1687 1522 1738 sub
1566 1685 1671 1754 lege
1711 1681 1851 1752 (Gal.
1884 1697 1957 1746 tv,
1991 1681 2071 1749 4).

2170 489 2382 544 Christo
2430 498 2764 558 acceperant,
2809 485 3081 559 peccando
3125 473 3490 558 perdiderant.
3544 483 3762 539 Potatur

2172 582 2460 637 acerbitate
2489 582 2748 636 malorum
2785 591 3113 646 nostrorum,
3154 581 3378 635 daturus
3417 578 3761 634 dulcedinem

2171 671 2431 727 bonorum
2461 688 2704 728 suorum.
2744 673 2848 729 Sed
2880 682 2934 728 et
2963 687 3104 728 nunc
3133 671 3373 742 quotidie
3400 670 3614 741 quando
3644 686 3764 740 pec-

2173 765 2308 818 catis
2349 766 2698 818 contristatur
2728 773 2782 818 et
2825 764 3205 829 exacerbatur,
3255 772 3465 819 acetum
3495 761 3764 830 quoddam

2174 855 2247 910 illi
2269 865 2421 924 potus
2457 867 2510 911 et
2538 857 2687 910 cibus
2717 855 2852 911 fellis
2882 856 3162 926 ingeritur.
3185 853 3376 909 Velum
3407 853 3590 926 templi
3624 854 3766 907 scin-

2173 946 2344 1013 ditur;
2379 949 2551 1003 velum
2580 958 2952 1003 ornamentum
2978 946 3265 1001 habitaculi
3293 953 3394 1002 est.
3427 945 3762 999 Coruscante

2175 1039 2335 1110 igitur
2365 1041 2559 1110 gratia,
2597 1041 2834 1096 Ecclesia
2882 1039 3197 1106 atdiﬁcatur,
3227 1038 3507 1110 Synagoga
3532 1037 3764 1092 destrui-

2176 1141 2259 1187 tur
2284 1177 2297 1199 ,
2319 1132 2419 1187 veli
2461 1133 2714 1202 templum
2746 1132 2950 1187 honore
2997 1131 3262 1196 nudatur,
3300 1138 3507 1185 remoto
3547 1144 3643 1199 per
3673 1129 3768 1183 ad-

2174 1232 2388 1277 ventum
2435 1222 2628 1278 Christi
2666 1223 2926 1278 velamine
2976 1222 3202 1288 litterae;
3235 1229 3294 1276 ut
3335 1236 3456 1276 cum
3504 1219 3764 1290 Apostolo

2177 1314 2411 1368 revelata
2441 1314 2575 1368 facie
2603 1314 2736 1382 legis
2775 1314 3027 1369 interiora
3053 1313 3372 1383 pandantur.
3403 1311 3558 1380 Quod
3587 1321 3765 1368 autem

2175 1418 2518 1461 monumenta
2549 1408 2882 1476 aperiuntur,
2909 1406 3097 1461 mortis
3140 1407 3374 1461 claustra
3424 1413 3760 1472 reseruntur,

2176 1509 2460 1568 resurgunt
2486 1500 2659 1553 laxata
2689 1499 2816 1555 sede
2873 1507 3099 1554 tartarea
3139 1512 3260 1553 cum
3289 1496 3504 1553 Christo
3547 1497 3718 1551 sancti
3753 1514 3764 1550 :

2178 1597 2232 1645 et
2256 1605 2414 1658 quem
2444 1589 2623 1659 superi
2652 1604 2758 1644 non
2795 1588 3086 1658 recipiunt,
3127 1586 3283 1642 inferi
3331 1587 3497 1642 Deum
3529 1600 3648 1642 esse
3678 1599 3768 1639 co-

2178 1688 2460 1748 gnoscunt.
2491 1678 2641 1734 Unde
2674 1694 2773 1734 nos
2799 1686 3154 1749 agnoscentes
3181 1693 3309 1749 erga
3341 1693 3437 1733 nos
3459 1677 3766 1732 divinorum

495 1785 743 1853 Oportuit
772 1799 898 1852 ergo
932 1794 988 1835 ut
1019 1778 1316 1848 hujusmodi
1348 1777 1469 1845 agni
1503 1775 1756 1853 carnibus
1785 1772 2072 1826 succinctis
2104 1767 2152 1826 B
2179 1773 2559 1829 beneﬁciorum
2605 1775 2710 1827 alta
2764 1774 3041 1844 mysteria,
3100 1771 3520 1841 respondeamus
3565 1772 3618 1824 in
3661 1787 3765 1841 quo

495 1852 729 1938 lumbis,
783 1875 836 1928 id
878 1883 961 1927 est
1006 1870 1339 1924 ntortiﬁcatis
1368 1852 1670 1920 carnalibus
1716 1865 2070 1933 passionibus,

499 1986 620 2028 cum
670 1980 876 2020 summa
916 1962 1092 2016 cordis
1136 1969 1188 2014 ct
1229 1957 1468 2026 corporis
1501 1955 1728 2025 puritate
1777 1968 2071 2008 vescamur.

496 2062 669 2129 Caput
691 2072 810 2113 cum
841 2055 1083 2124 pedibus,
1115 2051 1163 2104 id
1185 2059 1267 2104 est
1288 2065 1351 2102 cx
1379 2049 1485 2102 Deo
1509 2047 1744 2115 genitum
1769 2045 2071 2113 credamus,

498 2163 554 2208 et
593 2167 656 2206 ex
689 2149 904 2202 homine
957 2152 1314 2216 procreatum.
1365 2141 1515 2208 Quod
1549 2151 1725 2192 autem
1757 2139 1865 2192 dixi
1887 2179 1900 2202 ,
1929 2146 1983 2191 et
2009 2152 2074 2191 ex

495 2244 610 2298 Deo
645 2242 904 2312 genitum,
939 2238 1074 2292 forte
1109 2235 1213 2290 sint
1247 2235 1408 2302 aliqui
1441 2233 1506 2286 de
1534 2233 1707 2286 minus
1735 2230 1957 2284 eruditis
1985 2228 2076 2298 qui

495 2337 679 2392 dicant
701 2336 752 2388 in
774 2332 935 2388 corde
963 2346 1059 2385 suo
1083 2348 1094 2381 :
1114 2327 1392 2396 Quomodo
1411 2326 1552 2379 Deus
1577 2324 1740 2378 ﬁlium
1758 2322 1978 2392 genuit?
1994 2319 2076 2374 Nil

493 2427 583 2481 hic
603 2439 921 2492 corporeum
950 2422 1267 2490 cogitemus.
1292 2417 1426 2483 Quid
1460 2415 1713 2469 estcuim
1746 2415 1884 2466 Deus
1912 2411 2075 2464 Deum

495 2518 702 2588 genuit,
735 2514 835 2568 nisi
871 2513 937 2566 de
968 2512 1088 2579 igne
1119 2509 1255 2578 ignis
1290 2506 1553 2575 apparuil,
1587 2506 1673 2558 lux
1711 2505 1775 2557 de
1807 2505 1925 2557 luce
1956 2515 2076 2570 pro-

495 2607 696 2662 cessit?
728 2605 867 2674 Ergo
895 2611 1109 2670 prepter
1153 2599 1361 2666 aliquos
1388 2597 1475 2665 qui
1508 2594 1641 2648 tardi
1674 2602 1796 2646 sunt
1827 2592 1891 2645 ad
1921 2590 2076 2644 intel-

496 2697 794 2769 ligendum,
836 2696 1066 2763 aliquam
1105 2690 1338 2760 speciem
1367 2690 1474 2757 jam
1507 2688 1589 2742 vel
1617 2686 2071 2755 comparationem

498 2791 568 2846 de
597 2789 822 2844 terrenis
852 2801 914 2840 ac
948 2784 1242 2839 visibilibus
1284 2795 1637 2834 assumamus.
1672 2778 1828 2832 Verbi
1884 2777 2071 2846 gratia,

495 2884 543 2939 si
576 2884 780 2951 lampas
805 2877 1128 2933 accendatur
1150 2891 1213 2929 ex
1239 2873 1507 2942 lampade,
1536 2873 1579 2926 si
1609 2887 1710 2924 una
1740 2871 2074 2923 illuminetur

495 2993 563 3032 ex
590 2975 715 3039 alia,
763 2985 940 3026 nonne
986 2969 1080 3022 tibi
1124 2968 1336 3022 videtur
1379 2965 1644 3019 ﬂammam
1681 2961 2074 3032 quodammodo

494 3070 709 3122 ﬂamma
733 3065 1029 3135 parturiens
1046 3060 1384 3131 Splendorcm
1404 3059 1468 3111 de
1491 3055 1775 3125 Splendore
1797 3051 2074 3124 genuisse?

2179 1881 2461 1937 possumus
2513 1866 2893 1922 misericordire
2963 1865 3372 1934 redemptoris:
3425 1863 3616 1918 demus
3690 1863 3764 1918 illi

2178 1961 2637 2030 compunctionem
2665 1960 2731 2015 de
2763 1967 3099 2028 peccatorum
3130 1956 3507 2030 emendatione
3535 1971 3637 2026 pro
3654 1958 3764 2026 spi-

2179 2052 2262 2105 nis
2305 2051 2451 2116 suis;
2486 2050 2772 2106 oﬂ‘eramus
2795 2050 2872 2106 illi
2900 2066 2993 2106 cor
3013 2067 3109 2106 suo
3153 2052 3346 2106 timore
3372 2050 3640 2105 conﬁxum
3674 2065 3768 2120 pro

2180 2142 2345 2199 clavis
2376 2143 2520 2209 suis;
2547 2143 2833 2199 reddamus
2864 2143 2939 2197 illi
2963 2143 3191 2212 palmam
3215 2142 3633 2211 perseverantire
3667 2157 3763 2212 pro

2179 2237 2351 2308 alapis
2379 2236 2512 2294 suis.

2787 2308 3020 2363 SERMO
3072 2305 3160 2363 Vl.

2397 2401 2476 2453 Ad
2515 2400 2803 2454 monachos.
2849 2400 2924 2453 De
2963 2401 3120 2453 natali
3172 2401 3333 2454 sancti
3377 2400 3544 2454 Petri.

2682 2499 2776 2562 (Ex
2801 2513 2893 2550 ms.
2931 2500 3273 2562 Morbacensi.)

2253 2605 2303 2659 i.
2362 2605 2786 2661 Gloriosissimos
2828 2604 3132 2660 christianae
3187 2604 3308 2659 fidei
3353 2605 3624 2675 principes
3672 2619 3769 2659 an-

2180 2699 2301 2754 nuis
2340 2699 2769 2752 solemnitatibus
2819 2697 3182 2762 honorantes,
3217 2696 3411 2751 fratres
3469 2697 3766 2762 carissimi,

2180 2791 2352 2859 ipsum
2383 2790 2549 2842 Deum
2579 2803 2641 2842 ac
2673 2789 2952 2842 Dominum
2977 2799 3248 2852 nostrum,
3281 2789 3374 2858 qui
3403 2789 3560 2857 hujus
3576 2798 3765 2842 auctor

2180 2888 2267 2934 est
2299 2879 2416 2933 ﬁdei
2440 2919 2454 2943 ,
2483 2879 2659 2950 debita
2689 2878 2947 2947 religione
2973 2893 3308 2933 veneramur.
3339 2878 3582 2945 Apostoli
3613 2892 3766 2931 nam-

2181 2987 2283 3042 que
2314 2972 2504 3026 Latino
2536 2986 2784 3026 sermone
2811 2971 3059 3026 dicuntur
3105 2970 3287 3034 missi;
3321 2969 3411 3039 qui
3432 2983 3561 3038 ergo
3604 2969 3768 3023 hono-

2182 3075 2304 3120 rant
2348 3067 2563 3130 missos,
2603 3063 2941 3118 manifestum
2976 3074 3057 3118 est
3105 3078 3200 3117 eos
3235 3053 3494 3115 honerare
3542 3061 3768 3115 mitten-

492 3161 636 3217 Νυιιί
673 3160 766 3213 ιίὶιί
796 3159 1003 3212 videtur
1053 3152 1404 3209 inmstimabili
1439 3151 1646 3204 ratione
1687 3159 1866 3203 natum
1916 3148 2078 3202 fuisse
2107 3137 2156 3203 (Ξ
2188 3168 2323 3223 tem;
2355 3174 2478 3213 cum
2524 3158 2755 3226 dignitas
2799 3172 2919 3226 quae
2947 3156 3186 3212 defertur
3217 3155 3487 3223 minislris’
3645 3154 3771 3209 sine

492 3253 673 3312 lumen
707 3269 769 3304 ex
798 3252 999 3305 lumine
1019 3250 1040 3300 ?
1070 3249 1136 3302 Et
1164 3260 1284 3300 cum
1306 3245 1372 3298 de
1404 3243 1646 3311 lampade
1679 3242 1742 3295 ad
1776 3242 2077 3311 lampadem

496 3344 868 3408 transferatur,
902 3342 1026 3394 licet
1056 3339 1174 3391 dua:
1207 3335 1479 3403 lampades
1510 3333 1753 3394 ardeant,
1787 3341 1961 3385 tamen
1992 3333 2081 3384 ille

495 3434 637 3503 ignis
660 3433 773 3500 ipse
803 3439 884 3484 est
907 3430 1088 3495 utique
1126 3427 1178 3479 in
1203 3424 1435 3478 secunda
1465 3424 1553 3491 qui
1584 3424 1861 3491 Splendeat
1890 3423 1942 3475 in
1966 3422 2079 3490 prio

496 3539 607 3578 ma.
634 3520 883 3590 Nunquid
919 3519 985 3572 de
1026 3517 1195 3571 nihilo
1220 3526 1308 3568 aut
1354 3515 1420 3569 de
1448 3515 1625 3582 aliquo
1657 3528 1794 3566 novo
1829 3513 1978 3567 initio
2005 3512 2080 3566 fa-

494 3623 614 3669 ctus
636 3622 719 3668 est
743 3612 830 3665 illc
855 3610 1029 3680 ignis?
1053 3608 1144 3663 sed
1174 3608 1343 3677 magis
1368 3607 1433 3660 de
1457 3617 1646 3660 natura
1673 3607 1751 3660 sui
1781 3605 2080 3674 Splendoris

497 3704 700 3759 effusus
727 3712 810 3756 est
837 3720 847 3753 :
876 3716 1003 3770 ergo
1034 3700 1123 3753 illa
1165 3697 1482 3752 illuminatio
1513 3713 1628 3766 quae
1660 3697 1725 3750 de
1756 3699 1920 3764 prima
1950 3699 2079 3749 lam-

392 3859 406 3871 λ
495 3796 636 3864 pade
660 3793 868 3847 videtur
895 3806 1144 3854 accensa,
1171 3807 1274 3843 non
1299 3790 1448 3858 quasi
1476 3804 1542 3844 cx
1573 3789 1737 3842 nihilo
1767 3789 1817 3841 in
1845 3788 2078 3842 secunda

497 3902 618 3941 esse
651 3885 832 3953 coepit,
863 3884 958 3938 sed
987 3883 1053 3936 de
1084 3893 1312 3951 cognato
1347 3881 1634 3949 Splendore
1677 3881 1958 3949 processit,
1990 3881 2077 3948 qui

494 3977 550 4034 in
590 3978 747 4048 primi
790 3976 1006 4030 luminis
1043 3976 1249 4043 origine
1291 3974 1399 4042 jam
1451 3973 1720 4027 manebat.
1763 3973 1828 4026 Et
1874 3973 1994 4025 licet
2026 3973 2076 4032 in

493 4081 723 4142 utraque
771 4069 1016 4140 lampade
1062 4069 1270 4137 gemina
1301 4077 1354 4120 et
1380 4067 1576 4135 duplex
1611 4066 1852 4119 videatur
1879 4065 2077 4118 micare

495 4163 734 4229 flamma,
761 4171 984 4231 utraque
1015 4170 1190 4213 tamen
1224 4176 1324 4212 una
1357 4160 1649 4213 substantia
1675 4169 1754 4213 est
1780 4176 1792 4221 ;
1837 4160 1906 4211 ita
1939 4167 1991 4211 ct
2021 4158 2074 4210 in

496 4255 770 4324 unigenito
805 4256 895 4307 Dei
926 4254 1057 4305 Filio
1098 4254 1198 4306 etsi
1240 4268 1483 4320 personae
1513 4255 1718 4320 species
1751 4253 1961 4322 propria
1996 4261 2078 4306 est

495 4349 741 4416 generis,
775 4357 949 4400 tamen
1001 4357 1186 4397 natura
1218 4347 1514 4398 communis
1553 4355 1653 4410 est,
1695 4361 1796 4399 non
1827 4348 1893 4400 de
1921 4347 2077 4400 Patre

498 4433 783 4504 incipiens,
817 4437 910 4489 sed
938 4451 1002 4489 ex
1029 4436 1185 4487 Patre
1207 4451 1324 4488 cum
1358 4437 1513 4490 Patre
1537 4436 1859 4491 subsistens.

571 4531 622 4580 5.
665 4527 853 4580 Omnia
885 4526 950 4579 de
984 4525 1152 4579 nihilo
1179 4531 1354 4578 creata
1385 4537 1546 4589 sunt;
1581 4526 1668 4580 ille
1705 4529 1849 4579 solus
1879 4526 1946 4580 de
1970 4526 2076 4581 Deo

498 4617 660 4676 Deus.
696 4619 790 4673 llic
831 4633 956 4688 ergo
1010 4632 1130 4671 cum
1161 4618 1210 4670 in
1262 4615 1426 4669 forma
1487 4615 1582 4669 Dei
1628 4625 1799 4682 esset,
1852 4617 2076 4672 formam

501 4711 642 4764 servi
671 4723 768 4779 pro
783 4725 1056 4764 servorum
1094 4707 1264 4762 salute
1293 4706 1554 4776 suscepit;
1580 4716 1634 4761 et
1659 4707 1711 4760 in
1736 4707 1876 4776 ligno
1904 4711 2076 4763 crucis

502 4817 622 4857 cum
645 4802 750 4855 vita
775 4811 914 4855 esset
939 4843 952 4866 ,
984 4800 1036 4854 in
1067 4799 1208 4868 ligno
1229 4814 1497 4869 appensus
1522 4807 1603 4854 est
1631 4818 1640 4850 :
1665 4801 1815 4868 quasi
1840 4802 2073 4870 seipsum

502 4900 756 4965 pensaret
775 4894 827 4946 in
859 4892 1031 4960 pretio
1052 4891 1411 4958 perditorum;
1445 4891 1611 4960 alapis
1633 4905 1803 4946 caesus
1833 4900 1936 4958 est,
1967 4894 2076 4961 Spi-

502 4989 584 5044 nis
609 4994 892 5043 coronatus
919 4993 1019 5040 est.
1069 4985 1218 5051 Quod
1258 4998 1386 5038 vero
1438 4985 1684 5039 coccinea
1733 4985 1948 5040 indutus
1996 4997 2078 5042 est

501 5079 803 5151 chlamyde,
828 5079 1133 5132 indumenta
1155 5075 1353 5130 Christi
1379 5076 1561 5129 merita
1589 5085 1894 5130 sanctorum
1924 5087 2074 5143 sunt;

501 5175 628 5227 item
663 5182 784 5226 tunc
812 5171 989 5240 itaque
1015 5176 1307 5238 martyrum
1345 5167 1599 5236 sanguine
1629 5167 1682 5220 in
1712 5167 1801 5220 illo
1830 5171 2079 5224 coccineo
2114 5201 2121 5214 ι

501 5265 682 5317 colore
731 5261 1080 5330 perfunditur.
1152 5257 1302 5322 Quod
1359 5266 1535 5311 autem
1592 5258 1760 5312 Judaei
1811 5274 2076 5327 purpurea

501 5352 782 5422 chlamyde
809 5351 1052 5404 indutum
1073 5347 1211 5402 ﬂexo
1241 5347 1463 5400 adorant
1487 5363 1623 5417 genu
1650 5365 1663 5403 :
1698 5349 1862 5403 velint
1886 5349 2072 5416 nolint,

499 5444 698 5514 Regem
730 5443 875 5496 illum
898 5452 952 5497 et
979 5441 1258 5496 Dominum
1284 5440 1618 5494 conﬁtentur.
1646 5441 1794 5508 Quod
1819 5452 1993 5496 autem
2025 5443 2077 5495 in

500 5552 660 5594 cruce
688 5536 820 5590 dixit
846 5536 984 5601 sitio,
1032 5534 1188 5588 ﬁdem
1223 5531 1333 5586 suis
1373 5533 1692 5601 requirebat.
1736 5535 1838 5588 Sed
1879 5535 1999 5601 quia
2025 5535 2078 5588 in

503 5631 712 5700 propria
739 5627 900 5690 venit,
926 5635 979 5681 et
999 5627 1082 5680 sui
1102 5639 1221 5678 eum
1246 5625 1484 5693 recipere
1509 5625 1817 5693 noluerunt,
1840 5641 1934 5695 pro
1957 5641 2076 5680 sua-

485 5727 662 5794 ,vitate
693 5724 810 5782 ﬁdei
842 5731 1048 5780 acetum
1079 5720 1125 5778 ei
1154 5718 1390 5793 perﬁdia:
1423 5719 1857 5792 prOpinaverunt.
1891 5721 2073 5778 Porri-

2183 3252 2345 3306 dubio
2375 3251 2523 3319 cujus
2552 3249 2780 3303 ministri
2807 3257 2929 3302 sunt
2957 3246 3266 3314 exhibetur,
3314 3254 3371 3298 ut
3395 3245 3468 3298 ait
3498 3245 3615 3314 ipse
3647 3243 3770 3299 Sal-

2184 3353 2333 3397 vator
2363 3344 2426 3396 ad
2455 3341 2746 3410 discipulos
2775 3356 2902 3396 suos
2938 3359 2948 3393 :
2985 3341 3084 3407 Qui
3111 3357 3195 3394 vos
3221 3341 3365 3393 audit
3395 3355 3473 3392 me
3506 3339 3680 3403 audit,
3721 3349 3772 3390 et

2182 3436 2270 3505 qui
2313 3450 2399 3487 vos
2441 3435 2616 3503 recipit
2664 3450 2740 3487 me
2791 3433 2968 3500 recipit
2997 3430 3145 3502 (Luc.
3200 3447 3259 3497 κ,
3297 3430 3410 3499 16).
3448 3429 3582 3484 Vere
3611 3429 3769 3483 beata

2185 3527 2548 3596 apostolorum
2578 3527 2790 3591 merita,
2820 3525 2872 3578 in
2919 3524 3110 3594 quibus
3149 3538 3208 3578 se
3246 3522 3492 3578 Christus
3520 3530 3573 3576 et
3601 3521 3770 3589 recipi

2183 3617 2438 3687 praedicat
2466 3625 2519 3670 et
2554 3616 2723 3668 audiri
2751 3633 2764 3680 ;
2799 3615 2937 3668 beati
2967 3613 3313 3668 nihilominus
3341 3621 3397 3667 et
3427 3612 3499 3666 illi
3541 3625 3767 3679 quorum

2182 3707 2396 3762 devotio
2424 3707 2594 3762 delata
2627 3707 2879 3774 apostolis
2901 3704 3128 3759 recurrit
3156 3706 3205 3758 in
3238 3703 3527 3757 Christum.
3562 3701 3772 3756 Tenen-

2183 3807 2264 3854 tes
2295 3800 2504 3868 itaque,
2539 3799 2748 3860 fratres,
2784 3805 2944 3851 tantae
2986 3796 3143 3864 hujus
3169 3794 3542 3864 promissionis
3575 3792 3768 3858 ﬁdem,

2182 3892 2249 3946 de
2280 3891 2552 3961 suppliciis
2580 3899 2786 3962 patrum
2835 3898 3160 3954 nostrorum,
3205 3902 3300 3958 pro
3328 3885 3525 3941 Christi
3556 3887 3771 3942 confes-

2183 3984 2333 4038 sione
2363 3983 2646 4051 susceptis,
2677 3980 2937 4049 ,ﬁdelibus
2982 3980 3190 4049 gaudiis
3235 3979 3566 4033 exsultemus
3600 3996 3610 4029 ε
3639 3991 3772 4046 quo-

2184 4077 2324 4130 niam
2355 4078 2442 4145 qui
2467 4075 2532 4129 de
2562 4083 2852 4142 martyrum
2883 4082 3053 4127 morte
3095 4073 3336 4139 laetatur,
3371 4079 3634 4142 martyres
3661 4084 3769 4124 non

2182 4168 2385 4222 dubitat
2411 4183 2529 4222 cum
2558 4167 2773 4221 Christo
2806 4180 3029 4236 regnare
3067 4175 3184 4234 post
3228 4173 3476 4219 mortem.
3503 4163 3611 4218 Nos
3639 4178 3772 4218 vero

2185 4258 2539 4312 Ecclesiarum
2565 4259 2802 4312 omnium
2827 4256 3308 4312 reverendissimos
3325 4264 3523 4326 patres,
3549 4255 3771 4312 Petrum

2182 4351 2301 4405 dico
2329 4361 2381 4405 et
2412 4351 2649 4412 Paulum,
2678 4351 2933 4420 piissimis
2954 4349 3145 4404 studiis
3171 4353 3518 4414 honoremus,
3541 4347 3764 4416 quibus,

2181 4441 2378 4495 Christi
2413 4450 2697 4509 praestante
2736 4443 2926 4509 gratia,
2980 4439 3150 4494 factus
3185 4447 3268 4494 est
3299 4438 3455 4494 hodie
3489 4437 3556 4493 de
3593 4447 3772 4492 morte

2105 4510 2156 4572 D
2187 4535 2403 4598 natalis;
2438 4533 2628 4602 quibus
2659 4533 2776 4586 ﬁnis
2801 4533 2921 4586 vita:
2951 4532 3158 4586 vivendi
3189 4531 3394 4585 initium
3426 4529 3610 4593 dedit;
3640 4531 3769 4599 qui-

2187 4628 2301 4691 bus,
2337 4635 2393 4679 ut
2435 4625 2506 4678 ait
2532 4623 2804 4694 apostolus
2849 4623 3065 4688 Paulus,
3105 4625 3268 4677 viuere
3289 4622 3526 4677 Christus
3551 4629 3684 4684 erat,
3720 4630 3769 4674 et

2187 4720 2315 4774 mori
2343 4720 2557 4772 lucrum.
2594 4717 2722 4771 Erat
2744 4717 2925 4786 utique
2955 4717 3034 4770 eis
3061 4715 3306 4769 Christus
3335 4713 3535 4776 vivere,
3570 4711 3769 4780 quibus

2185 4814 2290 4867 vita
2323 4827 2426 4866 non
2449 4820 2563 4865 erat
2590 4811 2706 4864 sine
2730 4807 2983 4872 Christo;
3027 4818 3141 4863 erat
3173 4808 3250 4862 eis
3280 4805 3524 4860 Christus
3546 4803 3764 4869 vivere,
3844 4849 3860 4862 .

2183 4907 2302 4977 quia
2323 4914 2486 4958 totum
2513 4902 2710 4958 Christi
2726 4901 3036 4971 proﬁciebat
3052 4899 3304 4956 Ecclesiis
3327 4897 3468 4968 quod
3497 4897 3771 4951 vivebant,

2191 4997 2318 5052 Erat
2344 4999 2419 5050 eis
2440 5004 2494 5049 et
2523 4995 2654 5048 mori
2686 4993 2912 5056 lucrum,
2940 4991 3060 5060 quia
3111 4989 3201 5044 tali
3255 4991 3354 5043 hac
3401 4996 3573 5042 morte
3599 4987 3770 5041 vitam

2186 5087 2288 5142 sibi
2333 5087 2673 5141 merebantur
2721 5092 3010 5147 aeternam;
3064 5086 3177 5135 erat
3217 5080 3296 5134 eis
3333 5079 3470 5133 mori
3522 5078 3766 5142 lucrum,

2186 5191 2410 5247 quorum
2431 5175 2755 5243 corruptioni
2776 5172 3102 5241 incorruptio
3115 5170 3457 5236 succedebat,
3489 5178 3543 5223 et
3569 5168 3767 5221 damna

2187 5269 2525 5337 praesentium
2559 5277 2856 5336 temporum
2891 5265 3031 5318 lucra
3079 5271 3335 5333 perpetua
3382 5261 3770 5331 sequebantur.

2187 5358 2292 5413 Sed
2328 5358 2436 5427 jam
2483 5356 2841 5412 necessarium
2871 5395 2884 5420 ,
2922 5353 3220 5421 carissimi,
3261 5352 3508 5415 arbitror,
3547 5357 3604 5403 ut
3643 5361 3772 5416 pro.

2187 5452 2328 5521 prias
2355 5463 2645 5516 eorumque
2667 5446 2929 5515 speciales
2949 5445 3193 5510 virtutes,
3233 5452 3389 5514 prout
3421 5440 3639 5496 ariditas
3668 5438 3772 5491 lin-

2186 5557 2302 5611 gua:
2329 5551 2524 5595 nostra:
2550 5538 2854 5608 ingeniique
2884 5537 3114 5602 tenuitas
3141 5536 3358 5605 patitur,
3386 5535 3492 5589 imo
3522 5542 3578 5586 ιιι
3607 5530 3772 5584 mise-

2186 5633 2351 5687 ricors
2385 5631 2523 5684 Deus
2551 5629 2762 5695 annuit,
2793 5629 3190 5699 proloquamur.
3641 5633 3645 5636 ’

2257 5721 2310 5774 2.
2353 5720 2448 5777 llic
2495 5722 2671 5794 itaque
2717 5720 2805 5776 ille
2830 5729 2909 5776 cst
2940 5721 3126 5776 Petrus
3153 5720 3242 5786 qui
3273 5715 3579 5775 confitendo
3609 5712 3774 5768 Chri-
