4068 6348
340 422 441 478 881

1792 416 2169 475 SERMONES.

3492 418 3602 476 88!

339 517 480 598 stum
513 538 795 593 Dominum
829 537 933 592 vivi
962 536 1055 591 Dei
1084 550 1203 591 esse
1228 532 1451 598 Filium,
1483 531 1808 588 validissima
1836 532 1915 586 in-
1941 531 1995 591 Α
2021 530 2250 585 libenter
2280 531 2513 585 indulsit.
2565 532 2630 586 Ut
2674 532 2839 596 enim,
2888 530 3024 585 sicut
3081 531 3351 599 apostolus
3404 529 3602 588 Paulus

336 628 582 700 victaque
607 629 759 684 nobis
783 628 1031 682 credendi
1062 626 1400 681 fundamenta
1434 624 1729 680 constituit.
1781 623 1913 678 Nam

336 719 702 795 percunctanti
732 719 954 773 Domino
976 717 1093 787 quis
1122 732 1241 773 esse
1270 718 1336 771 ab
1362 716 1669 771 hominibus
1704 715 1913 770 dicere-

338 824 445 880 tur,
473 811 748 883 respondit
779 827 791 864 :
821 808 901 863 Tu
922 825 972 863 es
1000 808 1231 863 Christus
1254 806 1421 862 Filius
1448 808 1540 861 Dei
1572 808 1667 861 vivi
1692 805 1911 875 (Matth.

336 922 451 973 xvi,
485 906 608 976 16);
638 903 690 959 id
716 914 819 969 εει,
838 912 911 969 tu,
933 902 1173 969 Domine,
1202 902 1269 956 de
1297 916 1458 957 carne
1479 899 1714 970 Virginis
1741 900 1914 954 factus

336 1014 398 1054 es
437 996 696 1059 Christus,
723 993 810 1064 qui
849 994 953 1047 vivi
1000 993 1091 1047 Dei
1128 991 1294 1047 Filius
1322 1007 1380 1047 es
1408 992 1801 1061 sempiternus;
1835 998 1912 1056 tu,

337 1089 587 1153 Domine,
613 1086 915 1141 hominibus
957 1094 1110 1139 natus
1137 1099 1197 1139 es
1240 1084 1423 1151 homo,
1450 1085 1540 1155 qni
1586 1082 1914 1154 incogitabili

337 1181 615 1250 majestate
647 1179 783 1233 Deus
811 1191 869 1232 es
897 1176 1037 1247 apud
1081 1177 1271 1231 Deum.
1314 1176 1393 1231 Tu
1416 1191 1474 1231 es
1502 1175 1777 1243 Christus,
1824 1177 1915 1246 qui

338 1287 435 1341 pro
472 1269 839 1338 redemptione
870 1279 1046 1323 neSIra
1079 1267 1144 1321 ad
1175 1267 1477 1339 passionem
1506 1267 1728 1322 veniens
1750 1308 1765 1334 ,
1816 1268 1917 1322 im-

335 1360 601 1433 passibilis
625 1373 901 1430 permanes
926 1358 1063 1428 apud
1095 1359 1325 1414 Patrem.
1344 1358 1473 1424 Quis
1509 1358 1668 1427 igitur
1682 1372 1914 1428 unquam

340 1454 394 1509 in
421 1463 626 1509 tantum
668 1454 766 1508 hoc
789 1450 1253 1519 incomprehcusze
1294 1450 1514 1504 Deitatis
1538 1465 1790 1505 arcanum
1816 1450 1915 1504 h'u-

339 1542 480 1598 mani
520 1556 710 1599 sensus
736 1543 984 1597 attollere
1013 1538 1275 1611 potuisset
1302 1541 1568 1605 obtutum,
1597 1540 1698 1594 nisi
1728 1540 1794 1595 ab
1821 1555 1914 1595 ore

336 1635 482 1691 Petri
499 1634 745 1690 salutaris
768 1633 926 1703 hujus
949 1633 1068 1688 ﬁdei
1100 1634 1293 1687 veritas
1316 1632 1609 1687 radiasset?
1640 1631 1769 1699 Quis
1798 1647 1913 1687 me-

335 1726 560 1781 ritorum
590 1724 704 1793 ejus
730 1724 952 1793 gloriam
980 1724 1221 1793 quamvis
1244 1737 1433 1793 magno
1448 1723 1776 1793 :cquiparare
1793 1738 1915 1792 pos-

334 1818 404 1873 sit
433 1817 667 1887 eloquio,
696 1831 723 1869 a
755 1830 859 1886 quo
885 1816 1036 1870 nobis
1064 1815 1350 1871 adoranda:
1375 1813 1671 1868 Divinitatis
1706 1814 1836 1869 ﬁdes
1860 1822 1915 1869 et

335 1910 497 1977 ccepit
541 1917 594 1963 et
624 1905 931 1985 permanet?
957 1905 1092 1973 Quid
1126 1915 1273 1960 tanto
1316 1905 1601 1973 gloriosius
1629 1903 1767 1971 viro,
1818 1905 1909 1974 qui
1939 1894 1988 1957 B

338 2002 494 2057 fidem
542 2000 734 2055 secreti
772 1998 1130 2053 inscrutabilis
1157 1998 1421 2068 loquendo
1450 1998 1648 2061 edidit,
1680 1997 1913 2053 vivendo

335 2092 535 2159 docuit,
566 2090 817 2161 patiendo
844 2091 1108 2145 ﬁrmavit?
1136 2089 1205 2145 Ut
1232 2100 1409 2145 autem
1433 2089 1787 2145 confessionis
1816 2090 1915 2145 hu-

336 2187 420 2258 jus
447 2195 642 2256 quanta
669 2194 813 2239 esset
843 2182 1150 2253 magnitudo
1182 2182 1425 2239 Salvator
1472 2183 1799 2250 ostenderet,
1842 2184 1917 2237 ait

335 2276 385 2331 ei
420 2291 435 2331 :
467 2273 654 2329 Beatus
681 2292 765 2340 es,
801 2274 979 2329 Simon
1023 2273 1253 2345 Barjona
1280 2316 1294 2338 ,
1322 2275 1441 2344 quia
1468 2290 1590 2327 caro
1617 2282 1665 2327 et
1709 2274 1915 2345 sanguis

339 2381 440 2419 non
466 2364 701 2420 reuelauit
730 2363 840 2428 tibi,
862 2364 950 2418 sed
981 2362 1138 2417 Pater
1160 2379 1299 2418 meus
1325 2363 1412 2432 qui
1436 2372 1507 2417 est
1536 2365 1591 2416 in
1612 2362 1789 2429 cretis;
1812 2363 1912 2417 Et:

336 2455 452 2509 Tibi
471 2456 601 2511 dabo
626 2456 790 2509 claves
818 2455 958 2525 regni
990 2453 1229 2508 calorum
1254 2452 1444 2524 (Ibid.,
1476 2452 1587 2523 17).
1628 2452 1759 2521 Quis
1788 2467 1916 2523 ergo

335 2548 603 2604 Christum
633 2563 727 2617 per
752 2562 967 2603 carnem
997 2556 1049 2601 et
1074 2547 1125 2601 in
1156 2561 1318 2602 carne
1340 2556 1545 2617 natum,
1577 2548 1918 2617 omnipoten-

340 2642 408 2697 tis
438 2642 607 2697 Patris
637 2656 757 2698 esse
786 2640 977 2696 Filium
1027 2642 1224 2696 sentire
1250 2642 1534 2710 potuisset,
1585 2642 1689 2697 nisi
1732 2644 1915 2714 propi-

343 2736 449 2790 tius
477 2735 577 2791 hoc
608 2735 723 2804 ipse
764 2734 919 2789 Pater
972 2750 1067 2804 per
1104 2734 1318 2789 Petrum
1373 2724 1527 2789 nobis
1572 2736 1861 2791 revelassct
1889 2752 1921 2793 e

338 2828 521 2883 εωιοῖ
550 2828 673 2883 llam
700 2826 776 2881 illi
817 2826 1087 2881 confessio
1114 2826 1283 2896 dedit,
1315 2835 1375 2880 ut
1404 2834 1527 2881 ante
1562 2827 1740 2883 claves
1768 2828 1919 2898 regni

338 2920 569 2975 caelestis
599 2918 863 2989 acciperet
904 2933 1058 2986 quam
1087 2918 1208 2973 cteli
1242 2918 1434 2987 januas
1485 2920 1755 2975 introiret.
1812 2919 1919 2975 Sed

337 3028 406 3066 ne
434 3028 533 3081 qua
560 3026 672 3076 vos,
707 3010 915 3074 fratres,
957 3009 1025 3064 de
1060 3009 1278 3065 creditis
1308 3010 1467 3065 Petro
1498 3011 1737 3065 clavibus
1768 3011 1921 3081 regni

338 3118 489 3158 more
535 3115 832 3159 nostrarum
877 3102 1102 3157 clavium
1137 3102 1389 3171 cogitatio
1437 3110 1781 3169 promoveat,
1814 3102 1923 3157 cla-

336 3208 431 3248 vcs
481 3194 600 3248 οωιί
645 3194 819 3263 lingua
858 3202 941 3247 est
988 3192 1166 3255 Petri;
1201 3193 1324 3262 quia
1372 3192 1700 3261 singulorum
1733 3194 1923 3248 merita

2022 624 2253 687 edocuit,
2280 635 2423 696 petra
2454 634 2558 677 erat
2589 625 2850 690 Christus,-
2884 626 2951 677 ita
2985 639 3077 693 per
3098 624 3369 677 Christum
3412 625 3602 681 Petrus

2020 718 2189 772 factus
2220 726 2300 772 est
2324 727 2491 785 petra,
2550 717 2759 770 dicente
2806 717 2853 769 ei
2896 716 3121 768 Domino
3153 732 3165 767 :
3200 714 3278 767 Tu
3307 730 3357 768 es
3380 713 3597 782 Petrus,

2021 826 2063 868 et
2093 827 2244 881 super
2306 813 2437 863 hanc
2503 820 2696 879 petram
2772 809 3034 874 aediﬁcabo
3085 807 3366 862 Ecclesium
3437 826 3602 862 meum

2020 904 2235 978 (Matth.
2266 920 2381 967 xvi,
2408 903 2518 972 l8).
2549 903 2678 955 Nam
2708 901 2845 955 sicut
2865 902 2916 955 in
2961 900 3198 969 deserto,
3228 900 3499 955 dominico
3525 901 3604 955 si-

2020 996 2169 1052 tienti
2218 996 2431 1065 populo,
2502 1008 2634 1062 aqua
2695 993 2845 1047 ﬁnxit
2889 1008 2919 1045 e
2973 1001 3153 1061 petra,
3217 993 3289 1063 ita
3354 993 3601 1049 universo

2019 1087 2217 1142 mundo
2250 1086 2487 1155 perﬁdiae
2523 1085 2769 1139 ariditate
2817 1085 3056 1147 lassanti,
3081 1084 3149 1138 de
3178 1099 3271 1139 ore
3306 1084 3447 1140 Petri
3481 1087 3599 1141 fons

2017 1178 2305 1234 salutiferm
2334 1178 2685 1232 confessionis
2725 1176 2963 1231 emersit.
2998 1177 3093 1230 llic
3127 1185 3205 1231 est
3254 1176 3443 1232 Petrus
3464 1218 3480 1243 ,
3511 1178 3601 1232 cui

2017 1273 2263 1329 Christus
2292 1287 2612 1329 ascensurus
2640 1272 2705 1327 ad
2753 1273 2983 1337 Patrem,
3030 1271 3320 1340 pascendas
3363 1271 3599 1325 oviculas

2018 1382 2142 1422 suas
2169 1382 2439 1437 agnosque
2463 1365 2806 1421 commendat
2830 1384 2841 1417 :
2865 1373 2923 1418 ut
2944 1378 3076 1433 quos
3100 1364 3186 1418 ille
3214 1364 3424 1437 pietatis
3442 1364 3601 1417 mise-

2016 1460 2222 1514 ratione
2248 1459 2571 1524 redemerat,
2592 1458 2692 1511 «hic
2724 1456 2845 1510 ﬁdei
2873 1470 2981 1509 sua}
3015 1455 3210 1509 virtute
3238 1465 3494 1510 servaret.
3536 1456 3601 1508 Et

2017 1558 2162 1604 recte
2193 1564 2321 1603 sane
2355 1549 2402 1604 ei
2429 1550 2629 1602 arbiter
2659 1549 2993 1602 occultorum
3037 1546 3127 1600 Dei
3166 1546 3332 1600 Filius
3367 1561 3595 1615 pascen-

2016 1640 2113 1695 das
2142 1656 2270 1696 oves
2316 1656 2439 1695 snas
2466 1642 2794 1709 tuendasque
2831 1640 3116 1703 commisit,
3149 1640 3233 1692 cui
3285 1651 3503 1693 noverat
3547 1641 3599 1693 in

2019 1718 2300 1790 nutriendo
2327 1750 2483 1804 grege
2510 1734 2777 1787 dominico
2806 1748 2904 1788 nec
2935 1732 3165 1787 studium
3200 1733 3388 1786 deesse
3420 1730 3597 1785 necli-

2017 1827 2159 1881 dem.
2210 1827 2304 1881 llic
2332 1834 2414 1880 est
2455 1826 2665 1887 Petrus,
2705 1824 2793 1892 qui
2832 1824 2956 1878 dum
2986 1822 3051 1877 ad
3091 1837 3303 1877 crucem
3352 1833 3600 1889 tanquam

2015 1916 2255 1971 cruciﬁxi
2286 1914 2577 1984 discipulus
2606 1914 2910 1981 duceretur,
2936 1928 3092 1967 verso
3123 1928 3180 1968 se
3217 1927 3442 1982 poscens
3480 1928 3600 1966 cor-

2017 2022 2145 2075 pnre
2179 2006 2435 2076 cruciﬁgi,
2470 2005 2771 2073 passionem
2803 2021 2906 2058 non
2956 2005 3152 2068 renuit,
3198 2003 3291 2057 sed
3321 2004 3601 2073 arqualita-

2019 2108 2126 2153 tem
2165 2099 2338 2152 crucis
2368 2098 2649 2151 dominicrc
2692 2097 3006 2160 declinaiit;
3057 2106 3112 2149 ut
3150 2096 3457 2150 ostenderet
3486 2097 3601 2149 uni-

2016 2192 2189 2246 versis
2209 2190 2535 2245 admiranda:
2566 2190 2769 2243 scilitet
2810 2188 3122 2241 humilitatis
3153 2182 3420 2252 virtutem,
3454 2190 3601 2242 novi-

2018 2300 2121 2353 que
2163 2283 2398 2354 mystcrii
2433 2282 2767 2351 disciplinam
2802 2290 2855 2335 et
2884 2282 3021 2334 inter
3044 2288 3306 2334 tormenta
3332 2294 3598 2334 servasse.

2019 2378 2187 2442 Quam
2216 2390 2459 2437 securus,
2484 2373 2767 2435 carissimi,
2794 2372 3027 2443 perrexit
3052 2372 3239 2426 Petrus
3262 2372 3328 2426 ad
3355 2386 3598 2435 crucem;

2018 2467 2107 2536 qui
2154 2472 2368 2537 repulso
2415 2465 2603 2519 timore
2646 2464 2866 2530 mortis,
2916 2462 3177 2519 moriendi
3216 2462 3457 2519 ordinem
3496 2472 3603 2517 tam

2019 2558 2211 2613 acerba
2240 2558 2289 2611 in
2325 2557 2570 2625 passione
2598 2556 2860 2625 quaesivit.

2092 2649 2143 2703 5.
2186 2645 2319 2712 Quid
2350 2648 2509 2701 etiam
2536 2646 2600 2699 de
2628 2646 3013 2715 gloriosissimo
3054 2645 3281 2701 referam
3310 2644 3508 2709 Paulo,
3542 2645 3597 2698 in

2021 2753 2126 2807 quo
2169 2737 2423 2792 Dominus
2454 2736 2611 2791 ﬁdem
2658 2737 2891 2793 nominis
2930 2738 3033 2800 sui,
3064 2738 3189 2793 dum
3222 2737 3387 2804 ipsam
3422 2742 3603 2805 perse-

2021 2838 2295 2900 queretur,
2328 2830 2519 2899 elegit?
2551 2829 2637 2897 qui
2679 2828 2807 2885 dum
2839 2829 2985 2884 velut
3018 2829 3311 2885 acerrimus
3355 2843 3603 2897 persecu-

2023 2932 2107 2977 tor
2150 2922 2498 2977 Christianam
2548 2928 2720 2976 vastat
2771 2920 3097 2982 Ecclesiam,
3149 2918 3364 2973 inimico
3431 2918 3602 2972 adhuc

2022 3012 2137 3082 ejus
2184 3012 2236 3065 in
2286 3019 2500 3079 pectore
2543 3009 2772 3066 amicum
2818 3010 2919 3064 sibi
2962 3024 3053 3065 eor
3082 3008 3323 3063 Christus
3352 3008 3601 3063 invenit:

2025 3104 2258 3173 dumque
2303 3103 2615 3172 temporalia
2645 3102 2785 3172 cepit
2833 3102 3167 3159 Christianos
3209 3100 3273 3155 ad
3305 3093 3561 3169 supplicia
3585 3143 3601 3165 ,

2025 3179 2138 3265 ipse
2156 3204 2467 3265 perpetuum
2498 3206 2683 3265 captus
2722 3193 2785 3247 ad
2811 3193 3058 3264 gratiam,
3091 3190 3260 3246 factus
3302 3200 3385 3246 est
3427 3191 3601 3245 subito

335 3283 604 3338 censenda
632 3284 901 3351 apostolus
929 3282 1215 3352 unicuique
1244 3298 1464 3353 regnum
1495 3284 1615 3339 caeli
1654 3295 1741 3338 aut
1775 3286 1920 3340 clau-
1946 3264 1992 3328 (ἶ
2024 3264 2203 3356 pastor
2232 3303 2297 3355 ex
2328 3288 2472 3355 lupo,
2514 3264 2576 3340 es
2613 3284 2862 3353 przedone
2891 3292 3092 3349 custos,
3133 3298 3199 3339 ex
3240 3284 3391 3337 hoste
3420 3281 3602 3337 defen-

336 3375 416 3428 dit
439 3381 531 3427 aut
557 3374 745 3442 aperit.
778 3372 891 3427 Non
923 3382 1005 3427 est
1034 3388 1161 3442 ergo
1186 3373 1352 3428 clavis
1378 3374 1476 3429 ista
1508 3375 1747 3429 mortalis
1790 3377 1920 3431 arti-

345 3466 461 3519 ﬁcis
509 3473 680 3533 aptata
722 3479 902 3527 manu,
933 3464 1026 3518 sed
1072 3464 1191 3518 data
1244 3474 1327 3520 est
1367 3480 1394 3517 a
1440 3466 1654 3521 Christo
1685 3478 1918 3537 potestas

336 3554 623 3627 iudicandi.
645 3554 879 3625 Denique
900 3555 970 3609 ait
992 3556 1039 3609 ei
1066 3572 1079 3608 :
1114 3555 1343 3622 Quorum
1370 3558 1663 3613 remiseritis
1688 3571 1914 3628 peccata,

338 3651 550 3705 remissa
595 3657 774 3713 erunt;
818 3658 864 3702 et
903 3665 1119 3718 quorum
1158 3630 1499 3712 detinueritis.
1546 3652 1744 3705 detenta
1774 3663 1917 3706 erunt

339 3742 515 3813 (loau.
543 3757 639 3807 xx,
663 3741 775 3811 23).
796 3740 891 3794 llic
912 3750 993 3793 est
1014 3739 1219 3802 Petrus,
1253 3755 1409 3808 quem
1439 3740 1634 3794 Christi
1657 3756 1775 3795 esse
1792 3757 1921 3796 con-

340 3832 748 3887 fidentissimum
779 3830 1015 3899 subjecta
1049 3828 1291 3897 vestigiis
1316 3829 1431 3897 ejus
1462 3830 1627 3881 maria
1658 3831 1917 3899 probave-

338 3935 480 3981 runt.
503 3924 634 3981 Nam
663 3940 689 3977 a
722 3924 945 3978 Domino
970 3936 1068 3975 suo
1090 3936 1258 3975 novos
1288 3922 1387 3975 sibi
1414 3921 1527 3975 dari
1568 3921 1620 3974 in
1668 3922 1915 3976 fluctibus

338 4033 576 4090 gressus,
603 4026 660 4072 ut
690 4018 863 4073 ﬁdelis
902 4016 1163 4086 p0poscit,
1196 4022 1249 4069 et
1292 4024 1350 4067 ut
1391 4014 1617 4068 dilectus
1642 4016 1865 4068 emeruit
1898 4033 1909 4066 :

338 4113 427 4180 qui
457 4112 525 4165 ob
552 4112 650 4165 hoc
679 4108 848 4164 solum
880 4107 1173 4175 trepidasse
1214 4105 1359 4159 visus
1387 4115 1490 4168 est,
1545 4114 1607 4158 ut
1653 4104 1913 4173 fragilitas

339 4204 565 4256 humana
595 4207 943 4270 cognosceret
973 4206 1165 4267 quanta
1196 4204 1339 4251 esset
1372 4195 1508 4249 inter
1547 4196 1831 4249 Dominum
1856 4207 1907 4250 et

339 4307 551 4365 servum
574 4290 844 4353 distantia,
877 4289 1000 4343 dum
1032 4295 1312 4357 aggravata
1357 4287 1584 4355 peccatis
1610 4302 1733 4341 caro
1775 4301 1912 4340 mer-

338 4386 498 4455 gitur,
529 4392 584 4438 et
624 4382 943 4437 immaculati
990 4380 1159 4436 nescit
1213 4379 1391 4448 planta
1421 4378 1704 4432 desidere:
1755 4378 1912 4431 simul

336 4485 389 4531 et
425 4474 575 4539 illud,
604 4489 691 4538 ne,
726 4474 847 4527 dum
877 4488 1037 4541 super
1065 4484 1229 4540 aquas
1256 4470 1532 4524 ambulans
1561 4468 1749 4522 Petrus
1778 4469 1912 4538 pede

336 4558 605 4632 intrepido
631 4563 955 4631 pervenisset
996 4563 1059 4616 ad
1103 4562 1396 4627 Christum,
1425 4561 1633 4615 Domini
1669 4560 1802 4614 forte
1826 4560 1906 4614 sui

336 4630 963 4720 virtutibusznquaretur.
993 4652 1097 4706 Sed
1128 4653 1252 4721 quid
1289 4654 1439 4706 illum
1470 4660 1745 4720 tantopere
1771 4650 1905 4705 dici-
1936 4630 1990 4691 D

339 4760 461 4802 nius
494 4742 809 4813 trepidasse,
856 4756 975 4796 cum
1032 4741 1116 4809 pia
1169 4741 1452 4809 trepidatio
1502 4756 1595 4795 sua
1649 4742 1906 4810 majorem

337 4836 559 4907 profecit
586 4835 651 4889 ad
683 4832 878 4888 ﬁdem?
931 4831 997 4887 Ut
1034 4831 1176 4885 enim
1226 4831 1451 4885 credidit
1475 4832 1661 4886 Petrus
1686 4831 1907 4900 imperio

337 4929 546 4986 Domini
570 4927 649 4983 sui
675 4941 831 4998 posse
860 4940 919 4980 se
943 4940 971 4979 a
998 4920 1243 4979 ﬂuetibus
1272 4922 1590 4985 sustentari,
1620 4926 1689 4976 ita
1718 4923 1909 4977 nihilo-

336 5024 512 5079 minus
536 5021 661 5076 dum
692 5020 966 5089 mergitur,
995 5016 1222 5072 credidit
1269 5015 1435 5083 ipsius
1475 5016 1685 5070 Domini
1732 5018 1811 5069 sui
1850 5031 1910 5071 se

335 5118 529 5172 virtute
554 5113 889 5171 salvandum.
922 5111 1061 5166 Vere
1088 5110 1225 5164 beati
1274 5108 1414 5162 Petri
1445 5116 1499 5161 et
1521 5108 1647 5161 dum
1681 5106 1909 5176 trepidat
1946 5108 1951 5119 ’

335 5209 591 5265 mirabilis
623 5206 774 5269 ﬁdes,
802 5221 960 5276 quam
1015 5218 1113 5258 nec
1166 5203 1403 5273 urgentis
1460 5201 1684 5272 periculi
1738 5202 1908 5271 potuit

336 5300 552 5355 turbare
578 5297 835 5354 formido:
866 5296 1143 5350 clamando
1165 5295 1307 5350 enim
1340 5295 1465 5348 dum
1484 5293 1760 5362 mergitur,
1802 5290 1909 5347 Do-

335 5394 469 5447 mine
494 5434 508 5457 ,
544 5392 698 5446 libera
719 5406 796 5443 me
836 5388 1049 5458 (Matth.
1084 5404 1202 5454 vttt,
1243 5388 1357 5455 25),
1386 5388 1453 5443 de
1483 5402 1541 5442 se
1559 5386 1767 5441 difﬁsus
1794 5396 1909 5455 est,

337 5502 442 5541 non
470 5486 537 5541 de
565 5485 787 5540 Domino
804 5482 1081 5537 dubitavit.
1105 5482 1179 5537 Ne
1203 5482 1322 5551 quis
1339 5496 1468 5552 ergo
1497 5481 1742 5535 timorem
1768 5480 1908 5535 hunc

336 5577 702 5649 gloriosissimi
743 5574 883 5630 Petri
911 5573 1069 5628 ducat
1096 5574 1148 5627 in
1194 5575 1377 5627 vitium
1414 5593 1425 5627 :
1460 5574 1707 5641 quoniam
1751 5573 1909 5627 timor

338 5673 436 5725 iste
461 5668 703 5739 quamvis
734 5668 955 5735 primam
973 5664 1087 5733 ejus
1118 5664 1411 5718 turbaverit
1434 5665 1611 5725 ﬁdem,
1639 5665 1911 5717 conﬁdun-

336 5763 461 5816 tiam
510 5770 687 5814 tamen
712 5758 763 5812 in
814 5772 878 5812 eo
908 5765 1166 5824 reparata:
1196 5756 1527 5809 credulitatis
1553 5756 1779 5808 ornavit.
1814 5755 1910 5808 llic

334 5861 420 5910 est
446 5852 656 5916 Petrus,
683 5851 765 5909 cui
796 5848 1039 5907 Christus
1085 5845 1514 5904 communionem
1560 5847 1642 5904 sui
1676 5846 1923 5926 nominis

2022 3396 2131 3435 sor.
2160 3380 2313 3435 Unde
2344 3379 2514 3448 patuit
2538 3394 2637 3433 nec
2668 3378 2887 3433 Paulum
2913 3377 3159 3446 maligna:
3183 3376 3378 3430 mentis
3404 3389 3603 3446 propo-

2021 3474 2124 3528 sito
2157 3474 2365 3541 plebem
2405 3472 2723 3527 dominicam
2764 3480 3139 3539 persecutum,
3194 3484 3293 3525 nec
3335 3468 3602 3523 Christum

2022 3563 2236 3618 latuisse
2254 3578 2409 3632 quem
2439 3563 2664 3632 eligeret
2691 3562 2742 3615 in
2784 3560 2967 3615 Paulo.
2997 3560 3093 3616 Hic
3119 3570 3204 3615 est
3245 3560 3469 3625 Paulus,
3511 3560 3603 3628 qui

2018 3651 2212 3706 Christi
2246 3653 2462 3706 vocibus
2491 3653 2808 3705 inclamatus
2852 3666 2882 3705 e
2922 3652 3077 3715 caelo,
3129 3651 3299 3704 oculis
3326 3649 3380 3703 in
3407 3664 3466 3704 se
3509 3649 3602 3703 Ju-

2018 3744 2185 3797 daicre
2226 3743 2549 3796 inﬁdelitatis
2580 3742 2805 3805 obtusis,
2841 3741 3058 3795 videndi
3088 3741 3254 3794 aciem
3287 3756 3391 3795 non
3422 3741 3601 3808 perdi-

2018 3833 2115 3897 dit,
2168 3833 2263 3887 sed
2315 3832 2557 3886 mutavit.
2592 3830 2783 3885 Amisit
2814 3830 2997 3884 oculos
3040 3839 3095 3883 et
3126 3829 3371 3897 recepit,’
3397 3838 3457 3881 ut
3496 3844 3602 3882 uno

2016 3924 2313 3991 eodemque
2338 3933 2577 3990 tempore
2605 3930 2657 3977 et
2689 3922 2738 3973 in
2771 3929 3176 3988 persequentem
3206 3902 3462 3973 crecitiitis
3488 3919 3603 3971 vin-

2016 4013 2153 4068 dicta
2187 4011 2517 4081 procederet,
2547 4020 2601 4063 et
2644 4009 2884 4064 vocantis
2934 4007 3027 4061 Dei
3057 4007 3232 4075 igratia
3278 4007 3625 4061 illuminaret‘

2019 4105 2331 4169 Ecclesium.
2357 4103 2444 4156 Ait
2471 4115 2694 4169 namque
2720 4099 2794 4152 illi
2823 4098 2890 4153 de
2914 4099 3053 4153 caelo
3084 4098 3337 4152 Dominus
3362 4116 3375 4151 :
3401 4097 3562 4152 Saule
3581 4139 3598 4165 ,

2018 4197 2204 4264 Saule,
2236 4196 2357 4266 quid
2392 4211 2471 4247 me
2507 4194 2818 4265 persequeris
2848 4193 2983 4262 (Act.
3017 4208 3065 4245 ix
3088 4233 3101 4257 ,
3133 4192 3230 4259 4)?
3254 4192 3303 4246 id
3353 4202 3454 4258 est,
3499 4208 3596 4246 cur

2014 4304 2100 4343 me
2129 4288 2487 4355 persequeris,
2534 4284 2733 4340 Saule'l
2781 4284 2911 4351 Quae
2952 4297 3068 4336 mea
3104 4283 3285 4337 odium
3332 4297 3457 4351 erga
3510 4298 3599 4337 ine

2015 4388 2164 4433 tuum
2212 4376 2464 4433 excitavit
2508 4375 2809 4444 iniquitas?
2858 4373 3099 4442 Nunquid
3145 4373 3265 4443 quia
3306 4373 3598 4427 illuminavi

2014 4484 2205 4533 caecos,
2235 4468 2357 4540 quia
2385 4466 2570 4537 sanavi
2598 4449 2849 4535 ingratos,
2882 4464 3003 4533 quia
3060 4464 3233 4533 fugavi
3285 4445 3557 4517 daemones
3579 4480 3617 4527 ,‘

2013 4562 2136 4631 quia
2177 4561 2477 4615 esurientes
2509 4557 2734 4627 populos
2779 4556 3013 4625 quinque
3056 4554 3279 4622 panibus
3308 4555 3467 4623 pavi?
3514 4554 3623 4608 An

2014 4656 2135 4725 quia
2158 4654 2224 4710 de
2256 4652 2473 4708 tumulis
2527 4660 2768 4705 mortuos
2821 4646 3112 4701 suscitavi?
3152 4660 3217 4698 an
3265 4646 3401 4699 forte
3431 4646 3619 4712 magis

2013 4748 2134 4818 quia
2169 4745 2411 4800 ﬁdelibus
2453 4742 2587 4798 meis
2614 4753 2834 4808 regnum
2874 4738 3092 4792 caeleste
3119 4736 3372 4805 promisi?
3400 4735 3506 4793 Sed
3548 4736 3595 4787 si

2014 4850 2268 4910 pratstare
2303 4852 2388 4890 me
2418 4847 2575 4904 posse
2596 4831 2806 4885 dubitas
2840 4829 2981 4899 quod
3013 4829 3285 4897 promitto,
3320 4828 3516 4896 aSpice,
3542 4827 3584 4878 si
3618 4854 3619 4859 η

2014 4936 2191 4983 tamen
2234 4934 2405 4997 potes,
2439 4922 2580 4979 unde
2615 4932 2665 4976 te
2694 4921 2778 4976 vel
2822 4920 2969 4989 quasi
3000 4920 3230 4988 appello.
3276 4918 3380 4971 Sed
3432 4931 3596 4985 quare

2015 5036 2101 5075 me
2150 5016 2512 5090 persequeris,
2565 5014 2746 5078 Saule,
2792 5023 2878 5066 aut
2926 5012 3052 5081 quid
3102 5026 3185 5064 me
3223 5007 3613 5077 persequendo:

2018 5109 2267 5181 proﬁcis?
2295 5106 2539 5179 Nunquid
2571 5105 2825 5160 adversus
2849 5112 3159 5172 regnantem
3184 5101 3234 5153 in
3265 5098 3402 5153 coelo
3425 5096 3591 5151 ullum

2019 5214 2108 5261 tua
2156 5202 2453 5275 persecutio
2512 5198 2725 5254 habebit
2778 5196 3055 5252 affectum?
3111 5192 3345 5261 nunquid
3399 5198 3613 5245 nocere

2016 5296 2145 5352 mibi
2172 5295 2458 5368 quidquam
2488 5292 2704 5364 poteris,
2733 5303 2887 5359 quem
2920 5302 3023 5341 non
3047 5292 3196 5355 potes
3220 5283 3453 5339 intueri?
3481 5281 3593 5351 Ego

2017 5387 2149 5441 enim
2182 5400 2297 5439 sum
2316 5383 2466 5437 Jesus
2498 5380 2821 5447 Nazarenus,
2856 5392 3004 5447 quem
3041 5385 3093 5428 tu
3120 5376 3427 5444 persequeris
3452 5372 3589 5443 (Act.

2017 5477 2277 5545 xxn,8);
2312 5476 2401 5544 qui
2430 5484 2600 5529 terras
2643 5471 2813 5536 coelo,
2865 5480 3079 5523 crucem
3128 5479 3311 5535 regno,
3358 5473 3588 5517 mortem

2014 5568 2367 5639 perpetuitate
2416 5568 2610 5622 mutavi
2639 5580 2653 5619 :
2682 5563 2747 5617 de
2788 5561 2977 5630 quibus
3004 5557 3251 5613 omnibus
3282 5568 3385 5607 non
3419 5561 3469 5605 te
3498 5552 3593 5605 de-

2012 5660 2143 5715 bere
2162 5658 2399 5715 cunctari
2422 5701 2435 5723 ,
2471 5664 2523 5712 et
2550 5666 2763 5723 ereptus
2795 5652 2887 5706 tibi
2919 5663 3057 5703 nunc
3086 5656 3139 5699 et
3172 5652 3289 5713 post
3319 5642 3591 5712 paululum

2013 5752 2250 5807 redditus
2284 5749 2527 5805 suadebit
2568 5754 2833 5815 aspectus.
2893 5742 2962 5795 At
3010 5736 3348 5792 beatissimus
3396 5735 3591 5790 Paulus

2012 5844 2285 5910 repentina
2302 5842 2509 5911 quidem
2528 5839 2764 5896 caecitate
2792 5831 3075 5896 coercitus,
3108 5828 3374 5887 intelleCta
3404 5839 3580 5887 tamen

2580 5976 2593 5982 -
2754 5955 2767 5982 ε
