4068 6348
473 370 581 429 885

1697 369 1752 422 S.
1793 367 2042 424 FAUSTI
2084 367 2501 430 RHEGIENSIS

3655 383 3766 443 θοι

473 485 749 555 majestate
775 486 1040 554 loquentis
1070 499 1102 540 e
1128 485 1288 551 caelo,
1314 483 1571 539 continuo
1604 481 1775 537 lidelis
1807 481 2053 548 effectus,
2086 481 2141 543 Α
2166 482 2446 539 debemus.
2483 487 2681 542 Futura
2711 489 2992 545 beatitudo
3034 491 3238 562 acquiri
3271 501 3468 562 petest,
3503 494 3758 553 mstim'ari

472 583 525 631 et
555 591 583 630 a
616 576 988 647 persecutione
1029 576 1255 640 destitit,
1313 584 1367 630 et
1419 589 1585 630 novos
1634 573 1876 628 intuendi
1922 572 2071 627 Chri-

469 682 609 726 Stum
639 671 823 726 oculos
850 670 1147 741 acquisivit.
1182 669 1278 723 llic
1306 678 1389 724 est
1431 667 1646 731 Paulus,
1679 666 1770 737 qui
1811 681 1907 734 pro
1943 679 2066 719 sua-

470 771 586 818 rttm
614 764 1050 818 remuneratione
1097 763 1375 827 virtutum,
1415 761 1551 815 ultra
1596 761 1824 814 humana
1874 759 2065 813 merita

471 855 686 910 tertium
723 865 908 925 raptus
937 855 1004 910 ad
1033 855 1248 920 cmlum,
1285 855 1524 910 coelestia
1554 863 1762 908 secreta
1785 852 2064 922 cognovit;

467 955 524 1002 ut
551 943 916 1001 Ecclesiarum
945 946 1152 1001 futurus
1184 945 1387 1010 doctor,
1417 947 1555 1000 inter
1585 946 1804 1016 angelos
1831 945 2066 998 disceret

466 1039 606 1111 quod
637 1040 778 1095 inter
808 1040 1051 1094 homines
1093 1038 1428 1110 praedicaret.
1467 1045 1569 1092 Aut
1601 1027 1722 1106 quis
1753 1037 1799 1090 ei
1847 1036 2065 1104 impune

465 1133 731 1188 ultranon
765 1133 969 1197 credat,
995 1133 1084 1202 qui
1128 1132 1194 1186 de
1246 1129 1600 1186 sacramentis
1631 1127 1918 1182 dominicis
1957 1141 2061 1181 non

465 1225 641 1281 solum
669 1226 849 1280 audita
887 1225 1139 1294 loquitur,
1183 1223 1277 1279 sed
1326 1233 1380 1278 et
1409 1224 1518 1277 visa
1575 1232 1820 1278 testatur.
1855 1219 2060 1290 Quanta

464 1317 588 1387 hoc,
625 1318 838 1386 fratres,
898 1318 990 1372 Dei
1043 1317 1212 1371 nostri
1246 1326 1422 1370 actum
1465 1326 1546 1370 est
1590 1315 1780 1384 gratia,
1826 1313 1964 1384 quod
1993 1313 2060 1368 de

463 1409 771 1466 caelestibus
794 1410 845 1464 itt
871 1409 1226 1479 apostolatum
1252 1418 1471 1462 vocatus
1502 1416 1604 1470 est,
1637 1418 1693 1460 ut
1723 1405 2058 1475 apostolatus

463 1501 578 1570 ejus
599 1510 1004 1557 consecraretur
1037 1503 1088 1554 in
1118 1502 1286 1556 coelo?
1339 1500 1404 1553 Et
1463 1508 1580 1569 post
1608 1500 1786 1554 omnia
1835 1499 1920 1553 hic
1974 1505 2058 1553 est

463 1595 664 1650 Paulus
706 1595 800 1664 qui
839 1597 1076 1650 cervices
1107 1611 1252 1660 suas,
1283 1599 1415 1664 quas
1441 1593 1700 1648 adversus
1726 1581 1922 1647 Christi
1961 1608 2055 1645 no-

462 1704 584 1744 men
609 1689 866 1758 snperbus
897 1699 1161 1753 erexerat,
1208 1687 1533 1758 perfidorum
1567 1686 1850 1740 catdendas
1877 1685 2052 1755 gladio

462 1779 793 1834 humillimus
827 1797 922 1850 pro
961 1779 1161 1836 Christi
1207 1782 1410 1834 honore
1432 1779 1678 1833 submisit
1709 1795 1719 1830 :
1759 1793 1856 1832 nec
1888 1777 2052 1847 piguit

2175 593 2280 632 non
2314 585 2506 646 potest.
2542 578 2652 635 Nisi
2683 582 2824 636 enim
2855 597 2974 637 cum
3007 581 3294 651 aviditate,
3331 585 3432 640 nisi
3462 595 3585 641 cum
3619 588 3758 645 bona

2178 669 2448 726 voluntate
2466 681 2519 726 ct
2540 688 2658 727 cum
2686 674 2864 729 laetitia
2901 675 2994 731 Dei
3026 691 3189 746 opera
3213 678 3500 747 egerimus,
3525 679 3636 735 Deo
3659 660 3758 737 nos

2177 765 2351 835 perire
2393 770 2719 823 noverimus.
2757 769 3009 824 Putamus
3060 770 3372 841 (carissimi)
3411 773 3552 841 quod
3600 773 3759 843 digne

2173 865 2379 928 quaerat
2411 860 2496 914 illa
2522 861 2719 927 anima,
2754 872 2808 918 et
2839 863 2907 917 ita
2952 856 3122 932 pulset
3149 859 3204 919 ut
3229 864 3280 918 ci
3303 865 3608 932 aperiatur;
3639 875 3758 935 qua:

2173 949 2237 1003 atl
2269 951 2389 1005 leve
2421 963 2748 1021 prreccptum
2781 953 3009 1008 senioris
3035 954 3364 1023 respondere
3401 959 3677 1025 pra-sumit
3703 967 3758 1012 et

2171 1040 2381 1096 dicere:
2416 1041 2659 1113 Nunquld
2689 1025 2828 1099 servi
2860 1047 3023 1100 vestri
3047 1047 3277 1101 sumus?
3308 1047 3422 1101 Jant
3451 1047 3551 1103 feci
3583 1049 3749 1104 vicem

2173 1151 2378 1191 meam:
2412 1138 2461 1193 'ct
2493 1137 2581 1193 ille
2610 1139 2766 1194 faciat
2817 1153 2987 1195 suam.
3033 1141 3313 1207 Quomodo
3362 1142 3461 1197 hoc
3494 1143 3644 1210 dicit,
3668 1143 3750 1200 cui

2170 1239 2492 1301 praeceptum
2521 1242 2602 1286 cst
2633 1251 2646 1286 :
2677 1232 2854 1287 Nolite
2877 1249 3101 1302 quiet-ere
3131 1249 3244 1304 qua:
3291 1245 3452 1288 vestra
3492 1245 3609 1289 sunt
3633 1238 3658 1289 ?
3687 1236 3750 1292 Et

2165 1320 2357 1376 iterum
2386 1339 2402 1376 :
2434 1321 2546 1376 Non
2574 1336 2686 1392 qum
2710 1339 2804 1378 sua
2829 1333 2942 1377 sunt
2970 1324 3164 1395 singuli
3186 1325 3570 1391 desiderantes;
3593 1341 3620 1378 a
3644 1341 3746 1396 quo

2164 1422 2270 1470 n'on
2299 1414 2400 1469 hoc
2430 1417 2696 1485 expetitur
2725 1426 2780 1469 ιιι
2821 1416 3120 1471 mercedem
3175 1427 3326 1470 suam
3367 1418 3620 1487 impleat,
3654 1415 3746 1474 sed

2162 1500 2221 1561 ιιί
2238 1507 2439 1562 alienas
2466 1507 2698 1573 invadat,
2719 1518 3077 1579 praeoccupet,
3100 1509 3309 1577 rapiat?
3330 1509 3590 1564 Putamus
3606 1511 3745 1581 quod

2161 1601 2233 1655 ita
2264 1609 2409 1670 petat
2431 1611 2485 1655 ut
2512 1602 2757 1672 accipiat,
2790 1602 2858 1656 ita
2886 1611 3089 1672 quaerat
3117 1610 3172 1657 ut
3202 1604 3460 1669 inveniat,
3483 1605 3551 1658 ita
3575 1605 3743 1674 pulset

2160 1682 2216 1747 ut
2240 1693 2286 1746 ei
2319 1693 2609 1761 aperiatur,
2637 1694 2724 1762 qui
2749 1677 2848 1764 pro
2874 1693 3048 1763 aliqua
3091 1695 3408 1764 negligentia
3440 1707 3739 1766 correptus,

2155 1775 2208 1838 et
2230 1801 2327 1855 pro
2349 1785 2642 1854 disciplinae
2678 1786 2865 1841 ordine
2897 1787 3204 1857 castigatus,
3235 1803 3340 1842 non
3370 1803 3431 1844 sc
3459 1781 3522 1842 ad
3559 1803 3740 1844 emen-

462 1888 583 1927 eum
612 1888 706 1942 pro
742 1873 830 1926 illo
862 1873 995 1927 mori
1025 1888 1182 1942 quem
1211 1886 1353 1941 saepe
1393 1869 1717 1938 probaverat
1758 1870 1942 1923 Vivere
1998 1875 2050 1922 et
2083 1855 2130 1916 Β
2156 1878 2443 1943 dationem,
2467 1894 2571 1933 non
2597 1877 2660 1932 ad
2685 1879 3095 1934 satisfactionem
3123 1881 3462 1947 confert,sed
3481 1881 3650 1953 magis
3676 1884 3739 1939 ad

462 1977 685 2033 regnare
715 1977 830 2033 post
853 1976 1096 2019 mortem.
1127 1963 1302 2033 Atqne
1323 1964 1394 2016 ita
1429 1961 1624 2015 factum
1655 1971 1735 2016 est
1767 1970 1821 2014 ttt
1851 1959 2050 2029 glorio-

461 2071 578 2110 sum
609 2056 854 2121 Paulum,
883 2058 971 2127 qui
1021 2055 1074 2110 in
1097 2055 1321 2110 diversis
1344 2053 1597 2124 gentibus
1642 2067 1737 2122 pro
1769 2051 1868 2107 fide
1891 2052 2048 2106 Chri-

460 2151 527 2206 sti
559 2149 725 2205 multo
753 2151 1046 2205 certamine
1091 2147 1392 2204 dimicando
1434 2148 1713 2202 innumera
1739 2146 1872 2200 bella
1898 2159 2051 2215 pere-

460 2254 650 2315 gerat,
703 2245 784 2299 vel
837 2245 1090 2298 victorem
1159 2242 1340 2296 mundi
1418 2242 1583 2296 Roma
1641 2239 1938 2308 susciperet
1983 2237 2049 2292 ad

460 2335 808 2405 triumphum.
835 2334 898 2388 lli
933 2351 1060 2405 ergo
1083 2343 1206 2389 sunt
1228 2331 1519 2388 beatissimi
1545 2332 1736 2386 Petrus
1754 2337 1808 2386 et
1829 2329 2044 2403 Paulus,

461 2427 550 2497 qui
587 2437 980 2480 sacramentum
1019 2425 1254 2481 cteleSIis
1292 2424 1443 2494 regni
1487 2437 1593 2478 uno
1624 2422 1813 2492 spiritu
1859 2422 2050 2490 plut-di-

461 2530 661 2585 cantes,
695 2519 792 2574 sub
822 2521 975 2574 ttnius
1022 2519 1270 2585 passione
1301 2518 1406 2572 diei
1453 2518 1750 2571 doctrinam
1783 2531 1930 2570 suam
1960 2516 2049 2585 pio

461 2612 715 2679 sanguine
736 2621 789 2665 et
812 2620 984 2665 morte
1015 2610 1300 2665 fortissima
1323 2618 1742 2673 consecrarunt;
1769 2607 1859 2678 qui
1887 2607 2045 2663 etiam

462 2710 715 2771 tanquam
767 2699 1129 2756 Ecclesiarunt
1183 2702 1421 2756 omnium
1463 2700 1733 2770 principes
1784 2697 1903 2754 facti
1941 2699 2050 2754 dis-

461 2795 772 2864 pensatione
788 2795 1013 2860 coelesti,
1043 2796 1267 2851 Romam
1296 2805 1536 2865 petentes
1561 2795 1920 2850 sacratissima
1953 2808 2047 2847 sua

462 2899 683 2957 corpOra
706 2889 756 2942 itt
780 2887 921 2943 illius
945 2887 1088 2944 urbis
1116 2904 1238 2944 arce
1279 2887 1689 2944 recondidcrunt
1707 2930 1720 2952 ,
1745 2903 1861 2957 qua:
1887 2887 2047 2941 totius

462 2980 604 3034 orbis
647 2981 952 3035 obtinuerat
999 2981 1354 3051 principatum
1391 2999 1402 3032 :
1437 2991 1699 3050 quatenus
1751 2980 2045 3048 potentiam

463 3063 669 3127 virtutis
698 3088 806 3129 sum
831 3071 1077 3129 Christus
1118 3073 1429 3142 ostendens,
1487 3072 1574 3127 ttbi
1629 3070 1860 3124 mundus
1887 3077 2047 3139 caput

462 3161 692 3219 habebat
724 3163 960 3235 imperii,
992 3165 1063 3220 ibi
1089 3166 1242 3236 regni
1293 3165 1373 3219 sui
1417 3164 1685 3234 principes
1730 3163 2042 3218 collocaret.

501 3243 504 3245 ‘
1074 3255 1300 3311 SERMO
1345 3252 1447 3308 vn.

1038 3353 1116 3404 Ad
1169 3354 1466 3405 monachos.

537 3443 755 3498 Instruit
777 3457 874 3497 nos
899 3453 1055 3514 atque
1084 3443 1328 3498 hortatur
1349 3459 1529 3500 sermo
1551 3444 1783 3511 divinus,
1819 3445 2046 3515 qualiter

464 3550 563 3595 nos
619 3540 899 3609 accingere
953 3537 1245 3593 debeamus
1295 3538 1361 3592 ad
1417 3539 1731 3608 inquirenda
1785 3542 2044 3608 promissa

462 3647 578 3700 sua,
631 3640 684 3686 et
730 3630 1015 3686 obtinenda
1064 3628 1153 3683 illa
1185 3629 1323 3684 bona
1350 3644 1468 3699 qua:
1495 3645 1594 3684 nec
1621 3630 1736 3684 visu
1760 3631 1873 3700 capi
1902 3674 1914 3695 ,
1950 3647 2047 3686 nec

464 3725 647 3780 auditu
698 3723 924 3792 percipi,
970 3737 1068 3776 nec
1121 3721 1354 3790 cogitatu
1386 3722 1769 3792 comprehendi
1803 3733 2041 3792 possunt.

465 3816 630 3872 Petita
657 3815 897 3888 (inquit),
922 3824 968 3868 et
991 3813 1193 3867 dabitur
1220 3809 1356 3867 vobis
1380 3830 1396 3877 ;
1419 3815 1644 3882 quaerite,
1677 3825 1721 3867 et
1750 3815 2043 3878 invenietis;

464 3902 681 3972 pulsate,
711 3917 756 3959 et
779 3906 1033 3977 aperietur
1059 3904 1192 3958 vobis
1217 3921 1234 3961 :
1267 3905 1315 3958 id
1343 3915 1446 3968 est,
1475 3914 1531 3958 ιιι
1556 3912 1797 3975 petamus
1821 3905 2043 3969 orando,

464 4015 767 4071 qtticramus
801 3997 1118 4061 laborando,
1149 3999 1422 4067 pulsemus
1446 3998 1877 4066 perseverando;
1911 4009 1961 4051 et
1994 3999 2043 4051 in

463 4112 613 4169 spem
645 4094 946 4150 cmlestium
989 4102 1137 4147 tanto
1174 4092 1459 4146 incitemur
1489 4091 1688 4157 studio,
1721 4101 1867 4145 tanto
1899 4092 2042 4146 inar-

463 4190 743 4247 descamus
771 4187 998 4252 affectu;
1030 4195 1085 4240 ιιι
1114 4201 1233 4241 cum
1273 4186 1613 4255 praemiorum
1646 4183 1922 4255 dignitate,
1949 4185 2044 4238 de-

462 4281 786 4338 sideriorum
846 4276 1154 4346 magnitudo
1207 4275 1520 4330 concordet.
1580 4275 1694 4331 Non
1738 4277 1849 4330 vult
1903 4276 2042 4330 enim

464 4374 609 4429 Deus
635 4380 816 4426 noster
847 4370 983 4422 bona
1009 4382 1102 4420 sua
1135 4367 1296 4420 nimia
1333 4367 1640 4422 inveniendi
1685 4368 1936 4422 facilitate
1970 4367 2044 4420 vi-

464 4466 692 4520 lescere.
739 4457 976 4512 Pretiosa
1017 4467 1070 4510 et
1119 4455 1548 4526 concupiscibilis
1594 4473 1742 4511 merx
1793 4459 2043 4526 cupidum

464 4562 779 4622 amatorem,
814 4559 971 4620 atque
996 4550 1209 4605 avidum
1232 4545 1617 4620 negotiatorem
1641 4550 1882 4620 requirit.
1906 4552 1963 4606 Et
1979 4568 2044 4623 go

463 4647 554 4703 ille
598 4655 867 4702 tantorum
911 4659 1193 4700 munerum
1249 4641 1608 4714 repromissor
1668 4659 1772 4698 non
1827 4643 1939 4698 vult
1992 4644 2044 4699 in

464 4752 627 4807 opere
671 4751 769 4791 suo
818 4735 1080 4805 tepidum,
1127 4735 1354 4806 despicit
1410 4734 1780 4802 fastidiosum,
1833 4743 2046 4791 recusat

464 4836 709 4885 coactum
737 4836 792 4884 et
834 4827 1121 4897 ingratum,
1165 4827 1371 4897 respuit
1426 4825 1756 4882 indevotum.
1817 4827 2042 4882 Lentum

463 4923 608 4979 enim
639 4931 692 4976 et
736 4933 922 4990 parum
952 4929 1161 4989 gratum
1201 4934 1442 4989 qutererc
1465 4919 1692 4988 gratiam
1725 4918 1889 4974 divini
1924 4935 2041 4973 ntu-

463 5015 609 5070 neris
641 5013 871 5069 maxima
899 5019 982 5066 est
1021 5011 1212 5079 injuria
1246 5010 1704 5066 Remuneratoris.
1742 5011 1883 5081 Ergo
1917 5012 2040 5066 totis

463 5109 593 5164 licet
638 5107 832 5163 anima:
859 5113 914 5161 et
942 5103 1183 5172 corporis
1226 5103 1503 5158 laboribus
1546 5103 1891 5173 desudcmus,
1922 5105 2044 5158 totis

463 5202 592 5256 licet
635 5199 955 5255 obedientia:
1006 5196 1208 5252 viribus
1247 5211 1626 5260 exerceamur;
1683 5196 1813 5251 nihil
1868 5209 2060 5251 tamen.

463 5290 786 5362 condignum
824 5288 965 5360 quod
1012 5288 1206 5344 merito
1235 5303 1330 5356 pro
1375 5288 1682 5344 caelestibus
1728 5290 1884 5344 honis
1917 5305 2044 5356 pen-

463 5398 586 5442 sare
607 5391 662 5439 et
690 5381 884 5438 offerre
913 5383 1207 5436 valeamus.
1231 5379 1349 5435 Non
1373 5382 1552 5437 valent
1580 5382 1703 5436 vitae
1731 5377 2042 5452 temporalis

465 5475 721 5546 obsequia
750 5481 964 5528 aeterna:
998 5472 1121 5527 vita:
1141 5472 1351 5542 gaudia.
1378 5472 1697 5528 Lassescant
1721 5473 1846 5528 licet
1874 5489 2042 5528 mento.

463 5569 559 5625 bra
584 5567 797 5639 vigiliis,
837 5565 1132 5636 pallescant
1159 5579 1252 5619 ora
1270 5564 1520 5632 jejuniis;
1563 5581 1663 5617 non
1695 5575 1837 5617 erunt
1868 5574 2041 5619 tamen

465 5661 732 5730 condigne
758 5658 1018 5728 passiones
1065 5658 1217 5728 Imjus
1271 5657 1508 5727 temporis
1543 5657 1609 5708 ad
1650 5659 1879 5724 futuram
1927 5659 2038 5726 glo-

467 5751 597 5804 riam
652 5767 764 5820 qua:
803 5749 1103 5814 revelabitur
1165 5749 1216 5802 in
1272 5749 1437 5837 nobii.
1487 5748 1764 5802 Pulsemtts
1809 5763 1937 5818 ergo
1993 5751 2041 5802 in

477 5853 731 5930 quantum
760 5859 1064 5916 possumus,
1089 5843 1209 5916 quia
1251 5858 1355 5897 non
1396 5855 1676 5914 possumus
1715 5841 1761 5894 in
1787 5849 2040 5914 quantum

2081 3228 2124 3294 3

2157 1969 2298 2024 illam
2324 1970 2665 2040 proterviam,
2700 1981 2753 2024 ut
2784 1971 2944 2037 dicat,
2973 1971 3166 2026 desero
3187 1981 3346 2042 atque
3372 1972 3610 2038 discedo,
3639 1969 3739 2030 lioc

2154 2076 2252 2131 ego
2268 2062 2408 2118 ferre
2423 2078 2526 2117 non
2544 2064 2732 2132 patior,
2751 2063 3009 2133 ingenuus
3025 2061 3185 2119 homo
3200 2077 3316 2118 sum
3335 2068 3346 2120 !
3368 2064 3488 2120 Jattt
3505 2067 3734 2135 primum

2154 2154 2242 2223 qui
2267 2162 2390 2208 ante
2419 2154 2760 2224 praepositum
2789 2155 2870 2210 vel
2895 2155 3138 2211 abbatem
3161 2196 3175 2221 ,
3216 2157 3502 2226 ingenuum
3529 2166 3588 2213 se
3613 2169 3736 2214 esse

2151 2245 2338 2312 jactat,
2373 2253 2498 2314 puto
2520 2247 2660 2315 quod
2689 2246 2861 2300 adhuc
2891 2257 3128 2318 emptum
3158 2261 3277 2302 esse
3302 2261 3359 2302 se
3386 2247 3607 2303 nesciat.
3635 2247 3734 2316 Qul

2152 2333 2471 2393 Christiana:
2519 2339 2719 2394 militia:
2766 2340 3098 2409 mancipatus
3147 2341 3420 2409 prmsumit
3465 2339 3646 2396 dicere
3673 2352 3729 2395 5e

2154 2430 2474 2502 ingenuum,
2531 2447 2665 2501 pene
2713 2441 2794 2486 cst
2836 2437 2892 2486 ιιι
2934 2448 2993 2488 se
3039 2441 3194 2502 neget
3237 2432 3433 2488 Christi
3480 2435 3734 2504 sanguine
3809 2481 3812 2484 .

2153 2515 2539 2592 comparatuin.
2571 2521 2708 2590 Quid
2737 2521 2818 2578 est
2865 2523 2964 2579 hoc
2997 2523 3137 2578 aliud
3184 2527 3339 2594 quam
3375 2525 3473 2596 ipsi
3511 2525 3732 2581 Domino

2152 2601 2412 2669 clamare:
2448 2613 2606 2669 Liber
2653 2629 2790 2679 sum,
2847 2613 2977 2668 nihil
3030 2615 3121 2668 tihi
3154 2605 3359 2670 debeo?
3410 2616 3482 2670 De
3539 2615 3733 2672 talibus

2152 2698 2364 2758 dicebat
2385 2703 2674 2773 Apostolus
2701 2722 2710 2755 :
2744 2703 2870 2757 Cum
2903 2705 3033 2758 enim
3082 2706 3212 2759 δίη-υἱ
3238 2707 3411 2760 essetis
3453 2707 3710 2760 inabedi‘en

2153 2795 2256 2861 tiae,
2287 2794 2432 2848 liberi
2469 2797 2637 2866 fuistis
2658 2797 2878 2868 justitia:
2919 2797 3094 2868 (Rom.
3129 2797 3242 2870 vn).
3277 2797 3391 2853 Non
3416 2797 3553 2854 bene
3582 2799 3724 2869 inge-

2154 2893 2290 2942 nuus
2313 2889 2616 2959 appellatur
2647 2890 2733 2959 qui
2762 2891 2954 2944 misera
2983 2890 3236 2943 vitiorum
3267 2891 3529 2946 servitute
3558 2889 3731 2960 deprl-

2154 2981 2335 3036 mitur.
2389 2981 2599 3036 Clamat
2644 2990 2819 3037 autem
2859 2983 2910 3037 in
2960 2983 3280 3037 contumelia
3330 2981 3645 3054 disciplinas,
3681 2985 3731 3040 in

2153 3079 2371 3141 peccato
2395 3074 2586 3127 animae
2613 3088 2719 3128 sua:
2744 3091 2756 3126 :
2787 3073 2924 3127 Malo
2949 3073 3226 3128 discedere
3248 3089 3400 3144 quam
3431 3076 3728 3140 emendari,

2151 3159 2309 3232 quam
2334 3163 2672 3231 satisfacere,
2701 3178 2856 3233 quam
2888 3161 3112 3232 implere
3136 3163 3276 3233 quod
3303 3164 3560 3233 praecipis.
3588 3163 3729 3232 Quid

2153 3263 2235 3310 est
2266 3254 2366 3310 hoc
2388 3255 2529 3310 aliud
2555 3271 2710 3325 quam
2733 3256 2917 3325 jugnm
2957 3254 3152 3310 Christi
3203 3255 3389 3310 rebelli
3416 3255 3625 3310 cervice
3653 3256 3730 3310 di-

2151 3348 2400 3404 scutere?
2447 3350 2532 3403 lsti
2581 3351 2714 3403 tales
2771 3349 3016 3404 nesciunt
3063 3349 3190 3419 qttid
3241 3361 3523 3416 voverunt,
3578 3351 3729 3405 obliti

2151 3447 2276 3494 sunt
2304 3451 2521 3510 prepter
2551 3441 2676 3512 quid
2707 3440 2810 3495 huc
2837 3455 3120 3497 venerunt;
3171 3442 3257 3496 lsti
3289 3443 3422 3498 tales
3463 3447 3560 3497 neu
3595 3441 3730 3498 bene

2152 3541 2364 3603 petunt,
2407 3533 2450 3587 si
2481 3533 2620 3588 male
2651 3535 2795 3588 vitiis
2825 3544 3168 3604 appetuntur,
3202 3550 3305 3590 n0n
3352 3533 3455 3589 llde
3487 3533 3728 3604 pulsant,

2152 3631 2246 3686 sed
2294 3627 2607 3685 infidelitate
2635 3625 2931 3700 pulsot'ttur.
2971 3631 3105 3697 Quid
3140 3631 3356 3700 prodest
3395 3631 3535 3702 quod
3562 3627 3732 3685 disce—

2152 3723 2263 3788 dis,
2295 3722 2382 3792 qui
2415 3722 2646 3793 undique
2703 3723 2949 3777 astrictus
2999 3738 3058 3778 es
3099 3721 3326 3778 vinculis
3376 3716 3732 3792 passionum?

2151 3831 2309 3890 quem
2340 3815 2464 3870 hinc
2487 3825 2643 3886 atque
2669 3816 2791 3870 inde
2816 3815 3359 3870 circumvallantvitia
3393 3819 3526 3872 sua?
3567 3816 3730 3882 Digne

2150 3910 2341 3979 aliquis
2369 3909 2687 3977 discederet,
2719 3909 2761 3962 si
2797 3911 2884 3964 illo
2921 3911 2997 3964 ire
3041 3918 3240 3979 posset,
3290 3910 3378 3964 ubi
3423 3903 3573 3964 illum
3626 3909 3732 3964 dia-

2153 4001 2303 4056 bolus
2326 3999 2567 4056 invenire
2596 4016 2700 4055 non
2727 4009 2924 4070 posset.
2960 3999 3128 4055 Nemo
3153 4017 3209 4055 se
3237 3999 3400 4068 fallat,
3437 4017 3541 4060 non
3568 4001 3732 4072 fugiat

2149 4093 2514 4148 adversarium
2543 4092 2608 4147 de
2630 4097 2746 4148 loco
2773 4092 2837 4145 ad
2869 4093 3063 4158 locum,
3093 4092 3187 4148 sed
3209 4089 3276 4147 de
3308 4093 3438 4146 vitio
3467 4093 3533 4150 ad
3565 4092 3730 4147 virtu-

2153 4194 2282 4248 tem,
2313 4184 2379 4238 de
2408 4184 2658 4252 passione
2687 4182 2752 4237 ad
2809 4183 3261 4238 emendationem.
3297 4181 3350 4237 Si
3387 4199 3509 4238 eum
3542 4181 3726 4252 fugiat,

2151 4277 2394 4347 sequitur
2436 4295 2446 4327 :
2496 4274 2721 4330 emenda
2748 4284 2802 4331 te
2827 4317 2840 4340 ,
2870 4284 2922 4330 et
2963 4276 3128 4345 fugiet
3156 4291 3183 4327 a
3219 4285 3291 4340 te,
3322 4275 3460 4330 sicut
3498 4273 3571 4330 ait
3602 4279 3728 4345 apo-

2149 4371 2350 4424 stolus:
2380 4367 2616 4424 Resistite
2641 4367 2866 4433 diabolo,
2892 4377 2936 4420 ct
2965 4369 3123 4437 fugiet
3155 4385 3186 4420 a
3213 4367 3349 4421 vobis
3371 4365 3510 4434 (Jac.
3547 4382 3617 4430 tv,
3646 4366 3725 4438 6).

2151 4447 2266 4513 Non
2293 4458 2706 4514 ohedircantem
2735 4469 2788 4511 et
2821 4458 2955 4512 velle
2986 4456 3286 4523 discedere,
3321 4453 3422 4510 hoc
3445 4459 3528 4512 est
3555 4455 3731 4525 dupli-

2151 4552 2283 4606 citer
2311 4550 2490 4605 facere
2519 4549 2718 4604 diaboli
2767 4545 3094 4602 voluntatem
3125 4591 3137 4613 ,
3173 4548 3272 4602 hoc
3304 4562 3386 4602 est
3428 4547 3730 4602 veluntarie

2151 4643 2250 4698 sibi
2293 4643 2394 4712 ipsi
2440 4644 2622 4711 (etiam
2681 4644 2730 4697 in
2786 4639 3056 4713 praesenti)
3089 4642 3485 4698 damnationem
3527 4629 3728 4696 inferre

2152 4735 2373 4805 peccati.
2408 4733 2514 4788 lllis
2542 4733 2670 4804 ipsis
2692 4734 2778 4802 qui
2801 4735 3032 4804 graviter
3063 4733 3202 4802 apud
3250 4749 3346 4788 nos
3377 4733 3728 4803 delinquunt,

2151 4828 2349 4883 nullatn
2379 4827 2689 4893 tristiorem,
2719 4825 2919 4880 nullam
2959 4819 3288 4881 aeerbiorcm
3336 4825 3620 4896 possumus
3645 4825 3730 4879 itt-

2150 4921 2332 4976 venire
2352 4920 2696 4985 sententiam,
2720 4933 2876 4988 quam
2902 4927 2960 4973 ut
2989 4933 3017 4972 a
3045 4933 3270 4988 corpore
3298 4915 3730 4989 congregationis

2149 5011 2374 5067 abscisci
2405 5011 2520 5066 sine
2541 5025 2670 5081 pace
2699 5000 2972 5064 discedat:
2997 5003 3062 5063 Et
3086 5008 3322 5080 nunquid
3347 5017 3450 5064 nott
3477 5003 3728 5064 amentia:

2149 5120 2314 5175 genus
2345 5113 2455 5170 est,
2490 5114 2548 5159 ut
2596 5093 2695 5159 hoc
2725 5103 3003 5174 quisquam
3057 5117 3152 5172 pro
3202 5102 3447 5158 remedio
3479 5101 3728 5172 cipetat,

2149 5196 2289 5266 quod
2319 5196 2477 5250 etiam
2507 5209 2534 5248 a
2561 5196 2840 5264 przeposito
2873 5195 2971 5249 nisi
3005 5211 3101 5266 pro
3125 5192 3338 5250 summo
3368 5196 3597 5252 crimine
3619 5211 3726 5250 non

2149 5289 2315 5358 possit
2337 5273 2523 5342 inferri
2545 5287 2566 5339 i
2591 5285 2950 5358 lntelligamus
2981 5303 3111 5358 ergo
3139 5289 3268 5344 istas
3301 5279 3645 5359 indignitates
3675 5297 3730 5344 et

2150 5365 2630 5444 contradictiones,
2685 5379 2904 5433 inimico
2939 5390 3264 5450 cooperante
3293 5391 3345 5435 et
3375 5379 3728 5449 disponente,

2153 5474 2458 5542 provenire.
2488 5471 2581 5526 llle
2611 5471 2751 5525 cnim
2780 5472 2868 5540 qui
2894 5487 2999 5527 non
3035 5482 3211 5543 potest
3231 5471 3464 5543 aliquem
3487 5472 3731 5527 absolute

2150 5565 2214 5618 de
2240 5564 2355 5618 loco
2387 5563 2571 5617 salutis
2601 5573 2874 5634 excutere,
2901 5563 3141 5621 immittit
3171 5567 3399 5637 printum
3418 5565 3730 5622 occasiones

2149 5665 2202 5724 et
2229 5669 2454 5730 causas;
2490 5655 2725 5710 immittit
2773 5657 3148 5714 inobedientiae
3178 5660 3519 5730 passionem,
3562 5662 3728 5729 quam

2151 5762 2361 5815 semper
2379 5746 2666 5800 infidelitas
2689 5749 3004 5817 comitatur;
3029 5765 3148 5820 qua:
3169 5751 3294 5805 dum
3322 5751 3586 5822 captivam
3616 5749 3708 5806 illa

2151 5840 2421 5916 qucavcrit
2451 5831 2916 5913 tnetttem,'statim
2952 5841 3286 5899 intoleranda
3338 5852 3499 5918 atque
3529 5843 3725 5924 impos~
