4068 6348
403 228 507 288 885

1856 213 2240 274 SERMONES.

3569 224 3674 285 886

405 339 578 411 sibilia
607 334 734 390 facit
761 334 919 389 etiam
957 333 1045 388 illa
1075 347 1197 403 qum
1224 346 1383 402 parva
1426 338 1572 387 sunt.
1602 329 1667 411 Et
1720 343 1849 384 sane
1889 328 1990 384 duo
2018 335 2075 391 Α
2099 332 2405 400 reliqueris,
2434 341 2559 388 tunc
2585 334 2965 390 animadvertis
2996 336 3169 406 (quasi
3211 337 3396 393 sedata
3422 326 3678 411 temporis

408 408 552 492 bium
578 444 681 483 non
706 432 789 482 est
808 422 1110 496 quod'vires
1136 420 1561 479 inobedientibus
1589 408 1842 475 divinitus
1864 414 1992 475 sub-

409 510 729 589 trahuntur;
773 525 829 572 et
869 515 1005 571 sicut
1054 508 1144 571 ille
1168 512 1255 585 qui
1286 518 1392 569 nun
1431 510 1590 570 habet
1633 513 1995 568 necessariam

411 614 534 673 ﬁdei
562 592 906 667 devotionem
932 650 946 675 ,
992 615 1044 661 et
1083 607 1219 677 quod
1267 604 1514 672 habebat,
1552 608 1812 675 auferetur
1841 606 1905 659 ab
1932 621 1995 659 eo

418 703 635 779 (Matth.
683 701 828 773 xm);
862 702 930 756 ita
970 710 1021 756 et
1068 699 1424 753 inobedientla
1479 698 1707 755 obdurat
1757 698 1993 753 animum

415 815 575 872 quem
600 794 764 854 semei
788 795 1025 865 ceperit,
1055 800 1109 847 ut
1138 793 1202 847 ad
1225 791 1561 862 suscipienda
1584 798 1871 861 praecepta,
1896 794 1997 845 net:

416 892 762 954 auctoritate,
796 886 893 942 nec
926 886 1151 950 ratione,
1208 886 1476 949 llectatur,
1520 884 1613 939 sed
1658 883 1801 955 quod
1829 883 1997 953 pessi4

415 966 561 1044 mum
586 991 690 1048 est,
725 980 824 1036 sibi
850 978 951 1034 soli
977 978 1178 1043 credat,
1212 988 1263 1032 et
1288 992 1383 1048 pro
1412 977 1555 1032 omni
1589 977 1797 1032 ratione
1826 978 1997 1030 inten-

417 1081 593 1136 tiones
614 1090 739 1129 suas
761 1079 1032 1143 sequatur,
1067 1079 1120 1125 et
1147 1066 1245 1123 hoc
1283 1068 1454 1124 solum
1479 1078 1803 1140 praeceptum
1830 1076 1997 1137 putet,

415 1152 558 1241 quod
586 1164 839 1221 obturato
868 1159 1033 1217 corde
1075 1160 1342 1230 concepit,
1377 1160 1569 1215 similis
1595 1159 1645 1216 ei
1693 1158 1913 1215 eﬂectus
1940 1172 2001 1215 se

415 1256 523 1330 Quo
552 1255 765 1312 divinus
819 1267 999 1309 sermo
1031 1254 1340 1322 pronuntiat
1372 1268 1385 1305 :
1423 1248 1620 1305 Itinera
1649 1248 1998 1322 insipientium

416 1332 553 1407 recta
584 1349 635 1402 in
660 1354 931 1415 conspectu
959 1359 1133 1400 eorum
1160 1340 1340 1413 (Prov.
1372 1342 1487 1413 in).
1517 1343 1579 1398 Et
1602 1345 1790 1397 iterum
1824 1360 1836 1396 :
1867 1344 2002 1398 Sunt

417 1438 511 1515 hia:
537 1458 650 1512 qua!
673 1438 904 1495 videnlur
924 1446 1071 1492 recite
1097 1438 1418 1503 hominibus;
1440 1436 1707 1490 novissima
1736 1445 1903 1491 autem
1921 1450 2004 1490 eo-

419 1554 535 1591 rum
556 1535 749 1590 veuient
772 1532 825 1585 in
852 1530 1168 1600 profundum
1195 1526 1345 1598 inferi
1365 1524 1543 1599 (Prov.
1576 1528 1706 1597 xvt).
1727 1527 2007 1583 Postremo

422 1624 611 1682 veniet
644 1619 947 1692 hujusmodi
978 1618 1274 1685 animabus,
1309 1610 1448 1688 Quod
1479 1620 1657 1675 domui
1698 1631 1815 1689 quae
1846 1632 2011 1687 super

2103 422 2445 491 tempestate)
2468 421 2589 476 inde
2617 422 2743 492 quid
2769 423 2836 478 de
2865 432 2918 479 te
2946 425 3082 479 male
3130 428 3339 495 egeris;
3376 439 3501 484 tunc
3528 447 3680 489 reco-

2100 514 2315 582 gnoscis
2341 512 2464 582 quid
2493 514 2716 583 periculi
2743 517 3039 572 incert-eris
3056 530 3176 572 eum
3198 518 3266 574 de
3292 520 3411 577 loco
3430 523 3497 577 ad
3519 540 3679 593 quem

2100 620 2224 661 cum
2254 606 2445 675 gaudio
2475 620 2703 664 veneras
2729 609 2846 663 siue
2875 624 3025 678 pace,
3054 624 3176 665 eum
3192 614 3447 669 seandalo
3474 615 3682 673 disces-

2104 697 2245 763 sisti,
2274 704 2400 752 tunc
2428 709 2545 752 sera
2573 699 2883 767 paenitentia
2906 714 3067 770 super
3102 703 3283 757 ruinas
3314 708 3687 775 suaspoanitet

2106 795 2168 845 'ac
2197 789 2381 854 deﬂet,
2431 789 2573 845 sicut
2602 791 2845 859 quaedam
2876 805 3002 848 aves
3039 806 3158 863 quae
3184 810 3295 863 prae
3318 796 3503 852 dolore
3523 813 3686 869 super

2104 886 2200 939 eos
2251 897 2384 953 quos
2430 882 2725 938 occiderint
2766 883 2895 940 ﬂere
2931 884 3205 955 dicuntur,
3256 896 3312 943 et
3362 889 3479 945 haec
3505 893 3687 949 omnia

2104 968 2301 1031 animae
2349 973 2670 1031 detrimenta
2712 991 2779 1031 ex
2810 978 3185 1034 inobedientiae
3229 983 3371 1036 rnan
3416 983 3685 1040 eveniunt.

2100 1067 2431 1126 Obedientes
2454 1080 2629 1125 autem
2661 1076 2715 1125 et
2744 1070 2973 1127 humiles
3003 1074 3217 1141 animae,
3241 1076 3435 1131 multas
3465 1079 3685 1134 tribula-

2110 1160 2280 1222 tiones
2323 1158 2481 1231 atqhe
2536 1176 2723 1217 omnes
2781 1161 2992 1219 labores
3046 1168 3409 1234 prosternunt,
3450 1173 3688 1241 atquein

2108 1250 2482 1323 cumpendium
2509 1252 2742 1310 mittunt.
2768 1252 3054 1311 Sciendum
3083 1265 3167 1313 est
3184 1260 3330 1314 enim
3357 1262 3499 1331 quod
3519 1279 3689 1333 quan-

2102 1354 2169 1402 to
2199 1344 2513 1401 humiliores
2540 1355 2593 1401 et
2610 1346 3006 1403 obedientiores
3033 1349 3289 1408 fuerimus
3319 1354 3617 1423 pral‘posilis
3638 1364 3691 1412 et

2117 1439 2357 1506 patribus
2389 1441 2609 1503 nostris,
2643 1439 2695 1494 in
2724 1444 2926 1493 tantum
2961 1440 3175 1497 obediet
3206 1442 3460 1500 Dominus
3491 1449 3691 1502 oratio-

2116 1530 2272 1586 nibus
2305 1531 2522 1586 nostris.
2570 1528 2856 1586 Videamus
2883 1544 3039 1602 quam
3064 1534 3408 1605 acceptabilla
3438 1545 3561 1592 sunt
3590 1538 3691 1594 Dm

2119 1624 2264 1678 mino
2294 1623 2375 1677 vel
2428 1637 2611 1692 opera,
2661 1624 2743 1678 vel
2787 1623 2987 1694 jejunia
3027 1638 3211 1681 eorum
3240 1629 3328 1697 qui
3375 1626 3485 1685 Suis
3523 1631 3693 1700 potius

415 1702 647 1773 iarenam
695 1706 953 1769 aediﬁcata
985 1718 1066 1766 cst
1101 1730 1112 1766 :
1148 1711 1261 1767 hmo
1292 1712 1433 1767 enim
1475 1705 1730 1781 parabola
1773 1707 2010 1764 maxime
2042 1703 2092 1766 Β
2119 1728 2275 1786 quam
2308 1715 2576 1769 seniorum
2628 1714 2988 1771 voluntatibus
3020 1716 3404 1789 obsequumur.
3453 1720 3695 1778 Clamant

408 1806 490 1889 ⁷δά
533 1800 911 1865 iuobedicntes
960 1805 1197 1874 respicit.
1229 1804 1318 1861 Sic
1348 1806 1487 1860 enim
1522 1804 1743 1875 legimus
1778 1821 1791 1859 :
1826 1802 2006 1859 Omnia

408 1892 512 1973 "qui
534 1901 677 1954 audit
710 1897 855 1953 verba
885 1902 995 1951 mea
1025 1896 1154 1963 ha’c,
1187 1904 1233 1948 e‘t
1282 1910 1383 1950 non
1437 1897 1560 1965 facit
1590 1912 1669 1961 ea,
1700 1894 2008 1949 similabitttr

412 1978 532 2051 Avito
561 1992 717 2048 stulto
745 1992 831 2061 qui
867 1980 1139 2060 aediﬁcavit
1162 1989 1369 2043 domum
1398 1996 1543 2043 suam
1570 1998 1722 2056 super
1767 2000 1996 2055 arenam,

406 2062 531 2144 ἐιε.
558 2076 774 2155 (Matth.
821 2075 957 2153 vm).
986 2068 1037 2135 id
1070 2082 1186 2148 est,
1218 2097 1339 2135 cum
1382 2080 1695 2135 inﬂuxerth
1739 2074 2004 2135 Stillicidia

406 2157 768 2250 passionum,
798 2176 914 2228 (υιῂ
940 2156 1253 2228 advenerim
1284 2172 1500 2226 flumina
1530 2174 1582 2226 et
1613 2168 1883 2226 torrentes
1929 2178 2008 2225 at-

408 2268 531 2342 que
562 2268 793 2338 itnpetus
828 2250 1253 2333 tribulationum,
1283 2280 1348 2319 ex
1376 2260 1717 2318 multitudine
1739 2261 2008 2333 negligen-

429 2363 652 2424 tiaru‘m;
681 2360 799 2413 cum
827 2357 1072 2411 ﬂaverint
1100 2355 1261 2421 venti,
1283 2354 1363 2409 illi
1392 2354 1573 2425 utique
1602 2353 1691 2423 qui
1721 2360 1818 2424 per
1846 2352 2009 2410 istum

428 2468 607 2506 aerem
636 2444 883 2513 Volitaiit,
918 2448 1085 2518 parati
1113 2446 1179 2502 ad
1216 2445 1413 2503 Christi
1440 2446 1618 2501 arcam
1650 2442 2010 2501 ventilandam

406 2543 601 2634 ’sicubi
643 2540 914 2634 inveniant
944 2539 1124 2610 paleas
1149 2554 1281 2608 quas
1311 2528 1376 2634 ad
1410 2535 1695 2634 ludibrium
1740 2548 2011 2634 suun-tura-

437 2635 585 2708 piant
605 2643 762 2705 atque
783 2626 1129 2703 dispergant;
1160 2634 1285 2685 tunc
1312 2626 1518 2686 li‘ruent
1546 2630 1598 2685 in
1626 2628 1842 2685 demum
1868 2628 2010 2703 illam

439 2744 559 2800 quae
584 2729 701 2782 sine
732 2716 1053 2782 obedientiae
1087 2723 1432 2778 fundamento
1463 2714 1677 2779 lment'a
1707 2732 1809 2790 est,
1838 2733 1892 2778 et
1922 2721 2016 2778 ﬁet

396 2800 581 2893 iruina
611 2820 754 2875 illius
792 2834 1003 2886 magna.
1036 2816 1143 2873 Sed
1173 2815 1393 2871 forsitan
1435 2804 1577 2871 dicat
1610 2814 1837 2886 aliquis:
1870 2812 2016 2870 Nun-

432 2910 557 2981 quid
586 2911 767 2965 statim
796 2902 862 2965 de
882 2909 984 2963 hoc
1009 2906 1127 2963 loco
1153 2906 1450 2973 discedere,
1479 2908 1630 2961 ruina
1655 2905 1876 2961 dicenda
1901 2907 2016 2961 est?

434 3005 562 3058 Dico
606 2994 910 3073 (carissimi)
961 3016 1064 3055 non
1112 2999 1329 3071 grandis
1375 3014 1498 3070 spes
1550 3007 1654 3066 est,
1686 2999 1729 3053 si
1776 2999 1927 3054 navis
1962 3000 2014 3054 in

2118 1806 2191 1861 illi
2222 1824 2233 1861 :
2263 1806 2395 1869 Quia
2411 1809 2781 1878 jeiuuavimus,
2812 1814 2857 1862 et
2885 1825 2985 1863 non
3017 1811 3293 1881 aspexisti;
3318 1810 3696 1869 humiliavimus

2112 1901 2314 1953 animos
2347 1911 2567 1963 nostras,
2620 1906 2668 1953 et
2693 1899 2931 1965 nescisti;
2961 1911 3015 1955 et
3060 1898 3149 1958 ille
3195 1903 3522 1973 respondet:
3573 1904 3697 1961 ideo

2112 1992 2232 2060 quia
2264 1990 2317 2045 in
2348 1988 2538 2045 diebus
2566 1990 2752 2059 jejunii
2804 1994 2964 2047 vestri
3016 1995 3285 2050 invenitur
3315 1996 3558 2052 voluntas
3605 2006 3696 2051 ve-

2114 2091 2245 2137 stra.
2306 2078 2559 2136 Videmus
2607 2096 2735 2151 ergo
2778 2094 2873 2151 per
2929 2082 3343 2140 inobedientiam
3396 2088 3696 2142 animorum

2114 2184 2278 2244 opera
2306 2186 2409 2226 non
2442 2172 2656 2240 respici,
2689 2172 2887 2241 jejunia
2921 2186 3025 2228 non
3063 2174 3269 2241 audiri,
3296 2185 3413 2231 vota
3443 2190 3544 2233 non
3573 2190 3693 2233 sus-

2114 2264 2239 2334 cipi.
2285 2262 2438 2319 Unde
2480 2277 2577 2317 nos
2626 2262 2850 2333 amplius
2907 2265 3045 2319 illius
3094 2264 3340 2322 mandata
3390 2275 3691 2333 arctemur,

2114 2348 2238 2419 quia
2266 2350 2331 2403 ad
2364 2360 2460 2403 nos
2491 2364 2522 2404 e
2552 2348 2690 2404 caelo
2719 2347 3015 2416 descendit,
3058 2365 3163 2406 non
3207 2354 3378 2407 solum
3408 2361 3463 2407 ut
3490 2368 3586 2409 nos
3614 2370 3696 2408 re-

2117 2442 2346 2499 dimeret
2373 2444 2562 2498 mortis
2591 2443 2782 2513 pretio,
2827 2442 2921 2499 sed
2965 2445 3124 2499 etiam
3171 2453 3229 2501 ut
3256 2445 3375 2501 vita!
3412 2444 3697 2503 aediﬁcaret

2117 2534 2389 2604 exemplo;
2420 2543 2472 2589 et
2514 2549 2633 2589 cum
2671 2534 2763 2589 illo
2811 2535 3051 2591 dicamus
3080 2554 3092 2592 :
3126 2535 3234 2607 Ego
3266 2554 3365 2592 non
3395 2541 3507 2593 veni
3532 2539 3697 2609 facere

2083 2626 2423 2681 'roluntatem
2448 2636 2633 2694 meam,
2678 2626 2768 2681 sed
2807 2629 3113 2683 voluntatem
3159 2629 3299 2685 illius
3330 2633 3418 2698 qui
3461 2633 3595 2686 misit
3620 2642 3697 2687 me

2118 2710 2314 2772 Patris.
2354 2717 2435 2772 ire
2463 2725 2641 2774 autem
2674 2726 2794 2787 post
2836 2719 3140 2775 voluntates
3170 2721 3411 2791 proprias
3441 2732 3545 2776 tam
3580 2728 3697 2792 per-

2120 2810 2380 2867 niciosum
2411 2819 2526 2877 est,
2557 2812 2615 2866 ut
2645 2810 2746 2866 hoc
2778 2804 2917 2867 Deus
2952 2812 3062 2882 jam
3116 2797 3452 2884 postmOdum
3493 2818 3656 2870 iratus
3676 2858 3693 2885 ,

2076 2972 2079 2981 λ
2120 2918 2216 2974 pro
2246 2903 2589 2959 damnatione
2638 2904 2866 2976 peccati,
2911 2905 3335 2962 inobedientibus
3383 2910 3580 2978 irrogct
3613 2904 3695 2964 di-

2120 3009 2250 3051 cens
2273 3013 2285 3050 :
2314 2994 2379 3050 Et
2397 2996 2567 3051 dimisi
2597 2992 2716 3051 illos
2745 2996 3023 3051 secundum
3039 2998 3293 3053 desideria
3314 3001 3479 3053 cordis
3500 3012 3693 3055 eorum.

390 3162 401 3171 ι
433 3064 681 3151 Πυριίίίυε
709 3064 997 3151 constituta
1052 3064 1209 3164 (licet
1241 3094 1354 3163 ipsa
1404 3064 1510 3147 non
1538 3064 1781 3163 pereat),
1831 3101 2009 3150 tamen
2037 3064 2085 3135 ο
2118 3092 2475 3161 Quamobrem
2505 3092 2594 3162 qui
2626 3092 2735 3145 vult
2764 3104 2925 3162 opera
2958 3106 3052 3147 sua
3074 3106 3192 3147 esse
3223 3099 3367 3147 recta
3394 3094 3444 3148 in
3474 3106 3697 3163 couspe«

429 3184 690 3257 iacturam
732 3186 1024 3241 maximam
1054 3185 1121 3240 de
1160 3184 1364 3239 honore
1391 3199 1455 3238 ac
1492 3185 1759 3240 mercibus
1789 3187 1900 3241 suis
1932 3186 2013 3242 fa-

434 3279 560 3343 ciat,
610 3286 664 3332 et
705 3277 770 3331 ad
800 3287 1008 3347 portum
1040 3291 1205 3331 vacua
1235 3276 1533 3348 perveniat.
1563 3277 1654 3333 Sic
1682 3294 1784 3334 non
1815 3281 2014 3352 grande

388 3434 391 3437 λ
433 3371 685 3443 gaudium
711 3381 813 3440 est,
862 3372 907 3427 si
933 3364 1124 3443 aliquis
1153 3371 1219 3427 ad
1266 3372 1447 3427 saeculi
1480 3370 1668 3428 ﬂuctus
1696 3382 1971 3432 revertens
1996 3420 2011 3445 ,

435 3480 627 3519 nomen
656 3475 815 3533 atque
847 3463 1081 3517 habitum
1116 3456 1467 3531 professionis
1496 3480 1605 3521 suae
1637 3466 1909 3524 custodire
1938 3470 2016 3524 vi-

364 3588 397 3621 ._
436 3555 657 3621 deatur;
686 3552 862 3609 anima
896 3570 1022 3609 vero
1052 3556 1166 3624 ejus
1196 3554 1532 3627 negligentiis
1562 3558 1800 3613 tabescat
1829 3574 1891 3613 ac
1918 3560 2012 3616 de-

384 3704 397 3711 _
437 3650 581 3701 iluat.
609 3648 673 3703 Et
696 3648 820 3717 quid
850 3649 1065 3718 gravius
1094 3649 1305 3719 quando
1334 3650 1511 3705 subito
1542 3660 1790 3721 tanquam
1824 3653 2015 3723 aliquis

382 3798 391 3805 ,
437 3741 748 3809 repentinus
796 3739 1125 3795 eradicarius
1153 3740 1220 3795 de
1248 3741 1367 3795 loco
1392 3742 1457 3795 ad
1490 3758 1645 3813 quem
1681 3752 1731 3799 te
1762 3743 2017 3799 Dominus

382 3888 387 3893 ,
440 3842 560 3887 tuus
608 3839 912 3897 vocaverat,
945 3830 996 3884 in
1033 3846 1138 3901 quo
1165 3839 1213 3885 te
1244 3832 1469 3901 primum
1511 3841 1630 3900 post
1660 3834 1797 3888 mala
1835 3837 2016 3891 smculi

438 3925 587 3995 quasi
628 3925 679 3978 in
712 3931 921 3992 portum
951 3922 1017 3977 de
1050 3932 1365 3993 tempestate
1414 3924 1731 3991 induxerat,
1774 3926 2015 3982 oblivisci

446 4014 623 4068 subito
649 4012 899 4067 fraternae
941 4012 1209 4068 societatis
1237 4022 1289 4067 et
1324 4012 1744 4080 consolationis;
1774 4016 2017 4072 oblivisci

382 4166 391 4172 ,
440 4107 540 4162 1οοί
572 4107 717 4161 illius
744 4104 797 4160 in
824 4119 930 4175 quo
958 4106 1185 4175 primum
1218 4097 1582 4161 dulcissimum
1634 4107 2018 4165 immutationis

442 4200 677 4256 habitum
700 4208 753 4253 et
783 4212 976 4253 nomen
1008 4198 1280 4255 saecularis
1324 4198 1581 4259 exuerisi
1612 4202 1750 4255 Aves
1780 4201 1908 4271 ipsae
1931 4202 2014 4258 di-

378 4339 387 4349 .
445 4293 616 4361 ligunt
632 4290 786 4345 nidos
816 4303 975 4355 suos;
1005 4291 1327 4346 amantferae
1360 4291 1475 4346 loca
1508 4293 1559 4348 in
1590 4293 1779 4363 quibus
1803 4295 2018 4350 nutritae

437 4392 578 4449 sunt,
597 4390 776 4438 amant
798 4382 990 4437 cubilia
1021 4391 1075 4437 et
1099 4397 1295 4452 pascua
1325 4398 1419 4438 sua
1439 4382 1761 4454 ;quam|ibet
1788 4388 2015 4441 naturali

2120 3195 2207 3240 ctu
2235 3184 2351 3249 Dei,
2385 3182 2516 3238 nihil
2546 3182 2885 3251 obedientiac,
2918 3182 3048 3239 nihil
3074 3188 3355 3255 praeceptis
3384 3199 3691 3260 praeponat;

2119 3277 2231 3331 sive
2278 3275 2367 3331 ille
2408 3275 2605 3345 junior,
2638 3275 2751 3332 sive
2804 3277 2985 3330 Senior
3035 3282 3149 3341 est,
3182 3284 3331 3332 tanto
3369 3278 3489 3347 plus
3539 3279 3697 3336 debet

2120 3366 2336 3423 studere
2366 3366 2702 3422 aedificationi
2729 3373 2784 3423 et
2809 3367 3139 3437 periectioni.
3171 3366 3381 3423 Nullum
3404 3370 3504 3425 sibi
3538 3370 3697 3426 tinem

2121 3462 2277 3517 iaciat
2300 3460 2627 3531 proﬁciendi,
2664 3461 2863 3515 nullum
2898 3463 3181 3517 terminum
3213 3462 3493 3517 constituat
3526 3465 3697 3535 acqui-

2122 3557 2292 3622 rendi,
2321 3562 2439 3611 curn
2472 3555 2572 3609 sibi
2600 3554 2707 3610 dici
2736 3552 2916 3610 audiat
2943 3573 2953 3608 :
2990 3553 3129 3608 Para
3152 3556 3205 3610 in
3234 3557 3370 3610 exitu
3391 3535 3553 3627 opera.
3574 3566 3697 3622 tua;

2122 3649 2434 3704 Etiterum:
2468 3640 2590 3702 Non
2622 3649 2841 3702 verearis
2864 3652 3021 3718 usque
3058 3650 3127 3702 ad
3161 3658 3372 3703 mortem
3393 3650 3691 3721 justiﬁcari.

2122 3741 2188 3794 Et
2217 3742 2409 3795 iterum
2442 3758 2452 3790 :
2483 3732 2751 3809 Sapientia
2796 3742 2849 3793 in
2895 3741 3033 3793 exitu
3084 3742 3302 3794 canitur.
3332 3743 3541 3809 Quanto
3570 3756 3697 3813 ergo

2121 3833 2241 3903 plus
2263 3833 2588 3903 proficimus,
2616 3836 2766 3887 tanto
2790 3824 2909 3902 plus
2939 3831 3281 3888 humiliemur
3308 3850 3321 3889 :
3348 3836 3465 3903 quia
3499 3844 3697 3904 quanto

2123 3920 2241 3995 plus
2276 3914 2537 3978 humilitati
2587 3924 2867 3988 fuerinIus,
2900 3928 3045 3978 tanto
3076 3923 3304 3991 amplius
3335 3926 3694 3994 proﬁciemus.

2122 4008 2308 4070 Nu‘lus
2332 4015 2405 4068 illi
2433 4016 2615 4070 senior
2652 4012 2761 4070 iam
2810 4014 3054 4070 indoctus
3106 4018 3392 4085 appareat,
3426 4024 3484 4069 ut
3514 4025 3695 4085 putet,

2122 4104 2261 4177 quod
2291 4110 2394 4159 non
2427 4106 2615 4161 deccat
2642 4104 2967 4173 obedientia,
3002 4110 3121 4175 quae
3151 4104 3319 4159 Deum
3364 4104 3571 4169 decuit;
3603 4104 3697 4159 hu-

2124 4198 2325 4254 militas
2352 4200 2492 4253 enim
2543 4202 2703 4269 atque
2733 4196 3036 4253 obedientia
3085 4199 3137 4253 in
3180 4197 3481 4268 junioribus
3526 4198 3698 4254 adhuc

2124 4290 2432 4357 necessitas,
2488 4291 2539 4351 in
2579 4290 2879 4346 Senioribus
2903 4284 3013 4359 jam
3044 4289 3268 4360 dignitas
3302 4299 3399 4346 est.
3437 4290 3533 4346 ille
3563 4291 3698 4348 bene

2126 4380 2354 4452 proiicit,
2386 4370 2483 4437 ille
2506 4382 2643 4437 bene
2671 4386 3025 4448 consummat,
3056 4383 3145 4453 qui
3188 4382 3421 4453 quotidie
3448 4382 3522 4438 sic
3551 4383 3695 4453 agit,

376 4522 391 4529 -
448 4475 695 4530 libertate
722 4473 887 4530 variis
924 4451 1161 4544 partibus
1192 4451 1711 4545 rapiantur,vsa:pius
1746 4484 1921 4533 tamen
1950 4479 2017 4533 ad
2045 4451 2099 4513 Ῑ)
2124 4451 2276 4545 quasi
2309 4490 2521 4544 semper
2569 4470 2805 4544 incipiat.
2841 4451 3509 4557 Quamolirem'augmenta
3534 4451 3697 4530 meri-

358 4613 385 4643 ﬁ.
442 4578 568 4618 cara
598 4564 694 4617 sibi
727 4562 841 4620 loca
867 4566 1095 4634 quodam
1150 4565 1415 4623 deSiderio
1462 4574 1844 4635 revertuntur;
1874 4578 1929 4625 et
1964 4579 2021 4627 tu

385 4702 389 4707 .
446 4654 723 4710 intellectu
754 4657 1036 4725 praeditus,
1088 4658 1294 4714 ratione
1322 4661 1590 4728 munitus,
1625 4661 1697 4716 ita
1748 4662 2016 4718 interdum

443 4762 605 4805 sensu
653 4749 862 4805 alienus
906 4748 1170 4816 olfeceris,
1222 4759 1281 4805 ut
1312 4752 1563 4820 praeferas
1594 4753 1687 4808 Dei
1743 4755 2019 4811 beneficiis

375 4884 384 4894 .
443 4841 742 4898 voluntates
766 4840 848 4897 vel
872 4840 1197 4896 intentiones
1226 4848 1365 4909 tuas,
1396 4851 1450 4897 et
1470 4843 1667 4898 diaboli
1694 4846 2014 4903 insinuatio-

374 4973 379 4985 .
442 4946 539 4989 nes
558 4932 801 5002 sequaris
819 4933 831 4984 ε
848 4930 977 5001 quae
1000 4930 1292 5000 quamlibet
1311 4930 1377 4985 ad
1397 4932 1559 4987 duros
1583 4932 1809 4999 labores,
1835 4951 2023 5005 quam-

443 5026 573 5081 libet
593 5025 662 5081 ad
699 5024 888 5081 salutis
915 5022 1189 5095 naufragia
1214 5031 1373 5093 atque
1403 5027 1595 5079 animae
1621 5024 1939 5082 detrimenta
1969 5037 2019 5082 te

440 5116 668 5186 rapiant,
720 5124 890 5172 totum
935 5114 1036 5169 hoc
1090 5128 1201 5184 prae
1252 5114 1415 5169 nimia
1472 5112 1649 5169 cordis
1708 5115 2019 5184 indignitate

440 5224 546 5263 non
578 5209 777 5265 sentis!
812 5208 1075 5279 Tempore
1119 5209 1260 5263 enim
1306 5207 1667 5273 discessionis,
1702 5207 1862 5263 multa
1894 5224 2019 5279 pro-

443 5301 604 5355 mittit
653 5300 919 5367 iuimicus,
965 5310 1015 5355 te
1046 5300 1155 5355 illic
1183 5314 1290 5369 quo
1321 5300 1514 5366 tendis,
1550 5300 1806 5369 majorem
1839 5302 2015 5370 proic-

440 5400 605 5456 ctum,
636 5391 857 5445 multam
884 5392 1109 5461 gratiam
1155 5402 1315 5461 atque
1364 5392 1601 5447 omnium
1640 5408 1815 5447 rerum
1846 5393 2010 5447 abun-

444 5470 676 5536 dantiam
710 5490 1064 5550 reperturum,
1096 5495 1157 5535 ac
1204 5494 1254 5538 te
1292 5493 1538 5555 tanquam
1571 5486 1815 5555 angelum
1847 5487 2017 5540 susci-

444 5574 717 5646 piendum.
753 5575 814 5627 Et
839 5582 954 5643 post
979 5564 1092 5620 ita-’0
1117 5587 1129 5636 ;
1156 5572 1371 5643 quando
1401 5578 1668 5633 anxietate
1702 5578 1935 5647 repletus
1963 5587 2015 5634 et

444 5677 571 5746 pace
602 5662 847 5733 nudatus,
885 5661 1151 5744 proiectus
1183 5666 1254 5719 tui
1281 5667 1512 5726 studium
1543 5677 1595 5729 ct
1628 5681 1838 5731 sacrum
1872 5670 2009 5733 ovile

2127 4578 2298 4623 torum
2333 4566 2673 4622 incitamenta
2705 4582 2823 4621 esse
2852 4567 3206 4637 perfecturum
3250 4567 3523 4637 seriptura
3572 4582 3696 4637 pro-

2123 4659 2353 4713 nuntiat.
2404 4657 2479 4711 De
2511 4656 2594 4711 his
2633 4672 2761 4709 vero
2790 4654 2881 4724 qui
2921 4654 3045 4711 dum
3094 4658 3293 4727 primas
3352 4659 3700 4729 negiigcntias

2123 4749 2556 4820 praetermittunt,
2588 4746 2638 4799 in
2670 4745 2801 4799 alias
2817 4752 2975 4813 atque
2998 4746 3127 4802 alias
3156 4762 3369 4817 semper
3399 4748 3698 4813 incurrunt,

2122 4840 2190 4893 ita
2222 4840 2295 4892 ait
2337 4856 2348 4891 :
2382 4836 2624 4889 Peccator
2673 4834 2851 4906 adjicit
2882 4836 2952 4888 ad
2979 4838 3327 4902 peccandum;
3358 4838 3423 4893 de
3463 4838 3699 4908 perfecto

2122 4947 2248 4986 vero
2263 4931 2485 4985 dicitur:
2510 4930 2575 4982 Et
2601 4940 2805 4983 sanctus
2831 4929 3000 4984 adhuc
3032 4933 3392 5000 sanctiﬁcetur.
3414 4932 3699 4987 Videamus

2122 5025 2266 5094 prius
2296 5025 2524 5093 primum
2544 5064 2557 5087 ,
2590 5012 2715 5094 quid
2751 5031 2865 5077 est:
2906 5014 3151 5077 Peccator
3180 5026 3357 5094 adjicit
3392 5024 3461 5075 ad
3490 5040 3699 5091 peccan~

2122 5117 2260 5171 dum.
2298 5115 2452 5170 Verbi
2480 5110 2669 5189 gratia,
2703 5114 3007 5184 cujuslibet,
3031 5116 3085 5168 ut
3118 5124 3237 5183 puta
3267 5115 3693 5182 obtrectationis,

2123 5207 2298 5278 passio
2337 5206 2382 5260 si
2414 5221 2499 5260 me
2527 5204 2837 5275 impugnare
2881 5207 3106 5275 ceperit,
3148 5207 3191 5260 si
3242 5222 3345 5259 nou
3402 5207 3576 5261 statim
3610 5222 3697 5262 me

2125 5297 2397 5370 poeuitudo
2427 5297 2585 5367 hujus
2631 5298 2741 5353 vitii
2771 5298 3014 5368 cmperit,
3047 5314 3165 5353 cras
3206 5306 3346 5354 tanta
3379 5298 3509 5353 mihi
3543 5299 3699 5367 hujus

2121 5392 2232 5447 vitii
2265 5386 2487 5446 facilitas
2517 5391 2697 5445 veniet
2746 5398 2797 5446 et
2826 5392 3067 5459 quandam
3100 5392 3181 5450 (ut
3207 5393 3284 5446 sic
3305 5390 3552 5459 dixerim)
3578 5404 3699 5442 sua-

2122 5487 2278 5553 vitas,
2302 5492 2363 5539 ut
2390 5498 2639 5539 revocare
2661 5500 2744 5539 me
2770 5482 2836 5539 ab
2867 5483 2954 5537 illo
2981 5494 3031 5539 et
3057 5486 3330 5539 continere
3350 5497 3454 5536 non
3476 5481 3694 5551 possim.

2125 5579 2197 5632 ita
2228 5578 2369 5632 enim
2400 5576 2685 5639 evenit,-ut
2713 5575 2802 5644 qui
2832 5575 3003 5644 primo
3032 5586 3269 5643 tempore
3309 5573 3597 5628 emendare
3640 5589 3698 5628 se

2123 5670 2275 5737 nolit,
2309 5670 2525 5747 incipiat
2548 5669 2598 5727 in
2629 5668 2867 5743 sequenti
2904 5682 2999 5721 nec
3028 5667 3165 5722 velle
3198 5680 3294 5719 nec
3326 5676 3499 5737 posse.
3531 5664 3696 5725 Verbi
