4068 6348
414 350 519 407 887

1417 345 1474 402 S.
1518 342 1761 402 FAUSTI
1804 341 2199 400 RHEGIENSIS
2238 341 2620 401 SERMONES.

3569 338 3674 399 888

414 465 603 535 gratia,
629 462 895 533 superbiae
923 460 1263 530 acquiescere
1300 458 1461 528 ccepi,
1496 457 1737 528 regulam
1768 455 1986 521 violavi,
2017 456 2073 516 Α
2096 455 2386 527 Evangelio
2431 457 2727 524 denuntiat,
2769 457 2955 513 dicens
2984 473 2996 509 :
3032 454 3203 511 Filius
3242 454 3464 510 hominis
3499 467 3674 509 ventu-

415 558 680 612 seniorem
713 552 1135 621 l:esi,juniorem
1166 550 1408 605 destruxi
1442 567 1452 600 :
1493 550 1538 604 si
1566 563 1671 604 non
1701 548 1883 603 statim
1912 560 1998 601 me

415 647 664 715 paenituit
689 644 922 712 graviter
948 656 1033 696 me
1061 642 1225 696 fuisse
1253 650 1583 710 praeventum
1604 680 1619 705 ,
1642 640 1753 709 jam
1800 637 1866 692 de
1910 636 1997 691 die

416 740 467 793 in
502 739 643 792 diem
672 733 1021 790 libentissime
1050 748 1138 788 me
1161 734 1333 802 rapiet
1359 732 1472 802 ipsa
1494 730 1744 787 violentia
1774 742 2001 784 consue-

416 830 614 886 tudinis
625 838 681 884 et
696 828 927 898 impetus
947 826 1209 895 passionis
1227 866 1242 891 ,
1261 835 1317 880 ut
1334 826 1443 894 jam
1468 840 1566 880 nec
1589 823 1899 893 delinquere
1914 836 2000 876 me

416 920 743 991 intelligam,
775 932 874 973 nec
902 932 1124 987 peccare
1165 931 1251 972 me
1276 916 1533 971 sentiam:
1572 912 1825 970 obscurat
1851 913 1999 969 enim

418 1022 582 1083 atque
616 1011 793 1067 obruit
814 1009 1146 1065 intellectum
1168 1010 1344 1065 delicti
1378 1007 1662 1064 assiduitas
1687 1008 2002 1077 delinquen-

419 1102 495 1157 di.
530 1103 741 1157 Etenim
770 1102 843 1155 ita
869 1116 963 1156 cor
978 1100 1637 1171 negligentisobduratur,
1668 1108 1725 1153 ut
1756 1101 1856 1154 hoc
1883 1099 2000 1168 ipso

420 1194 467 1248 si
494 1208 603 1247 non
633 1207 691 1247 se
718 1190 983 1257 humiliet,
1018 1191 1065 1246 si
1108 1206 1211 1247 non
1245 1190 1556 1255 satisfaciat,
1590 1190 1875 1259 praeposito
1904 1203 2001 1243 suo

422 1298 621 1338 nocere
649 1297 707 1339 se
735 1282 940 1345 credat,
967 1282 1186 1348 insuper
1216 1291 1271 1336 et
1300 1282 1521 1337 insultet
1548 1291 1601 1337 et
1628 1282 1797 1337 dicat:
1830 1282 2000 1347 Quam

423 1380 730 1428 constanter
750 1371 827 1426 illi
863 1371 1060 1435 restiti,
1085 1386 1242 1437 quam
1266 1370 1402 1426 bene
1425 1385 1530 1426 non
1551 1371 1810 1441 acquievi,
1835 1386 2005 1440 quan-

424 1469 478 1516 ta
508 1460 829 1517 auctoritate
859 1461 1133 1528 respondi,
1163 1462 1381 1530 putabat
1409 1462 1551 1533 quod
1580 1478 1664 1518 me
1685 1478 1900 1531 semper
1925 1463 2003 1518 illi

423 1552 709 1607 humiliare
737 1552 988 1607 deberem
1013 1552 1035 1604 ?
1063 1553 1215 1620 Quod
1260 1554 1349 1622 qui
1378 1553 1524 1622 facit,
1558 1554 1775 1609 diabolo
1806 1568 1864 1609 se
1895 1566 2002 1608 tra-

425 1641 627 1696 didisse
655 1649 888 1723 constat,
911 1643 1002 1711 qui
1023 1642 1089 1696 de
1118 1642 1394 1697 hominum
1424 1644 1565 1699 vitiis
1587 1656 1641 1698 et
1668 1645 2003 1713 passionibus

426 1742 480 1788 et
509 1735 810 1803 perditione
856 1737 1085 1803 laetatur,
1126 1747 1179 1792 et
1236 1738 1500 1806 ejusmodi
1542 1740 1733 1793 animm
1788 1742 2000 1796 eveniet

429 1824 523 1878 illa
552 1816 815 1881 sententia
844 1845 856 1880 :
886 1825 1133 1883 Peccator
1171 1830 1349 1900 adjicit
1380 1831 1445 1883 ad
1475 1830 1809 1899 peccandum.
1834 1831 2002 1897 Quam

428 1928 528 1967 nos
556 1912 900 1984 refugientes,
949 1916 1090 1971 illam
1143 1920 1321 1985 potius
1368 1928 1643 1975 teneamus
1686 1936 1805 1991 quce
1841 1922 1998 1988 dicit,

427 2014 475 2058 et
499 2016 711 2059 sanctus
751 2006 922 2060 adhuc
962 2008 1339 2076 sanetiﬁcetur;
1385 2019 1441 2063 ut
1472 2010 1707 2079 quotidie
1745 2011 2004 2067 addamus

433 2096 647 2165 merita,
676 2111 776 2152 nec
801 2096 869 2152 de
898 2098 1053 2152 nobis
1086 2098 1287 2168 aliquid
1318 2087 1723 2170 praesumamus,
1756 2104 1875 2172 quia
1910 2104 2004 2159 Dei

431 2188 517 2242 est
546 2202 706 2242 omne
731 2187 874 2257 quod
907 2203 1109 2243 sumus.
1160 2188 1341 2244 Simus
1392 2192 1568 2259 itaque
1612 2192 1665 2246 in
1705 2206 1867 2262 opere
1912 2194 2006 2249 Dei

395 2266 405 2345 ξ
428 2280 802 2335 indeficientes
824 2291 1042 2351 pr0pter
1063 2291 1318 2336 aeternam
1338 2284 1763 2356 retributionem,
1798 2297 1850 2343 et
1874 2304 2006 2357 quo-

435 2372 567 2426 tidie
594 2371 663 2427 ad
690 2373 915 2427 meliora
939 2372 1242 2428 tendamus.
1270 2374 1383 2442 Ipsa
1411 2377 1553 2431 enim
1574 2379 2006 2447 apprehendendi

430 2461 679 2528 aviditas,
714 2463 826 2531 ipsa
856 2462 1190 2518 consuetudo
1221 2464 1530 2532 proﬁciendi
1572 2482 1786 2536 semper
1814 2483 1912 2523 nos
1940 2470 2007 2523 ad

432 2556 635 2623 majora
683 2566 956 2624 provocet,
989 2564 1043 2610 et
1094 2553 1184 2609 ubi
1230 2557 1429 2613 viderit
1476 2560 1616 2614 Deus
1667 2560 2007 2616 devotionem
2060 2604 2061 2607 η

433 2647 647 2713 animm,
685 2649 1048 2707 ardentiorem
1095 2653 1385 2708 insinuabit
1424 2653 1703 2717 affectum;
1730 2662 1782 2708 et
1811 2661 2011 2723 quanto

434 2751 535 2791 nos
558 2741 850 2795 arserimus
877 2742 1242 2811 adstudium,
1280 2754 1430 2799 tanto
1472 2744 1563 2800 ille
1597 2754 1831 2814 apponet
1861 2744 2007 2813 adju-

435 2830 663 2896 torium;
714 2843 912 2902 quanto
965 2850 1062 2891 nos
1112 2838 1523 2906 apposuerimus
1552 2837 1617 2891 ad
1647 2837 2006 2907 diligentiam,

436 2931 586 2979 tanto
615 2925 705 2980 ille
735 2926 899 2982 addet
928 2928 993 2982 ad
1018 2928 1261 2998 gloriam.
1291 2930 1388 2996 Qui
1415 2932 1583 2996 habet,
1609 2932 1812 2986 dabitur
1838 2932 1935 2999 illi,
1963 2936 2011 2987 et

436 3017 875 3086 superabundabit
899 3019 1109 3091 (Matth.
1138 3023 1285 3091 xm);
1316 3031 1371 3077 et
1391 3022 1629 3079 alioloco
1661 3024 1821 3078 dicit:
1854 3023 2011 3078 Posui

436 3106 751 3178 adjutorium
780 3126 932 3180 super
961 3120 1233 3180 potentem.
1256 3114 1437 3168 Gratia
1470 3130 1596 3183 ergo
1626 3114 1693 3169 de
1717 3116 1888 3183 gratia
1918 3130 2009 3168 na-

2100 565 2188 602 rus
2218 559 2293 601 est
2324 548 2377 600 in
2411 549 2578 619 gloria
2617 564 2730 622 sua,
2753 564 2867 602 cum
2890 548 3085 618 angelis
3111 548 3238 615 suis,
3271 557 3318 601 et
3356 558 3477 600 tunc
3498 546 3674 600 reddet

2102 640 2374 709 unicuique
2399 640 2675 694 secundum
2709 655 2863 708 opera
2890 655 2984 692 sua
3016 637 3231 709 (Matth.
3272 653 3381 702 xw,
3406 636 3519 708 Π).
3546 637 3675 692 Dili-

2101 742 2310 803 genter,
2342 747 2544 801 quaeso,
2590 732 2867 796 attendite,
2915 730 3108 786 fratres
3146 730 3432 795 carissimi,
3468 739 3523 785 et
3558 745 3673 784 me-

2102 840 2223 879 cum
2256 826 2458 894 pariter
2485 823 2852 892 expavescite;
2885 824 3005 890 quia
3029 839 3136 879 non
3159 823 3289 878 dicit
3316 822 3456 893 quod
3488 822 3675 878 reddet

2102 916 2388 985 unicuique
2408 915 2701 971 secundum
2735 913 3154 969 misericordiam
3179 927 3353 981 suam,
3381 911 3475 967 sed
3501 929 3676 966 secun-

2104 1006 2225 1060 dum
2254 1022 2407 1077 opera
2435 1022 2547 1059 sua.
2574 1005 2684 1071 illic
2715 1004 2858 1060 enim
2890 1016 2973 1059 est
3005 1004 3344 1069 misericors;
3379 1003 3449 1059 ibi
3475 1004 3673 1073 justus.
3727 1022 3731 1025 τ

2102 1098 2233 1153 Nam
2256 1097 2394 1167 quod
2420 1097 2598 1157 statim
2622 1110 2725 1149 non
2757 1098 2806 1149 in
2843 1105 3150 1164 peccatores
3182 1104 3207 1131 ⁸
3238 1095 3444 1149 vin.....
3472 1095 3677 1164 patien-

2105 1188 2175 1243 tia
2204 1196 2305 1253 est,
2332 1202 2437 1241 non
2468 1185 2811 1255 negligentia.
2834 1185 2948 1240 Non
2974 1186 3062 1241 ille
3090 1186 3321 1252 potentia
3355 1185 3559 1253 perdit;
3585 1184 3707 1243 sed'

2105 1299 2203 1337 nos
2253 1282 2319 1336 ad
2352 1281 2718 1352 paenitentiam
2757 1280 3066 1335 reservavit.
3102 1278 3250 1335 Unde
3281 1279 3448 1349 magis
3483 1278 3679 1334 timen-

2103 1375 2231 1430 dum
2279 1383 2363 1429 est
2404 1388 2472 1428 ne
2508 1383 2710 1442 quanto
2748 1371 2950 1427 diutius
2988 1379 3262 1441 exspectat
3292 1382 3351 1425 ut
3385 1385 3679 1442 cessemus,

2106 1477 2253 1521 tanto
2281 1466 2491 1536 gravius
2517 1464 2756 1529 damnet,
2785 1464 2827 1517 si
2851 1462 3138 1518 emendare
3168 1460 3516 1516 uoluerimus.
3546 1461 3680 1518 Cum

2106 1557 2220 1611 haec
2257 1556 2327 1610 ita
2360 1555 2493 1623 sint,
2534 1554 2675 1609 scire
2715 1562 2769 1608 et
2797 1552 3095 1623 intelligere
3131 1552 3413 1617 debemus,
3460 1551 3675 1617 fratres,

2108 1649 2243 1705 nihil
2272 1649 2425 1703 nobis
2452 1661 2571 1702 esse
2593 1646 2860 1701 salubrius
2881 1659 3038 1714 quam
3068 1652 3129 1698 ut
3151 1643 3417 1699 damnatis
3448 1644 3681 1699 omnium

2108 1744 2449 1813 prtesentium
2480 1755 2658 1795 rerum
2692 1738 3072 1807 voluptatibus,
3098 1737 3150 1791 id
3171 1738 3345 1808 potius
3363 1738 3681 1807 cogitemus,

2108 1834 2323 1906 quando
2352 1834 2554 1898 erimus
2583 1832 2649 1886 de
2673 1832 2774 1885 hoe
2814 1830 3010 1884 saeculo
3036 1828 3336 1892 transituri,
3364 1830 3449 1885 vel
3474 1829 3686 1900 quando

2110 1928 2511 1986 tabernaculum
2551 1924 2722 1982 nostri
2770 1923 3035 1991 corporis.
3080 1922 3272 1977 ultimo
3297 1922 3385 1977 die
3424 1937 3685 1993 superve-

2109 2021 2309 2085 niente,
2332 2016 2647 2088 deposituri,
2676 2023 2731 2071 et
2757 2014 2947 2097 iterum
2973 2012 3099 2067 illud
3127 2012 3533 2067 resurrectionis
3555 2020 3686 2067 tem~

2112 2129 2241 2184 pore
2263 2111 2546 2180 recepturi,
2572 2119 2631 2164 ut
2656 2124 2775 2164 cum
2797 2109 2987 2164 eodem
3010 2106 3354 2177 recipiamus,
3389 2115 3547 2176 prout
3566 2121 3684 2176 ges-

2112 2208 2303 2272 simus,
2332 2204 2447 2260 sive
2488 2203 2713 2270 bonum,
2749 2202 2860 2261 sive
2889 2200 3105 2254 malum.
3151 2197 3222 2254 Et
3248 2198 3372 2253 ideo
3410 2212 3542 2268 rogo
3571 2213 3685 2264 vos,

2114 2298 2330 2364 fratres,
2356 2305 2416 2351 ut
2449 2295 2762 2365 cogitemus,
2797 2292 2980 2361 quales
3023 2292 3225 2346 erimus
3270 2290 3323 2344 in
3365 2290 3453 2343 die
3497 2288 3679 2358 judicii

2116 2388 2414 2458 purissimis
2448 2385 2763 2457 angelorum
2812 2382 3181 2452 conspectibus
3217 2380 3495 2437 oﬂ’erendi.
3523 2390 3578 2436 et
3612 2395 3687 2436 az-

2117 2490 2269 2536 terno
2297 2478 2470 2547 Judici
2510 2478 2772 2533 rationem
2823 2474 2890 2529 de
2930 2474 3084 2528 libris
3126 2472 3471 2528 conscientia:
3509 2470 3687 2527 reddi-

2118 2572 2239 2626 turi.
2274 2570 2515 2625 Remotis
2544 2569 2685 2624 enim
2723 2567 2973 2623 omnibus
3003 2563 3430 2635 probationibus,
3479 2573 3685 2619 certum

2108 2664 2197 2718 ‘est
2240 2663 2294 2717 in
2338 2662 2479 2717 diem
2524 2661 2673 2715 illum
2701 2661 2873 2730 ipsum
2910 2665 3035 2712 ante
3076 2669 3134 2711 se
3182 2654 3453 2709 hominem
3494 2654 3688 2708 consti«

2116 2734 2389 2816 tuenduin,
2416 2761 2471 2806 et
2496 2752 2665 2821 ipsam
2688 2750 2789 2804 sibi
2811 2749 3042 2805 animam
3065 2746 3116 2800 in
3147 2746 3330 2801 cordis
3354 2744 3574 2814 spec'ulo
3592 2745 3687 2801 de-

2116 2843 2539 2909 monstrandam,
2569 2852 2623 2896 ct
2653 2851 2816 2896 testes
2846 2848 3032 2895 contra
3064 2853 3181 2894 eam
3213 2852 3319 2901 non
3346 2837 3562 2893 aliunde
3589 2837 3690 2893 de-

2116 2936 2265 3000 foris,
2294 2934 2390 2990 sed
2420 2935 2563 2988 intus
2591 2933 2657 2987 de
2679 2933 2791 3001 ipsa
2819 2931 3180 3001 proferentur,
3204 2927 3499 2999 adjicienda
3533 2936 3691 2984 erunt

2118 3045 2221 3084 non
2255 3029 2430 3099 aliqua
2464 3029 2772 3097 peregrina,
2804 3024 2896 3079 sed
2929 3024 3150 3078 nimium
3196 3030 3320 3077 nota
3357 3018 3684 3086 testin'tonia,

2116 3119 2168 3174 id
2195 3129 2297 3185 est,
2327 3132 2488 3187 opera
2540 3131 2654 3181 sua,
2701 3114 3087 3169 ordinabuntur
3129 3120 3254 3167 ante
3287 3112 3546 3166 infelicem
3577 3112 3688 3171 ani-

437 3200 627 3279 scitur,
662 3209 715 3254 et
744 3202 1013 3268 profectus
1045 3204 1370 3272 profectibus
1389 3207 1647 3269 serviunt,
1673 3206 1815 3260 lucra
1848 3207 2011 3263 lucris
2038 3182 2085 3246 δ
2119 3225 2257 3265 mam
2284 3182 2495 3279 peccata
2521 3206 2601 3262 vel
2630 3205 2854 3259 crimina
2883 3219 2999 3269 sua,
3030 3213 3088 3257 ut
3112 3218 3231 3257 eam
3252 3200 3543 3258 confundat
3564 3215 3692 3271 pro-

437 3300 493 3345 et
518 3292 708 3346 merita
738 3294 941 3347 meritis
966 3295 1140 3348 locum
1170 3296 1368 3349 faciunt
1395 3313 1409 3349 :
1444 3306 1499 3351 ut
1526 3306 1724 3366 quanto
1752 3300 1869 3368 plus
1897 3300 2016 3368 quis

436 3383 715 3450 acquirere
742 3385 989 3451 coeperit,
1026 3392 1174 3438 tanto
1215 3386 1333 3453 plus
1365 3398 1591 3442 conetur
1620 3391 1930 3458 acquirere;
1962 3402 2016 3447 et

438 3483 641 3542 quanto
669 3474 873 3528 avidius
932 3477 1000 3530 de
1054 3477 1329 3544 sapientiae
1377 3479 1530 3535 bonis
1580 3480 1838 3547 hauserit,
1871 3493 2016 3539 tanto

440 3565 561 3631 plus
592 3564 809 3619 haurire
836 3566 1149 3623 desideret?
1179 3569 1315 3624 sicut
1341 3570 1455 3641 ipsa
1479 3571 1545 3627 de
1575 3586 1634 3627 se
1664 3572 1895 3643 loquitur
1920 3573 2017 3631 Sa-

439 3656 638 3726 pientia
670 3675 682 3709 :
717 3655 816 3721 Qui
857 3658 1010 3710 edunt
1049 3675 1129 3713 me
1170 3659 1341 3714 adhuc
1384 3665 1600 3717 esuriem
1627 3662 1794 3734 (Eccl.
1846 3666 2011 3737 xxiv).

444 3754 741 3824 Urgeamus
784 3770 999 3810 cursum
1022 3767 1285 3825 nostrum,
1318 3766 1376 3813 ut
1404 3768 1609 3815 crescat
1641 3759 1695 3815 in
1723 3762 2015 3816 novissimo

438 3847 547 3900 vita
573 3854 776 3901 nostra.
808 3849 1120 3915 Quaeramus
1176 3865 1345 3919 usque
1374 3851 1428 3905 in
1478 3854 1671 3922 finem,
1717 3854 1855 3910 unde
1898 3856 2014 3909 sine

437 3938 545 3993 fine
577 3940 807 4007 gaudere
848 3954 1172 3995 mereamur.
1222 3941 1329 3998 Sed
1370 3952 1521 4009 esto,
1570 3960 1676 4001 non
1731 3961 2013 4016 possumus

438 4043 689 4084 exercere
715 4030 958 4098 corporis
998 4031 1230 4098 labores,
1279 4034 1614 4091 conferamus
1639 4051 1737 4091 nos
1759 4038 1824 4091 ad
1856 4040 2014 4106 Spiri-

441 4119 658 4173 tualium
691 4123 953 4175 bonorum
991 4122 1349 4188 desiderium,
1396 4124 1461 4179 ad
1507 4128 1931 4195 compunctionis
1959 4138 2012 4183 ct

437 4211 676 4265 caritatis
715 4221 1076 4280 augmentum.
1117 4211 1175 4266 Si
1197 4213 1435 4280 quotidie
1459 4217 1510 4267 in
1534 4216 1785 4271 cordibus
1815 4219 2012 4272 nostris

436 4300 782 4369 disponamus
813 4314 1089 4364 ascensus,
1120 4300 1266 4355 nulla
1302 4303 1635 4369 infirmitate,
1686 4307 1826 4360 nulla
1857 4314 2011 4363 mtat‘e

436 4392 623 4446 lassari
654 4400 895 4460 possunt'
922 4400 1129 4444 mentes
1150 4432 1165 4456 ,
1200 4401 1256 4445 ut
1286 4393 1649 4460 Spirituah'bus
1692 4397 2010 4465 quibusdam

435 4480 691 4550 gradibus
736 4479 1027 4534 ascendere
1075 4495 1378 4535 mereamur
1408 4482 1474 4536 ad
1506 4486 1762 4551 promissa
1800 4486 2011 4540 Domini

2120 3301 2286 3367 batio,
2328 3308 2381 3355 et
2418 3298 2710 3353 confundat
2757 3296 2980 3365 agnitio,
3029 3293 3321 3348 secundum
3371 3292 3501 3346 illud
3547 3291 3691 3362 quod

2118 3393 2370 3462 scriptum
2404 3398 2485 3443 cst
2517 3408 2528 3440 :
2560 3389 2787 3458 Arguam
2823 3396 2889 3451 te,
2924 3395 2967 3439 ct
2990 3394 3217 3439 statuam
3260 3384 3405 3437 illam
3454 3396 3569 3438 ante
3607 3385 3688 3449 fa-

2090 3538 2100 3551 γ,
2117 3485 2243 3535 ciem
2266 3491 2402 3533 tuam
2433 3478 2603 3550 (Psal.
2623 3493 2767 3541 xux,
2788 3476 2847 3531 2|
2864 3478 2901 3544 ).
2932 3475 3244 3545 Quicunque
3265 3490 3325 3529 se
3359 3473 3541 3538 modo,
3564 3473 3688 3527 dum

2118 3574 2260 3637 licet,
2287 3569 2575 3626 emendare
2597 3568 2915 3634 neglexerit,
2949 3568 3072 3622 ante
3105 3567 3249 3620 illum
3279 3566 3556 3621 cmlest'em
3594 3570 3708 3633 po-'

2120 3665 2300 3735 pulum
2334 3663 2560 3730 primum
2593 3668 2911 3727 excepturus
2941 3667 3024 3713 est
3052 3657 3119 3711 de
3146 3650 3462 3711 confusione
3486 3654 3690 3724 suppli-

2118 3759 2279 3821 cium,
2310 3764 2362 3813 et
2392 3755 2591 3817 anima,
2623 3767 2743 3823 quae
2789 3751 2947 3806 modo
2979 3766 3073 3819 per
3108 3749 3499 3818 paenitentiam,
3551 3762 3691 3803 com-

2119 3850 2424 3919 pendiosam
2446 3847 2875 3910 transactionem,
2901 3848 3237 3911 peccatorum
3264 3839 3570 3909 putredines
3594 3855 3689 3894 cu-

2116 3958 2235 3997 rare
2256 3940 2578 4002 dissimulat,
2608 3946 2733 3990 ante
2760 3935 2888 3990 illud
2912 3934 3140 3989 tribunal
3172 3930 3540 3997 metuendum,
3573 3932 3690 3986 sine

2117 4036 2226 4090 ullo
2252 4033 2487 4087 remedio
2518 4032 2572 4085 in
2598 4041 2857 4100 perpetup
2896 4028 3177 4082 vulnerata
3218 4025 3539 4081 remanebit.
3569 4024 3616 4080 Ο
3643 4026 3687 4080 si

2113 4128 2220 4195 jam
2251 4140 2391 4179 nunc
2423 4124 2613 4178 faciem
2637 4121 2934 4189 peccatoris
2960 4120 3152 4173 animii-
3181 4119 3368 4171 liceret
3386 4116 3553 4172 oculis
3569 4130 3690 4170 cor-

2116 4218 2197 4271 dis
2225 4225 2315 4269 aut
2340 4214 2579 4281 corporis
2623 4211 2838 4273 intueri,
2870 4218 2922 4263 et
2962 4209 3308 4264 conscientiae
3334 4216 3532 4262 nostrae
3552 4206 3687 4275 {vul-

2118 4316 2226 4360 tum
2262 4306 2312 4359 iu
2360 4303 2632 4357 oculorum
2678 4299 3009 4370 prmscntiam
3054 4297 3480 4367 permitteremus
3522 4293 3687 4347 addu-

2116 4398 2264 4451 cere!
2294 4394 2534 4462 Quodsi
2568 4394 2693 4447 licet
2730 4406 2827 4445 nec
2855 4390 2959 4445 dici
3009 4397 3217 4456 potest,
3250 4395 3448 4457 quanto
3485 4384 3683 4449 studio,

2116 4497 2417 4556 quantoque
2458 4485 2598 4539 metu
2628 4497 2936 4555 urgeremus
2968 4479 3162 4535 foedata
3192 4492 3537 4547 componere,
3575 4489 3688 4529 ma-

435 4570 604 4625 nostri
630 4571 759 4625 Jesu
799 4569 1019 4635 Christi,
1071 4572 1157 4628 cui
1188 4581 1271 4627 est
1300 4572 1493 4640 honor,
1526 4574 1698 4629 virtus
1719 4584 1773 4629 et
1818 4577 2005 4644 gloria,
2034 4544 2088 4604 Β
2114 4579 2287 4634 culata
2313 4588 2541 4646 tergere,
2572 4576 2845 4628 vulnerata
2875 4587 3085 4627 curare.
3116 4569 3240 4625 ideo
3276 4569 3398 4639 quia
3429 4582 3534 4622 non
3563 4580 3687 4635 pos-

435 4659 670 4730 potentia
696 4669 751 4714 et
779 4660 1013 4727 claritas,
1047 4672 1103 4717 et
1140 4663 1566 4733 magnificentia,
1602 4673 1658 4719 et
1701 4665 2006 4735 imperium,

435 4758 489 4805 et
530 4765 695 4816 nunc,
723 4758 778 4807 et
806 4764 1039 4821 semper,
1063 4760 1118 4809 et
1146 4752 1200 4808 in
1227 4764 1421 4810 cuncta
1451 4755 1648 4810 saecula
1671 4758 2014 4812 saeculorum.

433 4842 627 4896 Amen.

1017 4935 1247 4991 SERMO
1286 4937 1421 4991 Vill.
1444 4938 1448 4948 '

937 5027 1032 5090 (Ex
1060 5027 1272 5079 Henrico
1294 5029 1526 5091 Canisio.)

503 5121 681 5186 Modo,
716 5120 910 5177 fratres
936 5123 1221 5187 carissimi,
1248 5139 1371 5179 cum
1403 5124 1583 5179 divina
1622 5126 1776 5182 lectio
1807 5128 2010 5197 legere-

433 5222 540 5279 tur,
578 5213 875 5268 audivimus
910 5214 1123 5269 beatum
1152 5216 1465 5283 Apostolum
1498 5218 1804 5274 terribiliter
1833 5237 1931 5276 nos
1958 5228 2013 5275 et

433 5306 720 5362 salubriter
750 5306 1145 5362 admonentem.
1184 5308 1273 5362 Sic
1301 5312 1447 5362 enim
1489 5309 1562 5363 ait
1593 5327 1604 5361 :
1640 5311 1825 5366 Omnes
1851 5314 2011 5367 mani-

433 5398 611 5469 [ρειανί
640 5408 835 5469 oportet
869 5408 988 5451 ante
1032 5399 1252 5453 tribunal
1282 5399 1497 5464 Christi,
1549 5413 1602 5455 ut
1634 5402 1820 5471 referat
1849 5422 2005 5460 unus-

431 5491 641 5567 quisque
666 5490 873 5560 propria
904 5493 1149 5561 corporis,
1180 5502 1331 5561 prout
1354 5493 1527 5562 gessit,
1558 5496 1657 5547 sive
1679 5497 1881 5563 bonum,
1906 5498 2007 5549 sive

434 5582 625 5637 malum
689 5579 773 5645 (Il
832 5582 947 5638 Cor.
1014 5584 1123 5653 10).
1184 5585 1359 5651 Quare
1410 5586 1568 5640 etiam
1633 5588 1885 5647 Dominus
1953 5594 2005 5645 in

2116 4686 2298 4726 sumus
2324 4670 2490 4724 oculis
2516 4666 2779 4735 corporis,
2814 4664 3179 4732 inspiciamus,
3206 4661 3259 4715 in
3287 4668 3539 4729 quantum
3564 4670 3687 4727 pos-

2114 4777 2320 4827 sumus,
2364 4759 2533 4814 oculis
2577 4756 2775 4823 cordis,
2826 4764 2880 4810 et
2916 4750 3283 4822 unusquisque
3327 4749 3684 4805 conscientias

2117 4864 2329 4907 nostras
2368 4860 2490 4904 autc
2536 4856 2879 4917 conspectum
2919 4844 3191 4901 interioris
3221 4841 3449 4898 hominis
3483 4839 3685 4895 consti-

2117 4954 2351 5008 tuamus,
2382 4942 2480 5011 ipsi
2503 4940 2857 5007 nosmetipsos
2888 4927 3380 5004 'castigemus,‘ipsi
3410 4945 3507 4986 nos
3535 4943 3686 4987 curaa

2118 5038 2315 5093 tionem
2363 5036 2431 5089 de
2459 5033 2764 5104 quotidiana
2784 5028 3204 5101 :conversatione
3231 5024 3509 5080 faciamus.
3542 5022 3686 5078 Allo-

2118 5141 2307 5200 quatur
2335 5145 2392 5183 se
2423 5126 2477 5182 in
2501 5124 2722 5182 secretis
2746 5135 3073 5192 unaquaeque
3101 5118 3299 5183 anima,
3325 5126 3381 5172 et
3408 5116 3579 5171 dicat:
3599 5113 3686 5167 Vi-

2115 5226 2336 5280 deamus
2361 5224 2406 5276 si
2438 5221 2574 5275 hanc
2601 5220 2740 5273 diem
2770 5218 2887 5272 sine
2910 5222 3154 5285 peccato,
3187 5212 3304 5267 sine
3332 5210 3550 5276 invidia,
3577 5208 3687 5261 sine

2115 5315 2523 5378 obtrectatione,
2578 5314 2691 5366 sine
2738 5307 3163 5362 murmuratione
3202 5302 3457 5371 transegi.
3499 5299 3688 5355 Videa-

2117 5424 2234 5462 mus
2278 5408 2323 5461 si
2363 5405 2519 5460 hodie
2573 5402 2713 5471 quod
2763 5399 2826 5453 ad
2869 5399 3170 5468 profectum
3220 5397 3412 5451 animae
3463 5393 3687 5463 pertinet

2116 5509 2367 5569 operatus
2397 5512 2511 5551 sum
2550 5512 2562 5547 :
2598 5502 2725 5563 puto
2760 5492 2897 5561 quod
2931 5490 3087 5545 hodie
3126 5490 3382 5545 mentitus
3422 5503 3563 5553 sum,
3596 5500 3687 5554 per

2112 5594 2269 5659 iram,
2292 5589 2377 5645 vel
2411 5584 2891 5657 concupiscentiam
2918 5585 3086 5639 victus
3117 5598 3257 5649 sum,
3294 5595 3392 5639 nec
3413 5579 3572 5636 alicui
3601 5579 3689 5633 bcv‘

507 5779 533 5806 ⁸
558 5771 716 5850 Forte
758 5772 979 5826 vindicta
1019 5772 1298 5839 descendit,
1327 5773 1432 5837 vel,
1476 5773 1716 5840 vindicat,
1752 5773 1833 5829 vel
1874 5774 2071 5845 aliquid
2104 5776 2297 5833 simile.
