2034 3174
170 194 233 224 889-

712 191 814 220 FEIJX
834 192 923 220 PAPA
943 192 986 219 Ill.
1008 190 1275 219 PROLEGOMENA.

1567 145 1583 151 υ
1598 145 1611 151 γι
1622 138 1675 153 ..ι-..⁷

1718 190 1810 220 .890

171 250 267 284 nt-leci,
294 258 344 279 nec
368 258 416 286 per
429 251 552 278 timorent
578 255 685 278 aeterna:
710 250 804 277 mortis
830 250 958 285 ingemui.
974 252 1000 281 Α
1016 250 1076 282 bus,
1090 250 1230 285 omnisque
1244 250 1367 283 refectio,
1384 250 1456 278 nulla
1474 250 1603 278 sentiatur
1611 250 1707 285 jejunii
1724 250 1805 278 lassi-

170 292 236 329 Qnis
253 296 318 323 mibi
341 296 435 324 reddat
452 296 523 323 banc
535 296 617 327 dicm,
641 303 719 330 quam
741 295 864 323 inanibus
882 295 962 323 rebus

172 343 295 378 perdidi,
323 351 404 377 quam
434 343 641 378 cogitationibus
669 342 757 370 noxiis
785 343 962 378 pessimisque

170 388 345 423 consumpsi?
369 388 407 416 Ac
427 388 460 421 si,
477 388 582 419 fratres,
602 387 637 414 de
654 387 780 415 omnibus
794 387 963 422 negligentiis

168 435 270 462 nostris
284 441 508 470 compungamur,
522 434 548 462 in
562 434 707 469 cubilibus,
721 434 747 461 id
760 439 812 468 est,
827 433 854 461 in
874 434 962 462 cordi-

172 480 223 507 bus
239 480 349 512 nostris,
366 480 417 516 ipsi
437 487 486 508 nos
503 481 725 513 condemnemus,
747 479 798 514 ipsi
819 488 869 508 nos
884 487 962 508 accu-

170 534 262 555 semus
281 526 368 554 Judici
384 531 478 554 nostro
498 526 630 561 quotidie,
646 530 674 554 et
692 526 755 553 dum
775 526 802 553 in
818 526 869 553 hac
882 533 963 554 carne

169 579 263 606 sumus
284 576 378 599 contra
400 572 484 607 ipsam
498 579 607 601 carnem
622 571 742 607 quotidie
757 571 889 603 dicamus,
906 571 964 598 vin-

168 625 261 645 camus
279 618 432 645 voluntates
445 622 474 645 et
488 618 652 645 intentiOnes
668 621 784 651 nostras,
807 616 871 644 dum
884 616 963 644 nobis

169 669 274 699 tempus
289 663 354 691 illud
365 663 627 698 exspectatissimttm
639 671 671 691 ac
684 664 868 691 beatissimum
884 663 963 691 felice

168 710 317 738 mutatione
330 715 438 738 internae
454 710 517 738 vita:
531 710 662 738 succedit.
676 710 789 744 Quando
803 710 880 742 illud,
891 709 963 745 quod

168 757 297 784 Dominus
319 756 409 784 dixit:
428 756 461 782 Et
490 761 564 783 erunt
585 757 679 783 similes
702 756 799 792 angelis
815 756 889 791 (Luc.
914 764 961 790 xx,

167 803 232 837 56);
245 809 273 830 et
290 803 385 830 iterum
400 811 405 828 :
423 802 572 838 Tuncjusti
588 801 720 837 fulgebunt
739 802 805 828 sicut
820 801 869 834 sol,
885 803 911 828 in
922 810 962 828 re-

168 857 219 883 gno
235 847 322 874 Patris
337 855 425 874 eorum
441 847 549 880 (Matth.
563 854 621 880 xm,
636 846 692 881 45).
706 847 787 874 Putas
801 846 888 882 qualis
900 851 963 874 tuttc

166 896 219 923 erit
233 894 360 930 splendor
379 895 538 926 animarum,
555 893 662 929 quando
672 894 737 921 solis
752 893 899 921 claritatem
915 893 963 920 ha-

1016 295 1091 327 tudo,
1105 295 1178 322 nulla
1195 295 1319 323 timeatur
1339 296 1380 324 vel
1394 295 1429 324 de
1443 303 1523 324 carne
1538 296 1704 331 inquietudo,
1717 296 1759 323 vel
1773 296 1807 324 do

1016 342 1094 369 hoste
1112 342 1241 375 tentatio;
1261 343 1307 370 sed
1334 343 1488 371 adversario
1509 344 1534 371 in
1558 343 1654 371 inferni
1676 343 1807 378 profunda

1015 389 1125 416 detruso
1145 388 1315 423 perirtlemur
1329 388 1379 416 hac
1394 389 1511 424 primum
1529 389 1664 422 felicitate,
1688 394 1717 416 ut
1741 390 1807 417 inci-

1015 435 1120 469 piamus
1133 441 1183 462 nec
1195 434 1264 462 vello
1284 435 1351 462 ultra
1370 442 1492 469 peccare,
1507 443 1556 463 nec
1571 443 1663 470 posse;
1681 440 1805 463 cessante

1015 480 1087 507 omni
1105 480 1255 515 iniquitate,
1267 480 1338 507 omni
1355 480 1473 514 miscria,
1490 481 1561 508 omni
1577 489 1707 514 maerore;
1719 485 1806 509 totum

1015 525 1180 558 innocentia,
1203 530 1287 553 totum
1304 526 1418 554 felicitas
1436 526 1592 561 possidebit.
1613 527 1718 555 Nullam
1739 527 1807 555 infe-

1015 572 1072 599 rior
1087 572 1235 606 miseriam,
1248 572 1348 600 nullam
1360 571 1465 600 felicior
1477 572 1581 600 timebit
1594 572 1730 607 invidiam,
1743 574 1805 609 quia

1014 619 1149 646 exinanita
1170 622 1198 646 et
1213 619 1321 654 penitus
1334 618 1469 646 exstincta
1489 619 1622 646 transivit.
1640 620 1668 647 In
1680 620 1804 655 'pectori-

1015 665 1065 692 bus
1079 664 1215 693 hominum
1229 666 1331 695 caritas
1344 666 1510 704 angelorum,
1526 666 1622 701 quibus
1633 667 1742 694 admixti
1757 667 1806 694 ho-

1014 710 1100 738 mines
1113 710 1168 745 jam
1183 715 1195 729 ιι
1208 710 1313 739 caelesti
1327 716 1435 746 recepta
1452 719 1542 744 carne,
1558 712 1616 739 sinc
1626 712 1716 740 carnis
1728 713 1805 740 infir—

1014 757 1108 784 mitate
1120 756 1270 791 fulgebunt.
1289 757 1321 784 Et
1342 757 1403 784 ideo
1420 756 1523 784 nullum
1545 757 1657 785 ulterius
1671 759 1805 793 patientur

1014 802 1048 830 de
1063 802 1226 837 sempiterna
1240 803 1347 830 Domini
1368 803 1409 830 sui
1424 803 1523 831 virtute
1542 803 1686 837 fastidium,
1703 805 1805 833 nullum

1013 848 1064 875 sub
1085 848 1198 882 perenni
1214 849 1320 876 laudum
1341 856 1450 876 suarum
1466 849 1648 877 exsultatione
1660 850 1803 878 deiectum.

1015 894 1275 928 llabemtts‘plenam
1298 895 1490 923 beatitudinem
1517 895 1586 923 inter
1605 895 1647 924 illa
1674 896 1804 925 immensa

166 942 241 970 bebit
255 942 299 970 lux
316 949 460 977 corporum
474 949 481 973 ;
498 946 561 968 tunc
576 940 647 968 enim
661 948 721 967 cum
737 939 770 967 ad
786 940 864 967 istam
881 939 962 967 beati—
977 942 1000 972 Β
1015 938 1144 967 beneﬁcia
1166 939 1214 967 Dei
1230 940 1326 972 nostri,
1344 944 1373 967 ut
1394 948 1529 975 nunquam
1543 941 1569 968 in
1585 940 1726 969 referenda
1747 950 1804 977 gra-

171 988 289 1015 tndinem
305 986 470 1020 venerimus,
485 986 558 1013 nulla
569 986 619 1013 erit
634 985 752 1017 tristitia,
766 985 854 1012 nullus
870 985 959 1016 timor,

166 1034 237 1062 nulla
253 1034 405 1066 inﬁrmitas,
423 1032 495 1059 nulla
510 1039 594 1065 mors,
607 1031 697 1058 nttllus
711 1031 788 1058 nobis
801 1030 916 1058 obstabit
927 1030 960 1057 ad

169 1079 338 1108 serviendum
350 1079 405 1109 Deo
422 1084 532 1111 nostro;
545 1077 616 1105 nulla
631 1077 685 1111 jam
701 1076 778 1104 nobis
792 1076 875 1104 stabit
887 1077 961 1103 inlir-

166 1127 257 1159 mitas,
282 1126 355 1154 nulla
374 1124 538 1153 contradicet
564 1124 669 1151 miserae
691 1123 781 1151 carnis
800 1122 960 1155 adversitas,

165 1173 237 1200 nulla
251 1172 293 1199 vel
305 1171 418 1199 ulterius
429 1170 579 1199 remanebit
590 1168 725 1204 pugnandi
738 1168 894 1195 necessitas.
908 1167 961 1195 Ve-

165 1218 232 1251 niet,
248 1218 366 1252 inqttam,
380 1221 485 1252 tempus
505 1215 613 1251 quando
626 1214 716 1242 nullus
734 1212 903 1241 desideretur
926 1213 960 1240 ci-

202 1289 215 1302 ³
229 1284 289 1318 Ms.,
305 1285 328 1311 si
339 1284 455 1311 celestis.

167 1349 346 1366 ———<

1017 985 1112 1012 tiarum
1129 985 1234 1012 actione
1251 992 1405 1018 cessemus;
1417 986 1576 1014 coheredes
1591 986 1679 1014 effecti
1690 986 1747 1022 ejus
1759 988 1804 1022 qui

1013 1030 1084 1058 dicet
1098 1039 1104 1056 :
1128 1030 1228 1064 Venite,
1243 1031 1386 1063 benedicti;
1399 1032 1521 1067 pereipite
1537 1041 1643 1066 regnum
1653 1033 1721 1067 quod
1736 1034 1804 1061 uobis

1013 1080 1133 1110 paratum
1152 1082 1190 1103 est
1207 1077 1238 1103 ab
1260 1077 1359 1111 origine
1378 1078 1468 1104 mundi
1481 1078 1589 1113 (Matth.
1604 1086 1666 1112 xxv,
1683 1080 1739 1114 54).
1754 1080 1804 1108 Do-

1013 1127 1095 1149 nante
1109 1122 1167 1157 ipso
1177 1123 1222 1158 qui
1237 1123 1303 1150 vivit
1325 1126 1353 1150 et
1368 1127 1463 1158 regnat
1477 1123 1503 1151 in
1519 1124 1616 1152 saecula
1631 1125 1803 1159 saeculorum,

1012 1167 1108 1196 Amen.

350 1348 1802 1363 ———————-—————

730 1408 1240 1471 ΔΡΡΕΝἮΦῙΧ.

435 1504 696 1544 SERMONES
723 1501 922 1542 FAUSTO
949 1499 1221 1562 BHEGIENSI
1250 1498 1541 1537 ATTBI‘BUTI.

900 1581 1093 1589 _———-

474 1636 637 1664 EPISTULA
644 1657 651 1669 ,

281 1692 327 1711 Sl-JU
348 1691 433 1711 Sl-ZIUIO
453 1692 484 1710 IIl-2
506 1690 720 1710 RESURIIECTIONE
741 1690 840 1709 liOMINI.

198 1732 321 1761 Exsulta,
336 1730 425 1757 uelum
435 1751 442 1762 ,
457 1735 479 1757 et
501 1731 526 1756 in
542 1729 631 1757 lwtitia
647 1733 699 1756 esto
709 1749 716 1762 ,
737 1734 803 1755 terra
818 1728 895 1755 :dies
909 1732 959 1755 .ste

1317 1629 1495 1665 EPISTOLA,

1099 1709 1145 1729 SEU
1168 1707 1275 1728 IIOMILIA
1294 1707 1376 1727 SUPER
1397 1707 1563 1726 EVANGELIUII
1583 1707 1721 1728 ΙΙΛΤΤΗΑΞΙ.

159 1778 275 1813 amplius
293 1777 368 1804 nobis
383 1785 416 1804 ex
439 1777 563 1812 sepulcro
576 1776 689 1804 radiavit,
700 1783 779 1811 quam
794 1776 828 1803 de
843 1775 899 1803 sole
914 1783 957 1803 re.
972 1760 995 1792 ο
1046 1770 1160 1798 Sanctus
1177 1768 1341 1804 evangelista
1357 1767 1442 1795 docet
1458 1775 1507 1795 nos
1533 1768 1721 1795 necessitatem
1742 1768 1802 1797 ino-

159 1825 243 1859 iulsit,
257 1829 308 1853 ctc.

470 1868 632 1896 EPISTULA
639 1888 646 1900 ,

202 1923 250 1942 εει]
271 1918 377 1942 ηοὶιιιιλ
397 1922 429 1941 DE
449 1921 567 1941 οοκροῐιε
589 1921 621 1939 ΕΤ
641 1920 772 1940 δΛΝὒΕΙΝΕ
791 1920 907 1939 CHRISTI.

193 1961 346 1996 Magnitudo
362 1960 513 1987 cwleslium
538 1958 732 1986 beneficiorum
748 1957 885 1992 angustias
904 1956 954 1983 hu-

157 2014 244 2036 manae
259 2007 356 2034 mentis
374 2006 480 2034 excedit
490 2027 497 2039 ,
511 2011 563 2032 etc.

1013 1818 1063 1852 piae
1079 1817 1236 1849 tolerantes,
1256 1814 1371 1843 subsidii
1397 1822 1476 1842 causa
1495 1815 1611 1842 amicum
1632 1815 1731 1843 debere
1746 1823 1802 1851 per.

1011 1865 1116 1900 quirere
1125 1885 1133 1897 ,
1152 1869 1205 1891 etc.
1644 1898 1647 1900 >

1046 1910 1113 1945 (llos
1129 1917 1277 1941 sermones,
1293 1909 1315 1935 si
1332 1909 1427 1943 placet,
1442 1908 1539 1943 lt-gcsis
1560 1908 1586 1935 in
1602 1916 1712 1941 operum
1741 1916 1802 1936 san<

1008 1958 1044 1984 cti
1069 1955 1222 1991 Hieronymi
1249 1955 1386 1986 Mantissa,
1415 1958 1514 1981 nostra:
1538 1953 1697 1988 Patroiogite
1726 1958 1800 1981 tomo

1008 2001 1099 2035 xxx,
1115 2001 1176 2029 coll.
1195 2001 1264 2035 215,
1281 2001 1330 2028 2'“
1349 2005 1376 2027 οι
1390 2000 1467 2034 276.)

166 2070 1801 2107 ﬂ

665 2157 748 2179 ANNO
770 2156 883 2178 DOMINI
906 2155 1287 2177 σααοωιιιιιι-οοοοιοιι.

346 2412 349 2414 ἓ
468 2223 605 2422 s.
660 2202 959 2422 re;

1009 2222 1204 2422 LX
1255 2220 1499 2366 III.

747 2475 1186 2514 PBOLEGOMENA.

412 2603 467 2638 (Ex
483 2602 565 2631 Guill.
580 2601 679 2635 Cave.)

188 2650 280 2683 Felix,
302 2650 404 2677 natione
422 2649 554 2676 Romanus
566 2669 575 2681 ,
597 2647 693 2675 Felicis
708 2647 848 2682 presbyteri
867 2647 949 2681 ﬁlius,

151 2706 219 2725 anno
237 2697 307 2728 485,
323 2696 364 2722 die
385 2694 418 2721 15
434 2693 569 2721 Februarii
589 2693 713 2721 Romanw
732 2693 800 2720 sedis
814 2692 950 2727 pontiﬁca-

152 2749 205 2771 tum
217 2744 324 2778 adeptus
336 2746 384 2769 est.
399 2740 543 2776 Episcopus
557 2740 650 2775 fartus,
662 2739 772 2766 Zenonis
785 2739 847 2773 intp.
862 2737 951 2765 Heno-

150 2790 220 2816 (icon
234 2796 301 2815 anno
314 2787 444 2822 superiore
456 2786 551 2813 editum
564 2786 650 2813 statim
666 2790 751 2820 aperte
765 2784 864 2822 rejecit.
885 2783 951 2810 Ata-

150 2836 218 2862 cium
234 2834 289 2862 (ΣΡ.
308 2833 379 2860 Petri
394 2832 483 2868 Μογιθί
497 2832 668 2859 communioni
682 2832 826 2859 renuntiare
841 2838 949 2858 renuen-

150 2887 199 2908 tem
218 2881 299 2911 missis
312 2879 424 2913 undique
438 2879 528 2905 litteris
547 2878 704 2913 exagitavit;
727 2877 787 2911 quin
802 2881 826 2903 et
846 2876 948 2902 tandem

149 2935 216 2955 anno
231 2927 282 2957 484
298 2926 458 2955 anathemate
472 2925 607 2961 percussit.
631 2923 731 2966 Eodem
750 2931 818 2965 anno
838 2922 958 2966 Petrum.

959 2603 987 2633 D
1000 2601 1148 2633 Faltonem,
1164 2599 1232 2626 sedis
1248 2597 1414 2624 Antiochenw
1429 2597 1570 2623 incusat-em
1585 2601 1608 2623 et
1624 2595 1706 2623 Deum
1719 2595 1801 2623 cruci-

1004 2648 1084 2681 ﬁxum
1098 2654 1151 2673 esse
1173 2645 1305 2671 docentem
1318 2665 1324 2677 ,
1347 2642 1433 2670 habita
1457 2642 1546 2669 Roma:
1567 2641 1602 2669 252
1626 2642 1800 2677 episcoporum

1004 2693 1104 2728 synodo
1117 2691 1255 2718 damnavit.
1274 2689 1314 2716 Ad
1336 2689 1470 2716 clariorem
1484 2688 1590 2723 hujusce
1604 2689 1640 2715 rei
1655 2688 1800 2723 intelligeti-

1006 2739 1067 2765 tiam
1082 2737 1222 2764 notandum
1247 2740 1302 2769 est,
1318 2734 1439 2767 Petrum,
1456 2739 1510 2761 arte
1534 2734 1678 2769 fullonum,
1695 2732 1800 2759 ccenobii

1006 2783 1184 2811 Acwmetensis
1211 2781 1381 2814 monachum,
1406 2781 1436 2808 ob
1460 2779 1663 2815 Eutychianismi
1688 2778 1800 2804 studium

1005 2829 1096 2856 exinde
1120 2828 1240 2863 pulsum,
1274 2836 1334 2854 mox
1360 2827 1390 2854 S.
1413 2826 1501 2854 Bassa!
1522 2826 1592 2860 apud
1615 2823 1800 2851 Chalcedone»!

1003 2874 1188 2910 presbyterum,
1203 2882 1270 2901 anno
1285 2874 1332 2901 471
1350 2872 1459 2900 Zenonis
1474 2872 1560 2907 favore
1576 2870 1729 2909 subnixum,
1746 2878 1800 2896 nta-

1003 2930 1066 2957 gnas
1082 2921 1223 2950 Antiochia:
1241 2921 1326 2949 turbas
1347 2920 1489 2952 excitasse,
1510 2926 1539 2945 ac
1554 2917 1799 2953 Theopascltitarum
